{"host":"Bilverbakes","time":1610226150,"event":{"mods":["2.2 Compatiblity","AchievementEnabler","BaseMod","Bestiary","Colored Map","Minty Spire (QoL Compilation)","Relic Stats","StSLib","ojb\u0027s Info Mod"],"gold_per_floor":[129,129,168,203,203,203,262,316,316,389,539,539,576,60,60,159,159,199,289,325,392,123,123,148,148],"floor_reached":24,"playtime":1051,"items_purged":["Doubt","Strike_R"],"score":396,"play_id":"742552bb-7731-4160-b041-4a9895664853","local_time":"20210109150230","is_ascension_mode":true,"campfire_choices":[{"floor":6.0,"key":"REST"},{"floor":12.0,"key":"REST"},{"data":"HandOfGreed","floor":15.0,"key":"SMITH"},{"data":"Uppercut","floor":23,"key":"SMITH"}],"circlet_count":0,"master_deck":["AscendersBane","Strike_R","Strike_R+1","Strike_R","Strike_R","Defend_R","Defend_R","Defend_R+1","Bash","HandOfGreed+1","Thunderclap","Reaper","Ghostly Armor","Inflame","Berserk","Uppercut+1"],"relics":["Burning Blood","WingedGreaves","Incense Burner","Pocketwatch","Cursed Key","Anchor"],"acts_visited":["Exordium","TheCity"],"potions_floor_usage":[16,24,24],"damage_taken":[{"damage":14.0,"enemies":"2 Louse","floor":1.0,"turns":3.0},{"damage":0.0,"enemies":"Cultist","floor":3.0,"turns":2.0},{"damage":12.0,"enemies":"Small Slimes","floor":4.0,"turns":2.0},{"damage":0.0,"enemies":"3 Louse","floor":7.0,"turns":3.0},{"damage":34.0,"enemies":"Gremlin Gang","floor":8.0,"turns":4.0},{"damage":37.0,"enemies":"3 Sentries","floor":10.0,"turns":6.0},{"damage":0.0,"enemies":"Red Slaver","floor":13.0,"turns":5.0},{"damage":45,"enemies":"The Guardian","floor":16,"turns":12},{"damage":19,"enemies":"2 Thieves","floor":18,"turns":4},{"damage":0,"enemies":"Chosen","floor":20,"turns":4},{"damage":4,"enemies":"Centurion and Healer","floor":21,"turns":7},{"damage":49,"enemies":"Slavers","floor":24,"turns":6}],"seed_played":"5919531567678781411","potions_obtained":[{"floor":1.0,"key":"SteroidPotion"},{"floor":4.0,"key":"SneckoOil"},{"floor":7.0,"key":"Regen Potion"},{"floor":10.0,"key":"Swift Potion"},{"floor":20,"key":"Block Potion"},{"floor":21,"key":"SkillPotion"}],"is_trial":false,"path_per_floor":["M","?","M","M","?","R","M","M","T","E","?","R","M","$","R","B",null,"M","?","M","M","$","R","E"],"character_chosen":"IRONCLAD","items_purchased":["Pocketwatch","Inflame","PowerPotion","Anchor"],"campfire_rested":2,"item_purchase_floors":[14,14,14,22],"current_hp_per_floor":[42,42,48,42,19,41,47,31,31,12,12,34,40,40,40,10,59,58,46,58,60,60,60,23,23],"gold":148,"neow_bonus":"RANDOM_COLORLESS_2","is_daily":false,"chose_seed":false,"campfire_upgraded":2,"win_rate":0.0,"timestamp":1610226150,"path_taken":["M","?","M","?","?","R","M","M","T","E","?","R","M","$","R","BOSS","M","?","M","M","$","R","E"],"items_purchased_type":["Relic","Card","Potion","Relic"],"build_version":"2020-12-18","purchased_purges":2,"victory":false,"max_hp_per_floor":[75,75,75,75,75,75,75,75,75,75,75,75,75,75,75,75,75,75,75,75,75,75,75,75,75],"relic_stats":{"counters":[12,58],"Cursed Key":0,"obtain_stats":[{"Anchor":22,"WingedGreaves":9,"Incense Burner":10,"Cursed Key":17,"Burning Blood":0,"Pocketwatch":14},{"Anchor":11,"WingedGreaves":5,"Incense Burner":6,"Cursed Key":8,"Burning Blood":0,"Pocketwatch":7},{"Anchor":52,"WingedGreaves":14,"Incense Burner":20,"Cursed Key":37,"Burning Blood":0,"Pocketwatch":25}],"Burning Blood":66,"Pocketwatch":[84]},"card_choices":[{"not_picked":["Metamorphosis","Transmutation"],"picked":"HandOfGreed","floor":0.0},{"not_picked":["True Grit","Flex"],"picked":"Thunderclap","floor":1.0},{"not_picked":["Twin Strike","Cleave"],"picked":"Reaper","floor":3.0},{"not_picked":["Entrench","Whirlwind","Infernal Blade"],"picked":"SKIP","floor":4.0},{"not_picked":["Wild Strike","Twin Strike","Sword Boomerang"],"picked":"SKIP","floor":7.0},{"not_picked":["Sentinel","Brutality","Twin Strike"],"picked":"SKIP","floor":8.0},{"not_picked":["Sword Boomerang","Dropkick"],"picked":"Ghostly Armor","floor":10.0},{"not_picked":["Sword Boomerang","Thunderclap","Wild Strike"],"picked":"SKIP","floor":13.0},{"not_picked":["Demon Form","Limit Break"],"picked":"Berserk","floor":16},{"not_picked":["Metallicize","Havoc","Heavy Blade"],"picked":"SKIP","floor":18},{"not_picked":["Pommel Strike","Blood for Blood+1","Sword Boomerang"],"picked":"SKIP","floor":20},{"not_picked":["Shrug It Off","Armaments"],"picked":"Uppercut","floor":21}],"player_experience":648950,"relics_obtained":[{"floor":9.0,"key":"WingedGreaves"},{"floor":10.0,"key":"Incense Burner"}],"event_choices":[{"cards_removed":["Defend_R"],"damage_healed":0.0,"max_hp_gain":0.0,"max_hp_loss":0.0,"gold_gain":0.0,"event_name":"Bonfire Elementals","player_choice":"Offered Basic","floor":2.0,"gold_loss":0.0,"damage_taken":0.0},{"damage_healed":0.0,"max_hp_gain":0.0,"max_hp_loss":0.0,"gold_gain":0.0,"event_name":"Shining Light","player_choice":"Entered Light","floor":5.0,"gold_loss":0.0,"damage_taken":23.0,"cards_upgraded":["Defend_R","Strike_R"]},{"damage_healed":0.0,"max_hp_gain":0.0,"max_hp_loss":0.0,"gold_gain":150.0,"event_name":"Liars Game","player_choice":"AGREE","floor":11.0,"gold_loss":0.0,"damage_taken":0.0,"cards_obtained":["Doubt"]},{"damage_healed":0,"gold_gain":90,"player_choice":"GOLD ","damage_taken":12,"max_hp_gain":0,"max_hp_loss":0,"event_name":"Knowing Skull","floor":19,"potions_obtained":[],"gold_loss":0,"cards_obtained":[]}],"is_beta":true,"boss_relics":[{"not_picked":["Runic Pyramid","Runic Dome"],"picked":"Cursed Key"}],"items_purged_floors":[14,22],"is_endless":false,"potions_floor_spawned":[1,4,7,10,20,21],"killed_by":"Slavers","ascension_level":20}}