{"host":"l0ccjemsrct3bo1s","time":1610199886,"event":{"mods":["Act Like it!","BaseMod","Gensokyo","Koishi","Lobotomy","LobotomyExtend","Marisa£®ÏF”Í°°ƒß¿Ì…≥£©","Minty Spire (QoL Compilation)","Reimu£®≤©¿ˆ¡È√Œ£©","Remilia£®¿Ÿ√◊¿Ú—«£©","RumiaBox-¬∂√◊Ê´µƒ…Ò√ÿ∫–◊”","StSLib","The Administrix","The Cursed","The Servant 0.9.4","Yakumo Yukari mod","Youmu£®ªÍ∆«—˝√Œ£©","Yuyuko"],"gold_per_floor":[115,70,70,90,90,124,124,139,139,139,154,229,242,242,242,342,342,357,369,369,389,389,389,116,147,173,273,286,299,324,77,77,176,176,195,215,215,215],"floor_reached":37,"playtime":1516,"items_purged":["HeartExcerptSlash","Defend_YM"],"score":459,"play_id":"003169ee-b442-426b-b397-c38e41b58f0e","local_time":"20210109214446","is_ascension_mode":false,"campfire_choices":[{"data":"PhosphoricSlash","floor":7,"key":"SMITH"},{"data":"SuddenPhantomFormationSlashOfKarmicWind","floor":15,"key":"SMITH"},{"data":"IrresoluteSoul","floor":23,"key":"SMITH"},{"data":"TwoHundredYojanaInOneSlash","floor":32,"key":"SMITH"}],"circlet_count":0,"master_deck":["Strike_YM","Strike_YM","Strike_YM","Defend_YM","Defend_YM","Defend_YM+1","SlashOfPresentWorld","WheelOfPainOfLivingAndDead+1","FiveSignsOfTheDyingDeva+1","HumanKnowledgeSword","PhosphoricSlash+1","HumanKnowledgeSword","HellRealmSword","SuddenPhantomFormationSlashOfKarmicWind+1","SwordExtraction","Swift Strike","IrresoluteSoul+1","TwoHundredYojanaInOneSlash+1","Writhe","HumanKnowledgeSword","SlashOfTheEternalFuture","TwoHundredYojanaInOneSlash+1"],"relics":["HalfPhantom","CrazyTorch:ReiMu","Vajra","LetterFromLob","Black Star","Eternal Feather","Sling","Meat on the Bone","War Paint","Lantern","Ccalipers","Ancient Tea Set","RuthlessExorcism:ReiMu","SoulBox"],"acts_visited":["Exordium","TheCity","TheBeyond"],"potions_floor_usage":[18,18,30,33,33,37],"damage_taken":[{"damage":1,"enemies":"2 Louse","floor":1,"turns":3},{"damage":0,"enemies":"Cultist","floor":4,"turns":2},{"damage":23,"enemies":"3 Sentries","floor":6,"turns":5},{"damage":0,"enemies":"Small Slimes","floor":8,"turns":2},{"damage":1,"enemies":"3 Louse","floor":11,"turns":2},{"damage":3,"enemies":"Gremlin Gang","floor":13,"turns":3},{"damage":0,"enemies":"Slime Boss","floor":16,"turns":4},{"damage":10,"enemies":"Spheric Guardian","floor":18,"turns":4},{"damage":5,"enemies":"Chosen","floor":19,"turns":3},{"damage":8,"enemies":"3 Cultists","floor":21,"turns":5},{"damage":23,"enemies":"Book of Stabbing","floor":25,"turns":3},{"damage":5,"enemies":"Chosen and Byrds","floor":28,"turns":4},{"damage":12,"enemies":"Snake Plant","floor":29,"turns":3},{"damage":14,"enemies":"Gremlin Leader","floor":30,"turns":5},{"damage":2,"enemies":"Champ","floor":33,"turns":7},{"damage":0,"enemies":"Orb Walker","floor":35,"turns":3},{"damage":27,"enemies":"3 Shapes","floor":36,"turns":3},{"damage":62,"enemies":"3 Shapes","floor":37,"turns":15}],"seed_played":"2060309936931870298","potions_obtained":[{"floor":4,"key":"Weak Potion"},{"floor":8,"key":"GamblersBrew"},{"floor":16,"key":"ColorlessPotion"},{"floor":21,"key":"BlessingOfTheForge"},{"floor":29,"key":"Swift Potion"},{"floor":36,"key":"AttackPotion"}],"is_trial":false,"path_per_floor":["M","$","?","M","?","E","R","M","T","?","M","?","M","?","R","B",null,"M","M","?","M","?","R","$","E","T","?","M","M","E","$","R","B",null,"M","M","?"],"character_chosen":"YOUMU","items_purchased":["HumanKnowledgeSword","HumanKnowledgeSword","Sling","RuthlessExorcism:ReiMu"],"campfire_rested":0,"item_purchase_floors":[2,24,24,31],"current_hp_per_floor":[74,74,74,74,74,51,51,51,51,55,54,43,40,40,40,40,75,65,60,60,52,38,50,50,27,27,27,34,34,32,32,44,42,80,80,53,0,0],"gold":215,"neow_bonus":"TRANSFORM_CARD","is_daily":false,"chose_seed":false,"campfire_upgraded":4,"win_rate":0.0,"timestamp":1610199886,"path_taken":["M","$","?","?","?","E","R","M","T","?","M","?","M","?","R","BOSS","M","?","?","M","?","R","$","E","T","?","M","M","E","$","R","BOSS","M","M","?"],"items_purchased_type":["Card","Card","Relic","Relic"],"build_version":"2020-12-22","purchased_purges":2,"victory":false,"max_hp_per_floor":[75,75,75,75,75,75,75,75,75,75,75,75,75,75,75,75,75,75,75,75,75,80,80,80,80,80,80,80,80,80,80,80,80,80,80,80,80,80],"card_choices":[{"not_picked":["TwoHundredYojanaInOneSlash","SanzenSekai"],"picked":"FiveSignsOfTheDyingDeva","floor":1},{"not_picked":["ConstancyOfTheConventionalTruth","SlashOfMeditation"],"picked":"PhosphoricSlash","floor":4},{"not_picked":["LowerRealmReflectionSlash","DispleasureOfTheSevenHakus"],"picked":"HumanKnowledgeSword","floor":6},{"not_picked":["CrescentMoonSlash","SwordExtraction"],"picked":"HellRealmSword","floor":8},{"not_picked":["GhostSword","CrescentMoonSlash","SanzenSekai"],"picked":"SKIP","floor":11},{"not_picked":["BloodOfAsura","ConstancyOfTheConventionalTruth"],"picked":"SuddenPhantomFormationSlashOfKarmicWind","floor":13},{"not_picked":["StrangeHalfBody","VoidnessSword"],"picked":"IrresoluteSoul","floor":16},{"not_picked":["HellFireSword","LifeCuttingSword","TwoHundredYojanaInOneSlash+1"],"picked":"SKIP","floor":18},{"not_picked":["LowerRealmReflectionSlash+1","SlashOfMeditation+1"],"picked":"TwoHundredYojanaInOneSlash","floor":19},{"not_picked":["SlashOfDelusionalInnerEye","SanzenSekai","PreachingAvici"],"picked":"SKIP","floor":21},{"not_picked":["SlashOfAscensionToBuddhahood+1","ObsessionSword","HumanRealmSword"],"picked":"SKIP","floor":25},{"not_picked":["CherryBlossomFlashing","HesitationCuttingSword","SpiritMediumsBind"],"picked":"SKIP","floor":28},{"not_picked":["SlashOfMeditation","SanzenSekai","SwordExtraction"],"picked":"SKIP","floor":29},{"not_picked":["SlashOfSaigyouSpringWind","LowerRealmReflectionSlash","SanzenSekai"],"picked":"SKIP","floor":30},{"not_picked":["IrresoluteSoul","VoidnessSword"],"picked":"SlashOfTheEternalFuture","floor":33},{"not_picked":["SpiritCuttingSword","BloodOfAsura"],"picked":"TwoHundredYojanaInOneSlash+1","floor":35},{"not_picked":["SpiritMediumsBind+1","SlashOfDepartureFromHesitation","LowerRealmReflectionSlash"],"picked":"SKIP","floor":36}],"player_experience":369877,"relics_obtained":[{"floor":6,"key":"CrazyTorch:ReiMu"},{"floor":9,"key":"Vajra"},{"floor":16,"key":"LetterFromLob"},{"floor":25,"key":"Meat on the Bone"},{"floor":25,"key":"War Paint"},{"floor":26,"key":"Lantern"},{"floor":30,"key":"Ccalipers"},{"floor":30,"key":"Ancient Tea Set"}],"event_choices":[{"damage_healed":0,"gold_gain":0,"player_choice":"Forge","damage_taken":0,"max_hp_gain":0,"max_hp_loss":0,"event_name":"Accursed Blacksmith","floor":3,"gold_loss":0,"cards_upgraded":["FiveSignsOfTheDyingDeva"]},{"damage_healed":0,"gold_gain":75,"player_choice":"Gather Gold","damage_taken":11,"max_hp_gain":0,"max_hp_loss":0,"event_name":"World of Goop","floor":12,"gold_loss":0},{"damage_healed":0,"gold_gain":0,"player_choice":"2 cards matched","damage_taken":0,"max_hp_gain":0,"max_hp_loss":0,"event_name":"Match and Keep!","floor":14,"gold_loss":0,"cards_obtained":["SwordExtraction","Swift Strike"]},{"damage_healed":0,"gold_gain":0,"player_choice":"Opened","damage_taken":0,"relics_obtained":["Eternal Feather"],"max_hp_gain":0,"max_hp_loss":0,"event_name":"The Mausoleum","floor":20,"gold_loss":0,"cards_obtained":["Writhe"]},{"damage_healed":0,"gold_gain":0,"player_choice":"Shed Blood","damage_taken":19,"max_hp_gain":5,"max_hp_loss":0,"event_name":"Forgotten Altar","floor":22,"gold_loss":0},{"damage_healed":0,"gold_gain":100,"player_choice":"Pray","damage_taken":0,"max_hp_gain":0,"max_hp_loss":0,"event_name":"Golden Shrine","floor":27,"gold_loss":0}],"is_beta":false,"boss_relics":[{"not_picked":["Runic Dome","EasyGame_NEW"],"picked":"Black Star"},{"not_picked":["Empty Cage","Cursed Key"],"picked":"SoulBox"}],"items_purged_floors":[24,31],"is_endless":false,"potions_floor_spawned":[4,8,16,21,29,36],"killed_by":"3 Shapes","ascension_level":0}}