{"host":"m3rs92yjkwi06hli","time":1610213743,"event":{"mods":["Act Like it!","Aspiration","BaseMod","Colored Map","Conspire","Defuse TimeMaze Blight","Energized Spire","Hubris","Infinite Spire","Minty Spire (QoL Compilation)","Relic Stats","Replay The Spire","Spicy Shops","StSLib","The Blackbeard"],"gold_per_floor":[114,127,127,145,145,145,145,145,145,172,199,199,2,20,49,65,65,188,188,228,242,341,341,416,416,449,459,459,491,531,631,631,670,670,770,770,783,145,179,193,193,193,519,519,545,558,558,605,605,635,635,655],"floor_reached":53,"playtime":1816,"items_purged":[],"score":963,"play_id":"f4a0d6d3-531a-4801-b06e-26ecc7bdf227","local_time":"20210109113543","is_ascension_mode":true,"campfire_choices":[{"data":"blackbeard:Cutlass","floor":6.0,"key":"SMITH"},{"data":"blackbeard:Rum","floor":9.0,"key":"SMITH"},{"data":"blackbeard:CloakAndCannonball","floor":12.0,"key":"SMITH"},{"data":"blackbeard:BountyHunter","floor":17,"key":"SMITH"},{"data":"blackbeard:CaptainsCabin","floor":25,"key":"SMITH"},{"floor":32,"key":"REST"},{"data":"blackbeard:Rum","floor":34,"key":"SMITH"},{"data":"blackbeard:CaptainsCabin","floor":42,"key":"SMITH"},{"floor":44,"key":"REST"},{"floor":51,"key":"REST"}],"circlet_count":0,"master_deck":["blackbeard:BlackbeardStrike","blackbeard:BlackbeardStrike","blackbeard:BlackbeardStrike","blackbeard:BlackbeardStrike","blackbeard:IntimidatingStrike","blackbeard:BlackbeardDefend","blackbeard:BlackbeardDefend","blackbeard:BlackbeardDefend","blackbeard:BlackbeardDefend","blackbeard:Cutlass+1","blackbeard:Rum+1","blackbeard:CannonballSupply","blackbeard:CloakAndCannonball+1","blackbeard:InfiniteBarrage","blackbeard:Rum+1","blackbeard:Rum","blackbeard:CannonballSupply","blackbeard:RearmingStrike","blackbeard:BountyHunter+1","blackbeard:ReapersScythe","blackbeard:CaptainsCabin+1","Caltrops","blackbeard:FieryDefense+1","Blur","Core Surge","Dodge and Roll+1","Cleave","blackbeard:CaptainsCabin+1","Clash","blackbeard:WiseDefense+1","Blade Dance"],"relics":["blackbeard:LoadTheCannons","Happy Flower","Blue Doll","Omamori","blackbeard:CannonballsOfSteel","hubris:Zylophone","Calling Bell","Tiny Chest","Matryoshka","StoneCalendar","PrismaticShard","Regal Pillow","Snack Pack","Pet Ghost","infinitespire:Beetle Shell","infinitespire:WardingShard","ReplayTheSpireMod:Lightbulb","energizedSpire:DeadBattery","ReplayTheSpireMod:Ninjato","Onion Ring","Bag of Preparation","Old Coin","aspiration:ArtOfWarUpgrade","Singing Bowl"],"acts_visited":["Exordium","TheCity","TheBeyond"],"potions_floor_usage":[15,26,27,29,29,37,40,40,52],"damage_taken":[{"damage":1.0,"enemies":"conspire:RoseBush","floor":1.0,"turns":3.0},{"damage":6.0,"enemies":"2 Louse","floor":2.0,"turns":2.0},{"damage":0.0,"enemies":"Cultist","floor":4.0,"turns":3.0},{"damage":8.0,"enemies":"Gremlin Nob","floor":10.0,"turns":3.0},{"damage":0,"enemies":"Large Slime","floor":14,"turns":3},{"damage":9,"enemies":"Lagavulin","floor":15,"turns":4},{"damage":0,"enemies":"2 Fungi Beasts","floor":16,"turns":3},{"damage":21,"enemies":"Slime Boss","floor":18,"turns":8},{"damage":2,"enemies":"3 Byrds","floor":20,"turns":5},{"damage":2,"enemies":"Spheric Guardian","floor":21,"turns":4},{"damage":22,"enemies":"conspire:SneckoGhost","floor":26,"turns":4},{"damage":19,"enemies":"Snake Plant","floor":27,"turns":5},{"damage":8,"enemies":"conspire:Head Lice","floor":29,"turns":4},{"damage":30,"enemies":"Centurion and Healer","floor":30,"turns":5},{"damage":0,"enemies":"Cultist and Chosen","floor":33,"turns":5},{"damage":17,"enemies":"Champ","floor":35,"turns":9},{"damage":0,"enemies":"3 Shapes","floor":37,"turns":4},{"damage":0,"enemies":"Orb Walker","floor":39,"turns":3},{"damage":0,"enemies":"Spire Growth","floor":40,"turns":2},{"damage":55,"enemies":"Reptomancer","floor":43,"turns":5},{"damage":0,"enemies":"Sphere and 2 Shapes","floor":46,"turns":4},{"damage":27,"enemies":"R_Hoarder","floor":48,"turns":6},{"damage":45,"enemies":"Writhing Mass","floor":50,"turns":7},{"damage":66,"enemies":"Awakened One","floor":52,"turns":13}],"seed_played":"8995253121840010074","potions_obtained":[{"floor":1.0,"key":"AttackPotion"},{"floor":4.0,"key":"SteroidPotion"},{"floor":16,"key":"Block Potion"},{"floor":18,"key":"Fire Potion"},{"floor":21,"key":"Languid Potion"},{"floor":26,"key":"Fire Potion"},{"floor":33,"key":"Fire Potion"},{"floor":37,"key":"Toxic Potion"},{"floor":39,"key":"Block Potion"},{"floor":50,"key":"Flashbang"}],"is_trial":false,"path_per_floor":["M","M","?","M","?","R","PTL","PTL","R","E","T","R","$","M","E","M","R","B",null,"M","M","?","?","T","R","E","M","T","E","M","?","R","M","R","B",null,"M","$","M","M","?","R","E","R","T","M","R","E","R","M","R","B",null],"character_chosen":"BLACKBEARD_CLASS","items_purchased":["blackbeard:CannonballsOfSteel","blackbeard:Rum","ReplayTheSpireMod:Ninjato","Onion Ring","Bag of Preparation"],"campfire_rested":3,"item_purchase_floors":[13,13,38,38,38],"current_hp_per_floor":[74,68,68,68,68,68,68,68,68,60,60,60,60,60,51,51,51,30,75,73,71,71,63,63,63,47,34,34,30,4,4,41,47,47,44,75,75,75,75,75,75,75,26,63,63,67,67,50,50,15,52,14],"gold":655,"neow_bonus":"RANDOM_COMMON_RELIC","is_daily":false,"chose_seed":false,"campfire_upgraded":7,"win_rate":0.0,"timestamp":1610213743,"path_taken":["M","M","?","M","?","R","PTL","PTL","R","E","T","R","$","M","E","M","R","BOSS","M","?","?","?","?","R","E","M","T","E","M","?","R","M","R","BOSS","M","$","?","M","?","R","E","R","T","M","R","E","R","M","R","BOSS"],"items_purchased_type":["Relic","Card","Relic","Relic","Relic"],"build_version":"2020-12-22","purchased_purges":0,"victory":true,"max_hp_per_floor":[75,75,75,75,75,75,75,75,75,75,75,75,75,75,75,75,75,75,75,75,75,75,75,75,75,75,75,75,75,75,75,75,75,75,75,75,75,75,75,75,75,75,75,75,75,75,75,75,75,75,75,75],"relic_stats":{"Regal Pillow":45,"Happy Flower":[38],"Singing Bowl":0,"counters":[24,114],"Tiny Chest":1,"StoneCalendar":[104],"Bag of Preparation":[14],"obtain_stats":[{"Regal Pillow":24,"Singing Bowl":48,"Blue Doll":10,"StoneCalendar":19,"Bag of Preparation":38,"PrismaticShard":23,"Pet Ghost":26,"Old Coin":43,"Matryoshka":19,"Tiny Chest":19,"aspiration:ArtOfWarUpgrade":49,"ReplayTheSpireMod:Ninjato":38,"Happy Flower":0,"blackbeard:LoadTheCannons":0,"blackbeard:CannonballsOfSteel":13,"infinitespire:Beetle Shell":28,"Omamori":11,"energizedSpire:DeadBattery":36,"hubris:Zylophone":15,"Calling Bell":19,"infinitespire:WardingShard":28,"Onion Ring":38,"Snack Pack":24,"Art of War":45,"ReplayTheSpireMod:Lightbulb":29},{"Regal Pillow":10,"Singing Bowl":22,"Blue Doll":4,"StoneCalendar":8,"Bag of Preparation":17,"PrismaticShard":10,"Pet Ghost":11,"Old Coin":20,"Matryoshka":8,"Tiny Chest":8,"aspiration:ArtOfWarUpgrade":22,"ReplayTheSpireMod:Ninjato":17,"Happy Flower":0,"blackbeard:LoadTheCannons":0,"blackbeard:CannonballsOfSteel":4,"infinitespire:Beetle Shell":12,"Omamori":4,"energizedSpire:DeadBattery":16,"hubris:Zylophone":6,"Calling Bell":8,"infinitespire:WardingShard":12,"Onion Ring":17,"Snack Pack":10,"Art of War":20,"ReplayTheSpireMod:Lightbulb":13},{"Regal Pillow":38,"Singing Bowl":94,"Blue Doll":11,"StoneCalendar":29,"Bag of Preparation":74,"PrismaticShard":38,"Pet Ghost":42,"Old Coin":84,"Matryoshka":29,"Tiny Chest":29,"aspiration:ArtOfWarUpgrade":94,"ReplayTheSpireMod:Ninjato":74,"Happy Flower":0,"blackbeard:LoadTheCannons":0,"blackbeard:CannonballsOfSteel":11,"infinitespire:Beetle Shell":47,"Omamori":11,"energizedSpire:DeadBattery":70,"hubris:Zylophone":18,"Calling Bell":29,"infinitespire:WardingShard":47,"Onion Ring":74,"Snack Pack":38,"Art of War":84,"ReplayTheSpireMod:Lightbulb":51}]},"card_choices":[{"not_picked":["blackbeard:Anchor","blackbeard:BeatUp"],"picked":"blackbeard:Rum","floor":1.0},{"not_picked":["blackbeard:GoldenStrike","blackbeard:DeadlyArsenal"],"picked":"blackbeard:CannonballSupply","floor":2.0},{"not_picked":["blackbeard:DoubleCannonball","blackbeard:Scrap"],"picked":"blackbeard:CloakAndCannonball","floor":4.0},{"not_picked":["blackbeard:WiseDefense","blackbeard:BeatUp"],"picked":"blackbeard:InfiniteBarrage","floor":10.0},{"not_picked":["blackbeard:Rum","blackbeard:GoldenStrike"],"picked":"blackbeard:CannonballSupply","floor":14},{"not_picked":["blackbeard:Recklessness","blackbeard:SwordDance"],"picked":"blackbeard:RearmingStrike","floor":15},{"not_picked":["blackbeard:WiseDefense","blackbeard:Revenge"],"picked":"blackbeard:BountyHunter","floor":16},{"not_picked":["blackbeard:Murder","blackbeard:Halberd"],"picked":"blackbeard:ReapersScythe","floor":18},{"not_picked":["blackbeard:Dagger","blackbeard:DelayedPain","blackbeard:GoldenStrike"],"picked":"SKIP","floor":20},{"not_picked":["blackbeard:Dagger","blackbeard:HumongousCannonball"],"picked":"blackbeard:CaptainsCabin","floor":21},{"not_picked":["blackbeard:GoldenStrike","Crippling Poison"],"picked":"Caltrops","floor":26},{"not_picked":["CutThroughFate","hubris:Sniper","PiercingWail"],"picked":"SKIP","floor":27},{"not_picked":["aspiration:Polymerization","blackbeard:GoldenStrike"],"picked":"blackbeard:FieryDefense+1","floor":29},{"not_picked":["Sentinel","Atom Bomb","Dagger Throw"],"picked":"SKIP","floor":30},{"not_picked":["blackbeard:DeadlyArsenal+1","blackbeard:FishingNets"],"picked":"Blur","floor":33},{"not_picked":["Poisoned Strike","DeusExMachina"],"picked":"Core Surge","floor":35},{"not_picked":["Turbo+1","PathToVictory"],"picked":"Dodge and Roll+1","floor":37},{"not_picked":["BowlingBash","True Grit","ReplayGash"],"picked":"SKIP","floor":39},{"not_picked":["Perseverance+1","conspire:Rain+1"],"picked":"Cleave","floor":40},{"not_picked":["Sneak Up","Dagger Throw","Hemogenesis"],"picked":"SKIP","floor":43},{"not_picked":["hubris:SlightOfHand","Anger"],"picked":"Clash","floor":46},{"not_picked":["Pray","ReplaySolidLightProjector+1"],"picked":"blackbeard:WiseDefense+1","floor":48},{"not_picked":["Ball Lightning+1","ReplayTheSpireMod:Uncanny Aura+1"],"picked":"Blade Dance","floor":50}],"player_experience":771195,"relics_obtained":[{"floor":10.0,"key":"Blue Doll"},{"floor":11.0,"key":"Omamori"},{"floor":15,"key":"hubris:Zylophone"},{"floor":19,"key":"Tiny Chest"},{"floor":19,"key":"Matryoshka"},{"floor":19,"key":"StoneCalendar"},{"floor":23,"key":"PrismaticShard"},{"floor":24,"key":"Regal Pillow"},{"floor":24,"key":"Snack Pack"},{"floor":26,"key":"Pet Ghost"},{"floor":28,"key":"infinitespire:Beetle Shell"},{"floor":28,"key":"infinitespire:WardingShard"},{"floor":29,"key":"ReplayTheSpireMod:Lightbulb"},{"floor":43,"key":"Old Coin"},{"floor":45,"key":"Art of War"},{"floor":48,"key":"Singing Bowl"}],"event_choices":[{"damage_healed":0.0,"max_hp_gain":0.0,"max_hp_loss":0.0,"gold_gain":0.0,"event_name":"conspire:Investor","player_choice":"Leave","floor":3.0,"gold_loss":0.0,"damage_taken":0.0},{"damage_healed":0.0,"max_hp_gain":0.0,"max_hp_loss":0.0,"gold_gain":0.0,"event_name":"Match and Keep!","player_choice":"0 cards matched","floor":5.0,"gold_loss":0.0,"damage_taken":0.0,"cards_obtained":[]},{"damage_healed":0,"gold_gain":99,"player_choice":"Stole From Cult","damage_taken":0,"max_hp_gain":0,"max_hp_loss":0,"event_name":"Nest","floor":22,"gold_loss":0},{"damage_healed":0,"gold_gain":100,"player_choice":"Pray","damage_taken":0,"max_hp_gain":0,"max_hp_loss":0,"event_name":"Golden Shrine","floor":31,"gold_loss":0},{"damage_healed":0,"gold_gain":0,"player_choice":"1 cards matched","damage_taken":0,"max_hp_gain":0,"max_hp_loss":0,"event_name":"Match and Keep!","floor":41,"gold_loss":0,"cards_obtained":["blackbeard:CaptainsCabin"]}],"is_beta":false,"boss_relics":[{"not_picked":["Snecko Eye","ReplayTheSpireMod:DimensionalGlitch"],"picked":"Calling Bell"},{"not_picked":["Runic Pyramid","conspire:SpecialSausage"],"picked":"energizedSpire:DeadBattery"}],"items_purged_floors":[],"is_endless":false,"potions_floor_spawned":[1,4,16,18,21,26,33,37,39,50],"ascension_level":4}}