{"host":"14y9n3v2xxmmniak","time":1610206268,"event":{"mods":["BaseMod","Colored Map","Colored Powertips","Dark Map","Dio Mod","Minty Spire (QoL Compilation)","Rare Cards Sparkle","Relic Stats","StSLib","The Saiyan","The Vixen"],"gold_per_floor":[89,99,99,274,274,274,274,274,274,317,341,341,380,396,396,519,519,540,540,639,639,660,660,660,660],"floor_reached":24,"playtime":1613,"items_purged":[],"score":252,"play_id":"7f5b029f-a515-4871-a7ce-5aed5dbfba8f","local_time":"20210109093108","is_ascension_mode":false,"campfire_choices":[{"data":"Saiyan:KaioKen","floor":6,"key":"SMITH"},{"data":"Saiyan:EnergyBlast","floor":8,"key":"SMITH"},{"data":"Saiyan:SuperSaiyanForm","floor":15,"key":"SMITH"},{"data":"Saiyan:UltraInstinct","floor":23,"key":"SMITH"}],"circlet_count":0,"master_deck":["Saiyan:SAIYA_Strike","Saiyan:SAIYA_Strike","Saiyan:SAIYA_Strike","Saiyan:SAIYA_Strike","Saiyan:SAIYA_Defend","Saiyan:SAIYA_Defend+1","Saiyan:SAIYA_Defend","Saiyan:SAIYA_Defend+1","Saiyan:EnergyBlast+1","Saiyan:KaioKen+1","Saiyan:RuthlessBlow","Saiyan:BigBangAttack","Saiyan:LastResort+1","Doubt","Regret","Injury","Saiyan:DoubleMasenko","Saiyan:KiExplosion","Saiyan:SuperSaiyanForm+1","Saiyan:MeteorDash","Saiyan:Momentum","CurseOfTheBell","Saiyan:UltraInstinct+1","Saiyan:GhostAttack","Saiyan:PowerUp+1"],"relics":["SaiyanSoul","SaiyanHeart","NeowsBlessing","Bag of Preparation","Golden Idol","Eternal Feather","Torii","Gremlin Horn","War Paint","Calling Bell","Oddly Smooth Stone","InkBottle","CaptainsWheel","Enchiridion"],"acts_visited":["Exordium","TheCity"],"potions_floor_usage":[13,13,13],"damage_taken":[{"damage":0,"enemies":"2 Louse","floor":1,"turns":1},{"damage":0,"enemies":"Jaw Worm","floor":2,"turns":1},{"damage":0,"enemies":"3 Sentries","floor":10,"turns":1},{"damage":15,"enemies":"Small Slimes","floor":11,"turns":2},{"damage":47,"enemies":"Lagavulin","floor":13,"turns":8},{"damage":0,"enemies":"3 Louse","floor":14,"turns":2},{"damage":15,"enemies":"Hexaghost","floor":16,"turns":11},{"damage":50,"enemies":"Shell Parasite","floor":18,"turns":10},{"damage":0,"enemies":"Spheric Guardian","floor":22,"turns":5},{"damage":24,"enemies":"Book of Stabbing","floor":24,"turns":8}],"seed_played":"-9066194495269098125","potions_obtained":[{"floor":2,"key":"BlessingOfTheForge"},{"floor":10,"key":"AttackPotion"},{"floor":11,"key":"Block Potion"}],"is_trial":false,"path_per_floor":["M","M","?","?","?","R","?","R","T","E","M","?","E","M","R","B",null,"M","?","?","?","M","R","E"],"character_chosen":"SAIYAJIN","items_purchased":[],"campfire_rested":0,"item_purchase_floors":[],"current_hp_per_floor":[61,61,61,61,61,61,61,61,61,62,48,48,3,5,17,4,69,21,5,5,5,7,22,0,0],"gold":660,"neow_bonus":"THREE_ENEMY_KILL","is_daily":false,"chose_seed":false,"campfire_upgraded":4,"win_rate":0.0,"timestamp":1610206268,"path_taken":["M","M","?","?","?","R","?","R","T","E","M","?","E","M","R","BOSS","M","?","?","?","M","R","E"],"items_purchased_type":[],"build_version":"2020-12-22","purchased_purges":0,"victory":false,"max_hp_per_floor":[61,61,61,61,61,61,61,61,61,62,63,63,65,67,67,69,69,71,71,71,71,73,73,75,75],"relic_stats":{"Torii":21,"Gremlin Horn":[2,2],"counters":[10,49],"Golden Idol":58,"Eternal Feather":27,"Bag of Preparation":[16],"War Paint":["Saiyan:SAIYA_Defend","Saiyan:SAIYA_Defend"],"obtain_stats":[{"NeowsBlessing":0,"Torii":10,"Gremlin Horn":12,"Golden Idol":7,"Oddly Smooth Stone":17,"Enchiridion":19,"Eternal Feather":9,"SaiyanHeart":0,"Bag of Preparation":5,"War Paint":13,"Calling Bell":17,"CaptainsWheel":17,"SaiyanSoul":0,"InkBottle":17},{"NeowsBlessing":0,"Torii":3,"Gremlin Horn":4,"Golden Idol":2,"Oddly Smooth Stone":7,"Enchiridion":8,"Eternal Feather":2,"SaiyanHeart":0,"Bag of Preparation":2,"War Paint":5,"Calling Bell":7,"CaptainsWheel":7,"SaiyanSoul":0,"InkBottle":7},{"NeowsBlessing":0,"Torii":3,"Gremlin Horn":5,"Golden Idol":2,"Oddly Smooth Stone":26,"Enchiridion":36,"Eternal Feather":2,"SaiyanHeart":0,"Bag of Preparation":2,"War Paint":13,"Calling Bell":26,"CaptainsWheel":26,"SaiyanSoul":0,"InkBottle":26}],"InkBottle":[6]},"card_choices":[{"not_picked":["Saiyan:KiExplosion","Saiyan:TurtleShell"],"picked":"Saiyan:BigBangAttack","floor":1},{"not_picked":["Saiyan:Flurry","Saiyan:FingerParry"],"picked":"Saiyan:LastResort","floor":2},{"not_picked":["Saiyan:SaiyanHubris","Saiyan:KameHameHa"],"picked":"Saiyan:DoubleMasenko","floor":10},{"not_picked":["Saiyan:TurtleShell","Saiyan:Planning"],"picked":"Saiyan:KiExplosion","floor":11},{"not_picked":["Saiyan:FingerParry","Saiyan:Kienzan"],"picked":"Saiyan:SuperSaiyanForm","floor":13},{"not_picked":["Saiyan:TurtleShell","Saiyan:Twize"],"picked":"Saiyan:MeteorDash","floor":14},{"not_picked":["Saiyan:TheBomb","Saiyan:SolarFlare"],"picked":"Saiyan:Momentum","floor":16},{"not_picked":["Saiyan:ExpandingShockwave","Saiyan:PlotArmor+1"],"picked":"Saiyan:UltraInstinct","floor":18},{"not_picked":["Saiyan:PlotArmor","Saiyan:KameHameHa"],"picked":"Saiyan:PowerUp+1","floor":22}],"player_experience":1974,"relics_obtained":[{"floor":9,"key":"Eternal Feather"},{"floor":10,"key":"Torii"},{"floor":13,"key":"War Paint"},{"floor":17,"key":"Oddly Smooth Stone"},{"floor":17,"key":"InkBottle"},{"floor":17,"key":"CaptainsWheel"},{"floor":19,"key":"Enchiridion"}],"event_choices":[{"damage_healed":0,"gold_gain":0,"player_choice":"Grow","damage_taken":0,"max_hp_gain":0,"max_hp_loss":0,"event_name":"Living Wall","floor":3,"gold_loss":0,"cards_upgraded":["Saiyan:LastResort"]},{"damage_healed":0,"gold_gain":175,"player_choice":"AGREE","damage_taken":0,"max_hp_gain":0,"max_hp_loss":0,"event_name":"Liars Game","floor":4,"gold_loss":0,"cards_obtained":["Doubt"]},{"damage_healed":0,"gold_gain":0,"player_choice":"Box","damage_taken":0,"relics_obtained":["Bag of Preparation"],"max_hp_gain":0,"max_hp_loss":0,"event_name":"Big Fish","floor":5,"gold_loss":0,"cards_obtained":["Regret"]},{"damage_healed":0,"gold_gain":0,"player_choice":"Take Wound","damage_taken":0,"relics_obtained":["Golden Idol"],"max_hp_gain":0,"max_hp_loss":0,"event_name":"Golden Idol","floor":7,"gold_loss":0,"cards_obtained":["Injury"]},{"damage_healed":0,"gold_gain":0,"player_choice":"Searched \u00271\u0027 times","damage_taken":0,"relics_obtained":["Gremlin Horn"],"max_hp_gain":0,"max_hp_loss":0,"event_name":"Dead Adventurer","floor":12,"gold_loss":0},{"damage_healed":0,"gold_gain":0,"player_choice":"Obtained Book","damage_taken":16,"max_hp_gain":0,"max_hp_loss":0,"event_name":"Cursed Tome","floor":19,"gold_loss":0},{"damage_healed":0,"gold_gain":99,"player_choice":"Stole From Cult","damage_taken":0,"max_hp_gain":0,"max_hp_loss":0,"event_name":"Nest","floor":20,"gold_loss":0},{"damage_healed":0,"gold_gain":0,"player_choice":"Read","damage_taken":0,"max_hp_gain":0,"max_hp_loss":0,"event_name":"The Library","floor":21,"gold_loss":0,"cards_obtained":["Saiyan:GhostAttack"]}],"is_beta":false,"boss_relics":[{"not_picked":["Philosopher\u0027s Stone","Astrolabe"],"picked":"Calling Bell"}],"items_purged_floors":[],"is_endless":false,"potions_floor_spawned":[2,10,11],"killed_by":"Book of Stabbing","ascension_level":0}}