{"host":"d8hh7rr4yzitjeuj","time":1610169193,"event":{"mods":["2.2 Compatiblity","AchievementEnabler","Act Like it!","BaseMod","Colored Map","Colored Powertips","Highlight Path","Keyboard Shortcuts","Minty Spire (QoL Compilation)","Permanent Neow","Quick Restart","StSLib","SuperFastMode"],"gold_per_floor":[116,126,126,136,151,151,163,191,217,217,233,251,270,281,281,353,353,366,154,174,174,174],"floor_reached":21,"playtime":724,"items_purged":[],"score":374,"play_id":"f3040a93-f7d8-41f6-a788-2a410892c383","local_time":"20210109141313","is_ascension_mode":true,"campfire_choices":[{"data":"Hello World","floor":6,"key":"SMITH"},{"floor":10,"key":"REST"},{"floor":15,"key":"REST"}],"circlet_count":0,"master_deck":["AscendersBane","Strike_B","Strike_B","Strike_B","Defend_B","Defend_B","Defend_B","Defend_B","Zap","Dualcast","Metamorphosis","Stack","Conserve Battery","Hello World+1","Tempest","Sweeping Beam","Sweeping Beam","Self Repair","Rebound","Conserve Battery","Go for the Eyes","Gash","Steam","Electrodynamics","Turbo","Reinforced Body"],"relics":["Cracked Core","Lizard Tail","Dream Catcher","Philosopher\u0027s Stone","Medical Kit"],"acts_visited":["Exordium","TheCity"],"potions_floor_usage":[4,5,13,14,21,21],"damage_taken":[{"damage":1,"enemies":"Cultist","floor":1,"turns":3},{"damage":0,"enemies":"Jaw Worm","floor":2,"turns":3},{"damage":0,"enemies":"2 Louse","floor":4,"turns":2},{"damage":0,"enemies":"2 Fungi Beasts","floor":5,"turns":3},{"damage":15,"enemies":"Exordium Wildlife","floor":7,"turns":4},{"damage":22,"enemies":"Lagavulin","floor":8,"turns":5},{"damage":1,"enemies":"3 Louse","floor":11,"turns":4},{"damage":1,"enemies":"Looter","floor":12,"turns":3},{"damage":9,"enemies":"Exordium Thugs","floor":13,"turns":3},{"damage":5,"enemies":"Gremlin Gang","floor":14,"turns":3},{"damage":57,"enemies":"The Guardian","floor":16,"turns":12},{"damage":34,"enemies":"Shell Parasite","floor":18,"turns":5},{"damage":22,"enemies":"Spheric Guardian","floor":20,"turns":5},{"damage":21,"enemies":"Masked Bandits","floor":21,"turns":2}],"seed_played":"6603120522963479403","potions_obtained":[{"floor":1,"key":"DistilledChaos"},{"floor":2,"key":"Explosive Potion"},{"floor":8,"key":"Fire Potion"},{"floor":12,"key":"Dexterity Potion"},{"floor":13,"key":"Explosive Potion"},{"floor":16,"key":"CultistPotion"}],"is_trial":false,"path_per_floor":["M","M","?","M","M","R","M","E","T","R","M","M","M","M","R","B",null,"M","$","M","?"],"character_chosen":"DEFECT","items_purchased":["Medical Kit","Turbo"],"campfire_rested":2,"item_purchase_floors":[19,19],"current_hp_per_floor":[45,45,45,45,45,45,30,8,8,29,35,34,25,20,41,31,61,34,34,12,0,0],"gold":174,"neow_bonus":"RANDOM_COLORLESS_2","is_daily":false,"chose_seed":false,"campfire_upgraded":1,"win_rate":0.0,"timestamp":1610169193,"path_taken":["M","M","?","?","M","R","M","E","T","R","M","M","?","M","R","BOSS","M","$","M","?"],"items_purchased_type":["Relic","Card"],"build_version":"2020-12-22","purchased_purges":0,"victory":false,"max_hp_per_floor":[71,71,71,71,71,71,71,71,71,71,71,71,71,71,71,71,71,71,71,71,71,71],"card_choices":[{"not_picked":["Mayhem","Transmutation"],"picked":"Metamorphosis","floor":0},{"not_picked":["Barrage","Tempest"],"picked":"Stack","floor":1},{"not_picked":["Cold Snap","Turbo"],"picked":"Conserve Battery","floor":2},{"not_picked":["Leap","Auto Shields"],"picked":"Hello World","floor":4},{"not_picked":["Capacitor","Steam"],"picked":"Tempest","floor":5},{"not_picked":["FTL","Barrage"],"picked":"Sweeping Beam","floor":7},{"not_picked":["Recycle","Hello World"],"picked":"Sweeping Beam","floor":8},{"not_picked":["Auto Shields","Capacitor"],"picked":"Self Repair","floor":10},{"not_picked":["Ball Lightning","Coolheaded"],"picked":"Rebound","floor":11},{"not_picked":["Sunder","Thunder Strike"],"picked":"Conserve Battery","floor":12},{"not_picked":["Coolheaded","Recycle"],"picked":"Go for the Eyes","floor":13},{"not_picked":["Redo","Heatsinks"],"picked":"Gash","floor":14},{"not_picked":["Redo","Doom and Gloom"],"picked":"Steam","floor":15},{"not_picked":["Echo Form","Rainbow"],"picked":"Electrodynamics","floor":16},{"not_picked":["Go for the Eyes","Streamline","Darkness"],"picked":"SKIP","floor":18},{"not_picked":["Steam Power","Cold Snap"],"picked":"Reinforced Body","floor":20}],"player_experience":1431803,"relics_obtained":[{"floor":8,"key":"Lizard Tail"},{"floor":9,"key":"Dream Catcher"}],"event_choices":[{"cards_removed":["Strike_B"],"damage_healed":0,"gold_gain":0,"player_choice":"Purged","damage_taken":0,"max_hp_gain":0,"max_hp_loss":0,"event_name":"Purifier","floor":3,"gold_loss":0},{"damage_healed":0,"gold_gain":0,"player_choice":"Fought Bandits","damage_taken":0,"max_hp_gain":0,"max_hp_loss":0,"event_name":"Masked Bandits","floor":21,"gold_loss":0}],"is_beta":false,"boss_relics":[{"not_picked":["Runic Pyramid","Cursed Key"],"picked":"Philosopher\u0027s Stone"}],"items_purged_floors":[],"is_endless":false,"potions_floor_spawned":[1,2,8,12,13,16],"killed_by":"Masked Bandits","ascension_level":20}}