{"host":"xnrw1j8ho83czkv7","time":1610234864,"event":{"mods":["AchievementEnabler","BaseMod","Colored Map","Colored Powertips","Minty Spire (QoL Compilation)","Quick Restart","StSLib"],"gold_per_floor":[118,118,118,118,128,153,153,9,9,21,38,69,30,59,59,155,155,169,169,187,202,301,327,342,342,394,394,405,424,19,19,19,121,121,139,149,149,167,167,167,167,167],"floor_reached":41,"playtime":1697,"items_purged":["Strike_R","Strike_R"],"score":479,"play_id":"f5c84df1-0a3d-42da-89cb-e619a3bce20e","local_time":"20210109232744","is_ascension_mode":true,"campfire_choices":[{"data":"Defend_R","floor":7.0,"key":"SMITH"},{"data":"Fire Breathing","floor":15,"key":"SMITH"},{"data":"Dual Wield","floor":25,"key":"SMITH"},{"data":"Power Through","floor":27,"key":"SMITH"},{"floor":32,"key":"RECALL"},{"data":"Juggernaut","floor":40,"key":"SMITH"}],"circlet_count":0,"master_deck":["Strike_R","Defend_R","Defend_R","Defend_R","Defend_R+1","Bash","Body Slam+1","Fire Breathing+1","Power Through+1","Dual Wield+1","Juggernaut+1","CurseOfTheBell"],"relics":["Burning Blood","NeowsBlessing","Boot","Red Skull","Paper Frog","Bottled Tornado","Mark of Pain","Juzu Bracelet","Regal Pillow","Calipers","Calling Bell","Ancient Tea Set","HornCleat","TungstenRod"],"acts_visited":["Exordium","TheCity","TheBeyond"],"potions_floor_usage":[11,18,20,21,33,38,41],"damage_taken":[{"damage":0.0,"enemies":"2 Louse","floor":1.0,"turns":1.0},{"damage":0.0,"enemies":"Jaw Worm","floor":5.0,"turns":1.0},{"damage":0.0,"enemies":"Lagavulin","floor":6.0,"turns":1.0},{"damage":0,"enemies":"Small Slimes","floor":10,"turns":3},{"damage":18,"enemies":"Exordium Thugs","floor":11,"turns":5},{"damage":10,"enemies":"3 Sentries","floor":12,"turns":6},{"damage":41,"enemies":"Gremlin Nob","floor":14,"turns":5},{"damage":27,"enemies":"Hexaghost","floor":16,"turns":10},{"damage":12,"enemies":"2 Thieves","floor":18,"turns":3},{"damage":11,"enemies":"Spheric Guardian","floor":20,"turns":4},{"damage":15,"enemies":"Snecko","floor":21,"turns":5},{"damage":26,"enemies":"Slavers","floor":23,"turns":3},{"damage":10,"enemies":"3 Cultists","floor":24,"turns":4},{"damage":12,"enemies":"Snake Plant","floor":28,"turns":4},{"damage":2,"enemies":"Snecko","floor":29,"turns":5},{"damage":23,"enemies":"Collector","floor":33,"turns":5},{"damage":13,"enemies":"3 Shapes","floor":35,"turns":3},{"damage":9,"enemies":"Orb Walker","floor":36,"turns":5},{"damage":0,"enemies":"Maw","floor":38,"turns":6},{"damage":98,"enemies":"Giant Head","floor":41,"turns":9}],"seed_played":"-1547106462320073870","potions_obtained":[{"floor":6.0,"key":"Energy Potion"},{"floor":12,"key":"ElixirPotion"},{"floor":14,"key":"Explosive Potion"},{"floor":16,"key":"FearPotion"},{"floor":20,"key":"Ancient Potion"},{"floor":28,"key":"ElixirPotion"},{"floor":29,"key":"BlessingOfTheForge"},{"floor":36,"key":"FearPotion"},{"floor":38,"key":"BlessingOfTheForge"}],"is_trial":false,"path_per_floor":["M","?","?","?","M","E","R","$","T","M","M","E","$","E","R","B",null,"M","?","M","M","?","E","M","R","T","R","M","M","$","?","R","B",null,"M","M","?","M","?","R","E"],"character_chosen":"IRONCLAD","items_purchased":["Fire Breathing","Power Through","Calipers"],"campfire_rested":0,"item_purchase_floors":[8,13,30],"current_hp_per_floor":[80,80,85,85,85,85,85,85,85,85,73,69,69,34,34,13,85,79,79,74,65,65,45,41,41,41,41,35,39,39,67,67,50,85,78,75,75,81,81,81,0,0],"gold":167,"neow_bonus":"THREE_ENEMY_KILL","is_daily":false,"chose_seed":false,"campfire_upgraded":5,"win_rate":0.0,"timestamp":1610234864,"path_taken":["M","?","?","?","?","E","R","$","T","M","M","E","?","E","R","BOSS","M","?","M","?","?","E","M","R","T","R","M","M","$","?","R","BOSS","M","M","?","M","?","R","E"],"items_purchased_type":["Card","Card","Relic"],"build_version":"2020-12-22","purchased_purges":2,"victory":false,"max_hp_per_floor":[80,80,85,85,85,85,85,85,85,85,85,85,85,85,85,85,85,85,85,85,85,85,85,85,85,85,85,85,85,85,85,85,85,85,85,85,85,85,85,85,85,85],"card_choices":[{"not_picked":["Metallicize","Perfected Strike"],"picked":"Body Slam","floor":1.0},{"not_picked":["Second Wind","Heavy Blade","Iron Wave"],"picked":"SKIP","floor":5.0},{"not_picked":["Anger","Clothesline","Spot Weakness"],"picked":"SKIP","floor":6.0},{"not_picked":["Seeing Red","Inflame","Clothesline"],"picked":"SKIP","floor":10},{"not_picked":["Seeing Red","Feel No Pain","Thunderclap"],"picked":"SKIP","floor":11},{"not_picked":["Twin Strike","Cleave","Body Slam"],"picked":"SKIP","floor":12},{"not_picked":["Twin Strike","Dark Embrace","Reaper"],"picked":"SKIP","floor":14},{"not_picked":["Iron Wave","Metallicize","Hemokinesis"],"picked":"SKIP","floor":18},{"not_picked":["Twin Strike+1","Cleave+1"],"picked":"Dual Wield","floor":20},{"not_picked":["Sever Soul","Anger+1","Dropkick"],"picked":"SKIP","floor":21},{"not_picked":["Dropkick","Warcry","Seeing Red+1"],"picked":"SKIP","floor":23},{"not_picked":["Dropkick","Warcry","Seeing Red+1"],"picked":"SKIP","floor":23},{"not_picked":["Twin Strike","Rage","Infernal Blade"],"picked":"SKIP","floor":24},{"not_picked":["Clothesline","Armaments+1","Perfected Strike"],"picked":"SKIP","floor":28},{"not_picked":["Headbutt","Metallicize+1","Anger"],"picked":"SKIP","floor":29},{"not_picked":["Bludgeon","Limit Break"],"picked":"Juggernaut","floor":33},{"not_picked":["Clash+1","Disarm","Thunderclap+1"],"picked":"SKIP","floor":35},{"not_picked":["Infernal Blade+1","Clothesline+1","Cleave+1"],"picked":"SKIP","floor":36},{"not_picked":["Thunderclap","Warcry+1","Bloodletting"],"picked":"SKIP","floor":38}],"player_experience":16180,"relics_obtained":[{"floor":6.0,"key":"Boot"},{"floor":9.0,"key":"Red Skull"},{"floor":12,"key":"Paper Frog"},{"floor":14,"key":"Bottled Tornado"},{"floor":23,"key":"Juzu Bracelet"},{"floor":26,"key":"Regal Pillow"},{"floor":34,"key":"Ancient Tea Set"},{"floor":34,"key":"HornCleat"},{"floor":34,"key":"TungstenRod"}],"event_choices":[{"damage_healed":0.0,"max_hp_gain":0.0,"max_hp_loss":0.0,"gold_gain":0.0,"event_name":"Living Wall","player_choice":"Grow","floor":2.0,"gold_loss":0.0,"damage_taken":0.0,"cards_upgraded":["Body Slam"]},{"damage_healed":0.0,"max_hp_gain":5.0,"max_hp_loss":0.0,"gold_gain":0.0,"event_name":"Big Fish","player_choice":"Donut","floor":3.0,"gold_loss":0.0,"damage_taken":0.0},{"damage_healed":0.0,"max_hp_gain":0.0,"max_hp_loss":0.0,"gold_gain":0.0,"event_name":"The Woman in Blue","player_choice":"Bought 0 Potions","floor":4.0,"gold_loss":0.0,"damage_taken":0.0},{"cards_removed":["Strike_R"],"damage_healed":0,"gold_gain":0,"player_choice":"Offered Basic","damage_taken":0,"max_hp_gain":0,"max_hp_loss":0,"event_name":"Bonfire Elementals","floor":19,"gold_loss":0},{"damage_healed":0,"gold_gain":99,"player_choice":"Stole From Cult","damage_taken":0,"max_hp_gain":0,"max_hp_loss":0,"event_name":"Nest","floor":22,"gold_loss":0},{"damage_healed":28,"gold_gain":0,"player_choice":"Heal","damage_taken":0,"max_hp_gain":0,"max_hp_loss":0,"event_name":"The Library","floor":31,"gold_loss":0},{"cards_removed":["Strike_R"],"damage_healed":0,"gold_gain":0,"player_choice":"Purged","damage_taken":0,"max_hp_gain":0,"max_hp_loss":0,"event_name":"Purifier","floor":37,"gold_loss":0},{"damage_healed":0,"gold_gain":0,"player_choice":"Memory 1","damage_taken":0,"max_hp_gain":0,"max_hp_loss":0,"event_name":"SensoryStone","floor":39,"gold_loss":0}],"is_beta":false,"boss_relics":[{"not_picked":["Fusion Hammer","Black Star"],"picked":"Mark of Pain"},{"not_picked":["SacredBark","Snecko Eye"],"picked":"Calling Bell"}],"items_purged_floors":[8,30],"is_endless":false,"potions_floor_spawned":[6,12,14,16,20,28,29,36,38],"killed_by":"Giant Head","ascension_level":1}}