{"host":"uhytnauby5tw4qa1","time":1610196270,"event":{"mods":["Act Like it!","Aspiration","BaseMod","Colored Map","Colored Powertips","Conspire","Downfall","Elementarium","Halation","Hubris","Infinite Spire","Jorbs\u0027s Wanderer Trilogy","Marisa????????","Mimic Mod","Minty Spire (QoL Compilation)","Rare Cards Sparkle","Replay The Spire","Shop Mod","Somnambulant","Spikes Relics","StSLib","The Bug Knight","The Cursed","The Druid","The Forsaken","The Judge","The Jungle","The Necromancer","The Saiyan","The Servant 0.9.4","The Valiant","TheBandit","TheFirefly","Yuri Mod","vexMod"],"gold_per_floor":[114,126,126,143,34,34,61,74,106,116,134,134,134,134,134,229,229,245,245,257,268,282,282,317,317,317,330,357,357,456,476,476,581,581,595,614,633,646,646,646,673,686,726,751,127,144,72,88,88,88],"floor_reached":51,"playtime":5420,"items_purged":["theDruid:Strike_O"],"score":803,"play_id":"ac8651d6-c9bf-4cb0-a3fa-bd727993a1db","local_time":"20210109124430","is_ascension_mode":false,"campfire_choices":[{"data":"theDruid:PrimalStrength","floor":6,"key":"SMITH"},{"floor":15,"key":"REST"},{"data":"infinitespire:NeuralNetwork","floor":23,"key":"SMITH"},{"floor":29,"key":"REST"},{"data":"theDruid:IronbarkArmor","floor":32,"key":"SMITH"},{"floor":40,"key":"REST"},{"floor":49,"key":"REST"}],"circlet_count":0,"master_deck":["theDruid:Strike_O","theDruid:Strike_O","theDruid:Strike_O","theDruid:Defend_O","theDruid:Defend_O","theDruid:Defend_O","theDruid:Defend_O","theDruid:BriarArmor","theDruid:WildSlash","theDruid:ExposingSlash","theDruid:PrimalStrength+1","theDruid:ThornStrike","theDruid:BristlingDefense","theDruid:Adaptation","theDruid:FaerieFire","theDruid:TakeShelter","theDruid:BristlingDefense","theDruid:BrambleLash","theDruid:HailofThorns","WordoMod:Accursed","WordoMod:Accursed","WordoMod:Accursed","theDruid:PouncingStrike","infinitespire:NeuralNetwork+1","hubris:Fate","theDruid:Guidance+1","theDruid:TakeShelter","theDruid:IronbarkArmor+1","theDruid:IronbarkArmor","theDruid:Infestation+1","theDruid:Starfall+1","theDruid:ExposingSlash+1","theDruid:SpiritCall","theDruid:FeralPlants","theDruid:BristlingDefense"],"relics":["theDruid:CrownOfTheWilds","Boot","hubris:Towel","ReplayTheSpireMod:TigerMarble","halation:LettersToHer","Lantern","Bronze Scales","Replay:Ancient Bell","Replay:Wax Seal","SpikesRelics:ToyHorsey","hubris:64BitClover","conspire:TreasureMap","Snack Pack","Sundial","Incense Burner","Replay:WaspNest","PreservedInsect","Fusion Hammer","Bottled Lightning","Thread and Needle","hubris:FunFungus","Smiling Mask","hubris:DisguiseKit","Garlic","infinitespire:EmpoweringShard","SpikesRelics:DaevaFist"],"acts_visited":["Exordium","TheCity","TheBeyond"],"potions_floor_usage":[7,20,24,31,33,50],"damage_taken":[{"damage":4,"enemies":"2 Louse","floor":1,"turns":2},{"damage":1,"enemies":"Cultist","floor":2,"turns":3},{"damage":0,"enemies":"Small Slimes","floor":4,"turns":3},{"damage":14,"enemies":"Gremlin Nob","floor":7,"turns":3},{"damage":21,"enemies":"Exordium Wildlife","floor":8,"turns":5},{"damage":7,"enemies":"Gremlin Gang","floor":9,"turns":8},{"damage":12,"enemies":"Gremlin Gang","floor":10,"turns":5},{"damage":11,"enemies":"Red Slaver","floor":11,"turns":5},{"damage":22,"enemies":"Slime Boss","floor":16,"turns":9},{"damage":2,"enemies":"3 Byrds","floor":18,"turns":2},{"damage":11,"enemies":"Shell Parasite","floor":20,"turns":4},{"damage":8,"enemies":"Centurion and Healer","floor":21,"turns":5},{"damage":10,"enemies":"Cultist and Chosen","floor":22,"turns":3},{"damage":18,"enemies":"Gremlin Leader","floor":24,"turns":5},{"damage":0,"enemies":"Sentry and Sphere","floor":27,"turns":3},{"damage":5,"enemies":"Book of Stabbing","floor":28,"turns":5},{"damage":35,"enemies":"Shelled Parasite and Fungi","floor":31,"turns":2},{"damage":28,"enemies":"Champ","floor":33,"turns":6},{"damage":2,"enemies":"Orb Walker","floor":35,"turns":5},{"damage":11,"enemies":"3 Darklings","floor":36,"turns":4},{"damage":14,"enemies":"Writhing Mass","floor":37,"turns":4},{"damage":26,"enemies":"Sphere and 2 Shapes","floor":38,"turns":4},{"damage":11,"enemies":"Giant Head","floor":41,"turns":6},{"damage":0,"enemies":"Maw","floor":42,"turns":2},{"damage":0,"enemies":"Sphere and 2 Shapes","floor":43,"turns":10},{"damage":13,"enemies":"Nemesis","floor":44,"turns":4},{"damage":0,"enemies":"Sphere and 2 Shapes","floor":46,"turns":1},{"damage":1,"enemies":"3 Darklings","floor":48,"turns":4},{"damage":3,"enemies":"conspire:OrnateMirror","floor":50,"turns":10}],"seed_played":"5792907732800123604","potions_obtained":[{"floor":2,"key":"Explosive Potion"},{"floor":4,"key":"Elixir"},{"floor":7,"key":"Languid Potion"},{"floor":10,"key":"GamblersBrew"},{"floor":18,"key":"AttackPotion"},{"floor":27,"key":"SpeedPotion"},{"floor":33,"key":"Energy Potion"},{"floor":38,"key":"SpeedPotion"},{"floor":41,"key":"SkillPotion"},{"floor":42,"key":"LifebloodPotion"}],"is_trial":false,"path_per_floor":["M","M","?","M","$","R","E","M","MIM","M","M","?","?","$","R","B",null,"M","AVR","M","M","M","R","E","T","T","M","E","R","?","M","R","B",null,"M","M","M","M","?","R","E","M","MIM","E","$","M","$","M","R","B",null],"character_chosen":"DRUID","items_purchased":["theDruid:BristlingDefense","theDruid:Adaptation","Bronze Scales","Garlic","theDruid:FeralPlants","infinitespire:EmpoweringShard","theDruid:BristlingDefense"],"campfire_rested":4,"item_purchase_floors":[5,5,14,45,45,45,47],"current_hp_per_floor":[71,70,70,70,70,70,56,35,28,19,11,33,33,23,45,26,75,73,73,75,67,57,57,39,39,39,41,38,60,60,27,27,3,75,75,64,50,26,26,47,40,40,40,32,32,32,32,38,59,56],"gold":88,"neow_bonus":"RANDOM_COMMON_RELIC","is_daily":false,"chose_seed":false,"campfire_upgraded":3,"win_rate":0.0,"timestamp":1610196270,"path_taken":["M","M","?","M","$","R","E","M","MIM","M","?","?","?","?","R","BOSS","M","AVR","M","M","?","R","E","?","T","M","E","R","?","M","R","BOSS","M","M","M","M","?","R","E","M","MIM","E","$","?","$","M","R","BOSS"],"items_purchased_type":["Card","Card","Relic","Relic","Card","Relic","Card"],"build_version":"2020-12-22","purchased_purges":1,"victory":true,"max_hp_per_floor":[75,75,75,75,75,75,75,75,75,75,75,75,75,75,75,75,75,75,75,75,75,75,75,75,75,75,75,75,75,75,75,75,75,75,75,75,75,75,71,71,71,71,71,71,71,71,71,71,71,71],"card_choices":[{"not_picked":["theDruid:BrambleLash","theDruid:BackupSupplies"],"picked":"theDruid:ExposingSlash","floor":1},{"not_picked":["theDruid:Swipe","theDruid:BlessedStrike"],"picked":"theDruid:PrimalStrength","floor":2},{"not_picked":["theDruid:BlessedStrike","theDruid:Recoil"],"picked":"theDruid:ThornStrike","floor":4},{"not_picked":["theDruid:ThornStrike","theDruid:Recoil"],"picked":"theDruid:FaerieFire","floor":7},{"not_picked":["theDruid:Impale","theDruid:ExposingSlash"],"picked":"theDruid:TakeShelter","floor":8},{"not_picked":["theDruid:Rummage","theDruid:RockSlide"],"picked":"theDruid:BristlingDefense","floor":9},{"not_picked":["theDruid:Swipe","theDruid:Resupply","theDruid:BlessedStrike"],"picked":"SKIP","floor":10},{"not_picked":["theDruid:Moonbeam","theDruid:ThornStrike"],"picked":"theDruid:BrambleLash","floor":11},{"not_picked":["theDruid:SpiritCall","theDruid:IronbarkArmor"],"picked":"theDruid:HailofThorns","floor":16},{"not_picked":["ReplayTheSpireMod:Restless Dread","WordoMod:Infected"],"picked":"WordoMod:Accursed","floor":17},{"not_picked":["CurseOfTheBell","conspire:Blindness"],"picked":"WordoMod:Accursed","floor":17},{"not_picked":["Looming Evil","Voices"],"picked":"WordoMod:Accursed","floor":17},{"not_picked":["theDruid:PlagueClaw","theDruid:TwinStars"],"picked":"theDruid:PouncingStrike","floor":18},{"not_picked":["theDruid:Adaptation","theDruid:FuriousSlash"],"picked":"theDruid:Guidance+1","floor":20},{"not_picked":["theDruid:Slingshot","theDruid:Gore"],"picked":"theDruid:TakeShelter","floor":21},{"not_picked":["theDruid:ThickHide","theDruid:IronClaw","theDruid:Recoil"],"picked":"SKIP","floor":22},{"not_picked":["theDruid:Starfall","theDruid:ForestsSoul","theDruid:IronClaw"],"picked":"SKIP","floor":24},{"not_picked":["theDruid:BrambleLash","theDruid:Moonbeam"],"picked":"theDruid:IronbarkArmor","floor":27},{"not_picked":["theDruid:Slingshot","theDruid:IronClaw+1","theDruid:FuriousSlash"],"picked":"SKIP","floor":28},{"not_picked":["theDruid:Swipe","theDruid:BlessedStrike","theDruid:BrambleLash+1"],"picked":"SKIP","floor":31},{"not_picked":["theDruid:CelestialSurge","theDruid:SurvivalInstincts"],"picked":"theDruid:IronbarkArmor","floor":33},{"not_picked":["theDruid:Resourcefulness+1","theDruid:MysticBarrier+1"],"picked":"theDruid:Infestation+1","floor":35},{"not_picked":["theDruid:ForestGuard","theDruid:InsectSwarm"],"picked":"theDruid:Starfall+1","floor":36},{"not_picked":["theDruid:FullMoon+1","theDruid:BrambleLash+1","theDruid:FuriousSlash+1"],"picked":"SKIP","floor":37},{"not_picked":["theDruid:TwilightsCall+1","theDruid:Restoration"],"picked":"theDruid:ExposingSlash+1","floor":38},{"not_picked":["theDruid:PrimalStrength+1","theDruid:CelestialSurge"],"picked":"theDruid:SpiritCall","floor":41},{"not_picked":["theDruid:IronClaw+1","theDruid:AstralShield+1","theDruid:Infestation"],"picked":"SKIP","floor":42},{"not_picked":["theDruid:ForestGuard","theDruid:Pathfinder","theDruid:ExposingSlash"],"picked":"SKIP","floor":44},{"not_picked":["theDruid:Swipe+1","theDruid:TakeShelter","theDruid:Starfall","Hidden Blade"],"picked":"SKIP","floor":46},{"not_picked":["theDruid:ThornStrike+1","theDruid:Impale+1","theDruid:WallofRoots","hubris:SlightOfHand"],"picked":"SKIP","floor":48}],"player_experience":1058304,"relics_obtained":[{"floor":7,"key":"ReplayTheSpireMod:TigerMarble"},{"floor":9,"key":"halation:LettersToHer"},{"floor":9,"key":"Lantern"},{"floor":24,"key":"Snack Pack"},{"floor":25,"key":"halation:LettersToHer"},{"floor":25,"key":"Sundial"},{"floor":26,"key":"halation:LettersToHer"},{"floor":26,"key":"Incense Burner"},{"floor":28,"key":"Replay:WaspNest"},{"floor":33,"key":"PreservedInsect"},{"floor":41,"key":"Bottled Lightning"},{"floor":43,"key":"Thread and Needle"},{"floor":43,"key":"halation:LettersToHer"},{"floor":43,"key":"hubris:FunFungus"},{"floor":43,"key":"Smiling Mask"},{"floor":44,"key":"hubris:DisguiseKit"},{"floor":48,"key":"SpikesRelics:DaevaFist"}],"event_choices":[{"damage_healed":0,"gold_gain":0,"player_choice":"Leave","damage_taken":0,"max_hp_gain":0,"max_hp_loss":0,"event_name":"conspire:Investor","floor":13,"gold_loss":0},{"damage_healed":0,"gold_gain":99,"player_choice":"Stole From Cult","damage_taken":0,"max_hp_gain":0,"max_hp_loss":0,"event_name":"Nest","floor":30,"gold_loss":0},{"damage_healed":0,"gold_gain":0,"player_choice":"Max HP","damage_taken":0,"max_hp_gain":0,"max_hp_loss":4,"event_name":"Winding Halls","floor":39,"gold_loss":0}],"is_beta":false,"boss_relics":[{"not_picked":["vexMod:EndlessSickness","Runic Dome"],"picked":"Replay:Ancient Bell"},{"not_picked":["hubris:ToyBattleship","Happy Flower"],"picked":"Replay:Wax Seal"},{"not_picked":["vexMod:ConsolationPrize","infinitespire:Bottled Soul"],"picked":"SpikesRelics:ToyHorsey"},{"not_picked":["Peace Pipe","conspire:GlowingRock"],"picked":"hubris:64BitClover"},{"not_picked":["hubris:TerracottaHorce","aspiration:DefectSkillbook"],"picked":"Fusion Hammer"}],"items_purged_floors":[45],"is_endless":false,"potions_floor_spawned":[2,4,7,10,18,27,33,38,41,42,46,48],"ascension_level":0}}