{"host":"oqzvrvdjimp5tr2r","time":1610173852,"event":{"mods":["Aspiration","BaseMod","Colored Map","Colored Powertips","DeckTracker","Downfall","Highlight Path","Hubris","Infinite Spire","Minty Spire (QoL Compilation)","Quick Restart","Random Character Button","Relic Sorter","Replay The Spire","StSLib","SuperFastMode","Synergy Search","The Cursed","The Disciple","The Jungle","The Runesmith"],"gold_per_floor":[36,36,36,36,62,62,62,62,62],"floor_reached":7,"playtime":235,"items_purged":[],"score":39,"play_id":"060c24c5-f6d4-43a4-bbc1-46589d412d99","local_time":"20210108233052","daily_mods":["Diverse","Colorless Cards"],"is_ascension_mode":false,"campfire_choices":[{"data":"hubris:MerchantsHand","floor":6,"key":"SMITH"}],"circlet_count":0,"master_deck":["Strike_R","Strike_G","Strike_B","hubris:Strike_Merchant","Defend_R","Defend_G","hubris:Defend_Merchant","hubris:MerchantsHand+1","hubris:MerchantsHand","Riddle With Holes","Regret","Outmaneuver"],"relics":["Smiling Mask","hubris:NiceRug","ReplayTheSpireMod:TigerMarble","infinitespire:Bottled Soul"],"acts_visited":["Exordium"],"potions_floor_usage":[],"damage_taken":[{"damage":5,"enemies":"Small Slimes","floor":1,"turns":4},{"damage":16,"enemies":"Jaw Worm","floor":5,"turns":3},{"damage":63,"enemies":"Lagavulin","floor":7,"turns":6}],"seed_played":"204364189603001721","potions_obtained":[],"is_trial":true,"path_per_floor":["M","?","?","T","M","R","E"],"character_chosen":"THE_CHAMP","items_purchased":[],"campfire_rested":0,"item_purchase_floors":[],"current_hp_per_floor":[70,70,70,70,54,54,0,0,0],"gold":62,"neow_bonus":"","is_daily":false,"chose_seed":false,"campfire_upgraded":1,"win_rate":0.0,"timestamp":1610173852,"path_taken":["M","?","?","?","M","R","E"],"items_purchased_type":[],"build_version":"2020-12-22","purchased_purges":0,"victory":false,"max_hp_per_floor":[75,75,75,75,75,75,75,75,75],"card_choices":[{"not_picked":["Cold Snap","Break"],"picked":"Riddle With Holes","floor":1},{"not_picked":["PiercingWail","White Noise"],"picked":"Outmaneuver","floor":5}],"player_experience":18177,"relics_obtained":[{"floor":4,"key":"infinitespire:Bottled Soul"}],"event_choices":[{"damage_healed":0,"gold_gain":0,"player_choice":"Box","damage_taken":0,"relics_obtained":["ReplayTheSpireMod:TigerMarble"],"max_hp_gain":0,"max_hp_loss":0,"event_name":"Big Fish","floor":2,"gold_loss":0,"cards_obtained":["Regret"]}],"is_beta":false,"boss_relics":[],"items_purged_floors":[],"is_endless":false,"potions_floor_spawned":[],"killed_by":"Lagavulin","ascension_level":0}}