{"host":"b995t17pt6d05w8c","time":1610202307,"event":{"mods":["AchievementEnabler","BaseMod","Colored Map","Minty Spire (QoL Compilation)","SuperFastMode"],"gold_per_floor":[218,218,236,252,26,26,42,74,74,74,107,122,72,92,92,191,191,207,223,26,40,56,81,81,81,81,81,81,81,81,97,97,199,199,211,211,55,67,67,92,105,116,139,139,154,205,231,37,37,37],"floor_reached":51,"playtime":1768,"items_purged":["Strike_R","Strike_R","Defend_R"],"score":1144,"play_id":"51416b9f-e155-4e3a-ad71-eeaebe9a3c93","local_time":"20210109232507","is_ascension_mode":true,"campfire_choices":[{"data":"Body Slam","floor":6.0,"key":"SMITH"},{"data":"Armaments","floor":15.0,"key":"SMITH"},{"data":"Feel No Pain","floor":24.0,"key":"SMITH"},{"data":"Ghostly","floor":27.0,"key":"SMITH"},{"floor":32.0,"key":"REST"},{"data":"Evolve","floor":44,"key":"SMITH"},{"data":"Juggernaut","floor":49,"key":"SMITH"}],"circlet_count":0,"master_deck":["Defend_R","Defend_R","Bash","Seeing Red","Body Slam+1","Evolve+1","Offering","Fiend Fire","Carnage","Bludgeon","Feel No Pain+1","Armaments+1","Barricade","Uppercut+1","Disarm","Ghostly","Ghostly+1","Ghostly","Ghostly","Ghostly","Shockwave","Shrug It Off","Juggernaut+1","Intimidate+1","Armaments+1","Sword Boomerang+1","Flame Barrier","Feel No Pain","Ghostly+1","Wild Strike"],"relics":["Burning Blood","Smiling Mask","Regal Pillow","Eternal Feather","Snecko Eye","Lee\u0027s Waffle","Question Card","Bottled Lightning","Enchiridion","Astrolabe","Strange Spoon","Lantern","CeramicFish","Gambling Chip","Omamori"],"acts_visited":["TheCity","TheBeyond"],"potions_floor_usage":[40,45,50,50],"damage_taken":[{"damage":7.0,"enemies":"Jaw Worm","floor":1.0,"turns":4.0},{"damage":0.0,"enemies":"Cultist","floor":3.0,"turns":4.0},{"damage":0.0,"enemies":"2 Louse","floor":4.0,"turns":3.0},{"damage":16.0,"enemies":"Blue Slaver","floor":7.0,"turns":4.0},{"damage":31.0,"enemies":"Lagavulin","floor":8.0,"turns":5.0},{"damage":16.0,"enemies":"Gremlin Nob","floor":11.0,"turns":3.0},{"damage":12.0,"enemies":"3 Louse","floor":12.0,"turns":3.0},{"damage":6.0,"enemies":"Looter","floor":14.0,"turns":2.0},{"damage":23.0,"enemies":"Hexaghost","floor":16.0,"turns":9.0},{"damage":14.0,"enemies":"3 Byrds","floor":18.0,"turns":4.0},{"damage":7.0,"enemies":"2 Thieves","floor":19.0,"turns":3.0},{"damage":6.0,"enemies":"Sentry and Sphere","floor":21.0,"turns":4.0},{"damage":9.0,"enemies":"Chosen and Byrds","floor":22.0,"turns":4.0},{"damage":15.0,"enemies":"Gremlin Leader","floor":23.0,"turns":4.0},{"damage":6.0,"enemies":"Snecko","floor":31.0,"turns":4.0},{"damage":9.0,"enemies":"Champ","floor":33.0,"turns":9.0},{"damage":6,"enemies":"3 Shapes","floor":35,"turns":4},{"damage":12,"enemies":"3 Darklings","floor":38,"turns":8},{"damage":29,"enemies":"Nemesis","floor":40,"turns":11},{"damage":0,"enemies":"Maw","floor":41,"turns":7},{"damage":6,"enemies":"4 Shapes","floor":42,"turns":7},{"damage":6,"enemies":"Spire Growth","floor":45,"turns":7},{"damage":3,"enemies":"2 Orb Walkers","floor":46,"turns":6},{"damage":12,"enemies":"Giant Head","floor":47,"turns":5},{"damage":9,"enemies":"Time Eater","floor":50,"turns":14}],"seed_played":"7174528962980195100","potions_obtained":[{"floor":3.0,"key":"Explosive Potion"},{"floor":8.0,"key":"DuplicationPotion"},{"floor":16.0,"key":"DistilledChaos"},{"floor":23.0,"key":"CultistPotion"},{"floor":35,"key":"DistilledChaos"},{"floor":40,"key":"Fire Potion"},{"floor":47,"key":"Ancient Potion"}],"is_trial":false,"path_per_floor":["M","?","M","M","$","R","M","E","T","?","E","M","$","M","R","B",null,"M","M","$","M","M","E","R","?","T","R","?","?","?","M","R","B",null,"M","?","$","M","?","E","M","M","T","R","M","?","E","$","R","B",null],"character_chosen":"IRONCLAD","items_purchased":["Evolve","Offering","Lee\u0027s Waffle","Strange Spoon","Weak Potion","Swift Potion","Wild Strike"],"campfire_rested":1,"item_purchase_floors":[5,5,20,37,48,48,48],"current_hp_per_floor":[71,71,77,80,80,80,70,45,45,45,35,29,29,29,38,21,65,57,56,87,87,84,75,84,43,43,43,37,37,21,21,48,45,47,47,46,46,40,40,17,23,23,23,41,41,44,38,38,46,43],"gold":37,"neow_bonus":"HUNDRED_GOLD","is_daily":false,"chose_seed":false,"campfire_upgraded":6,"win_rate":0.0,"timestamp":1610202307,"path_taken":["M","?","M","?","$","R","M","E","T","?","E","M","$","M","R","BOSS","M","M","$","M","M","E","R","?","T","R","?","?","?","M","R","BOSS","M","?","$","M","?","E","M","?","T","R","M","?","E","$","R","BOSS"],"items_purchased_type":["Card","Card","Relic","Relic","Potion","Potion","Card"],"build_version":"2020-12-22","purchased_purges":3,"victory":true,"max_hp_per_floor":[80,80,80,80,80,80,80,80,80,80,80,80,80,80,80,80,80,80,80,87,87,87,87,87,43,43,43,48,48,48,48,48,48,48,48,46,46,46,46,46,46,46,46,46,46,46,46,46,46,46],"card_choices":[{"not_picked":["Havoc","True Grit"],"picked":"Clash","floor":1.0},{"not_picked":["Heavy Blade","Warcry"],"picked":"Seeing Red","floor":3.0},{"not_picked":["Havoc","Clothesline"],"picked":"Body Slam","floor":4.0},{"not_picked":["Havoc","Combust"],"picked":"Fiend Fire","floor":7.0},{"not_picked":["Headbutt","Reckless Charge"],"picked":"Carnage","floor":8.0},{"not_picked":["Flex","Uppercut"],"picked":"Feel No Pain","floor":11.0},{"not_picked":["Clash","Sword Boomerang"],"picked":"Armaments","floor":12.0},{"not_picked":["Inflame","Metallicize","Infernal Blade"],"picked":"SKIP","floor":14.0},{"not_picked":["Immolate","Impervious"],"picked":"Barricade","floor":16.0},{"not_picked":["Carnage","Perfected Strike","Anger+1"],"picked":"SKIP","floor":18.0},{"not_picked":["Perfected Strike","Clash"],"picked":"Uppercut+1","floor":19.0},{"not_picked":["Ghostly Armor","Thunderclap"],"picked":"Disarm","floor":21.0},{"not_picked":["Armaments","Pommel Strike","Searing Blow"],"picked":"SKIP","floor":22.0},{"not_picked":["Havoc+1","Iron Wave+1","Clothesline+1"],"picked":"SKIP","floor":23.0},{"not_picked":["Blood for Blood","Combust+1","Havoc"],"picked":"Shrug It Off","floor":31.0},{"not_picked":["Offering","Barricade","Immolate"],"picked":"Juggernaut","floor":33.0},{"not_picked":["Wild Strike+1","Shrug It Off","Sever Soul+1"],"picked":"Flame Barrier","floor":35},{"not_picked":["Combust","Iron Wave+1","Infernal Blade+1"],"picked":"Feel No Pain","floor":38},{"not_picked":["Inflame+1","Shrug It Off","Disarm","Juggernaut"],"picked":"SKIP","floor":40},{"not_picked":["Blood for Blood+1","Bloodletting+1","Heavy Blade","True Grit"],"picked":"SKIP","floor":41},{"not_picked":["Searing Blow","Burning Pact","Clash","Headbutt"],"picked":"SKIP","floor":42},{"not_picked":["Spot Weakness","Clothesline","Iron Wave+1","Thunderclap+1"],"picked":"SKIP","floor":45},{"not_picked":["Feel No Pain","Dual Wield","Pommel Strike+1","Seeing Red+1"],"picked":"SKIP","floor":47}],"player_experience":72761,"relics_obtained":[{"floor":8.0,"key":"Smiling Mask"},{"floor":9.0,"key":"Regal Pillow"},{"floor":11.0,"key":"Eternal Feather"},{"floor":23.0,"key":"Question Card"},{"floor":26.0,"key":"Bottled Lightning"},{"floor":30.0,"key":"Enchiridion"},{"floor":40,"key":"Lantern"},{"floor":43,"key":"CeramicFish"},{"floor":46,"key":"Gambling Chip"},{"floor":47,"key":"Omamori"}],"event_choices":[{"cards_removed":["Strike_R"],"damage_healed":0.0,"max_hp_gain":0.0,"max_hp_loss":0.0,"gold_gain":0.0,"event_name":"Bonfire Elementals","player_choice":"Offered Basic","floor":2.0,"gold_loss":0.0,"damage_taken":0.0},{"damage_healed":0.0,"max_hp_gain":0.0,"max_hp_loss":0.0,"gold_gain":0.0,"cards_transformed":["Strike_R"],"event_name":"Living Wall","player_choice":"Change","floor":10.0,"gold_loss":0.0,"damage_taken":0.0,"cards_obtained":["Bludgeon"]},{"damage_healed":0.0,"max_hp_gain":0.0,"max_hp_loss":44.0,"gold_gain":0.0,"event_name":"Ghosts","player_choice":"Became a Ghost","floor":25.0,"gold_loss":0.0,"damage_taken":0.0,"cards_obtained":["Ghostly","Ghostly","Ghostly","Ghostly","Ghostly"]},{"damage_healed":0.0,"max_hp_gain":5.0,"max_hp_loss":0.0,"gold_gain":0.0,"event_name":"Forgotten Altar","player_choice":"Shed Blood","floor":28.0,"gold_loss":0.0,"damage_taken":11.0},{"damage_healed":0.0,"max_hp_gain":0.0,"max_hp_loss":0.0,"gold_gain":0.0,"event_name":"The Library","player_choice":"Read","floor":29.0,"gold_loss":0.0,"damage_taken":0.0,"cards_obtained":["Shockwave"]},{"damage_healed":0.0,"max_hp_gain":0.0,"max_hp_loss":0.0,"gold_gain":0.0,"event_name":"Cursed Tome","player_choice":"Obtained Book","floor":30.0,"gold_loss":0.0,"damage_taken":16.0},{"damage_healed":0,"gold_gain":0,"player_choice":"Max HP","damage_taken":0,"max_hp_gain":0,"max_hp_loss":2,"event_name":"Winding Halls","floor":36,"gold_loss":0},{"damage_healed":0,"gold_gain":0,"player_choice":"Copied","damage_taken":0,"max_hp_gain":0,"max_hp_loss":0,"event_name":"Duplicator","floor":39,"gold_loss":0,"cards_obtained":["Ghostly"]},{"damage_healed":0,"gold_gain":0,"player_choice":"Fight","damage_taken":0,"max_hp_gain":0,"max_hp_loss":0,"event_name":"Mysterious Sphere","floor":46,"gold_loss":0}],"is_beta":false,"boss_relics":[{"not_picked":["Tiny House","Ectoplasm"],"picked":"Snecko Eye"},{"not_picked":["Runic Pyramid","Runic Cube"],"picked":"Astrolabe"}],"items_purged_floors":[13,20,48],"is_endless":false,"potions_floor_spawned":[3,8,16,19,21,23,35,40,47],"ascension_level":9}}