{"host":"82ztocp0hmggul0m","time":1610181878,"event":{"mods":["BaseMod","Minty Spire (QoL Compilation)","Replay The Spire","StSLib","UnlockEverythingMod"],"gold_per_floor":[117,133,147,147,147,97,109,138,138,150,150,160,51,51,4,4,4,135,135,156,169,9,34,53,53,66,66,66,66,79,79,79,110,110,229,229,242,343,443,456,469,509,509,533,556,576,1092,1106,1142,1142,1142,1142,1142,1142,331,367,367],"floor_reached":58,"playtime":7615,"items_purged":["Strike_P","Strike_P","Defend_P"],"score":1141,"play_id":"bc8dcad7-83ac-44d8-b4be-9def05047aa2","local_time":"20210109004438","is_ascension_mode":false,"campfire_choices":[{"floor":9.0,"key":"REST"},{"floor":17.0,"key":"RECALL"},{"floor":25.0,"key":"REST"},{"data":"Eruption","floor":27.0,"key":"SMITH"},{"data":"Alpha","floor":29.0,"key":"SMITH"},{"data":"JustLucky","floor":32.0,"key":"SMITH"},{"floor":34.0,"key":"DIG"},{"floor":43.0,"key":"REST"},{"data":"DeusExMachina","floor":54.0,"key":"SMITH"}],"circlet_count":0,"master_deck":["Strike_P+1","Defend_P+1","Eruption+1","Vigilance","Halt","FlurryOfBlows","Swivel","Replay:Anticipation","FollowUp+1","Conclude","DeusExMachina","DeusExMachina+1","JustLucky+1","Alpha+1","CurseOfTheBell","FlurryOfBlows+1","EmptyFist","Perseverance","Replay:DivineShield","BowlingBash+1","Prostrate+1","Replay:Hum","PathToVictory+1","Perseverance","Judgement","Omniscience","BowlingBash+1","Pray","Wireheading+1","Replay:Cycle","Nirvana","PathToVictory","Flash of Steel","Omniscience","FearNoEvil","Pot Of Greed","Pot Of Greed","Pot Of Greed","Pot Of Greed","Writhe","CutThroughFate"],"relics":["PureWater","ReplayTheSpireMod:TigerMarble","Golden Idol","Calling Bell","Boot","Quantum Egg","Replay:Purple Gloves","InkBottle","Replay:Baseball","Replay:Bottled Flurry","Ring of Chaos","Simple Rune","Anchor","Bag of Marbles","Pear","Whetstone","DollysMirror","Grinning Jar","Chemical X","Replay:Bottled Steam","StrikeDummy","Letter Opener"],"acts_visited":["Exordium","TheCity","TheBeyond","TheEnding"],"potions_floor_usage":[],"damage_taken":[{"damage":4.0,"enemies":"Jaw Worm","floor":1.0,"turns":5.0},{"damage":0.0,"enemies":"Small Slimes","floor":2.0,"turns":2.0},{"damage":0.0,"enemies":"Cultist","floor":3.0,"turns":4.0},{"damage":0.0,"enemies":"Large Slime","floor":7.0,"turns":4.0},{"damage":56.0,"enemies":"3 Sentries","floor":8.0,"turns":12.0},{"damage":0.0,"enemies":"2 Fungi Beasts","floor":10.0,"turns":2.0},{"damage":3.0,"enemies":"3 Louse","floor":12.0,"turns":2.0},{"damage":24.0,"enemies":"Hexaghost","floor":18.0,"turns":9.0},{"damage":0.0,"enemies":"Chosen","floor":20.0,"turns":5.0},{"damage":20.0,"enemies":"Spheric Guardian","floor":21.0,"turns":3.0},{"damage":3.0,"enemies":"Snake Plant","floor":23.0,"turns":3.0},{"damage":3.0,"enemies":"Centurion and Healer","floor":24.0,"turns":7.0},{"damage":0.0,"enemies":"Snecko","floor":26.0,"turns":2.0},{"damage":21.0,"enemies":"Snake Plant","floor":30.0,"turns":5.0},{"damage":13.0,"enemies":"Gremlin Leader","floor":33.0,"turns":5.0},{"damage":24.0,"enemies":"Champ","floor":35.0,"turns":6.0},{"damage":6.0,"enemies":"3 Shapes","floor":37.0,"turns":5.0},{"damage":7.0,"enemies":"Orb Walker","floor":40.0,"turns":3.0},{"damage":22.0,"enemies":"Transient","floor":41.0,"turns":5.0},{"damage":17.0,"enemies":"Reptomancer","floor":42.0,"turns":6.0},{"damage":0.0,"enemies":"Jaw Worm Horde","floor":44.0,"turns":2.0},{"damage":0.0,"enemies":"Spire Growth","floor":46.0,"turns":2.0},{"damage":0.0,"enemies":"3 Darklings","floor":48.0,"turns":2.0},{"damage":0.0,"enemies":"Giant Head","floor":49.0,"turns":5.0},{"damage":35.0,"enemies":"Replay:Hell Engine","floor":52.0,"turns":6.0},{"damage":10.0,"enemies":"Shield and Spear","floor":56.0,"turns":3.0},{"damage":0,"enemies":"The Heart","floor":57,"turns":1}],"seed_played":"-4721438898211303460","potions_obtained":[{"floor":1.0,"key":"PowerPotion"},{"floor":3.0,"key":"PowerPotion"},{"floor":8.0,"key":"AttackPotion"},{"floor":23.0,"key":"Explosive Potion"},{"floor":24.0,"key":"BottledMiracle"},{"floor":26.0,"key":"BlessingOfTheForge"},{"floor":33.0,"key":"Adrenaline Potion"},{"floor":35.0,"key":"Weak Potion"},{"floor":40.0,"key":"LifebloodPotion"},{"floor":41.0,"key":"GamblersBrew"},{"floor":44.0,"key":"DuplicationPotion"},{"floor":49.0,"key":"Weak Potion"}],"is_trial":false,"path_per_floor":["M","M","M","PTL","PTL","?","M","E","R","M","T","M","$","?","$","?","R","B",null,"M","M","$","M","M","R","M","R","T","R","M","?","R","E","R","B",null,"M","?","?","M","M","E","R","M","T","M","$","M","E","?","R","B",null,"R","$","E","B",null],"character_chosen":"WATCHER","items_purchased":["DeusExMachina","JustLucky","EmptyFist","Perseverance","Pear","Whetstone","Flash of Steel","Flashbang","Death Potion","Swift Potion","DollysMirror","FearNoEvil","Explosive Potion","Chemical X","Replay:Bottled Steam","StrikeDummy"],"campfire_rested":3,"item_purchase_floors":[13,15,22,22,47,47,47,47,47,47,47,47,55,55,55,55],"current_hp_per_floor":[75,75,75,75,75,75,75,19,42,42,42,39,39,39,39,39,39,15,73,73,53,53,50,47,68,68,68,68,68,47,47,47,34,34,10,73,67,49,49,42,20,3,24,24,24,24,34,34,34,55,79,44,83,83,83,73,79],"gold":367,"neow_bonus":"TEN_PERCENT_HP_BONUS","is_daily":false,"chose_seed":false,"campfire_upgraded":4,"win_rate":0.0,"timestamp":1610181878,"path_taken":["M","M","M","PTL","PTL","?","M","E","R","M","T","M","$","?","?","?","R","BOSS","M","M","$","M","M","R","M","R","T","R","M","?","R","E","R","BOSS","M","?","?","?","M","E","R","M","T","M","$","M","E","?","R","BOSS","R","$","E","BOSS"],"items_purchased_type":["Card","Card","Card","Card","Relic","Relic","Card","Potion","Potion","Potion","Relic","Card","Potion","Relic","Relic","Relic"],"build_version":"2020-12-22","purchased_purges":3,"victory":true,"max_hp_per_floor":[79,79,79,79,79,79,79,79,79,79,79,79,79,73,73,73,73,73,73,73,73,73,73,73,73,73,73,73,73,73,73,73,73,73,73,73,73,73,73,73,73,73,73,73,73,73,83,83,83,83,83,83,83,83,83,83,83],"card_choices":[{"not_picked":["Fasting2","ForeignInfluence"],"picked":"Halt","floor":1.0},{"not_picked":["BowlingBash","Consecrate"],"picked":"FlurryOfBlows","floor":2.0},{"not_picked":["Consecrate","Pray"],"picked":"Swivel","floor":3.0},{"not_picked":["WindmillStrike","TalkToTheHand","Study"],"picked":"SKIP","floor":7.0},{"not_picked":["SashWhip","FollowUp"],"picked":"Replay:Anticipation","floor":8.0},{"not_picked":["Wallop","Collect"],"picked":"FollowUp","floor":10.0},{"not_picked":["FlyingSleeves","Fasting2"],"picked":"Conclude","floor":12.0},{"not_picked":["Brilliance","Establishment"],"picked":"Alpha","floor":18.0},{"not_picked":["Replay:Hum","Sanctity","Protect"],"picked":"SKIP","floor":20.0},{"not_picked":["PathToVictory","TalkToTheHand"],"picked":"FlurryOfBlows","floor":21.0},{"not_picked":["Replay:Battleflow","Nirvana+1"],"picked":"Replay:DivineShield","floor":23.0},{"not_picked":["EmptyBody","FlyingSleeves+1"],"picked":"BowlingBash+1","floor":24.0},{"not_picked":["BowlingBash","ThirdEye"],"picked":"Prostrate+1","floor":26.0},{"not_picked":["Adaptation","CrushJoints"],"picked":"Replay:Hum","floor":30.0},{"not_picked":["Indignation","SashWhip"],"picked":"Judgement","floor":33.0},{"not_picked":["Replay:LoomingThreat","Ragnarok"],"picked":"Omniscience","floor":35.0},{"not_picked":["Prostrate","FlyingSleeves+1"],"picked":"BowlingBash+1","floor":37.0},{"not_picked":["Replay:LoomingThreat","SashWhip"],"picked":"Pray","floor":38.0},{"not_picked":["Indignation","Pray"],"picked":"Wireheading+1","floor":40.0},{"not_picked":["FlyingSleeves","WindmillStrike+1"],"picked":"Replay:Cycle","floor":41.0},{"not_picked":["Collect","FollowUp"],"picked":"Nirvana","floor":42.0},{"not_picked":["Meditate+1","Adaptation+1"],"picked":"PathToVictory","floor":44.0},{"not_picked":["PathToVictory","FlurryOfBlows","Collect"],"picked":"SKIP","floor":46.0},{"not_picked":["Protect","Crescendo+1","EmptyBody+1"],"picked":"SKIP","floor":48.0},{"not_picked":["Replay:ManipulateFuture","BattleHymn+1","Vengeance"],"picked":"SKIP","floor":49.0},{"not_picked":["Alpha","Replay:Anticipation+1"],"picked":"CutThroughFate","floor":56.0}],"player_experience":2535,"relics_obtained":[{"floor":8.0,"key":"ReplayTheSpireMod:TigerMarble"},{"floor":19.0,"key":"Boot"},{"floor":19.0,"key":"Quantum Egg"},{"floor":19.0,"key":"Replay:Purple Gloves"},{"floor":28.0,"key":"InkBottle"},{"floor":33.0,"key":"Replay:Baseball"},{"floor":34.0,"key":"Replay:Bottled Flurry"},{"floor":38.0,"key":"Simple Rune"},{"floor":42.0,"key":"Anchor"},{"floor":45.0,"key":"Bag of Marbles"},{"floor":49.0,"key":"Grinning Jar"},{"floor":56.0,"key":"Letter Opener"}],"event_choices":[{"cards_removed":["Defend_P"],"damage_healed":0.0,"max_hp_gain":0.0,"max_hp_loss":0.0,"gold_gain":0.0,"event_name":"The Cleric","player_choice":"Card Removal","floor":6.0,"gold_loss":50.0,"damage_taken":0.0},{"damage_healed":0.0,"max_hp_gain":0.0,"max_hp_loss":6.0,"gold_gain":0.0,"event_name":"Golden Idol","player_choice":"Lose Max HP","floor":14.0,"gold_loss":0.0,"damage_taken":0.0,"relics_obtained":["Golden Idol"]},{"damage_healed":0.0,"max_hp_gain":0.0,"max_hp_loss":0.0,"gold_gain":0.0,"event_name":"Liars Game","player_choice":"Ignored","floor":16.0,"gold_loss":0.0,"damage_taken":0.0},{"damage_healed":0.0,"max_hp_gain":0.0,"max_hp_loss":0.0,"gold_gain":0.0,"cards_transformed":["Strike_P","Defend_P"],"event_name":"Drug Dealer","player_choice":"Became Test Subject","floor":31.0,"gold_loss":0.0,"damage_taken":0.0,"cards_obtained":["PathToVictory","Perseverance"]},{"damage_healed":0.0,"max_hp_gain":0.0,"max_hp_loss":0.0,"gold_gain":100.0,"event_name":"Golden Shrine","player_choice":"Pray","floor":39.0,"gold_loss":0.0,"damage_taken":0.0},{"damage_healed":21.0,"max_hp_gain":0.0,"max_hp_loss":0.0,"gold_gain":0.0,"event_name":"Winding Halls","player_choice":"Writhe","floor":50.0,"gold_loss":0.0,"damage_taken":0.0,"cards_obtained":["Writhe"]}],"is_beta":false,"boss_relics":[{"not_picked":["Runic Pyramid","Kintsugi"],"picked":"Calling Bell"},{"not_picked":["Fusion Hammer","Replay:Wanted Poster"],"picked":"Ring of Chaos"}],"items_purged_floors":[22,47,55],"is_endless":false,"potions_floor_spawned":[1,3,8,23,24,26,33,35,40,41,44,49],"ascension_level":0}}