{"host":"sav7uxregyirlf69","time":1610216074,"event":{"mods":["AchievementEnabler","BaseMod","Colored Map","DeckTracker","Keyboard Shortcuts","Minty Spire (QoL Compilation)","READ ME - Guardian Mod","StSLib","SuperFastMode"],"gold_per_floor":[109,109,109,109,129,168,188,188,214,233,233,264,18,39,39,130,130,130,130],"floor_reached":18,"playtime":305,"items_purged":["Strike_G"],"score":390,"play_id":"ff7ab1df-3177-4464-b05c-3d471b0902cf","local_time":"20210110031434","is_ascension_mode":true,"campfire_choices":[{"data":"Bouncing Flask","floor":11,"key":"SMITH"},{"floor":15,"key":"REST"}],"circlet_count":0,"master_deck":["AscendersBane","Strike_G","Defend_G+1","Defend_G+1","Defend_G","Defend_G","Survivor","Neutralize","Bouncing Flask+1","Calculated Gamble","Dagger Spray","Flying Knee","Adrenaline","Noxious Fumes","Night Terror","Poisoned Stab+1","Footwork+1","Finisher+1"],"relics":["Ring of the Snake","NeowsBlessing","Golden Idol","Oddly Smooth Stone","Ancient Tea Set","War Paint","Astrolabe"],"acts_visited":["Exordium","TheCity"],"potions_floor_usage":[12,16,16],"damage_taken":[{"damage":0,"enemies":"2 Louse","floor":1,"turns":1},{"damage":0,"enemies":"Jaw Worm","floor":5,"turns":1},{"damage":0,"enemies":"3 Sentries","floor":6,"turns":1},{"damage":0,"enemies":"Small Slimes","floor":7,"turns":5},{"damage":2,"enemies":"Looter","floor":10,"turns":4},{"damage":28,"enemies":"Lagavulin","floor":12,"turns":5},{"damage":7,"enemies":"3 Louse","floor":14,"turns":3},{"damage":29,"enemies":"Slime Boss","floor":16,"turns":8},{"damage":0,"enemies":"Shell Parasite","floor":18,"turns":1}],"seed_played":"-4806834091387326900","potions_obtained":[{"floor":1,"key":"Explosive Potion"},{"floor":6,"key":"PowerPotion"},{"floor":7,"key":"Regen Potion"},{"floor":14,"key":"SkillPotion"}],"is_trial":false,"path_per_floor":["M","?","?","?","M","E","M","?","T","M","R","E","$","M","R","B",null,"M"],"character_chosen":"THE_SILENT","items_purchased":["Adrenaline","Noxious Fumes"],"campfire_rested":1,"item_purchase_floors":[13,13],"current_hp_per_floor":[59,59,36,36,36,36,36,36,36,34,34,21,21,14,33,4,51,51,51],"gold":130,"neow_bonus":"THREE_ENEMY_KILL","is_daily":false,"chose_seed":false,"campfire_upgraded":1,"win_rate":0.0,"timestamp":1610216074,"path_taken":["M","?","?","?","M","E","M","?","T","M","R","E","?","M","R","BOSS","M"],"items_purchased_type":["Card","Card"],"build_version":"2020-12-22","purchased_purges":1,"victory":false,"max_hp_per_floor":[66,66,66,66,66,66,66,66,66,66,66,66,66,66,66,66,66,66,66],"card_choices":[{"not_picked":["Heel Hook","Cloak And Dagger"],"picked":"Bouncing Flask","floor":1},{"not_picked":["Slice","Flying Knee"],"picked":"Dagger Spray","floor":5},{"not_picked":["Slice","Underhanded Strike","Bane"],"picked":"SKIP","floor":6},{"not_picked":["Infinite Blades","PiercingWail"],"picked":"Flying Knee","floor":7},{"not_picked":["Sucker Punch","Envenom","Outmaneuver"],"picked":"SKIP","floor":10},{"not_picked":["Dagger Throw","Masterful Stab","Accuracy"],"picked":"SKIP","floor":12},{"not_picked":["Calculated Gamble","Distraction","Quick Slash"],"picked":"SKIP","floor":14},{"not_picked":["Grand Finale","A Thousand Cuts"],"picked":"Night Terror","floor":16}],"player_experience":1223639,"relics_obtained":[{"floor":6,"key":"Oddly Smooth Stone"},{"floor":9,"key":"Ancient Tea Set"},{"floor":12,"key":"War Paint"}],"event_choices":[{"damage_healed":0,"gold_gain":0,"cards_transformed":["Strike_G"],"player_choice":"Change","damage_taken":0,"max_hp_gain":0,"max_hp_loss":0,"event_name":"Living Wall","floor":2,"gold_loss":0,"cards_obtained":["Calculated Gamble"]},{"damage_healed":0,"gold_gain":0,"player_choice":"Take Damage","damage_taken":23,"relics_obtained":["Golden Idol"],"max_hp_gain":0,"max_hp_loss":0,"event_name":"Golden Idol","floor":3,"gold_loss":0},{"damage_healed":0,"gold_gain":0,"player_choice":"Ignored","damage_taken":0,"max_hp_gain":0,"max_hp_loss":0,"event_name":"Liars Game","floor":4,"gold_loss":0},{"damage_healed":0,"gold_gain":0,"player_choice":"Ignored","damage_taken":0,"max_hp_gain":0,"max_hp_loss":0,"event_name":"Shining Light","floor":8,"gold_loss":0}],"is_beta":false,"boss_relics":[{"not_picked":["HoveringKite","Tiny House"],"picked":"Astrolabe"}],"items_purged_floors":[13],"is_endless":false,"potions_floor_spawned":[1,6,7,14],"killed_by":"Shell Parasite","ascension_level":20}}