{"host":"daa8jqyg4gqfaysm","time":1610187557,"event":{"mods":["BaseMod","Colored Powertips","Minty Spire (QoL Compilation)","StSLib"],"gold_per_floor":[110,129,129,145,164,164,194,194,217,217,12,56,79,122,122,243,243,263,283,283,88,88,88,124,124,124,124,199,230,230,245,245,369,369,394,457,457,46,60,98,119,135,186,220,220,235,235,135,135,135,135,135,85,128,128],"floor_reached":56,"playtime":1622,"items_purged":["Strike_R","Strike_R","Strike_R","Strike_R"],"score":1326,"play_id":"6fe80952-bacb-440f-a5b8-94175be539c1","local_time":"20210109181917","is_ascension_mode":false,"campfire_choices":[{"data":"Demon Form","floor":6,"key":"SMITH"},{"data":"Heavy Blade","floor":8,"key":"SMITH"},{"data":"Bash","floor":10,"key":"SMITH"},{"data":"Shockwave","floor":15,"key":"SMITH"},{"data":"Immolate","floor":23,"key":"SMITH"},{"data":"Pommel Strike","floor":25,"key":"SMITH"},{"data":"Sword Boomerang","floor":30,"key":"SMITH"},{"data":"Immolate","floor":32,"key":"SMITH"},{"floor":45,"key":"RECALL"},{"data":"Juggernaut","floor":47,"key":"SMITH"},{"data":"Offering","floor":49,"key":"SMITH"},{"data":"Shrug It Off","floor":52,"key":"SMITH"}],"circlet_count":0,"master_deck":["Strike_R","Defend_R","Defend_R","Defend_R","Defend_R+1","Bash+1","Pommel Strike+1","Heavy Blade+1","Spot Weakness","Demon Form+1","Disarm+1","Shockwave+1","Immolate+1","Immolate+1","Sword Boomerang+1","Shrug It Off","Shrug It Off+1","Offering+1","Ghostly Armor+1","Shrug It Off+1","True Grit+1","Shrug It Off","Shrug It Off+1","Juggernaut+1","Pommel Strike+1","Offering"],"relics":["Burning Blood","Bag of Marbles","Golden Idol","Omamori","Juzu Bracelet","Orichalcum","Runic Dome","War Paint","Molten Egg 2","Smiling Mask","Eternal Feather","Velvet Choker","CaptainsWheel","Mango","Bottled Flame","Boot","Gremlin Horn","Shuriken"],"acts_visited":["Exordium","TheCity","TheBeyond","TheEnding"],"potions_floor_usage":[55],"damage_taken":[{"damage":8,"enemies":"Small Slimes","floor":1,"turns":4},{"damage":0,"enemies":"2 Louse","floor":2,"turns":3},{"damage":1,"enemies":"Jaw Worm","floor":4,"turns":4},{"damage":16,"enemies":"Red Slaver","floor":5,"turns":4},{"damage":32,"enemies":"Gremlin Nob","floor":12,"turns":4},{"damage":6,"enemies":"Exordium Wildlife","floor":13,"turns":4},{"damage":13,"enemies":"3 Sentries","floor":14,"turns":7},{"damage":8,"enemies":"Hexaghost","floor":16,"turns":8},{"damage":4,"enemies":"2 Thieves","floor":18,"turns":2},{"damage":0,"enemies":"Chosen","floor":19,"turns":3},{"damage":0,"enemies":"Gremlin Leader","floor":24,"turns":5},{"damage":32,"enemies":"Slavers","floor":29,"turns":4},{"damage":6,"enemies":"Snake Plant","floor":31,"turns":5},{"damage":5,"enemies":"Champ","floor":33,"turns":7},{"damage":11,"enemies":"3 Darklings","floor":35,"turns":4},{"damage":6,"enemies":"Mind Bloom Boss Battle","floor":36,"turns":6},{"damage":6,"enemies":"3 Shapes","floor":39,"turns":3},{"damage":16,"enemies":"Reptomancer","floor":40,"turns":5},{"damage":0,"enemies":"3 Darklings","floor":41,"turns":2},{"damage":6,"enemies":"Jaw Worm Horde","floor":42,"turns":1},{"damage":22,"enemies":"Giant Head","floor":44,"turns":7},{"damage":14,"enemies":"Spire Growth","floor":46,"turns":5},{"damage":70,"enemies":"Donu and Deca","floor":50,"turns":6},{"damage":35,"enemies":"Shield and Spear","floor":54,"turns":6},{"damage":87,"enemies":"The Heart","floor":55,"turns":9}],"seed_played":"6875074078889248637","potions_obtained":[{"floor":2,"key":"FairyPotion"},{"floor":12,"key":"FairyPotion"},{"floor":13,"key":"HeartOfIron"}],"is_trial":false,"path_per_floor":["M","M","?","M","M","R","?","R","T","R","$","E","M","E","R","B",null,"M","M","?","$","?","R","E","R","T","?","?","E","R","M","R","B",null,"M","?","?","$","M","E","M","M","T","E","R","M","R","$","R","B",null,"R","$","E","B",null],"character_chosen":"IRONCLAD","items_purchased":["Disarm","SkillPotion","War Paint","Shrug It Off","Mango","Shrug It Off","Pommel Strike+1"],"campfire_rested":0,"item_purchase_floors":[11,11,21,21,38,38,48],"current_hp_per_floor":[78,80,60,65,55,55,55,55,55,55,55,29,29,22,22,20,80,80,80,80,80,80,80,80,80,80,80,72,46,55,55,67,68,80,75,75,75,89,89,79,85,85,85,69,84,76,91,91,94,30,94,94,94,65,28],"gold":128,"neow_bonus":"RANDOM_COMMON_RELIC","is_daily":false,"chose_seed":false,"campfire_upgraded":11,"win_rate":0.0,"timestamp":1610187557,"path_taken":["M","M","?","M","M","R","?","R","T","R","$","E","M","E","R","BOSS","M","M","?","$","?","R","E","R","T","?","?","E","R","M","R","BOSS","M","?","?","$","M","E","M","M","T","E","R","M","R","$","R","BOSS","R","$","E","BOSS"],"items_purchased_type":["Card","Potion","Relic","Card","Relic","Card","Card"],"build_version":"2020-12-22","purchased_purges":4,"victory":true,"max_hp_per_floor":[80,80,80,80,80,80,80,80,80,80,80,80,80,80,80,80,80,80,80,80,80,80,80,80,80,80,80,80,80,80,80,80,80,80,80,80,80,94,94,94,94,94,94,94,94,94,94,94,94,94,94,94,94,94,94],"card_choices":[{"not_picked":["Wild Strike","Warcry"],"picked":"Pommel Strike","floor":1},{"not_picked":["Perfected Strike","Headbutt"],"picked":"Heavy Blade","floor":2},{"not_picked":["Rupture","Thunderclap"],"picked":"Spot Weakness","floor":4},{"not_picked":["Cleave","Flex"],"picked":"Demon Form","floor":5},{"not_picked":["Sword Boomerang","Shrug It Off"],"picked":"Shockwave","floor":12},{"not_picked":["Warcry","Anger","Wild Strike"],"picked":"SKIP","floor":13},{"not_picked":["Heavy Blade","Metallicize"],"picked":"Immolate","floor":14},{"not_picked":["Berserk","Demon Form"],"picked":"Immolate","floor":16},{"not_picked":["Perfected Strike","Twin Strike"],"picked":"Sword Boomerang","floor":18},{"not_picked":["Havoc","Perfected Strike+1","Iron Wave"],"picked":"SKIP","floor":19},{"not_picked":["Iron Wave+1","Cleave+1","Twin Strike+1"],"picked":"SKIP","floor":24},{"not_picked":["Dark Embrace+1","Heavy Blade+1","Berserk"],"picked":"SKIP","floor":29},{"not_picked":["Seeing Red","Sentinel+1"],"picked":"Shrug It Off+1","floor":31},{"not_picked":["Barricade","Berserk"],"picked":"Offering","floor":33},{"not_picked":["Combust+1","Disarm"],"picked":"Ghostly Armor+1","floor":35},{"not_picked":["Iron Wave+1","Clothesline+1"],"picked":"True Grit+1","floor":39},{"not_picked":["True Grit+1","Anger+1"],"picked":"Shrug It Off","floor":40},{"not_picked":["Warcry+1","Juggernaut","Headbutt+1"],"picked":"SKIP","floor":41},{"not_picked":["Wild Strike+1","Iron Wave+1","Sever Soul+1"],"picked":"SKIP","floor":42},{"not_picked":["Evolve+1","Twin Strike+1"],"picked":"Shrug It Off+1","floor":44},{"not_picked":["Iron Wave+1","Warcry"],"picked":"Juggernaut","floor":46},{"not_picked":["Body Slam+1","Wild Strike+1"],"picked":"Offering","floor":54}],"player_experience":797069,"relics_obtained":[{"floor":9,"key":"Omamori"},{"floor":12,"key":"Juzu Bracelet"},{"floor":14,"key":"Orichalcum"},{"floor":24,"key":"Smiling Mask"},{"floor":29,"key":"Eternal Feather"},{"floor":36,"key":"CaptainsWheel"},{"floor":40,"key":"Bottled Flame"},{"floor":43,"key":"Boot"},{"floor":44,"key":"Gremlin Horn"},{"floor":54,"key":"Shuriken"}],"event_choices":[{"damage_healed":0,"gold_gain":0,"player_choice":"Take Damage","damage_taken":20,"relics_obtained":["Golden Idol"],"max_hp_gain":0,"max_hp_loss":0,"event_name":"Golden Idol","floor":3,"gold_loss":0},{"damage_healed":0,"gold_gain":30,"player_choice":"Searched \u00272\u0027 times","damage_taken":0,"max_hp_gain":0,"max_hp_loss":0,"event_name":"Dead Adventurer","floor":7,"gold_loss":0},{"damage_healed":0,"gold_gain":0,"player_choice":"Ignored","damage_taken":0,"max_hp_gain":0,"max_hp_loss":0,"event_name":"Ghosts","floor":20,"gold_loss":0},{"damage_healed":0,"gold_gain":0,"player_choice":"Stole Relic","damage_taken":0,"relics_obtained":["Molten Egg 2"],"max_hp_gain":0,"max_hp_loss":0,"event_name":"Addict","floor":22,"gold_loss":0,"cards_obtained":["Shame"]},{"damage_healed":0,"gold_gain":0,"player_choice":"Ignored","damage_taken":0,"max_hp_gain":0,"max_hp_loss":0,"event_name":"Vampires","floor":27,"gold_loss":0},{"damage_healed":0,"gold_gain":75,"player_choice":"Touch","damage_taken":8,"max_hp_gain":0,"max_hp_loss":0,"event_name":"FaceTrader","floor":28,"gold_loss":0},{"damage_healed":0,"gold_gain":0,"player_choice":"Fight","damage_taken":0,"max_hp_gain":0,"max_hp_loss":0,"event_name":"MindBloom","floor":36,"gold_loss":0},{"damage_healed":0,"gold_gain":0,"player_choice":"Memory 1","damage_taken":0,"max_hp_gain":0,"max_hp_loss":0,"event_name":"SensoryStone","floor":37,"gold_loss":0}],"is_beta":false,"boss_relics":[{"not_picked":["Cursed Key","Black Star"],"picked":"Runic Dome"},{"not_picked":["SlaversCollar","Tiny House"],"picked":"Velvet Choker"}],"items_purged_floors":[11,38,48,53],"is_endless":false,"potions_floor_spawned":[2,12,13,14,18,29,31,39,41,44,54],"ascension_level":0}}