{"host":"fmtvje4mks8zli8e","time":1610158699,"event":{"mods":["AchievementEnabler","AlwaysNeverKeys","BaseMod","BetterRewards","Minty Spire (QoL Compilation)","READ ME - Guardian Mod","Remove Card Discount Mod","StSLib","The Cursed","The Druid","The Servant 0.9.4","The Wild Card"],"gold_per_floor":[113,123,123,139,152,182,196,224,224,259,282,296,311,340,340,414,414,432,432,432,451,451,451,485,485,485,505,505,505,533,533,533,607,607,624,624,649,649,726,757,757,792,792,837,837,837,837,851,851,851,851,851,37,67,67],"floor_reached":56,"playtime":2844,"items_purged":[],"score":2833,"play_id":"f7ee01dc-7c9b-49e8-9415-ecc4b1683cde","local_time":"20210108201819","is_ascension_mode":true,"campfire_choices":[{"data":"Infinite Blades","floor":15,"key":"SMITH"},{"data":"1","floor":23,"key":"LIFT"},{"data":"2","floor":25,"key":"LIFT"},{"data":"3","floor":29,"key":"LIFT"},{"data":"Footwork","floor":32,"key":"SMITH"},{"data":"A Thousand Cuts","floor":45,"key":"SMITH"},{"floor":49,"key":"REST"},{"data":"Madness","floor":52,"key":"SMITH"}],"circlet_count":0,"master_deck":["AscendersBane","Strike_G","Strike_G","Strike_G","Strike_G","Defend_G","Defend_G","Defend_G","Defend_G","Defend_G","Survivor","Neutralize","Caltrops","Noxious Fumes","Caltrops","Impatience","Caltrops","Blur","Footwork+1","Infinite Blades+1","Blur","Caltrops","Caltrops","Deflect","Accuracy","A Thousand Cuts+1","Concentrate+1","Concentrate+1","Madness+1","Madness","Noxious Fumes","Trip","Endless Agony","Concentrate","Dodge and Roll","Infinite Blades","Accuracy+1"],"relics":["Ring of the Snake","Calipers","Omamori","Thread and Needle","ClockworkSouvenir","Letter Opener","Paper Crane","Tiny Chest","OrangePellets","Mummified Hand","Medical Kit","Nilry\u0027s Codex","Strawberry","Nunchaku","Anchor","Shuriken","Girya","Oddly Smooth Stone","Akabeko","Calling Bell","MealTicket","Kunai","Mango","Question Card","Potion Belt","Matryoshka","Dream Catcher","PreservedInsect","Unceasing Top","Black Star","FossilizedHelix","Juzu Bracelet","Pear","Turnip","Ginger","Bag of Preparation","Centennial Puzzle","Smiling Mask","Torii","The Courier","Ninja Scroll","Pen Nib","Blood Vial","Bag of Marbles","InkBottle","StrikeDummy","Lantern"],"acts_visited":["Exordium","TheCity","TheBeyond","TheEnding"],"potions_floor_usage":[10,12,24,30,44,55,55,55],"damage_taken":[{"damage":6,"enemies":"2 Louse","floor":1,"turns":4},{"damage":0,"enemies":"Jaw Worm","floor":2,"turns":4},{"damage":0,"enemies":"Cultist","floor":4,"turns":4},{"damage":0,"enemies":"Blue Slaver","floor":5,"turns":3},{"damage":0,"enemies":"Lagavulin","floor":6,"turns":9},{"damage":0,"enemies":"2 Fungi Beasts","floor":7,"turns":2},{"damage":0,"enemies":"3 Sentries","floor":8,"turns":5},{"damage":8,"enemies":"Gremlin Nob","floor":10,"turns":5},{"damage":0,"enemies":"3 Louse","floor":12,"turns":3},{"damage":4,"enemies":"Blue Slaver","floor":13,"turns":3},{"damage":0,"enemies":"Lagavulin","floor":14,"turns":7},{"damage":0,"enemies":"The Guardian","floor":16,"turns":8},{"damage":7,"enemies":"2 Thieves","floor":18,"turns":5},{"damage":0,"enemies":"Shell Parasite","floor":21,"turns":5},{"damage":3,"enemies":"Book of Stabbing","floor":24,"turns":5},{"damage":3,"enemies":"3 Cultists","floor":27,"turns":5},{"damage":3,"enemies":"Slavers","floor":30,"turns":4},{"damage":4,"enemies":"Collector","floor":33,"turns":8},{"damage":5,"enemies":"3 Shapes","floor":35,"turns":5},{"damage":0,"enemies":"Mind Bloom Boss Battle","floor":37,"turns":6},{"damage":0,"enemies":"Nemesis","floor":40,"turns":7},{"damage":0,"enemies":"Reptomancer","floor":42,"turns":4},{"damage":34,"enemies":"2 Orb Walkers","floor":44,"turns":4},{"damage":0,"enemies":"3 Darklings","floor":48,"turns":2},{"damage":53,"enemies":"Time Eater","floor":50,"turns":11},{"damage":20,"enemies":"Shield and Spear","floor":54,"turns":3},{"damage":0,"enemies":"The Heart","floor":55,"turns":5}],"seed_played":"831915477545072631","potions_obtained":[{"floor":1,"key":"BlessingOfTheForge"},{"floor":4,"key":"CunningPotion"},{"floor":8,"key":"Poison Potion"},{"floor":10,"key":"Energy Potion"},{"floor":12,"key":"CultistPotion"},{"floor":24,"key":"SmokeBomb"},{"floor":27,"key":"Fire Potion"},{"floor":33,"key":"Poison Potion"},{"floor":37,"key":"Dexterity Potion"},{"floor":42,"key":"Strength Potion"}],"is_trial":false,"path_per_floor":["M","M","?","M","M","E","M","E","T","E","T","M","M","E","R","B",null,"M","T","?","M","?","R","E","R","T","M","?","R","E","T","R","B",null,"M","?","?","?","T","E","?","E","T","?","R","?","T","M","R","B",null,"R","$","E","B",null],"character_chosen":"THE_SILENT","items_purchased":["Calipers","Omamori","Caltrops","Thread and Needle","ClockworkSouvenir","Letter Opener","Noxious Fumes","Paper Crane","Tiny Chest","OrangePellets","Caltrops","Mummified Hand","Medical Kit","Impatience","Ninja Scroll","Pen Nib","Blood Vial","Bag of Marbles","InkBottle","Infinite Blades"],"campfire_rested":1,"item_purchase_floors":[0,0,0,0,0,0,0,0,0,0,0,0,0,0,53,53,53,53,53,53],"current_hp_per_floor":[15,15,22,22,22,22,22,22,22,14,14,14,10,10,10,10,74,67,67,67,67,67,67,64,64,64,61,61,61,58,58,58,54,82,77,77,77,66,76,76,76,76,76,42,42,42,42,42,72,19,81,81,96,78,80],"gold":67,"neow_bonus":"","is_daily":false,"chose_seed":false,"campfire_upgraded":4,"win_rate":0.0,"timestamp":1610158699,"path_taken":["M","M","?","M","M","E","M","E","T","E","?","?","M","E","R","BOSS","M","?","?","M","?","R","E","R","T","M","?","R","E","?","R","BOSS","M","?","?","?","?","E","?","E","T","?","R","?","?","M","R","BOSS","R","$","E","BOSS"],"items_purchased_type":["Relic","Relic","Card","Relic","Relic","Relic","Card","Relic","Relic","Relic","Card","Relic","Relic","Card","Relic","Relic","Relic","Relic","Relic","Card"],"build_version":"2020-12-22","purchased_purges":0,"victory":true,"max_hp_per_floor":[70,70,77,77,77,77,77,77,77,77,77,77,77,77,77,77,91,91,91,91,91,91,91,91,91,91,91,91,91,91,91,91,91,91,91,91,91,91,101,101,101,101,101,101,101,101,101,101,101,101,101,101,101,101,101],"card_choices":[{"not_picked":["PiercingWail","Calculated Gamble","Catalyst"],"picked":"SKIP","floor":1},{"not_picked":["All Out Attack","Underhanded Strike"],"picked":"Caltrops","floor":2},{"not_picked":["Acrobatics","Crippling Poison"],"picked":"Blur","floor":4},{"not_picked":["Cloak And Dagger","Slice"],"picked":"Footwork","floor":5},{"not_picked":["Malaise","Outmaneuver","Venomology"],"picked":"SKIP","floor":6},{"not_picked":["Heel Hook","Setup"],"picked":"Infinite Blades","floor":7},{"not_picked":["Skewer","Sucker Punch","Unload"],"picked":"SKIP","floor":8},{"not_picked":["Storm of Steel","Calculated Gamble","Flying Knee"],"picked":"SKIP","floor":10},{"not_picked":["Dagger Spray","Dagger Throw","Skewer"],"picked":"SKIP","floor":12},{"not_picked":["Acrobatics","Flechettes"],"picked":"Blur","floor":13},{"not_picked":["Backflip","Poisoned Stab","Dagger Throw"],"picked":"SKIP","floor":14},{"not_picked":["Quick Slash+1","Acrobatics","Poisoned Stab"],"picked":"SKIP","floor":18},{"not_picked":["Venomology","Outmaneuver","Bouncing Flask"],"picked":"Caltrops","floor":21},{"not_picked":["Flechettes","Choke","PiercingWail"],"picked":"Deflect","floor":24},{"not_picked":["Dagger Throw+1","Expertise","Deadly Poison+1","Flying Knee"],"picked":"SKIP","floor":27},{"not_picked":["Crippling Poison","Dagger Throw","Masterful Stab+1"],"picked":"Accuracy","floor":30},{"not_picked":["Unload","Die Die Die","Bullet Time"],"picked":"A Thousand Cuts","floor":33},{"not_picked":["Expertise","Masterful Stab","PiercingWail"],"picked":"Concentrate+1","floor":35},{"not_picked":["Deflect+1","Blade Dance","Poisoned Stab+1"],"picked":"Concentrate+1","floor":37},{"not_picked":["Unload","Tactician","Blur"],"picked":"Noxious Fumes","floor":40},{"not_picked":["Madness","Secret Technique","Violence"],"picked":"Trip","floor":41},{"not_picked":["Distraction","Blade Dance","Cloak And Dagger","PiercingWail"],"picked":"SKIP","floor":42},{"not_picked":["Cloak And Dagger","Prepared","Choke"],"picked":"Endless Agony","floor":44},{"not_picked":["Acrobatics","Outmaneuver","Setup+1"],"picked":"Concentrate","floor":48},{"not_picked":["Dagger Spray","Flying Knee","Eviscerate"],"picked":"Dodge and Roll","floor":49},{"not_picked":["Wraith Form v2","Quick Slash","Cloak And Dagger"],"picked":"Accuracy+1","floor":54}],"player_experience":3038091,"relics_obtained":[{"floor":6,"key":"Nunchaku"},{"floor":8,"key":"Anchor"},{"floor":9,"key":"Shuriken"},{"floor":10,"key":"Girya"},{"floor":11,"key":"Oddly Smooth Stone"},{"floor":14,"key":"Akabeko"},{"floor":17,"key":"MealTicket"},{"floor":17,"key":"Kunai"},{"floor":17,"key":"Mango"},{"floor":19,"key":"Question Card"},{"floor":24,"key":"Potion Belt"},{"floor":26,"key":"Matryoshka"},{"floor":30,"key":"Dream Catcher"},{"floor":31,"key":"PreservedInsect"},{"floor":31,"key":"Unceasing Top"},{"floor":37,"key":"FossilizedHelix"},{"floor":39,"key":"Juzu Bracelet"},{"floor":39,"key":"Pear"},{"floor":40,"key":"Turnip"},{"floor":40,"key":"Ginger"},{"floor":42,"key":"Bag of Preparation"},{"floor":42,"key":"Centennial Puzzle"},{"floor":43,"key":"Smiling Mask"},{"floor":44,"key":"Torii"},{"floor":47,"key":"The Courier"},{"floor":54,"key":"StrikeDummy"},{"floor":54,"key":"Lantern"}],"event_choices":[{"damage_healed":0,"gold_gain":0,"player_choice":"Box","damage_taken":0,"relics_obtained":["Strawberry"],"max_hp_gain":0,"max_hp_loss":0,"event_name":"Big Fish","floor":3,"gold_loss":0,"cards_obtained":["Regret"]},{"damage_healed":0,"gold_gain":0,"player_choice":"Read","damage_taken":0,"max_hp_gain":0,"max_hp_loss":0,"event_name":"The Library","floor":20,"gold_loss":0,"cards_obtained":["Caltrops"]},{"damage_healed":0,"gold_gain":0,"player_choice":"Ignored","damage_taken":0,"max_hp_gain":0,"max_hp_loss":0,"event_name":"Ghosts","floor":22,"gold_loss":0},{"damage_healed":0,"gold_gain":0,"player_choice":"Ignored","damage_taken":0,"max_hp_gain":0,"max_hp_loss":0,"event_name":"Beggar","floor":28,"gold_loss":0},{"cards_removed":["Strike_G"],"damage_healed":0,"gold_gain":0,"player_choice":"Removed Attack","damage_taken":0,"max_hp_gain":0,"max_hp_loss":0,"event_name":"Falling","floor":36,"gold_loss":0},{"damage_healed":0,"gold_gain":0,"player_choice":"Fight","damage_taken":0,"max_hp_gain":0,"max_hp_loss":0,"event_name":"MindBloom","floor":37,"gold_loss":0},{"damage_healed":0,"gold_gain":0,"player_choice":"Embrace Madness","damage_taken":11,"max_hp_gain":0,"max_hp_loss":0,"event_name":"Winding Halls","floor":38,"gold_loss":0,"cards_obtained":["Madness","Madness"]},{"damage_healed":0,"gold_gain":0,"player_choice":"Memory 1","damage_taken":0,"max_hp_gain":0,"max_hp_loss":0,"event_name":"SensoryStone","floor":41,"gold_loss":0},{"damage_healed":0,"gold_gain":0,"player_choice":"Fight","damage_taken":0,"max_hp_gain":0,"max_hp_loss":0,"event_name":"Mysterious Sphere","floor":44,"gold_loss":0},{"damage_healed":0,"gold_gain":0,"player_choice":"Ignored","damage_taken":0,"max_hp_gain":0,"max_hp_loss":0,"event_name":"The Moai Head","floor":46,"gold_loss":0}],"is_beta":false,"boss_relics":[{"not_picked":["SacredBark","Ectoplasm"],"picked":"Calling Bell"},{"not_picked":["WristBlade","Astrolabe"],"picked":"Black Star"}],"items_purged_floors":[],"is_endless":false,"potions_floor_spawned":[1,4,8,10,12,18,24,27,33,37,40,42],"ascension_level":13}}