{"host":"0nfdmr2b19ur4mbc","time":1610209944,"event":{"mods":["2.2 Compatiblity","AchievementEnabler","Aspiration","BaseMod","Better Match","Better Note","Better Third Choice","Better Vampires","Disable Question Mark Monsters","Hubris","Infinite Spire","Minty Spire (QoL Compilation)","Quick Restart","Rare Cards Sparkle","Replay The Spire","StSLib"],"gold_per_floor":[113,113,113,113,0,0,36,36,36,36,36,36,60,91,91,91,91],"floor_reached":16,"playtime":313,"items_purged":[],"score":194,"play_id":"b543a010-fbf9-4555-a4b3-52bdc9da1982","local_time":"20210109173224","is_ascension_mode":true,"campfire_choices":[{"data":"Enlightenment","floor":6.0,"key":"SMITH"},{"data":"Battle Trance","floor":8,"key":"SMITH"},{"data":"Inflame","floor":11,"key":"SMITH"},{"data":"True Grit","floor":15,"key":"SMITH"}],"circlet_count":0,"master_deck":["AscendersBane","Strike_R","Strike_R","Strike_R","Strike_R","Strike_R","Defend_R","Defend_R","Defend_R","Defend_R","Bash","Inflame+1","Enlightenment+1","Battle Trance+1","Twin Strike","True Grit+1"],"relics":["Iron Core","NeowsBlessing","Replay:Baseball","Golden Idol","King of Hearts","hubris:64BitClover","infinitespire:Cubic Diamond","infinitespire:FocusingShard"],"acts_visited":["Exordium"],"potions_floor_usage":[14,14,16],"damage_taken":[{"damage":0.0,"enemies":"Jaw Worm","floor":1.0,"turns":1.0},{"damage":0.0,"enemies":"Lagavulin","floor":7.0,"turns":1.0},{"damage":0,"enemies":"Cultist","floor":13,"turns":1},{"damage":8,"enemies":"Gremlin Nob","floor":14,"turns":3},{"damage":65,"enemies":"Hexaghost","floor":16,"turns":9}],"seed_played":"-6546938093445315930","potions_obtained":[{"floor":1.0,"key":"SkillPotion"},{"floor":7,"key":"Regen Potion"},{"floor":13,"key":"AttackPotion"}],"is_trial":false,"path_per_floor":["M","?","$","?","?","R","E","R","T","$","R","?","M","E","R","B"],"character_chosen":"IRONCLAD","items_purchased":[],"campfire_rested":0,"item_purchase_floors":[],"current_hp_per_floor":[78,78,78,58,64,64,70,70,70,70,70,70,70,62,62,0,0],"gold":91,"neow_bonus":"THREE_ENEMY_KILL","is_daily":false,"chose_seed":false,"campfire_upgraded":4,"win_rate":0.0,"timestamp":1610209944,"path_taken":["M","?","?","?","?","R","E","R","T","$","R","?","M","E","R","BOSS"],"items_purchased_type":[],"build_version":"2020-12-22","purchased_purges":0,"victory":false,"max_hp_per_floor":[80,80,80,80,86,86,86,86,86,86,86,86,86,86,86,86,86],"card_choices":[{"not_picked":["Warcry","ReplayTheSpireMod:LeadingStrike"],"picked":"Inflame","floor":1.0},{"not_picked":["Body Slam","Flex"],"picked":"Battle Trance","floor":7},{"not_picked":["Life Link","Wild Strike"],"picked":"Twin Strike","floor":13},{"not_picked":["Turbo","Run Through"],"picked":"True Grit","floor":14}],"player_experience":164342,"relics_obtained":[{"floor":2.0,"key":"Replay:Baseball"},{"floor":7,"key":"King of Hearts"},{"floor":9,"key":"hubris:64BitClover"},{"floor":14,"key":"infinitespire:FocusingShard"}],"event_choices":[{"damage_healed":0.0,"max_hp_gain":0.0,"max_hp_loss":0.0,"gold_gain":0.0,"event_name":"Wheel of Change","player_choice":"Relic","floor":2.0,"gold_loss":0.0,"damage_taken":0.0},{"damage_healed":0.0,"max_hp_gain":0.0,"max_hp_loss":0.0,"gold_gain":0.0,"event_name":"Golden Idol","player_choice":"Take Damage","floor":4.0,"gold_loss":0.0,"damage_taken":20.0,"relics_obtained":["Golden Idol"]},{"damage_healed":0.0,"max_hp_gain":0.0,"max_hp_loss":0.0,"gold_gain":0.0,"event_name":"betterThird:BetterSerpent","player_choice":"RENOUNCE","floor":5.0,"gold_loss":113.0,"damage_taken":113.0,"cards_obtained":["Enlightenment"]}],"is_beta":false,"boss_relics":[],"items_purged_floors":[],"is_endless":false,"potions_floor_spawned":[1,7,13],"killed_by":"Hexaghost","ascension_level":10}}