{"host":"ci7cmvrwpmzqnw7e","time":1610172368,"event":{"mods":["BaseMod","BetterRewards","Colored Map","Downfall","Highlight Path","Hubris","Minty Spire (QoL Compilation)","Rare Cards Sparkle","Replay The Spire","Shop Mod","StSLib","The Disciple"],"gold_per_floor":[99,114,32,45,61,78,104,104,104,104],"floor_reached":8,"playtime":259,"items_purged":[],"score":48,"play_id":"24864406-61b2-4f98-bd15-b25750397c36","local_time":"20210108230608","is_ascension_mode":false,"campfire_choices":[{"data":"Slimebound:Tackle","floor":1,"key":"SMITH"}],"circlet_count":0,"master_deck":["Slimebound:Strike_Slimebound","Slimebound:Strike_Slimebound","Slimebound:Strike_Slimebound","Slimebound:Tackle+1","Slimebound:Defend_Slimebound","Slimebound:Defend_Slimebound","Slimebound:Defend_Slimebound","Slimebound:Defend_Slimebound","Slimebound:Split","Slimebound:CorrosiveSpit","Slimebound:FinishingTackle","Slimebound:SpikyOuterGoop","Slimebound:Schlurp","Slimebound:BestDefense","Slimebound:Schlurp","Slimebound:HauntingLick"],"relics":["Slimebound:AbsorbEndCombat","ReplayTheSpireMod:Lightbulb"],"acts_visited":["Exordium"],"potions_floor_usage":[],"damage_taken":[{"damage":9,"enemies":"Small Slimes","floor":2,"turns":3},{"damage":26,"enemies":"downfall:FleeingMerchant","floor":3,"turns":4},{"damage":8,"enemies":"Cultist","floor":4,"turns":4},{"damage":18,"enemies":"Jaw Worm","floor":5,"turns":3},{"damage":27,"enemies":"3 Louse","floor":6,"turns":3},{"damage":38,"enemies":"Gremlin Nob","floor":8,"turns":3}],"seed_played":"8164068779271680063","potions_obtained":[{"floor":6,"key":"Strength Potion"}],"is_trial":false,"path_per_floor":["R","M","$","M","M","M","T","E"],"character_chosen":"SLIMEBOUND","items_purchased":["Slimebound:BestDefense"],"campfire_rested":0,"item_purchase_floors":[3],"current_hp_per_floor":[60,59,42,46,40,25,25,0,0,0],"gold":104,"neow_bonus":"THREE_CARDS","is_daily":false,"chose_seed":false,"campfire_upgraded":1,"win_rate":0.0,"timestamp":1610172368,"path_taken":["R","M","$","M","M","M","T","E"],"items_purchased_type":["Card"],"build_version":"2020-12-22","purchased_purges":0,"victory":false,"max_hp_per_floor":[60,60,60,60,60,60,60,60,60,60],"card_choices":[{"not_picked":["Slimebound:ServeAndProtect","Slimebound:RollThrough"],"picked":"Slimebound:FinishingTackle","floor":0},{"not_picked":["Slimebound:ServeAndProtect","Slimebound:AcidTongue"],"picked":"Slimebound:SpikyOuterGoop","floor":2},{"not_picked":["Slimebound:LivingWall","Slimebound:ProtectTheBoss"],"picked":"Slimebound:Schlurp","floor":3},{"not_picked":["Slimebound:SplitAcid","Slimebound:DivideAndConquer"],"picked":"Slimebound:Schlurp","floor":4},{"not_picked":["Slimebound:PressTheAttack","Slimebound:LeechingTouch","Slimebound:MinionMaster"],"picked":"SKIP","floor":5},{"not_picked":["Slimebound:LeechingTouch","Slimebound:SplitMire"],"picked":"Slimebound:HauntingLick","floor":6}],"player_experience":31919,"relics_obtained":[{"floor":7,"key":"ReplayTheSpireMod:Lightbulb"}],"event_choices":[],"is_beta":false,"boss_relics":[],"items_purged_floors":[],"is_endless":false,"potions_floor_spawned":[6],"killed_by":"Gremlin Nob","ascension_level":0}}