{"host":"w9lppw3lpqvd2bih","time":1610168163,"event":{"mods":["BaseMod","Minty Spire (QoL Compilation)"],"gold_per_floor":[114,114,114,131,20,47,47,79,79,94,111,111,142,157,157,254,254,266,266,298,298,316,346,346,374,400,250,250,280,280,290,290,395,445,459,473,473,490,502,502,529,188,215,240,240,240,259,271,271,271,271,271,33,62,62],"floor_reached":56,"playtime":6151,"items_purged":["Strike_G","Strike_G+1"],"score":1570,"play_id":"9a7a3dd0-2c0c-4086-9e7a-1157caf84577","local_time":"20210109125603","is_ascension_mode":true,"campfire_choices":[{"data":"Bouncing Flask","floor":12.0,"key":"SMITH"},{"data":"Prepared","floor":15.0,"key":"SMITH"},{"data":"Crippling Poison","floor":24.0,"key":"SMITH"},{"data":"Venomology","floor":30.0,"key":"SMITH"},{"floor":32.0,"key":"REST"},{"floor":40,"key":"RECALL"},{"data":"Choke","floor":46,"key":"PURGE"},{"floor":49,"key":"REST"},{"data":"Deep Breath","floor":52,"key":"SMITH"}],"circlet_count":0,"master_deck":["Strike_G+1","Defend_G+1","Defend_G+1","Defend_G+1","Defend_G+1","Defend_G+1","Survivor","Neutralize+1","Footwork+1","Deflect","Bouncing Flask+1","Backstab","Prepared+1","Dodge and Roll","Slice","Malaise","Deflect","PiercingWail+1","Calculated Gamble+1","Crippling Poison+1","Venomology+1","Sucker Punch","Underhanded Strike+1","Reflex+1","PiercingWail","Corpse Explosion","Noxious Fumes+1","Footwork+1","Concentrate+1","Deadly Poison","Well Laid Plans+1","Bane+1","Tactician+1","Deep Breath+1","Dodge and Roll+1","Dodge and Roll+1","Backflip+1","Footwork+1","Panache+1","Distraction+1"],"relics":["Ring of the Snake","NeowsBlessing","Peace Pipe","Dead Branch","Incense Burner","SlaversCollar","Red Mask","Pear","HornCleat","Dream Catcher","Chemical X","Frozen Egg 2","Tiny House","Ice Cream","Toolbox","MealTicket","Potion Belt","White Beast Statue"],"acts_visited":["TheBeyond","TheEnding"],"potions_floor_usage":[35,36,38,38,38,38,39,39,39,39,41,50,54,54,54,55],"damage_taken":[{"damage":0.0,"enemies":"Jaw Worm","floor":1.0,"turns":1.0},{"damage":0.0,"enemies":"Cultist","floor":4.0,"turns":1.0},{"damage":0.0,"enemies":"3 Sentries","floor":6.0,"turns":1.0},{"damage":7.0,"enemies":"Lagavulin","floor":8.0,"turns":8.0},{"damage":0.0,"enemies":"Small Slimes","floor":10.0,"turns":1.0},{"damage":1.0,"enemies":"Blue Slaver","floor":11.0,"turns":3.0},{"damage":5.0,"enemies":"3 Sentries","floor":13.0,"turns":10.0},{"damage":0.0,"enemies":"Red Slaver","floor":14.0,"turns":3.0},{"damage":7.0,"enemies":"Hexaghost","floor":16.0,"turns":9.0},{"damage":0.0,"enemies":"Shell Parasite","floor":18.0,"turns":9.0},{"damage":12.0,"enemies":"Masked Bandits","floor":20.0,"turns":5.0},{"damage":0.0,"enemies":"Chosen","floor":22.0,"turns":5.0},{"damage":14.0,"enemies":"Gremlin Leader","floor":23.0,"turns":11.0},{"damage":3.0,"enemies":"Slavers","floor":25.0,"turns":6.0},{"damage":2.0,"enemies":"Book of Stabbing","floor":29.0,"turns":7.0},{"damage":0.0,"enemies":"Snake Plant","floor":31.0,"turns":5.0},{"damage":18.0,"enemies":"Collector","floor":33.0,"turns":13.0},{"damage":3,"enemies":"3 Darklings","floor":35,"turns":3},{"damage":0,"enemies":"3 Shapes","floor":36,"turns":5},{"damage":6,"enemies":"Maw","floor":38,"turns":7},{"damage":6,"enemies":"Spire Growth","floor":39,"turns":5},{"damage":20,"enemies":"Reptomancer","floor":41,"turns":9},{"damage":0,"enemies":"Nemesis","floor":44,"turns":7},{"damage":3,"enemies":"Sphere and 2 Shapes","floor":47,"turns":4},{"damage":2,"enemies":"4 Shapes","floor":48,"turns":4},{"damage":46,"enemies":"Time Eater","floor":50,"turns":15},{"damage":0,"enemies":"Shield and Spear","floor":54,"turns":4},{"damage":19,"enemies":"The Heart","floor":55,"turns":14}],"seed_played":"-406041754814832390","potions_obtained":[{"floor":1.0,"key":"BlessingOfTheForge"},{"floor":3.0,"key":"Dexterity Potion"},{"floor":3.0,"key":"CultistPotion"},{"floor":11.0,"key":"Ancient Potion"},{"floor":14.0,"key":"Swift Potion"},{"floor":16.0,"key":"SkillPotion"},{"floor":18.0,"key":"DistilledChaos"},{"floor":23.0,"key":"CunningPotion"},{"floor":29.0,"key":"Explosive Potion"},{"floor":33.0,"key":"Strength Potion"},{"floor":34,"key":"CultistPotion"},{"floor":36,"key":"EntropicBrew"},{"floor":38,"key":"SpeedPotion"},{"floor":44,"key":"GhostInAJar"},{"floor":48,"key":"AttackPotion"}],"is_trial":false,"path_per_floor":["M","?","?","M","$","E","?","E","T","M","M","R","E","M","R","B",null,"M","?","?","?","M","E","R","E","T","$","?","E","R","M","R","B",null,"M","M","?","M","M","R","E","$","T","E","?","R","M","M","R","B",null,"R","$","E","B",null],"character_chosen":"THE_SILENT","items_purchased":["Bouncing Flask","Chemical X","Toolbox","Deep Breath","Explosive Potion","Panache+1"],"campfire_rested":2,"item_purchase_floors":[5,27,42,42,53,53],"current_hp_per_floor":[70,56,56,56,56,56,56,49,49,49,48,48,43,43,43,36,70,70,57,45,45,45,41,41,38,38,38,38,36,36,36,61,43,90,87,87,87,81,75,75,55,55,55,55,55,55,52,50,77,31,90,90,90,90,71],"gold":62,"neow_bonus":"THREE_ENEMY_KILL","is_daily":false,"chose_seed":false,"campfire_upgraded":5,"win_rate":0.0,"timestamp":1610168163,"path_taken":["M","?","?","?","$","E","?","E","T","M","?","R","E","M","R","BOSS","M","?","?","?","?","E","R","E","T","$","?","E","R","M","R","BOSS","M","M","?","?","M","R","E","$","T","E","?","R","M","M","R","BOSS","R","$","E","BOSS"],"items_purchased_type":["Card","Relic","Relic","Card","Potion","Card"],"build_version":"2020-12-22","purchased_purges":2,"victory":true,"max_hp_per_floor":[70,70,70,70,70,70,70,70,70,70,70,70,70,70,70,70,70,70,75,75,75,75,85,85,85,85,85,85,85,85,85,85,85,90,90,90,90,90,90,90,90,90,90,90,90,90,90,90,90,90,90,90,90,90,90],"card_choices":[{"not_picked":["Blade Dance","Backflip"],"picked":"Footwork","floor":1.0},{"not_picked":["Deadly Poison","Dodge and Roll"],"picked":"Deflect","floor":4.0},{"not_picked":["Endless Agony","Terror"],"picked":"Backstab","floor":6.0},{"not_picked":["Slice","Flying Knee"],"picked":"Prepared","floor":8.0},{"not_picked":["Skewer","Reflex"],"picked":"Dodge and Roll","floor":10.0},{"not_picked":["Setup","Grand Finale","Sucker Punch"],"picked":"SKIP","floor":11.0},{"not_picked":["Quick Slash","Heel Hook"],"picked":"Slice","floor":13.0},{"not_picked":["Heel Hook","Crippling Poison"],"picked":"Choke","floor":14.0},{"not_picked":["Grand Finale","Unload"],"picked":"Malaise","floor":16.0},{"not_picked":["Quick Slash","Dagger Spray"],"picked":"Deflect","floor":18.0},{"not_picked":["Eviscerate","Acrobatics"],"picked":"PiercingWail","floor":20.0},{"not_picked":["Dodge and Roll","Skewer"],"picked":"Calculated Gamble+1","floor":22.0},{"not_picked":["Calculated Gamble","Expertise"],"picked":"Crippling Poison","floor":23.0},{"not_picked":["Acrobatics","Tactician"],"picked":"Venomology","floor":25.0},{"not_picked":["Flying Knee","Distraction"],"picked":"Underhanded Strike+1","floor":29.0},{"not_picked":["Acrobatics","Outmaneuver"],"picked":"Reflex+1","floor":31.0},{"not_picked":["Quick Slash","Finisher"],"picked":"PiercingWail","floor":32.0},{"not_picked":["Bullet Time","Venomology"],"picked":"Corpse Explosion","floor":33.0},{"not_picked":["PiercingWail+1","Infinite Blades+1"],"picked":"Noxious Fumes+1","floor":34},{"not_picked":["Backflip","Underhanded Strike+1"],"picked":"Footwork+1","floor":35},{"not_picked":["Bane+1","Expertise"],"picked":"Concentrate+1","floor":36},{"not_picked":["Choke","Masterful Stab+1"],"picked":"Well Laid Plans+1","floor":38},{"not_picked":["Blade Dance+1","Accuracy+1"],"picked":"Bane+1","floor":39},{"not_picked":["Quick Slash+1","Bullet Time"],"picked":"Tactician","floor":41},{"not_picked":["Poisoned Stab","Terror"],"picked":"Dodge and Roll+1","floor":44},{"not_picked":["Underhanded Strike+1","Storm of Steel"],"picked":"Dodge and Roll+1","floor":47},{"not_picked":["Tactician+1","Blade Dance"],"picked":"Backflip+1","floor":48},{"not_picked":["Masterful Stab+1","Dagger Spray+1"],"picked":"Footwork+1","floor":49},{"not_picked":["Well Laid Plans+1","Riddle With Holes+1"],"picked":"Distraction+1","floor":54}],"player_experience":243635,"relics_obtained":[{"floor":6.0,"key":"Peace Pipe"},{"floor":8.0,"key":"Dead Branch"},{"floor":13.0,"key":"Incense Burner"},{"floor":20.0,"key":"Red Mask"},{"floor":23.0,"key":"Pear"},{"floor":25.0,"key":"HornCleat"},{"floor":26.0,"key":"Dream Catcher"},{"floor":29.0,"key":"Frozen Egg 2"},{"floor":41,"key":"Ice Cream"},{"floor":43,"key":"MealTicket"},{"floor":44,"key":"Potion Belt"},{"floor":54,"key":"White Beast Statue"}],"event_choices":[{"damage_healed":0.0,"max_hp_gain":0.0,"max_hp_loss":0.0,"gold_gain":0.0,"event_name":"Shining Light","player_choice":"Entered Light","floor":2.0,"gold_loss":0.0,"damage_taken":14.0,"cards_upgraded":["Neutralize","Strike_G"]},{"damage_healed":0.0,"max_hp_gain":0.0,"max_hp_loss":0.0,"gold_gain":0.0,"event_name":"Lab","player_choice":"Got Potions","floor":3.0,"gold_loss":0.0,"damage_taken":0.0},{"damage_healed":0.0,"max_hp_gain":0.0,"max_hp_loss":0.0,"gold_gain":0.0,"event_name":"Upgrade Shrine","player_choice":"Upgraded","floor":7.0,"gold_loss":0.0,"damage_taken":0.0,"cards_upgraded":["Footwork"]},{"damage_healed":0.0,"max_hp_gain":5.0,"max_hp_loss":0.0,"gold_gain":0.0,"event_name":"Forgotten Altar","player_choice":"Shed Blood","floor":19.0,"gold_loss":0.0,"damage_taken":18.0},{"damage_healed":0.0,"max_hp_gain":0.0,"max_hp_loss":0.0,"gold_gain":0.0,"event_name":"Masked Bandits","player_choice":"Fought Bandits","floor":20.0,"gold_loss":0.0,"damage_taken":0.0},{"damage_healed":0.0,"max_hp_gain":0.0,"max_hp_loss":0.0,"gold_gain":0.0,"event_name":"Back to Basics","player_choice":"Simplicity","floor":21.0,"gold_loss":0.0,"damage_taken":0.0,"cards_upgraded":["Strike_G","Strike_G","Strike_G","Defend_G","Defend_G","Defend_G","Defend_G","Defend_G"]},{"damage_healed":0.0,"max_hp_gain":0.0,"max_hp_loss":0.0,"gold_gain":0.0,"cards_transformed":["Strike_G","Strike_G"],"event_name":"Drug Dealer","player_choice":"Became Test Subject","floor":28.0,"gold_loss":0.0,"damage_taken":0.0,"cards_obtained":["Sucker Punch","Skewer"]},{"damage_healed":0,"gold_gain":0,"cards_transformed":["Skewer"],"player_choice":"Transformed","damage_taken":0,"max_hp_gain":0,"max_hp_loss":0,"event_name":"Transmorgrifier","floor":37,"gold_loss":0,"cards_obtained":["Deadly Poison"]},{"damage_healed":0,"gold_gain":0,"player_choice":"Forge","damage_taken":0,"max_hp_gain":0,"max_hp_loss":0,"event_name":"Accursed Blacksmith","floor":45,"gold_loss":0,"cards_upgraded":["Tactician"]}],"is_beta":false,"boss_relics":[{"not_picked":["SacredBark","Runic Pyramid"],"picked":"SlaversCollar"},{"not_picked":["Pandora\u0027s Box","Black Star"],"picked":"Tiny House"}],"items_purged_floors":[5,42],"is_endless":false,"potions_floor_spawned":[1,11,14,16,18,23,29,33,36,38,44,48],"ascension_level":4}}