{"host":"j4g6ia6asvpyu2b0","time":1610221313,"event":{"mods":["BaseMod","Colored Map","Minty Spire (QoL Compilation)","Permanent Neow","Quick Restart","Relic Stats","StSLib","Unceasing Turn Reminder"],"gold_per_floor":[366,381,395,147,166,201,201,227,251,284,295,305,337,337,337,440,440,451,471,486,401,422,453,453,453,453],"floor_reached":25,"playtime":960,"items_purged":[],"score":483,"play_id":"f0339ba5-9cf0-444f-be46-ee8ef5c27c72","local_time":"20210109124153","is_ascension_mode":true,"campfire_choices":[{"data":"Armaments","floor":7,"key":"SMITH"},{"data":"Demon Form","floor":15,"key":"SMITH"},{"data":"Offering","floor":24,"key":"SMITH"}],"circlet_count":0,"master_deck":["AscendersBane","Strike_R","Strike_R","Strike_R","Strike_R","Defend_R","Defend_R","Defend_R","Defend_R","Bash","Iron Wave","Twin Strike","Offering+1","Armaments+1","Flex","Cleave","Disarm","Body Slam","Cleave","Demon Form+1","Feed","Iron Wave+1","Flame Barrier","Demon Form","Anger+1"],"relics":["Burning Blood","Meat on the Bone","Red Skull","Pen Nib","Blood Vial","Bag of Marbles","Philosopher\u0027s Stone","CeramicFish","Mercury Hourglass"],"acts_visited":["Exordium","TheCity"],"potions_floor_usage":[6,6,10,16,25],"damage_taken":[{"damage":0.0,"enemies":"Small Slimes","floor":1.0,"turns":5.0},{"damage":10.0,"enemies":"2 Louse","floor":2.0,"turns":3.0},{"damage":2.0,"enemies":"Jaw Worm","floor":3.0,"turns":4.0},{"damage":17.0,"enemies":"Blue Slaver","floor":5.0,"turns":4.0},{"damage":10,"enemies":"3 Sentries","floor":6,"turns":3},{"damage":22,"enemies":"Gremlin Nob","floor":8,"turns":4},{"damage":11,"enemies":"3 Sentries","floor":10,"turns":5},{"damage":11,"enemies":"Red Slaver","floor":11,"turns":5},{"damage":19,"enemies":"Large Slime","floor":12,"turns":2},{"damage":19,"enemies":"Gremlin Nob","floor":13,"turns":3},{"damage":6,"enemies":"Slime Boss","floor":16,"turns":5},{"damage":18,"enemies":"Shell Parasite","floor":18,"turns":3},{"damage":10,"enemies":"3 Byrds","floor":19,"turns":4},{"damage":22,"enemies":"3 Cultists","floor":20,"turns":6},{"damage":26,"enemies":"Centurion and Healer","floor":22,"turns":5},{"damage":52,"enemies":"Slavers","floor":23,"turns":4},{"damage":38,"enemies":"Book of Stabbing","floor":25,"turns":4}],"seed_played":"-3830878960664782754","potions_obtained":[{"floor":1.0,"key":"ColorlessPotion"},{"floor":6,"key":"Fruit Juice"},{"floor":8,"key":"DistilledChaos"},{"floor":11,"key":"Fire Potion"},{"floor":16,"key":"Energy Potion"},{"floor":22,"key":"SmokeBomb"},{"floor":23,"key":"Regen Potion"}],"is_trial":false,"path_per_floor":["M","M","M","$","M","E","R","E","T","E","M","M","E","?","R","B",null,"M","M","M","?","M","E","R","E"],"character_chosen":"IRONCLAD","items_purchased":["Meat on the Bone"],"campfire_rested":0,"item_purchase_floors":[4],"current_hp_per_floor":[57,53,57,57,58,59,59,55,55,50,59,60,49,42,42,56,78,68,69,59,59,56,24,24,0,0],"gold":453,"neow_bonus":"TWO_FIFTY_GOLD","is_daily":false,"chose_seed":false,"campfire_upgraded":3,"win_rate":0.0,"timestamp":1610221313,"path_taken":["M","M","M","$","M","E","R","E","T","E","M","M","E","?","R","BOSS","M","M","M","?","M","E","R","E"],"items_purchased_type":["Relic"],"build_version":"2020-12-22","purchased_purges":0,"victory":false,"max_hp_per_floor":[80,80,80,80,80,85,85,85,85,85,85,85,85,85,85,85,85,85,88,92,92,95,95,95,95,95],"relic_stats":{"Blood Vial":20,"counters":[17,69],"CeramicFish":9,"Pen Nib":[9],"obtain_stats":[{"Blood Vial":10,"CeramicFish":21,"Philosopher\u0027s Stone":17,"Pen Nib":8,"Bag of Marbles":13,"Burning Blood":0,"Red Skull":6,"Meat on the Bone":4,"Mercury Hourglass":23},{"Blood Vial":7,"CeramicFish":14,"Philosopher\u0027s Stone":11,"Pen Nib":6,"Bag of Marbles":10,"Burning Blood":0,"Red Skull":5,"Meat on the Bone":3,"Mercury Hourglass":16},{"Blood Vial":28,"CeramicFish":56,"Philosopher\u0027s Stone":43,"Pen Nib":23,"Bag of Marbles":38,"Burning Blood":0,"Red Skull":19,"Meat on the Bone":12,"Mercury Hourglass":65}],"Burning Blood":96,"Meat on the Bone":84,"Mercury Hourglass":[12]},"card_choices":[{"not_picked":["Power Through","Clash"],"picked":"Iron Wave","floor":1.0},{"not_picked":["Body Slam","Flex"],"picked":"Twin Strike","floor":2.0},{"not_picked":["Anger","Carnage"],"picked":"Offering","floor":3.0},{"not_picked":["Flex","Power Through"],"picked":"Armaments","floor":5.0},{"not_picked":["Perfected Strike","Rampage"],"picked":"Flex","floor":6},{"not_picked":["Sword Boomerang","Infernal Blade"],"picked":"Cleave","floor":8},{"not_picked":["Havoc","Rampage"],"picked":"Disarm","floor":10},{"not_picked":["Wild Strike","Flex"],"picked":"Body Slam","floor":11},{"not_picked":["Reckless Charge","Clash"],"picked":"Cleave","floor":12},{"not_picked":["Dual Wield","Shrug It Off"],"picked":"Demon Form","floor":13},{"not_picked":["Berserk","Bludgeon"],"picked":"Feed","floor":16},{"not_picked":["Heavy Blade+1","Clash"],"picked":"Iron Wave+1","floor":18},{"not_picked":["Shockwave","Havoc"],"picked":"Flame Barrier","floor":19},{"not_picked":["Second Wind","Rampage"],"picked":"Demon Form","floor":20},{"not_picked":["Pommel Strike","Entrench"],"picked":"Anger+1","floor":22},{"not_picked":["Flex","Body Slam","Rampage"],"picked":"SKIP","floor":23}],"player_experience":776957,"relics_obtained":[{"floor":6,"key":"Red Skull"},{"floor":8,"key":"Pen Nib"},{"floor":10,"key":"Blood Vial"},{"floor":13,"key":"Bag of Marbles"},{"floor":23,"key":"Mercury Hourglass"}],"event_choices":[{"cards_removed":["Strike_R"],"damage_healed":0,"gold_gain":0,"player_choice":"Card Removal","damage_taken":7,"max_hp_gain":0,"max_hp_loss":0,"event_name":"Golden Wing","floor":14,"gold_loss":0},{"damage_healed":0,"gold_gain":0,"player_choice":"Obtained Relic","damage_taken":0,"relics_obtained":["CeramicFish"],"max_hp_gain":0,"max_hp_loss":0,"event_name":"Addict","floor":21,"gold_loss":85}],"is_beta":false,"boss_relics":[{"not_picked":["Tiny House","Pandora\u0027s Box"],"picked":"Philosopher\u0027s Stone"}],"items_purged_floors":[],"is_endless":false,"potions_floor_spawned":[1,6,8,11,16,22,23],"killed_by":"Book of Stabbing","ascension_level":10}}