{"host":"ig7tc0uedzltt2sr","time":1610231636,"event":{"mods":["BaseMod","Better Twitch Integration","Block Reminder","Colored Map","Colored Powertips","Communication Mod","Current Relic Mod","GifTheSpireLib","HexUI Lib","Minty Spire (QoL Compilation)","Quick Restart","Random Character Button","Rare Cards Sparkle","Relic Sorter","Relic Stats","Slay the Relics Exporter","StSLib","SuperFastMode","Synergy Search","Twitch Decklist","Twitch Utils","everything is the same but u backflip on backflip","slay the spire mod where everything is the same but ironclad has a cowboy hat"],"gold_per_floor":[117,132,207,187,198,208,208,178,178,178,161,173,173,188,188,188,188],"floor_reached":16,"playtime":146,"items_purged":[],"score":119,"play_id":"c29f7378-990c-4376-9c1b-44658d145e92","local_time":"20210109143356","is_ascension_mode":false,"campfire_choices":[{"floor":7,"key":"REST"},{"floor":10,"key":"REST"},{"floor":13,"key":"REST"},{"floor":15,"key":"REST"}],"circlet_count":0,"master_deck":["Strike_R","Strike_R","Strike_R","Strike_R","Strike_R","Defend_R","Defend_R","Defend_R","Defend_R","Bash","Warcry","Reckless Charge","Iron Wave","Clothesline","Combust","Juggernaut","Clothesline","Dropkick"],"relics":["Burning Blood","Pear"],"acts_visited":["Exordium"],"potions_floor_usage":[],"damage_taken":[{"damage":21,"enemies":"Jaw Worm","floor":1,"turns":12},{"damage":12,"enemies":"Small Slimes","floor":2,"turns":8},{"damage":0,"enemies":"Cultist","floor":5,"turns":4},{"damage":24,"enemies":"Exordium Wildlife","floor":6,"turns":5},{"damage":2,"enemies":"Looter","floor":8,"turns":4},{"damage":9,"enemies":"Exordium Thugs","floor":11,"turns":4},{"damage":25,"enemies":"2 Fungi Beasts","floor":12,"turns":5},{"damage":14,"enemies":"Looter","floor":14,"turns":4},{"damage":102,"enemies":"Hexaghost","floor":16,"turns":14}],"seed_played":"9079611847151502114","potions_obtained":[{"floor":2,"key":"DistilledChaos"},{"floor":4,"key":"DuplicationPotion"},{"floor":6,"key":"Weak Potion"},{"floor":11,"key":"AttackPotion"},{"floor":14,"key":"SteroidPotion"}],"is_trial":false,"path_per_floor":["M","M","?","?","M","M","R","M","T","R","M","M","R","M","R","B"],"character_chosen":"IRONCLAD","items_purchased":[],"campfire_rested":4,"item_purchase_floors":[],"current_hp_per_floor":[73,67,56,56,62,44,70,74,84,98,95,76,98,90,98,0,0],"gold":188,"neow_bonus":"TEN_PERCENT_HP_BONUS","is_daily":false,"chose_seed":false,"campfire_upgraded":0,"win_rate":0.0,"timestamp":1610231636,"path_taken":["M","M","?","?","M","M","R","M","T","R","M","M","R","M","R","BOSS"],"items_purchased_type":[],"build_version":"2020-12-22","purchased_purges":0,"victory":false,"max_hp_per_floor":[88,88,88,88,88,88,88,88,98,98,98,98,98,98,98,98,98],"relic_stats":{"counters":[9,60],"obtain_stats":[{"Pear":9,"Burning Blood":0},{"Pear":5,"Burning Blood":0},{"Pear":33,"Burning Blood":0}],"Burning Blood":48},"card_choices":[{"not_picked":["Heavy Blade","Cleave"],"picked":"Warcry","floor":1},{"not_picked":["Shockwave","Heavy Blade"],"picked":"Reckless Charge","floor":2},{"not_picked":["Blood for Blood","Battle Trance"],"picked":"Iron Wave","floor":5},{"not_picked":["Heavy Blade","Anger"],"picked":"Clothesline","floor":6},{"not_picked":["Spot Weakness","Havoc"],"picked":"Combust","floor":8},{"not_picked":["Clash","True Grit"],"picked":"Juggernaut","floor":11},{"not_picked":["Sword Boomerang","Pommel Strike"],"picked":"Clothesline","floor":12},{"not_picked":["Dual Wield","Warcry"],"picked":"Dropkick","floor":14}],"player_experience":1471698,"relics_obtained":[{"floor":9,"key":"Pear"}],"event_choices":[{"damage_healed":0,"gold_gain":75,"player_choice":"Gather Gold","damage_taken":11,"max_hp_gain":0,"max_hp_loss":0,"event_name":"World of Goop","floor":3,"gold_loss":0},{"damage_healed":0,"gold_gain":0,"player_choice":"Bought 1 Potion","damage_taken":0,"max_hp_gain":0,"max_hp_loss":0,"event_name":"The Woman in Blue","floor":4,"gold_loss":0}],"is_beta":false,"boss_relics":[],"items_purged_floors":[],"is_endless":false,"potions_floor_spawned":[2,6,11,14],"killed_by":"Hexaghost","ascension_level":0}}