{"host":"1kq2ingo3j45gyyp","time":1610173021,"event":{"mods":["BaseMod","Better Note","Better Third Choice","Downfall","Minty Spire (QoL Compilation)","StSLib","The Marked"],"gold_per_floor":[111,286,92,32,43,54,54,54,54,79,79,79,79,96,96,196,196,213,227,72,72,37,67,67,67,67,102,102,112,112,131,131,233,283,294,310,6,22,22,22,22,22],"floor_reached":41,"playtime":1710,"items_purged":["Doubt","theMarked:ReduceFriction"],"score":477,"play_id":"bce691cb-24d1-4063-a083-eb1c55ae1a0e","local_time":"20210109011701","is_ascension_mode":false,"campfire_choices":[{"data":"theMarked:Parkour","floor":7,"key":"SMITH"},{"data":"theMarked:Parkour","floor":13,"key":"SMITH"},{"data":"theMarked:SoldierOfQuellstein","floor":15,"key":"SMITH"},{"data":"theMarked:StartUp","floor":24,"key":"SMITH"},{"floor":28,"key":"REST"},{"data":"theMarked:Challenge","floor":30,"key":"SMITH"},{"floor":32,"key":"REST"},{"data":"theMarked:SummonStrength","floor":40,"key":"SMITH"}],"circlet_count":0,"master_deck":["theMarked:SoldierOfQuellstein+1","theMarked:Parkour+1","theMarked:Parkour+1","theMarked:TakeCover","theMarked:ElectricStrings","theMarked:EternalStudent","theMarked:Challenge+1","theMarked:ParalyzingBlade","theMarked:WastefulDefense","theMarked:MysticalArsenal","theMarked:DispelDoubt+1","theMarked:KeepCalmAndFightOn","theMarked:ElementalBlade","theMarked:Reabsorb","theMarked:StartUp+1","theMarked:SuspiciousRaven","theMarked:Parkour+1","theMarked:Parkour","theMarked:SummonStrength+1","theMarked:Indomitable+1","theMarked:WastefulAttack","theMarked:ShockingTouch"],"relics":["theMarked:ArtifactOfAir","Eternal Feather","Matryoshka","Darkstone Periapt","Boot","Pandora\u0027s Box","theMarked:Winder","Peace Pipe","Happy Flower","Tiny Chest","Oddly Smooth Stone","Tiny House","Lee\u0027s Waffle"],"acts_visited":["Exordium","TheCity","TheBeyond"],"potions_floor_usage":[16,18,33],"damage_taken":[{"damage":1,"enemies":"Jaw Worm","floor":1,"turns":3},{"damage":0,"enemies":"Cultist","floor":5,"turns":3},{"damage":0,"enemies":"2 Louse","floor":6,"turns":2},{"damage":14,"enemies":"Lagavulin","floor":10,"turns":8},{"damage":15,"enemies":"Large Slime","floor":14,"turns":6},{"damage":52,"enemies":"The Guardian","floor":16,"turns":15},{"damage":5,"enemies":"Spheric Guardian","floor":18,"turns":3},{"damage":0,"enemies":"Chosen","floor":19,"turns":3},{"damage":23,"enemies":"Book of Stabbing","floor":23,"turns":6},{"damage":34,"enemies":"Gremlin Leader","floor":27,"turns":6},{"damage":2,"enemies":"Snake Plant","floor":29,"turns":4},{"damage":31,"enemies":"Cultist and Chosen","floor":31,"turns":5},{"damage":38,"enemies":"Champ","floor":33,"turns":10},{"damage":36,"enemies":"3 Darklings","floor":35,"turns":6},{"damage":19,"enemies":"Orb Walker","floor":36,"turns":4},{"damage":32,"enemies":"4 Shapes","floor":38,"turns":7},{"damage":91,"enemies":"Giant Head","floor":41,"turns":7}],"seed_played":"-3741252705443722090","potions_obtained":[{"floor":10,"key":"Swift Potion"},{"floor":14,"key":"Regen Potion"},{"floor":18,"key":"hexamod:EctoCoolerPotion"},{"floor":19,"key":"theMarked:ChargePotion"},{"floor":23,"key":"DistilledChaos"},{"floor":34,"key":"EssenceOfSteel"}],"is_trial":false,"path_per_floor":["M","?","$","?","M","M","R","$","T","E","?","?","R","M","R","B",null,"M","M","$","?","$","E","R","?","T","E","R","M","R","M","R","B",null,"M","M","$","M","?","R","E"],"character_chosen":"THE_DEFAULT","items_purchased":["theMarked:Parkour","theMarked:TakeCover","theMarked:Winder","theMarked:StartUp","Lee\u0027s Waffle","theMarked:WastefulAttack"],"campfire_rested":2,"item_purchase_floors":[3,3,20,22,37,37],"current_hp_per_floor":[76,76,76,76,76,76,77,77,77,63,63,56,62,47,53,16,77,72,72,72,72,72,49,58,58,58,24,56,54,63,32,67,29,82,46,27,89,57,57,69,0,0],"gold":22,"neow_bonus":"TEN_PERCENT_HP_BONUS","is_daily":false,"chose_seed":false,"campfire_upgraded":6,"win_rate":0.0,"timestamp":1610173021,"path_taken":["M","?","$","?","?","M","R","?","T","E","?","?","R","M","R","BOSS","M","M","$","?","$","E","R","?","T","E","R","M","R","M","R","BOSS","M","M","$","M","?","R","E"],"items_purchased_type":["Card","Card","Relic","Card","Relic","Card"],"build_version":"2020-12-22","purchased_purges":2,"victory":false,"max_hp_per_floor":[77,77,77,77,77,77,77,77,77,77,77,77,77,77,77,77,77,77,77,77,77,77,77,77,77,77,77,77,77,77,77,77,77,82,82,82,89,89,89,89,89,89],"card_choices":[{"not_picked":["theMarked:WastefulDefense","theMarked:BanishingStrike"],"picked":"theMarked:Parkour","floor":1},{"not_picked":["theMarked:WastefulAttack","theMarked:LightningStrikesTwice","theMarked:Aftermath"],"picked":"SKIP","floor":5},{"not_picked":["theMarked:WardOff","theMarked:Reabsorb"],"picked":"theMarked:ElectricStrings","floor":6},{"not_picked":["theMarked:DeterminationOfTheMarked","theMarked:LightningStrikesTwice","theMarked:Polarize"],"picked":"SKIP","floor":10},{"not_picked":["theMarked:WastefulAttack","theMarked:Parkour","theMarked:Improvise"],"picked":"SKIP","floor":14},{"not_picked":["theMarked:TurnInvisible","theMarked:UnarmedFury"],"picked":"theMarked:EternalStudent","floor":16},{"not_picked":["theMarked:Convert+1","theMarked:Frustration","theMarked:HeightenedSenses+1"],"picked":"SKIP","floor":18},{"not_picked":["theMarked:ResourceFulStrike+1","theMarked:Parkour"],"picked":"theMarked:Reabsorb","floor":19},{"not_picked":["theMarked:Frustration","theMarked:RepellingDischarge","theMarked:HeritageOfTheMarked"],"picked":"SKIP","floor":23},{"not_picked":["theMarked:RepellingDischarge","theMarked:ChannelForce","theMarked:BanishingStrike"],"picked":"SKIP","floor":27},{"not_picked":["theMarked:ElectricStrings","theMarked:AttractMetal"],"picked":"theMarked:Parkour+1","floor":29},{"not_picked":["theMarked:Standoff","theMarked:Static"],"picked":"theMarked:Parkour","floor":31},{"not_picked":["theMarked:ChannelForce","theMarked:MuscleMemory"],"picked":"theMarked:SummonStrength","floor":33},{"not_picked":["theMarked:RepellingDischarge","theMarked:Improvise+1"],"picked":"theMarked:Indomitable+1","floor":35},{"not_picked":["theMarked:RepellingDischarge+1","theMarked:WardOff+1","theMarked:SwordAndMagic"],"picked":"SKIP","floor":36},{"not_picked":["theMarked:Frustration+1","theMarked:BanishingStrike"],"picked":"theMarked:ShockingTouch","floor":38}],"player_experience":855806,"relics_obtained":[{"floor":9,"key":"Matryoshka"},{"floor":10,"key":"Darkstone Periapt"},{"floor":23,"key":"Peace Pipe"},{"floor":26,"key":"Happy Flower"},{"floor":26,"key":"Tiny Chest"},{"floor":27,"key":"Oddly Smooth Stone"}],"event_choices":[{"damage_healed":0,"gold_gain":175,"player_choice":"AGREE","damage_taken":111,"max_hp_gain":0,"max_hp_loss":0,"event_name":"betterThird:BetterSerpent","floor":2,"gold_loss":0},{"damage_healed":0,"gold_gain":0,"player_choice":"Paid Gold","damage_taken":0,"relics_obtained":["Eternal Feather"],"max_hp_gain":0,"max_hp_loss":0,"event_name":"WeMeetAgain","floor":4,"gold_loss":60},{"damage_healed":0,"gold_gain":0,"player_choice":"Leave","damage_taken":0,"max_hp_gain":0,"max_hp_loss":0,"event_name":"The Cleric","floor":11,"gold_loss":0},{"damage_healed":0,"gold_gain":1,"player_choice":"Relic ","damage_taken":7,"max_hp_gain":0,"max_hp_loss":0,"event_name":"betterThird:BetterScrap","floor":12,"gold_loss":0,"cards_obtained":["Dual Wield"]},{"damage_healed":0,"gold_gain":0,"player_choice":"Ignored","damage_taken":0,"max_hp_gain":0,"max_hp_loss":0,"event_name":"betterNote:BetterNote","floor":21,"gold_loss":0,"cards_obtained":["Blind"]},{"damage_healed":0,"gold_gain":0,"player_choice":"Read","damage_taken":0,"max_hp_gain":0,"max_hp_loss":0,"event_name":"The Library","floor":25,"gold_loss":0,"cards_obtained":["theMarked:SuspiciousRaven"]},{"cards_removed":["theMarked:BanishingWave"],"damage_healed":0,"gold_gain":0,"player_choice":"Purged","damage_taken":0,"max_hp_gain":0,"max_hp_loss":0,"event_name":"Purifier","floor":39,"gold_loss":0}],"is_beta":false,"boss_relics":[{"not_picked":["Cursed Key","theMarked:Eyepatch"],"picked":"Pandora\u0027s Box"},{"not_picked":["Velvet Choker","theMarked:BronzeBlade"],"picked":"Tiny House"}],"items_purged_floors":[3,37],"is_endless":false,"potions_floor_spawned":[10,14,18,19,23,38],"killed_by":"Giant Head","ascension_level":0}}