{"host":"1a3cjta80tad0aqj","time":1610222375,"event":{"mods":["2.2 Compatiblity","AchievementEnabler","BaseMod","Colored Map","DeckTracker","KOR Keyword Fix","Keyboard Shortcuts","Minty Spire (QoL Compilation)","Permanent Neow","Quick Restart","Random Character Button","StSLib","SuperFastMode","everything is the same but u backflip on backflip"],"gold_per_floor":[119,132,148,73,83,83,83,83,83,83,83,101,111,125,125,226,226,246,246,226,226,226,226,226,226,226,226,238,138,63,77,77,77,77],"floor_reached":33,"playtime":1253,"items_purged":["Defend_R","Armaments"],"score":237,"play_id":"0ff5bb9a-ecd2-437c-ab69-541a18457c9a","local_time":"20210110045935","is_ascension_mode":false,"campfire_choices":[{"data":"Uppercut","floor":6,"key":"SMITH"},{"data":"Bash","floor":8,"key":"SMITH"},{"data":"Defend_R","floor":11,"key":"SMITH"},{"data":"Blood for Blood","floor":15,"key":"SMITH"},{"data":"Perfected Strike","floor":23,"key":"SMITH"},{"data":"Perfected Strike","floor":25,"key":"SMITH"},{"data":"Sword Boomerang","floor":27,"key":"SMITH"},{"floor":32,"key":"REST"}],"circlet_count":0,"master_deck":["Strike_R+1","Strike_R+1","Strike_R+1","Strike_R+1","Defend_R+1","Defend_R+1","Bash+1","Uppercut+1","Sword Boomerang+1","Blood for Blood+1","Shockwave","Impervious","Perfected Strike+1","Perfected Strike+1","Pommel Strike"],"relics":["Snecko Eye"],"acts_visited":["Exordium","TheCity"],"potions_floor_usage":[33],"damage_taken":[{"damage":5,"enemies":"Small Slimes","floor":1,"turns":4},{"damage":1,"enemies":"2 Louse","floor":2,"turns":2},{"damage":1,"enemies":"Jaw Worm","floor":3,"turns":2},{"damage":6,"enemies":"3 Louse","floor":5,"turns":4},{"damage":0,"enemies":"2 Fungi Beasts","floor":12,"turns":2},{"damage":0,"enemies":"Blue Slaver","floor":13,"turns":2},{"damage":6,"enemies":"3 Louse","floor":14,"turns":2},{"damage":24,"enemies":"Hexaghost","floor":16,"turns":5},{"damage":5,"enemies":"3 Byrds","floor":18,"turns":4},{"damage":15,"enemies":"2 Thieves","floor":20,"turns":4},{"damage":0,"enemies":"Sentry and Sphere","floor":28,"turns":1},{"damage":11,"enemies":"Shelled Parasite and Fungi","floor":31,"turns":3},{"damage":75,"enemies":"Collector","floor":33,"turns":6}],"seed_played":"2762745167350231348","potions_obtained":[{"floor":1,"key":"BloodPotion"},{"floor":12,"key":"BloodPotion"},{"floor":18,"key":"EssenceOfSteel"}],"is_trial":false,"path_per_floor":["M","M","M","$","M","R","?","R","T","?","R","M","M","M","R","B",null,"M","?","M","?","?","R","?","R","T","R","M","$","?","M","R","B"],"character_chosen":"IRONCLAD","items_purchased":[],"campfire_rested":1,"item_purchase_floors":[],"current_hp_per_floor":[75,74,73,73,67,67,67,67,67,72,72,72,72,66,66,42,85,80,80,65,65,65,65,65,65,65,65,65,65,65,54,79,4,4],"gold":77,"neow_bonus":"BOSS_RELIC","is_daily":false,"chose_seed":true,"campfire_upgraded":7,"win_rate":0.0,"timestamp":1610222375,"path_taken":["M","M","M","$","M","R","?","R","T","?","R","M","M","M","R","BOSS","M","?","M","?","?","R","?","R","T","R","M","$","?","?","R","BOSS"],"items_purchased_type":[],"build_version":"2020-12-22","purchased_purges":2,"victory":false,"max_hp_per_floor":[80,80,80,80,80,80,80,80,80,85,85,85,85,85,85,85,85,85,85,85,85,85,85,85,85,85,85,85,85,85,85,85,85,85],"card_choices":[{"not_picked":["Dark Embrace","Sentinel","Twin Strike"],"picked":"SKIP","floor":1},{"not_picked":["Body Slam","Twin Strike","Thunderclap"],"picked":"SKIP","floor":2},{"not_picked":["Headbutt","Armaments","Warcry"],"picked":"SKIP","floor":3},{"not_picked":["Shrug It Off","Reckless Charge"],"picked":"Uppercut","floor":5},{"not_picked":["Anger","Headbutt"],"picked":"Sword Boomerang","floor":12},{"not_picked":["Second Wind","Rage"],"picked":"Blood for Blood","floor":13},{"not_picked":["Sword Boomerang","Flex"],"picked":"Shockwave","floor":14},{"not_picked":["Berserk","Fiend Fire"],"picked":"Impervious","floor":16},{"not_picked":["Wild Strike","Inflame"],"picked":"Perfected Strike","floor":18},{"not_picked":["Anger","Cleave"],"picked":"Pommel Strike","floor":20},{"not_picked":["Clothesline","Anger","Heavy Blade"],"picked":"SKIP","floor":28},{"not_picked":["Havoc+1","Disarm+1","Searing Blow"],"picked":"SKIP","floor":31}],"player_experience":248495,"relics_obtained":[],"event_choices":[{"damage_healed":0,"gold_gain":0,"player_choice":"Ignored","damage_taken":0,"max_hp_gain":0,"max_hp_loss":0,"event_name":"Liars Game","floor":7,"gold_loss":0},{"damage_healed":0,"gold_gain":0,"player_choice":"Donut","damage_taken":0,"max_hp_gain":5,"max_hp_loss":0,"event_name":"Big Fish","floor":10,"gold_loss":0},{"damage_healed":0,"gold_gain":0,"player_choice":"Read","damage_taken":0,"max_hp_gain":0,"max_hp_loss":0,"event_name":"The Library","floor":19,"gold_loss":0,"cards_obtained":["Perfected Strike"]},{"damage_healed":0,"gold_gain":0,"cards_transformed":["Defend_R","Strike_R"],"player_choice":"Became Test Subject","damage_taken":0,"max_hp_gain":0,"max_hp_loss":0,"event_name":"Drug Dealer","floor":21,"gold_loss":0,"cards_obtained":["Armaments","Dual Wield"]},{"damage_healed":0,"gold_gain":0,"player_choice":"Ignored","damage_taken":0,"max_hp_gain":0,"max_hp_loss":0,"event_name":"Ghosts","floor":22,"gold_loss":0},{"damage_healed":0,"gold_gain":0,"player_choice":"Simplicity","damage_taken":0,"max_hp_gain":0,"max_hp_loss":0,"event_name":"Back to Basics","floor":24,"gold_loss":0,"cards_upgraded":["Strike_R","Strike_R","Strike_R","Strike_R","Defend_R"]},{"cards_removed":["Dual Wield"],"damage_healed":0,"gold_gain":0,"player_choice":"Gave Gold","damage_taken":0,"max_hp_gain":0,"max_hp_loss":0,"event_name":"Beggar","floor":30,"gold_loss":75}],"is_beta":false,"boss_relics":[{"not_picked":[]}],"items_purged_floors":[4,29],"is_endless":false,"potions_floor_spawned":[1,12,18,31],"killed_by":"Collector","ascension_level":0}}