{"host":"njb27ds59h4j3ikk","time":1610230158,"event":{"mods":["AchievementEnabler","BaseMod","Better Altar","Better Match","Better Note","Better Sensory Stone","Better Skull","Better Third Choice","BetterRewards","Downfall","Hermit","Hubris","Minty Spire (QoL Compilation)","Permanent Neow","Quarter Circle Forward PUNCH!","Quick Restart","Rare Cards Sparkle","Replay The Spire","Shop Mod","StSLib","Trackpad","Transform Curses"],"gold_per_floor":[109,128,128,140,140,171,183,202,226,226,173,173,188,200,200,273,273,190,210,47,47,63,63,147,173,173,173,173,5,15,48,48,48,48,124,124,141,161,179,198,215,215,240,254,254,97,97,125,125,144,144,144,144,144,29,59,59],"floor_reached":58,"playtime":2567,"items_purged":[],"score":3106,"play_id":"a833fa3b-6d04-47f7-80eb-0a1acb9209a9","local_time":"20210109170918","is_ascension_mode":true,"campfire_choices":[{"floor":10.0,"key":"REST"},{"floor":15.0,"key":"DIG"},{"floor":23.0,"key":"REST"},{"data":"hubris:EnhanceAbility","floor":34.0,"key":"SMITH"},{"floor":42.0,"key":"DIG"},{"floor":49.0,"key":"RECALL"},{"floor":51.0,"key":"DIG"},{"floor":54.0,"key":"DIG"}],"circlet_count":0,"master_deck":["AscendersBane","Strike_R+1","Strike_R+1","Strike_R+1","Strike_R","Strike_R","Defend_R","Defend_R","Defend_R+1","Defend_R","Bash+1","Fire Breathing+1","hubris:CleavingFinish","Specialist","Heavy Blade","Pommel Strike+1","hubris:EnhanceAbility+1","Armaments+1","Run Through","Replay:Undeath\u0027s Touch","Thunderclap","Berserk","ReplayTheSpireMod:Corrosion Curse","Disarm","Headbutt","Sword Boomerang","Dual Wield+1","Flex","Wild Strike","Feed","Clumsy","Power Through","Uppercut","hubris:ReadiedAction","Massacre+1","Twin Strike","Carnage","Bludgeon","Pummel+1","Power Through+1","Replay:Undeath\u0027s Touch","Thunderclap+1","Cleave+1","Power Through+1","hubris:StunningStrike+1","Juggernaut+1","ReplayTheSpireMod:Muscle Training+1","Perfected Strike","Perfected Strike","Replay:Undeath\u0027s Touch"],"relics":["Burning Blood","PreservedInsect","Shovel","MerchantsRug","trackpad:AdjectivePendant","qcfpunch:Lotus_Statue","Calipers","Ancient Tea Set","hubris:Zylophone","hubris:FruitBowl","hubris:SphereOfDissonance","hubris:Towel","Ornamental Fan","hexamod:BolsterEngine","Replay:Ancient Bell","Pen Nib","hubris:PeanutButter","Magic Flower","trackpad:BiPhaseBiplane","Enchiridion","Dream Catcher","qcfpunch:Red_Headband","trackpad:IceCube","Letter Opener","Red Skull","hubris:Icosahedron","Calling Bell","Nunchaku","ReplayTheSpireMod:Ninjato","Counterbalance","Quantum Egg","Pondfish Scales","ReplayTheSpireMod:Shallot","ReplayTheSpireMod:Ring of Addiction","Ring of Searing","SacredBark","Paper Frog","trackpad:WindUpAutoDealer","StrikeDummy","trackpad:PetRock"],"acts_visited":["Exordium","TheCity","TheBeyond","TheEnding"],"potions_floor_usage":[57,57,57],"damage_taken":[{"damage":0.0,"enemies":"Cultist","floor":1.0,"turns":2.0},{"damage":0.0,"enemies":"Small Slimes","floor":2.0,"turns":3.0},{"damage":12.0,"enemies":"Jaw Worm","floor":4.0,"turns":2.0},{"damage":11.0,"enemies":"Gremlin Nob","floor":6.0,"turns":3.0},{"damage":29.0,"enemies":"Exordium Thugs","floor":7.0,"turns":3.0},{"damage":10.0,"enemies":"3 Louse","floor":8.0,"turns":3.0},{"damage":0.0,"enemies":"Large Slime","floor":13.0,"turns":3.0},{"damage":0.0,"enemies":"2 Fungi Beasts","floor":14.0,"turns":2.0},{"damage":36.0,"enemies":"Hexaghost","floor":16.0,"turns":9.0},{"damage":26.0,"enemies":"2 Thieves","floor":18.0,"turns":4.0},{"damage":21.0,"enemies":"3 Byrds","floor":19.0,"turns":6.0},{"damage":0.0,"enemies":"Snake Plant","floor":22.0,"turns":2.0},{"damage":0.0,"enemies":"Slavers","floor":25.0,"turns":3.0},{"damage":2.0,"enemies":"Snecko","floor":30.0,"turns":3.0},{"damage":0.0,"enemies":"Replay:Snechameleon","floor":31.0,"turns":2.0},{"damage":73.0,"enemies":"Automaton","floor":35.0,"turns":10.0},{"damage":34.0,"enemies":"3 Darklings","floor":37.0,"turns":4.0},{"damage":0.0,"enemies":"Orb Walker","floor":38.0,"turns":2.0},{"damage":51.0,"enemies":"Sphere and 2 Shapes","floor":39.0,"turns":5.0},{"damage":0.0,"enemies":"3 Darklings","floor":40.0,"turns":3.0},{"damage":0.0,"enemies":"Maw","floor":41.0,"turns":5.0},{"damage":0.0,"enemies":"R_Hoarder","floor":43.0,"turns":2.0},{"damage":2.0,"enemies":"Transient","floor":44.0,"turns":6.0},{"damage":0.0,"enemies":"Nemesis","floor":48.0,"turns":3.0},{"damage":0.0,"enemies":"Sphere and 2 Shapes","floor":50.0,"turns":3.0},{"damage":7.0,"enemies":"hubris:GrandSnecko","floor":52.0,"turns":4.0},{"damage":30.0,"enemies":"Shield and Spear","floor":56.0,"turns":4.0},{"damage":0,"enemies":"The Heart","floor":57,"turns":4}],"seed_played":"-6522586419381407965","potions_obtained":[{"floor":1.0,"key":"Regen Potion"},{"floor":7.0,"key":"ElixirPotion"},{"floor":8.0,"key":"Dexterity Potion"},{"floor":13.0,"key":"Guardian:BlockOnCardUsePotion"},{"floor":18.0,"key":"Adrenaline Potion"},{"floor":22.0,"key":"Slimebound:ThreeZeroPotion"},{"floor":24.0,"key":"Toxic Potion"},{"floor":30.0,"key":"Block Potion"},{"floor":38.0,"key":"SteroidPotion"},{"floor":39.0,"key":"Milkshake"},{"floor":43.0,"key":"SteroidPotion"},{"floor":47.0,"key":"BloodPotion"},{"floor":47.0,"key":"LiquidBronze"},{"floor":47.0,"key":"Milkshake"},{"floor":48.0,"key":"DistilledChaos"},{"floor":56.0,"key":"Strength Potion"}],"is_trial":false,"path_per_floor":["M","M","$","M","?","E","M","M","T","R","$","?","M","M","R","B",null,"M","M","$","?","M","R","?","E","T","PTL","PTL","$","M","E","?","?","R","B",null,"M","M","M","M","M","R","E","M","T","$","?","E","R","M","R","B",null,"R","$","E","B",null],"character_chosen":"IRONCLAD","items_purchased":["PreservedInsect","Fire Breathing+1","MerchantsRug","hubris:CleavingFinish","Specialist","champ:Barbells","trackpad:AdjectivePendant","Heavy Blade","Pommel Strike+1","Ancient Tea Set","hubris:EnhanceAbility","Armaments","Run Through","hubris:FruitBowl","hubris:SphereOfDissonance","Sword Boomerang","trackpad:BiPhaseBiplane","Red Skull","hubris:StunningStrike","StrikeDummy","Perfected Strike"],"campfire_rested":2,"item_purchase_floors":[0,0,0,0,0,0,0,0,0,0,0,0,0,3,3,11,20,29,46,55,55],"current_hp_per_floor":[74,75,40,34,34,29,11,7,7,29,29,29,35,41,41,11,59,42,36,36,15,24,47,47,74,74,74,74,74,81,90,90,90,90,32,79,54,63,27,36,45,45,54,61,61,61,61,70,70,79,79,81,92,92,92,71,80],"gold":59,"neow_bonus":"","is_daily":false,"chose_seed":false,"campfire_upgraded":1,"win_rate":0.0,"timestamp":1610230158,"path_taken":["M","M","?","M","?","E","M","M","T","R","$","?","M","?","R","BOSS","M","M","$","?","M","R","?","E","T","PTL","PTL","?","M","E","?","?","R","BOSS","M","?","M","M","M","R","E","M","T","$","?","E","R","M","R","BOSS","R","$","E","BOSS"],"items_purchased_type":["Relic","Card","Relic","Card","Card","Relic","Relic","Card","Card","Relic","Card","Card","Card","Relic","Relic","Card","Relic","Relic","Card","Relic","Card"],"build_version":"2020-12-22","purchased_purges":0,"victory":true,"max_hp_per_floor":[75,75,75,75,75,75,75,75,75,75,75,75,75,75,75,75,75,75,79,79,79,79,79,79,91,91,91,91,91,91,91,91,91,91,95,95,95,95,99,99,99,99,99,99,99,99,99,99,99,99,99,96,96,96,96,93,93],"card_choices":[{"not_picked":["ReplayTheSpireMod:Strike From Hell","Warcry"],"picked":"Replay:Undeath\u0027s Touch","floor":1.0},{"not_picked":["Heavy Blade","Perfected Strike"],"picked":"Thunderclap","floor":2.0},{"not_picked":["Body Slam","Clothesline"],"picked":"Berserk","floor":4.0},{"not_picked":["Demon Form","Run Through"],"picked":"ReplayTheSpireMod:Corrosion Curse","floor":6.0},{"not_picked":["Heavy Blade","Clothesline"],"picked":"Disarm","floor":7.0},{"not_picked":["Life Link","Rampage"],"picked":"Headbutt","floor":8.0},{"not_picked":["Shrug It Off","Fire Breathing"],"picked":"Flex","floor":13.0},{"not_picked":["Spot Weakness","Second Wind"],"picked":"Wild Strike","floor":14.0},{"not_picked":["hubris:StunningStrike","Fiend Fire"],"picked":"Feed","floor":16.0},{"not_picked":["Guardian:Aged","Injury"],"picked":"ReplayTheSpireMod:IOU","floor":17.0},{"not_picked":["CommonCold","Parasite"],"picked":"Clumsy","floor":17.0},{"not_picked":["Spreading Infection","Decay"],"picked":"hubris:Despair","floor":17.0},{"not_picked":["Iron Wave","Uppercut"],"picked":"Power Through","floor":18.0},{"not_picked":["Run Through","Sword Boomerang"],"picked":"Uppercut","floor":19.0},{"not_picked":["ReplayTheSpireMod:Strike From Hell","Headbutt","Infernal Blade"],"picked":"SKIP","floor":22.0},{"not_picked":["Body Slam","Run Through"],"picked":"hubris:ReadiedAction","floor":24.0},{"not_picked":["Heavy Blade","Ghostly Armor"],"picked":"Massacre+1","floor":25.0},{"not_picked":["Battle Trance","Headbutt"],"picked":"Twin Strike","floor":30.0},{"not_picked":["Massacre+1","Eclipse"],"picked":"Carnage","floor":31.0},{"not_picked":["Fiend Fire","Brutality"],"picked":"Bludgeon","floor":35.0},{"not_picked":["Replay:Undeath\u0027s Touch","Entrench+1"],"picked":"Pummel+1","floor":37.0},{"not_picked":["hubris:ReadiedAction","Havoc+1"],"picked":"Power Through+1","floor":38.0},{"not_picked":["Fiend Fire","Heavy Blade+1"],"picked":"Replay:Undeath\u0027s Touch","floor":39.0},{"not_picked":["Perfected Strike","Pommel Strike"],"picked":"Thunderclap+1","floor":40.0},{"not_picked":["Warcry","Intimidate"],"picked":"Cleave+1","floor":41.0},{"not_picked":["ReplayTheSpireMod:Strike From Hell","Ghostly Armor","Havoc"],"picked":"SKIP","floor":43.0},{"not_picked":["Feel No Pain","Pummel"],"picked":"Power Through+1","floor":44.0},{"not_picked":["Shrug It Off","Ghostly Armor"],"picked":"Juggernaut","floor":48.0},{"not_picked":["Disarm+1","hubris:ReadiedAction"],"picked":"ReplayTheSpireMod:Muscle Training+1","floor":50.0},{"not_picked":["Flex","Uppercut"],"picked":"Replay:Undeath\u0027s Touch","floor":56.0}],"player_experience":1234503,"relics_obtained":[{"floor":6.0,"key":"Ornamental Fan"},{"floor":9.0,"key":"hexamod:BolsterEngine"},{"floor":15.0,"key":"Matryoshka"},{"floor":21.0,"key":"Enchiridion"},{"floor":24.0,"key":"Dream Catcher"},{"floor":24.0,"key":"qcfpunch:Red_Headband"},{"floor":25.0,"key":"trackpad:IceCube"},{"floor":26.0,"key":"Letter Opener"},{"floor":31.0,"key":"Omamori"},{"floor":36.0,"key":"Nunchaku"},{"floor":36.0,"key":"ReplayTheSpireMod:Ninjato"},{"floor":36.0,"key":"Counterbalance"},{"floor":42.0,"key":"Quantum Egg"},{"floor":43.0,"key":"Pondfish Scales"},{"floor":45.0,"key":"ReplayTheSpireMod:Shallot"},{"floor":47.0,"key":"ReplayTheSpireMod:Ring of Addiction"},{"floor":47.0,"key":"Ring of Searing"},{"floor":47.0,"key":"SacredBark"},{"floor":47.0,"key":"Potion Belt"},{"floor":48.0,"key":"Paper Frog"},{"floor":51.0,"key":"trackpad:WindUpAutoDealer"},{"floor":54.0,"key":"hubris:Reverence"},{"floor":56.0,"key":"trackpad:PetRock"}],"event_choices":[{"cards_removed":["Specialist"],"damage_healed":0.0,"max_hp_gain":0.0,"max_hp_loss":0.0,"gold_gain":0.0,"event_name":"betterNote:BetterNote","player_choice":"Take \u0026 Give","floor":12.0,"gold_loss":0.0,"damage_taken":0.0,"cards_obtained":["Dual Wield"]},{"damage_healed":0.0,"max_hp_gain":0.0,"max_hp_loss":0.0,"gold_gain":0.0,"event_name":"Cursed Tome","player_choice":"Obtained Book","floor":21.0,"gold_loss":0.0,"damage_taken":21.0},{"cards_removed":["hubris:Despair"],"damage_healed":0.0,"max_hp_gain":0.0,"max_hp_loss":0.0,"gold_gain":0.0,"event_name":"Wheel of Change","player_choice":"Card Removal","floor":33.0,"gold_loss":0.0,"damage_taken":0.0}],"is_beta":false,"boss_relics":[{"not_picked":["hubris:GrandSneckoEye","qcfpunch:Crimson_Sash"],"picked":"Replay:Ancient Bell"},{"not_picked":["Replay:Baseball","ReplayFunnel"],"picked":"Pen Nib"},{"not_picked":["trackpad:RapidFire","trackpad:DisasterInABottle"],"picked":"hubris:PeanutButter"},{"not_picked":["Incense Burner","Gambling Chip"],"picked":"Magic Flower"},{"not_picked":["Runic Cube","Astrolabe"],"picked":"Calling Bell"}],"items_purged_floors":[],"is_endless":false,"potions_floor_spawned":[1,7,8,13,14,18,22,30,38,39,43,48,56],"ascension_level":18}}