{"host":"tzk9wfvgzgbq651e","time":1610170222,"event":{"mods":["AchievementEnabler","Aspiration","BaseMod","Better Vampires","Colored Map","Conspire","Downfall","Hermit","Hubris","Infinite Spire","Jorbs\u0027s Wanderer Trilogy","Minty Spire (QoL Compilation)","StSLib","The Cursed","The Disciple","The Hierophant","The Necromancer","The Servant 0.9.4"],"gold_per_floor":[111,91,105,124,224,257,44,44,91,126,169,203,244,279,279,255,255],"floor_reached":16,"playtime":1373,"items_purged":[],"score":131,"play_id":"42d31fe3-dfba-4ba8-8093-8f3e2e098d63","local_time":"20210109163022","is_ascension_mode":false,"campfire_choices":[{"floor":8,"key":"REST"},{"floor":15,"key":"REST"}],"circlet_count":0,"master_deck":["hierophant:Strike_Hierophant","hierophant:Strike_Hierophant","hierophant:Strike_Hierophant","hierophant:Strike_Hierophant","hierophant:Punish","hierophant:Defend_Hierophant","hierophant:Defend_Hierophant","hierophant:Defend_Hierophant","hierophant:Defend_Hierophant","hierophant:ChurchCoffers","hierophant:HolyVerse","hierophant:PassingBell","hierophant:TollTheBells","hierophant:Purify","hierophant:RustyCrate","hierophant:Doubloon","hierophant:Doubloon","hierophant:Sermon","hierophant:Purify","hierophant:Glossolalia","hierophant:Zeal","hierophant:PristineSoul","hierophant:Exaltation","hierophant:FlamingChariot","hierophant:Upheaval","hierophant:Blessing"],"relics":["hierophant:PropheticMaskRelic","Pear","Dream Catcher"],"acts_visited":["Exordium"],"potions_floor_usage":[],"damage_taken":[{"damage":0,"enemies":"Small Slimes","floor":1,"turns":2},{"damage":6,"enemies":"Cultist","floor":3,"turns":3},{"damage":11,"enemies":"Jaw Worm","floor":4,"turns":2},{"damage":41,"enemies":"Lagavulin","floor":6,"turns":9},{"damage":19,"enemies":"Red Slaver","floor":10,"turns":4},{"damage":11,"enemies":"Exordium Wildlife","floor":11,"turns":2},{"damage":9,"enemies":"Exordium Thugs","floor":12,"turns":3},{"damage":6,"enemies":"3 Louse","floor":13,"turns":2},{"damage":12,"enemies":"Gremlin Gang","floor":14,"turns":2},{"damage":32,"enemies":"Slime Boss","floor":16,"turns":5}],"seed_played":"-1578688537213319751","potions_obtained":[{"floor":1,"key":"AttackPotion"},{"floor":2,"key":"champ:CounterPotion"},{"floor":3,"key":"ColorlessPotion"}],"is_trial":false,"path_per_floor":["M","?","M","M","?","E","$","R","T","M","M","M","M","M","R","B"],"character_chosen":"HIEROPHANT","items_purchased":["hierophant:RustyCrate","hierophant:Sermon","hierophant:Purify","hierophant:Glossolalia"],"campfire_rested":2,"item_purchase_floors":[7,7,7,7],"current_hp_per_floor":[82,82,76,65,65,34,34,61,61,42,31,22,16,4,31,0,0],"gold":255,"neow_bonus":"TEN_PERCENT_HP_BONUS","is_daily":false,"chose_seed":false,"campfire_upgraded":0,"win_rate":0.0,"timestamp":1610170222,"path_taken":["M","?","?","M","?","E","$","R","T","M","?","M","M","M","R","BOSS"],"items_purchased_type":["Card","Card","Card","Card"],"build_version":"2020-12-22","purchased_purges":0,"victory":false,"max_hp_per_floor":[82,82,82,82,82,92,92,92,92,92,92,92,92,92,92,92,92],"card_choices":[{"not_picked":["hierophant:AuricBeam","hierophant:DisplayOfPower"],"picked":"hierophant:HolyVerse","floor":1},{"not_picked":["hierophant:HolyVerse","hierophant:FieryStrike"],"picked":"hierophant:PassingBell","floor":3},{"not_picked":["hierophant:Upheaval","hierophant:PristineSoul"],"picked":"hierophant:TollTheBells","floor":4},{"not_picked":["hierophant:Zeal","hierophant:ConvertCurrency"],"picked":"hierophant:Purify","floor":6},{"not_picked":["hierophant:AuricBeam","hierophant:Endure"],"picked":"hierophant:Zeal","floor":10},{"not_picked":["hierophant:Encroach","hierophant:MirrorShield"],"picked":"hierophant:PristineSoul","floor":11},{"not_picked":["hierophant:Refuge","hierophant:Purify"],"picked":"hierophant:Exaltation","floor":12},{"not_picked":["hierophant:SolarFlare","hierophant:RustyCrate"],"picked":"hierophant:FlamingChariot","floor":13},{"not_picked":["hierophant:Purify","hierophant:Zeal"],"picked":"hierophant:Upheaval","floor":14},{"not_picked":["hierophant:PristineSoul","hierophant:DisplayOfPower"],"picked":"hierophant:Blessing","floor":15}],"player_experience":14292,"relics_obtained":[{"floor":6,"key":"Pear"},{"floor":9,"key":"Dream Catcher"}],"event_choices":[{"damage_healed":0,"gold_gain":0,"player_choice":"Bought 1 Potion","damage_taken":0,"max_hp_gain":0,"max_hp_loss":0,"event_name":"The Woman in Blue","floor":2,"gold_loss":0},{"damage_healed":0,"gold_gain":100,"player_choice":"Gold","damage_taken":0,"max_hp_gain":0,"max_hp_loss":0,"event_name":"Wheel of Change","floor":5,"gold_loss":0}],"is_beta":false,"boss_relics":[],"items_purged_floors":[],"is_endless":false,"potions_floor_spawned":[1,3,12,13],"killed_by":"Slime Boss","ascension_level":0}}