{"host":"4qkvkh7pd9qr2mca","time":1610218638,"event":{"mods":["AchievementEnabler","BaseMod","Colored Map","Colored Powertips","Highlight Path","Minty Spire (QoL Compilation)","Permanent Neow","Quick Restart","StSLib","SuperFastMode"],"gold_per_floor":[118,118,118,134,144,144,144,154,178,178,192,226,47,73,73,147,147,47,47,72,72,82,82,109,129,182,182,182],"floor_reached":27,"playtime":1132,"items_purged":["Strike_G"],"score":478,"play_id":"e54b3873-3bf0-4782-8773-d558471a7133","local_time":"20210109195718","is_ascension_mode":true,"campfire_choices":[{"data":"Neutralize","floor":6,"key":"SMITH"},{"floor":15,"key":"REST"},{"data":"Catalyst","floor":23,"key":"SMITH"}],"circlet_count":0,"master_deck":["AscendersBane","Survivor","Neutralize+1","Blade Dance","Deflect","Noxious Fumes","Crippling Poison","Bouncing Flask","Footwork","Cloak And Dagger","Catalyst+1","After Image","PiercingWail","Dagger Throw","Distraction","Crippling Poison","Well Laid Plans","Dagger Throw","Dodge and Roll","Riddle With Holes","Escape Plan","Catalyst","Slice+1"],"relics":["Ring of the Snake","Omamori","Smiling Mask","Oddly Smooth Stone","Shuriken","Bag of Preparation","Singing Bowl","Pandora\u0027s Box","Pen Nib","Meat on the Bone","Centennial Puzzle"],"acts_visited":["Exordium","TheCity"],"potions_floor_usage":[12,16,24,24,25],"damage_taken":[{"damage":6,"enemies":"Small Slimes","floor":1,"turns":5},{"damage":5,"enemies":"2 Louse","floor":4,"turns":5},{"damage":0,"enemies":"Cultist","floor":5,"turns":5},{"damage":6,"enemies":"Looter","floor":8,"turns":3},{"damage":10,"enemies":"Exordium Thugs","floor":11,"turns":4},{"damage":6,"enemies":"3 Sentries","floor":12,"turns":6},{"damage":20,"enemies":"Gremlin Nob","floor":14,"turns":4},{"damage":2,"enemies":"Hexaghost","floor":16,"turns":8},{"damage":11,"enemies":"2 Thieves","floor":18,"turns":5},{"damage":4,"enemies":"Shell Parasite","floor":22,"turns":7},{"damage":24,"enemies":"Gremlin Leader","floor":24,"turns":5},{"damage":16,"enemies":"Snake Plant","floor":25,"turns":5},{"damage":19,"enemies":"Shelled Parasite and Fungi","floor":27,"turns":4}],"seed_played":"449917647303705205","potions_obtained":[{"floor":4,"key":"FearPotion"},{"floor":5,"key":"ColorlessPotion"},{"floor":7,"key":"Swift Potion"},{"floor":7,"key":"AttackPotion"},{"floor":14,"key":"SkillPotion"},{"floor":16,"key":"EntropicBrew"},{"floor":25,"key":"CultistPotion"}],"is_trial":false,"path_per_floor":["M","?","?","M","M","R","?","M","T","?","M","E","$","E","R","B",null,"M","?","T","?","M","R","E","M","T","M"],"character_chosen":"THE_SILENT","items_purchased":["Footwork","Cloak And Dagger"],"campfire_rested":1,"item_purchase_floors":[13,13],"current_hp_per_floor":[53,53,53,48,48,48,48,42,42,42,32,26,26,6,25,23,55,46,46,46,46,42,42,18,16,16,0,0],"gold":182,"neow_bonus":"RANDOM_COMMON_RELIC","is_daily":false,"chose_seed":false,"campfire_upgraded":2,"win_rate":0.0,"timestamp":1610218638,"path_taken":["M","?","?","M","?","R","?","?","T","?","M","E","?","E","R","BOSS","M","?","?","?","M","R","E","?","T","M"],"items_purchased_type":["Card","Card"],"build_version":"2020-12-22","purchased_purges":1,"victory":false,"max_hp_per_floor":[66,66,66,66,66,66,66,66,66,66,66,66,66,66,66,66,66,68,68,68,68,68,68,68,70,70,70,70],"card_choices":[{"not_picked":["Outmaneuver","Prepared"],"picked":"Distraction","floor":1},{"not_picked":["Deflect","Flying Knee"],"picked":"Blade Dance","floor":4},{"not_picked":["Dodge and Roll","Bane"],"picked":"Deflect","floor":5},{"not_picked":["Slice","Dash"],"picked":"Noxious Fumes","floor":8},{"not_picked":["Dagger Spray","Backflip"],"picked":"Crippling Poison","floor":11},{"not_picked":["Sucker Punch","Bullet Time"],"picked":"Bouncing Flask","floor":12},{"not_picked":["Underhanded Strike","Blade Dance"],"picked":"Catalyst","floor":14},{"not_picked":["Envenom","Adrenaline"],"picked":"After Image","floor":16},{"not_picked":["Acrobatics","Outmaneuver+1","Noxious Fumes"],"picked":"Singing Bowl","floor":18},{"not_picked":["Underhanded Strike","Outmaneuver"],"picked":"Catalyst","floor":22},{"not_picked":["Prepared","Distraction"],"picked":"Slice+1","floor":24},{"not_picked":["Dagger Spray","Bouncing Flask","Dagger Throw"],"picked":"Singing Bowl","floor":25}],"player_experience":526685,"relics_obtained":[{"floor":9,"key":"Oddly Smooth Stone"},{"floor":12,"key":"Bag of Preparation"},{"floor":14,"key":"Singing Bowl"},{"floor":20,"key":"Pen Nib"},{"floor":24,"key":"Meat on the Bone"},{"floor":26,"key":"Centennial Puzzle"}],"event_choices":[{"damage_healed":0,"gold_gain":0,"player_choice":"Box","damage_taken":0,"relics_obtained":["Smiling Mask"],"max_hp_gain":0,"max_hp_loss":0,"event_name":"Big Fish","floor":2,"gold_loss":0,"cards_obtained":["Regret"]},{"cards_removed":["Defend_G"],"damage_healed":0,"gold_gain":0,"player_choice":"Card Removal","damage_taken":0,"max_hp_gain":0,"max_hp_loss":0,"event_name":"Wheel of Change","floor":3,"gold_loss":0},{"damage_healed":0,"gold_gain":0,"player_choice":"Got Potions","damage_taken":0,"max_hp_gain":0,"max_hp_loss":0,"event_name":"Lab","floor":7,"gold_loss":0},{"damage_healed":0,"gold_gain":0,"player_choice":"Searched \u00271\u0027 times","damage_taken":0,"relics_obtained":["Shuriken"],"max_hp_gain":0,"max_hp_loss":0,"event_name":"Dead Adventurer","floor":10,"gold_loss":0},{"cards_removed":["Distraction"],"damage_healed":0,"gold_gain":0,"player_choice":"Elegance","damage_taken":0,"max_hp_gain":0,"max_hp_loss":0,"event_name":"Back to Basics","floor":19,"gold_loss":0},{"damage_healed":0,"gold_gain":0,"player_choice":"1 cards matched","damage_taken":0,"max_hp_gain":0,"max_hp_loss":0,"event_name":"Match and Keep!","floor":21,"gold_loss":0,"cards_obtained":["Escape Plan"]}],"is_beta":false,"boss_relics":[{"not_picked":["Astrolabe","SacredBark"],"picked":"Pandora\u0027s Box"}],"items_purged_floors":[13],"is_endless":false,"potions_floor_spawned":[4,5,8,14,16,22,25],"killed_by":"Shelled Parasite and Fungi","ascension_level":20}}