{"host":"y9cfhv0nasly8qeh","time":1610188361,"event":{"mods":["BaseMod","GungeonMod","Minty Spire (QoL Compilation)","Relic Stats","Shop Mod","StSLib","[IsaacMod]ÒÔÈö¼âËþ"],"gold_per_floor":[117,135,8814,8739,8739,8770,8770,8800,8800,8102,8102,8402,8436,8446,8446,8524,8524,8536,8461,7338,7355,7655,7655,7686,7699,7768,7784,7796,7225,7225,7239,7239,7316,7316,7334,7380,6706,6706,4780,4810,4837,4855,4879,3879,3879,3879,3905,1940,1940,1940,1940,1940,240,270,270],"floor_reached":56,"playtime":2306,"items_purged":["Strike_R","Strike_R","Strike_R","Corruption","Bash","Defend_R","True Grit","Defend_R","Second Wind+1"],"score":2470,"play_id":"60f0ba79-8daf-4edb-b869-53dc49d28f91","local_time":"20210109183241","is_ascension_mode":true,"campfire_choices":[{"data":"Armaments","floor":11,"key":"SMITH"},{"data":"Limit Break","floor":15,"key":"SMITH"},{"data":"Second Wind","floor":23,"key":"SMITH"},{"data":"Immolate","floor":32,"key":"SMITH"},{"data":"Dark Embrace","floor":45,"key":"SMITH"},{"floor":49,"key":"RECALL"},{"data":"Berserk","floor":52,"key":"SMITH"}],"circlet_count":0,"master_deck":["AscendersBane","Limit Break+1","Armaments+1","Immolate+1","Second Wind+1","Dark Embrace+1","Berserk+1","DemoMod:WhiteBlade+1","DemoMod:BlackBlade","Inflame+1"],"relics":["Burning Blood","HushsDoor","DoctorsRemote","NeowsBlessing","Chaos","Leech","Lantern","DemoMod:GnawedKey","MerchantsRug","Emotion Chip","Succubus","DemoMod:WhiteGuonStone","DemoMod:LamentConfigurum","Symbiotic Virus","Vajra","TuHaoJin","Kunai","DemoMod:Metronome","HornCleat","DemoMod:PinkGuonStone","Pantograph","NineVolt","Incubus","Unceasing Top","Enchiridion","Potion Belt","MomsKnife","WingedGreaves","Cables","TheBattery","BookOfRevelations","Black Star","Charon\u0027s Ashes","Molten Egg 2","The Specimen","Art of War","MyShadow","Frozen Eye","DemoMod:ClearGuonStone","Magic Flower","InkBottle","Cauldron","Mummified Hand","Runic Cube","Letter Opener","DemoMod:Bottle","Empty Cage","Paper Crane","Membership Card","Habit","Ring of the Snake","HandDrill"],"acts_visited":["Exordium","TheCity","TheBeyond","TheEnding"],"potions_floor_usage":[13,16,18,18,21,24,24,33,35,36,50,50,54,55,55,55,55,55,55,55,55,55],"damage_taken":[{"damage":0.0,"enemies":"Jaw Worm","floor":1.0,"turns":1.0},{"damage":0.0,"enemies":"Small Slimes","floor":2.0,"turns":1.0},{"damage":0,"enemies":"3 Sentries","floor":6,"turns":1},{"damage":15,"enemies":"Lagavulin","floor":8,"turns":3},{"damage":0,"enemies":"3 Sentries","floor":13,"turns":2},{"damage":0,"enemies":"2 Louse","floor":14,"turns":1},{"damage":22,"enemies":"The Guardian","floor":16,"turns":7},{"damage":10,"enemies":"Spheric Guardian","floor":18,"turns":4},{"damage":2,"enemies":"2 Thieves","floor":21,"turns":3},{"damage":50,"enemies":"Book of Stabbing","floor":24,"turns":7},{"damage":0,"enemies":"3 Cultists","floor":25,"turns":4},{"damage":0,"enemies":"Centurion and Healer","floor":27,"turns":4},{"damage":1,"enemies":"Chosen and Byrds","floor":28,"turns":6},{"damage":0,"enemies":"Snake Plant","floor":31,"turns":4},{"damage":55,"enemies":"Champ","floor":33,"turns":9},{"damage":0,"enemies":"Orb Walker","floor":35,"turns":3},{"damage":13,"enemies":"2 Orb Walkers","floor":36,"turns":3},{"damage":35,"enemies":"Nemesis","floor":40,"turns":5},{"damage":0,"enemies":"Reptomancer","floor":41,"turns":3},{"damage":0,"enemies":"3 Shapes","floor":42,"turns":1},{"damage":25,"enemies":"Donu and Deca","floor":50,"turns":4},{"damage":0,"enemies":"Shield and Spear","floor":54,"turns":3},{"damage":50,"enemies":"The Heart","floor":55,"turns":4}],"seed_played":"-2983326657799221213","potions_obtained":[{"floor":2.0,"key":"SpeedPotion"},{"floor":13,"key":"Fire Potion"},{"floor":21,"key":"ColorlessPotion"},{"floor":24,"key":"Block Potion"},{"floor":33,"key":"SkillPotion"},{"floor":35,"key":"EssenceOfSteel"},{"floor":36,"key":"Block Potion"},{"floor":44,"key":"DistilledChaos"},{"floor":44,"key":"DistilledChaos"},{"floor":44,"key":"EntropicBrew"},{"floor":54,"key":"BlessingOfTheForge"}],"is_trial":false,"path_per_floor":["M","M","$","?","?","E","?","E","T","$","R","?","E","M","R","B",null,"M","?","$","M","?","R","E","M","T","M","M","$","?","M","R","B",null,"M","?","$","?","$","E","E","M","T","$","R","?","T","$","R","B",null,"R","$","E","B",null],"character_chosen":"IRONCLAD","items_purchased":["True Grit","Chaos","Leech","Lantern","DemoMod:GnawedKey","ElixirPotion","Strength Potion","MerchantsRug","DemoMod:LamentConfigurum","Symbiotic Virus","Vajra","HornCleat","DemoMod:PinkGuonStone","Pantograph","Dark Embrace","PowerPotion","Block Potion","Unceasing Top","DistilledChaos","DemoMod:WeirdEgg","TheBattery","BookOfRevelations","Black Star","Charon\u0027s Ashes","Molten Egg 2","Magic Flower","InkBottle","Cauldron","Runic Cube","Letter Opener","DemoMod:Bottle","BloodPotion","Empty Cage","Paper Crane","Membership Card","DemoMod:WhiteBlade+1"],"campfire_rested":0,"item_purchase_floors":[3,3,3,3,3,3,3,3,10,10,10,20,20,20,20,20,20,29,29,37,37,37,39,39,39,44,44,44,48,48,48,48,53,53,53,53],"current_hp_per_floor":[74,75,75,75,75,75,68,61,61,61,61,61,69,75,75,62,72,71,71,78,82,82,82,43,52,52,62,72,72,51,61,61,36,71,80,75,75,75,75,50,58,64,64,64,64,64,64,64,64,66,78,78,78,82,48],"gold":270,"neow_bonus":"THREE_ENEMY_KILL","is_daily":false,"chose_seed":false,"campfire_upgraded":6,"win_rate":0.0,"timestamp":1610188361,"path_taken":["M","M","$","?","?","E","?","E","T","$","R","?","E","M","R","BOSS","M","?","$","?","?","R","E","?","T","M","M","$","?","M","R","BOSS","M","?","$","?","$","E","E","?","T","?","R","?","?","$","R","BOSS","R","$","E","BOSS"],"items_purchased_type":["Card","Card","Relic","Relic","Relic","Potion","Potion","Relic","Relic","Relic","Relic","Relic","Relic","Relic","Card","Potion","Potion","Relic","Potion","Relic","Relic","Relic","Relic","Relic","Relic","Relic","Relic","Relic","Relic","Relic","Relic","Potion","Relic","Relic","Relic","Card"],"build_version":"2020-12-22","purchased_purges":9,"victory":true,"max_hp_per_floor":[75,75,75,75,75,75,75,75,75,75,75,75,75,75,75,75,75,75,75,82,82,82,82,82,82,82,82,82,82,82,82,82,82,82,82,82,82,82,82,82,82,82,82,82,82,82,82,82,82,82,82,82,82,82,82],"relic_stats":{"counters":[23,83],"Magic Flower":[9],"Charon\u0027s Ashes":[305],"Letter Opener":[30],"Burning Blood":125,"Cables":[25,0,0,25,0],"Emotion Chip":[19,0,0,19,0],"Mummified Hand":[12],"Pantograph":39,"Black Star":3,"Art of War":[1],"HandDrill":[0],"Kunai":[10],"obtain_stats":[{"Chaos":3,"NineVolt":24,"Vajra":10,"DemoMod:GlassGuonStoneRelic":14,"Leech":3,"HornCleat":20,"DemoMod:Metronome":17,"DemoMod:LamentConfigurum":10,"Succubus":8,"TuHaoJin":13,"MyShadow":41,"HandDrill":54,"Kunai":16,"DemoMod:ClearGuonStone":43,"Runic Cube":48,"KeepersGift":0,"MerchantsRug":3,"BookOfRevelations":37,"Charon\u0027s Ashes":39,"Letter Opener":48,"Incubus":25,"Paper Crane":53,"Cables":37,"Molten Egg 2":39,"Black Star":39,"HushsDoor":0,"Symbiotic Virus":10,"Unceasing Top":29,"Lantern":3,"Enchiridion":30,"Magic Flower":44,"TheBattery":37,"DemoMod:WhiteGuonStone":9,"MomsKnife":36,"Empty Cage":53,"Burning Blood":0,"Frozen Eye":41,"Emotion Chip":6,"Mummified Hand":47,"Pantograph":20,"WingedGreaves":36,"DemoMod:GnawedKey":3,"InkBottle":44,"Ring of the Snake":54,"Potion Belt":34,"DoctorsRemote":0,"NeowsBlessing":0,"The Specimen":40,"DemoMod:WeirdEgg":37,"DemoMod:PinkGuonStone":20,"Habit":54,"Cauldron":44,"Art of War":40,"Membership Card":53,"DemoMod:Bottle":48},{"Chaos":2,"NineVolt":10,"Vajra":4,"DemoMod:GlassGuonStoneRelic":6,"Leech":2,"HornCleat":8,"DemoMod:Metronome":7,"DemoMod:LamentConfigurum":4,"Succubus":4,"TuHaoJin":5,"MyShadow":19,"HandDrill":22,"Kunai":7,"DemoMod:ClearGuonStone":20,"Runic Cube":20,"KeepersGift":0,"MerchantsRug":2,"BookOfRevelations":17,"Charon\u0027s Ashes":17,"Letter Opener":20,"Incubus":11,"Paper Crane":21,"Cables":17,"Molten Egg 2":17,"Black Star":17,"HushsDoor":0,"Symbiotic Virus":4,"Unceasing Top":13,"Lantern":2,"Enchiridion":13,"Magic Flower":20,"TheBattery":17,"DemoMod:WhiteGuonStone":4,"MomsKnife":17,"Empty Cage":21,"Burning Blood":0,"Frozen Eye":19,"Emotion Chip":3,"Mummified Hand":20,"Pantograph":8,"WingedGreaves":17,"DemoMod:GnawedKey":2,"InkBottle":20,"Ring of the Snake":22,"Potion Belt":15,"DoctorsRemote":0,"NeowsBlessing":0,"The Specimen":18,"DemoMod:WeirdEgg":17,"DemoMod:PinkGuonStone":8,"Habit":22,"Cauldron":20,"Art of War":18,"Membership Card":21,"DemoMod:Bottle":20},{"Chaos":2,"NineVolt":30,"Vajra":6,"DemoMod:GlassGuonStoneRelic":9,"Leech":2,"HornCleat":20,"DemoMod:Metronome":16,"DemoMod:LamentConfigurum":6,"Succubus":6,"TuHaoJin":8,"MyShadow":71,"HandDrill":79,"Kunai":12,"DemoMod:ClearGuonStone":72,"Runic Cube":72,"KeepersGift":0,"MerchantsRug":2,"BookOfRevelations":63,"Charon\u0027s Ashes":63,"Letter Opener":72,"Incubus":32,"Paper Crane":76,"Cables":63,"Molten Egg 2":63,"Black Star":63,"HushsDoor":0,"Symbiotic Virus":6,"Unceasing Top":44,"Lantern":2,"Enchiridion":44,"Magic Flower":72,"TheBattery":63,"DemoMod:WhiteGuonStone":6,"MomsKnife":62,"Empty Cage":76,"Burning Blood":0,"Frozen Eye":71,"Emotion Chip":3,"Mummified Hand":72,"Pantograph":20,"WingedGreaves":63,"DemoMod:GnawedKey":2,"InkBottle":72,"Ring of the Snake":79,"Potion Belt":57,"DoctorsRemote":0,"NeowsBlessing":0,"The Specimen":68,"DemoMod:WeirdEgg":63,"DemoMod:PinkGuonStone":20,"Habit":78,"Cauldron":72,"Art of War":68,"Membership Card":76,"DemoMod:Bottle":72}],"Unceasing Top":[14],"InkBottle":[5],"Runic Cube":[14],"Ring of the Snake":[2]},"card_choices":[{"not_picked":[],"picked":"Bomb","floor":0.0},{"not_picked":["Havoc","Anger"],"picked":"Limit Break","floor":1.0},{"not_picked":["Iron Wave","Wild Strike"],"picked":"True Grit","floor":2.0},{"not_picked":["Sentinel","Combust"],"picked":"Armaments","floor":6},{"not_picked":["DemoMod:BlackBlade","Disarm"],"picked":"Immolate","floor":8},{"not_picked":["Sword Boomerang","Blood for Blood"],"picked":"Intimidate","floor":13},{"not_picked":["Body Slam","Carnage","Intimidate"],"picked":"SKIP","floor":14},{"not_picked":["Exhume","Juggernaut"],"picked":"Corruption","floor":16},{"not_picked":["Clothesline","Evolve"],"picked":"Second Wind","floor":18},{"not_picked":["Dropkick","Hemokinesis","Armaments"],"picked":"SKIP","floor":21},{"not_picked":["DemoMod:WhiteBlade+1","Sentinel","Twin Strike+1"],"picked":"SKIP","floor":24},{"not_picked":["Flex","Clothesline","Whirlwind"],"picked":"SKIP","floor":25},{"not_picked":["Sword Boomerang","Bloodletting","Clash"],"picked":"SKIP","floor":27},{"not_picked":["Feed","Havoc","Warcry+1"],"picked":"SKIP","floor":28},{"not_picked":["True Grit","Bloodletting+1","Sentinel"],"picked":"SKIP","floor":31},{"not_picked":["Corruption","Feed"],"picked":"Berserk","floor":33},{"not_picked":["Clash","True Grit","Wild Strike"],"picked":"SKIP","floor":35},{"not_picked":["Sword Boomerang+1","Twin Strike+1"],"picked":"Second Wind+1","floor":36},{"not_picked":["Cleave+1","Twin Strike+1","Pummel+1"],"picked":"SKIP","floor":40},{"not_picked":["Impervious","Heavy Blade+1","Reckless Charge+1"],"picked":"SKIP","floor":41},{"not_picked":["Body Slam+1","Clothesline+1","Burning Pact"],"picked":"SKIP","floor":42},{"not_picked":["Purity","Blind"],"picked":"Battery","floor":46},{"not_picked":["Pummel+1","Dual Wield"],"picked":"Inflame+1","floor":54}],"player_experience":560478,"relics_obtained":[{"floor":6,"key":"Emotion Chip"},{"floor":8,"key":"Succubus"},{"floor":9,"key":"DemoMod:WhiteGuonStone"},{"floor":13,"key":"TuHaoJin"},{"floor":24,"key":"NineVolt"},{"floor":30,"key":"Enchiridion"},{"floor":36,"key":"WingedGreaves"},{"floor":40,"key":"The Specimen"},{"floor":40,"key":"Art of War"},{"floor":41,"key":"MyShadow"},{"floor":41,"key":"Frozen Eye"},{"floor":43,"key":"DemoMod:ClearGuonStone"},{"floor":47,"key":"Mummified Hand"},{"floor":54,"key":"Ring of the Snake"},{"floor":54,"key":"HandDrill"}],"event_choices":[{"cards_removed":["Strike_R"],"damage_healed":0,"gold_gain":0,"player_choice":"Card Removal","damage_taken":0,"max_hp_gain":0,"max_hp_loss":0,"event_name":"The Cleric","floor":4,"gold_loss":75},{"damage_healed":0,"gold_gain":0,"player_choice":"Got Potions","damage_taken":0,"max_hp_gain":0,"max_hp_loss":0,"event_name":"Lab","floor":5,"gold_loss":0},{"cards_removed":["True Grit"],"damage_healed":0,"gold_gain":0,"player_choice":"Card Removal","damage_taken":7,"max_hp_gain":0,"max_hp_loss":0,"event_name":"Golden Wing","floor":7,"gold_loss":0},{"cards_removed":["Strike_R"],"damage_healed":0,"gold_gain":0,"player_choice":"Gave Gold","damage_taken":0,"max_hp_gain":0,"max_hp_loss":0,"event_name":"Beggar","floor":19,"gold_loss":75},{"damage_healed":0,"gold_gain":0,"player_choice":"Obtained Book","damage_taken":21,"max_hp_gain":0,"max_hp_loss":0,"event_name":"Cursed Tome","floor":30,"gold_loss":0},{"damage_healed":0,"gold_gain":0,"player_choice":"Fight","damage_taken":0,"max_hp_gain":0,"max_hp_loss":0,"event_name":"Mysterious Sphere","floor":36,"gold_loss":0},{"cards_removed":["Defend_R"],"damage_healed":0,"gold_gain":0,"player_choice":"Removed Skill","damage_taken":0,"max_hp_gain":0,"max_hp_loss":0,"event_name":"Falling","floor":38,"gold_loss":0},{"damage_healed":0,"gold_gain":0,"player_choice":"Memory 1","damage_taken":0,"max_hp_gain":0,"max_hp_loss":0,"event_name":"SensoryStone","floor":46,"gold_loss":0}],"is_beta":false,"boss_relics":[{"not_picked":["Centennial Puzzle","SlaversCollar"],"picked":"DemoMod:Metronome"},{"not_picked":[]},{"not_picked":["DemoMod:MonsterBlood","Lee\u0027s Waffle"],"picked":"Potion Belt"},{"not_picked":[]}],"items_purged_floors":[3,10,20,29,37,39,44,48,53],"is_endless":false,"potions_floor_spawned":[2,6,8,13,21,24,33,35,36,54],"ascension_level":18}}