{"host":"08z5bj28eube4vug","time":1610235975,"event":{"mods":["2.2 Compatiblity","Abigail Mod","Act Like it!","BaseMod","Beaked The Cultist","Bestiary","Friendly Minions","Gensokyo","GungeonMod","Hallownest","Kiyohime????","Koishi","Lobotomy","Marisa????????","Minty Spire (QoL Compilation)","Prisma Mod","Remilia??????","Replay The Spire","StSLib","Td1madao Mod","The Alterego","The Bug Knight","The Jungle","The Sage","The Senshi","The Servant 0.9.4","Waifu the Spire","WarShipGirlsR/????R mod","Yuri Mod"],"gold_per_floor":[10,21,21,69,85,120,120,134,159,179,179,22,22,47,47,149,149,168,178,178,197,209,209,237,256,256,272,272,298,298,298,298,393,393,413,267,283,336,21,21,54,54,78,88,122,122,135,151,151,151],"floor_reached":51,"playtime":3079,"items_purged":[],"score":1392,"play_id":"2def0ebe-9e93-4430-a713-70af646c15b0","local_time":"20210110024614","is_ascension_mode":true,"campfire_choices":[{"data":"alterego_mod:BigMeatyClaws","floor":7.0,"key":"SMITH"},{"data":"alterego_mod:Cushion","floor":11.0,"key":"SMITH"},{"data":"alterego_mod:BrynhildrsRune","floor":13.0,"key":"SMITH"},{"data":"alterego_mod:Pet","floor":15.0,"key":"SMITH"},{"data":"alterego_mod:PainIsPleasure","floor":23.0,"key":"SMITH"},{"data":"alterego_mod:Mirror","floor":28.0,"key":"SMITH"},{"floor":30.0,"key":"REST"},{"data":"alterego_mod:Impale","floor":32.0,"key":"SMITH"},{"data":"alterego_mod:Rip","floor":40.0,"key":"SMITH"},{"data":"alterego_mod:Undulate","floor":42.0,"key":"SMITH"},{"data":"alterego_mod:BreastValley","floor":49,"key":"SMITH"}],"circlet_count":0,"master_deck":["alterego_mod:Strike","alterego_mod:Strike+1","alterego_mod:Strike","alterego_mod:Strike","alterego_mod:Defend+1","alterego_mod:Defend+1","alterego_mod:Defend+1","alterego_mod:Impale+1","alterego_mod:BigMeatyClaws+1","alterego_mod:BrynhildrsRune+1","alterego_mod:Exercise+1","alterego_mod:Undulate+1","alterego_mod:SakuraFive+1","alterego_mod:Cushion+1","alterego_mod:Pet+1","alterego_mod:PainIsPleasure+1","alterego_mod:Mirror+1","Necronomicurse","alterego_mod:Rip+1","alterego_mod:Nekomimi+1","RitualDagger+1","alterego_mod:Venus+1","alterego_mod:SideboobHour+1","alterego_mod:Nekomimi+1","alterego_mod:Rake+1","alterego_mod:SakuraLabyrinth+1","alterego_mod:Pet+1","alterego_mod:BreastValley+1","alterego_mod:Swimsuit+1"],"relics":["alterego_mod:MasochisticConstitution","DemoMod:Relodestone","Molten Egg 2","Regal Pillow","DemoMod:MeatBun","DemoMod:Metronome","Necronomicon","Whetstone","Shuriken","Replay:Bottled Eggs","Ring of Chaos","Bag of Marbles","WingedGreaves","Blood Vial","Replay:Baseball","Happy Flower"],"acts_visited":["Exordium","TheCity","TheBeyond"],"potions_floor_usage":[50,50,50],"damage_taken":[{"damage":0.0,"enemies":"2 Louse","floor":1.0,"turns":3.0},{"damage":7.0,"enemies":"Jaw Worm","floor":2.0,"turns":5.0},{"damage":10.0,"enemies":"Cultist","floor":5.0,"turns":3.0},{"damage":0.0,"enemies":"HollowMod:MossKnight","floor":6.0,"turns":7.0},{"damage":2.0,"enemies":"Exordium Thugs","floor":8.0,"turns":4.0},{"damage":0.0,"enemies":"Large Slime","floor":10.0,"turns":3.0},{"damage":0.0,"enemies":"Gremlin Nob","floor":14.0,"turns":2.0},{"damage":0.0,"enemies":"Fading Forest","floor":16.0,"turns":11.0},{"damage":0.0,"enemies":"Spheric Guardian","floor":18.0,"turns":3.0},{"damage":4.0,"enemies":"Shell Parasite","floor":19.0,"turns":5.0},{"damage":3.0,"enemies":"Snake Plant","floor":21.0,"turns":4.0},{"damage":18.0,"enemies":"Snecko","floor":22.0,"turns":5.0},{"damage":15.0,"enemies":"Slavers","floor":24.0,"turns":7.0},{"damage":9.0,"enemies":"Cultist and Chosen","floor":25.0,"turns":4.0},{"damage":5.0,"enemies":"3 Cultists","floor":27.0,"turns":5.0},{"damage":26.0,"enemies":"HollowMod:Nosk","floor":29.0,"turns":6.0},{"damage":39.0,"enemies":"Pondfish","floor":33.0,"turns":11.0},{"damage":17.0,"enemies":"Orb Walker","floor":35.0,"turns":5.0},{"damage":13.0,"enemies":"3 Darklings","floor":37.0,"turns":7.0},{"damage":31.0,"enemies":"2 Orb Walkers","floor":38.0,"turns":7.0},{"damage":7.0,"enemies":"R_Hoarder","floor":41.0,"turns":5.0},{"damage":18.0,"enemies":"4 Shapes","floor":44.0,"turns":6.0},{"damage":0,"enemies":"Nemesis","floor":45,"turns":1},{"damage":0,"enemies":"Spire Growth","floor":47,"turns":2},{"damage":26,"enemies":"Maw","floor":48,"turns":5},{"damage":60,"enemies":"Time Eater","floor":50,"turns":8}],"seed_played":"-3641049577298262918","potions_obtained":[{"floor":4.0,"key":"Reflective Coating"},{"floor":4.0,"key":"Strength Potion"},{"floor":4.0,"key":"CultistPotion"},{"floor":10.0,"key":"Elixir"},{"floor":16.0,"key":"Elixir"},{"floor":18.0,"key":"BlessingOfTheForge"},{"floor":22.0,"key":"SpeedPotion"},{"floor":24.0,"key":"Adrenaline Potion"},{"floor":29.0,"key":"Ancient Potion"},{"floor":37.0,"key":"Fruit Juice"},{"floor":38.0,"key":"LifebloodPotion"},{"floor":45,"key":"Explosive Potion"},{"floor":47,"key":"Reflective Coating"}],"is_trial":false,"path_per_floor":["M","M","$","?","M","E","R","M","T","M","R","$","R","E","R","B",null,"M","M","?","M","M","R","E","M","T","M","R","E","R","?","R","B",null,"M","$","M","?","$","R","E","R","T","M","E","?","M","M","R","B",null],"character_chosen":"The_Alterego","items_purchased":["DemoMod:MeatBun","Bag of Marbles","alterego_mod:Rake+1","Fruit Juice","Dexterity Potion"],"campfire_rested":1,"item_purchase_floors":[12,36,39,39,39],"current_hp_per_floor":[63,57,57,40,31,31,31,30,30,30,30,44,44,44,44,59,70,70,74,58,56,39,39,32,24,24,34,34,9,48,42,42,28,68,62,62,55,65,70,70,88,88,88,82,84,84,86,63,63,30],"gold":151,"neow_bonus":"ONE_RARE_RELIC","is_daily":false,"chose_seed":false,"campfire_upgraded":10,"win_rate":0.0,"timestamp":1610235974,"path_taken":["M","M","$","?","M","E","R","M","T","M","R","?","R","E","R","BOSS","M","M","?","M","M","R","E","M","T","M","R","E","R","?","R","BOSS","M","$","M","?","$","R","E","R","T","M","E","?","M","M","R","BOSS"],"items_purchased_type":["Relic","Relic","Card","Potion","Potion"],"build_version":"2020-12-22","purchased_purges":0,"victory":true,"max_hp_per_floor":[70,71,71,71,72,72,72,73,73,73,73,73,73,73,73,73,73,73,74,74,75,76,76,77,78,78,79,79,80,80,80,80,81,81,82,82,88,89,94,94,95,95,95,96,96,96,96,97,97,98],"card_choices":[{"not_picked":["alterego_mod:PerceptionDisorder","alterego_mod:HighServant","alterego_mod:Crossover"],"picked":"SKIP","floor":1.0},{"not_picked":["alterego_mod:Crossover","alterego_mod:Valentines"],"picked":"alterego_mod:Exercise","floor":2.0},{"not_picked":["alterego_mod:IndependentAction","alterego_mod:1TonWallop"],"picked":"alterego_mod:Undulate","floor":5.0},{"not_picked":["alterego_mod:1TonWallop+1","alterego_mod:Lingerie+1"],"picked":"alterego_mod:SakuraFive+1","floor":6.0},{"not_picked":["alterego_mod:DeftHands+1","alterego_mod:GoddessCore+1","alterego_mod:MagicResistance"],"picked":"SKIP","floor":8.0},{"not_picked":["alterego_mod:MagicResistance","alterego_mod:Clap"],"picked":"alterego_mod:Cushion","floor":10.0},{"not_picked":["alterego_mod:VirginLaserPalladion+1","alterego_mod:GoddessCore+1"],"picked":"alterego_mod:Pet","floor":14.0},{"not_picked":["alterego_mod:Antipathy","alterego_mod:Valkyrie+1"],"picked":"alterego_mod:PainIsPleasure","floor":16.0},{"not_picked":["alterego_mod:BustOut+1","alterego_mod:HighServant"],"picked":"alterego_mod:Mirror","floor":18.0},{"not_picked":["alterego_mod:DestructionOfProperty","alterego_mod:SuperDuperMasochism","alterego_mod:PurpleHair"],"picked":"SKIP","floor":19.0},{"not_picked":["alterego_mod:Skirt+1","alterego_mod:Punishment"],"picked":"alterego_mod:Rip","floor":21.0},{"not_picked":["alterego_mod:TrashNCrash","alterego_mod:DeftHands+1","alterego_mod:SuperDuperMasochism"],"picked":"SKIP","floor":22.0},{"not_picked":["alterego_mod:Valentines","alterego_mod:Rip","alterego_mod:Skirt+1"],"picked":"SKIP","floor":24.0},{"not_picked":["alterego_mod:Bounce+1","alterego_mod:1TonWallop+1"],"picked":"alterego_mod:Nekomimi+1","floor":25.0},{"not_picked":["alterego_mod:TrashNCrash","alterego_mod:SideboobHour+1","alterego_mod:BoobPocket"],"picked":"SKIP","floor":27.0},{"not_picked":["alterego_mod:IndependentAction","alterego_mod:SuperDuperMasochism+1","alterego_mod:DeftHands+1"],"picked":"SKIP","floor":29.0},{"not_picked":["alterego_mod:VirginLaserPalladion+1","alterego_mod:STier"],"picked":"alterego_mod:Venus+1","floor":33.0},{"not_picked":["alterego_mod:SideboobHour+1","alterego_mod:DeftHands+1","alterego_mod:Cycle+1"],"picked":"SKIP","floor":35.0},{"not_picked":["alterego_mod:DeftHands+1","alterego_mod:Cycle+1"],"picked":"alterego_mod:SideboobHour+1","floor":35.0},{"not_picked":["alterego_mod:Cycle","alterego_mod:Undulate"],"picked":"alterego_mod:Nekomimi+1","floor":37.0},{"not_picked":["alterego_mod:RocketPunch+1","alterego_mod:TrashNCrash+1"],"picked":"alterego_mod:SakuraLabyrinth+1","floor":41.0},{"not_picked":["alterego_mod:RingBreak","alterego_mod:MagicResistance"],"picked":"alterego_mod:Pet+1","floor":44.0},{"not_picked":["alterego_mod:InsideBaseball","alterego_mod:BoobPocket"],"picked":"alterego_mod:BreastValley","floor":45},{"not_picked":["alterego_mod:Maid+1","alterego_mod:BiFurious+1","alterego_mod:Bounce+1"],"picked":"SKIP","floor":47},{"not_picked":["alterego_mod:Belts+1","alterego_mod:DiscoLights"],"picked":"alterego_mod:Swimsuit+1","floor":48}],"player_experience":763257,"relics_obtained":[{"floor":6.0,"key":"Molten Egg 2"},{"floor":9.0,"key":"Regal Pillow"},{"floor":14.0,"key":"DemoMod:Metronome"},{"floor":20.0,"key":"Necronomicon"},{"floor":24.0,"key":"DemoMod:WeirdEgg"},{"floor":26.0,"key":"Shuriken"},{"floor":29.0,"key":"Replay:Bottled Eggs"},{"floor":38.0,"key":"WingedGreaves"},{"floor":41.0,"key":"Blood Vial"},{"floor":43.0,"key":"Replay:Baseball"},{"floor":45,"key":"Happy Flower"}],"event_choices":[{"damage_healed":0.0,"max_hp_gain":0.0,"max_hp_loss":0.0,"gold_gain":0.0,"event_name":"Cursed Tome","player_choice":"Obtained Book","floor":20.0,"gold_loss":0.0,"damage_taken":16.0},{"damage_healed":0.0,"max_hp_gain":0.0,"max_hp_loss":0.0,"gold_gain":0.0,"event_name":"Nest","player_choice":"Joined the Cult","floor":31.0,"gold_loss":0.0,"damage_taken":6.0,"cards_obtained":["RitualDagger"]},{"damage_healed":0.0,"max_hp_gain":0.0,"max_hp_loss":0.0,"gold_gain":0.0,"event_name":"Mysterious Sphere","player_choice":"Fight","floor":38.0,"gold_loss":0.0,"damage_taken":0.0},{"cards_removed":["alterego_mod:Defend"],"damage_healed":0,"gold_gain":0,"player_choice":"Removed Skill","damage_taken":0,"max_hp_gain":0,"max_hp_loss":0,"event_name":"Falling","floor":46,"gold_loss":0}],"is_beta":false,"boss_relics":[{"not_picked":["Coffee Dripper","Replay:Drink Me","Pandora\u0027s Box"]},{"not_picked":["Honey Jar","Snecko Eye"],"picked":"Ring of Chaos"}],"items_purged_floors":[],"is_endless":false,"potions_floor_spawned":[5,10,16,18,22,24,29,37,38,45,47,48],"ascension_level":6}}