{"host":"w3x3n9s6mrz4xpf0","time":1610170808,"event":{"mods":["BaseMod","Minty Spire (QoL Compilation)","StSLib","SuperFastMode"],"gold_per_floor":[99,99,99,99,99,99,99,99,99,99,99,99,99,99,99,99,99,99,39,39,39,39,39,39,39,39,39,39,39,39,39,39,39,39,39,39,39,39,39,39,39,39,39,39,39,39,39,39,39,39,39,39],"floor_reached":51,"playtime":2213,"items_purged":[],"score":1544,"play_id":"e95550f9-1673-4ee4-abd4-7f5827835bcc","local_time":"20210109144008","is_ascension_mode":true,"campfire_choices":[{"data":"Dagger Spray","floor":6.0,"key":"SMITH"},{"data":"Glass Knife","floor":8.0,"key":"SMITH"},{"data":"Deadly Poison","floor":10.0,"key":"SMITH"},{"data":"Outmaneuver","floor":15.0,"key":"SMITH"},{"data":"Cloak And Dagger","floor":23.0,"key":"SMITH"},{"data":"Infinite Blades","floor":25.0,"key":"SMITH"},{"data":"Accuracy","floor":29.0,"key":"SMITH"},{"data":"Malaise","floor":32.0,"key":"SMITH"},{"data":"After Image","floor":41,"key":"SMITH"},{"floor":49,"key":"RECALL"}],"circlet_count":0,"master_deck":["AscendersBane","Survivor","Neutralize","Deadly Poison+1","Dagger Spray+1","All Out Attack","Glass Knife+1","Dash","Outmaneuver+1","Malaise+1","Infinite Blades+1","Leg Sweep","Flying Knee","Blur","Corpse Explosion","Caltrops","Unload","Dagger Throw","Cloak And Dagger+1","Crippling Poison","Accuracy+1","PiercingWail+1","After Image+1","Infinite Blades","Accuracy+1","Cloak And Dagger+1","Terror","Infinite Blades","Blur+1","Accuracy"],"relics":["Ectoplasm","Dead Branch","Eternal Feather","InkBottle","Pandora\u0027s Box","HornCleat","Ancient Tea Set","Sozu","Paper Crane","Question Card"],"acts_visited":["Exordium","TheCity","TheBeyond"],"potions_floor_usage":[],"damage_taken":[{"damage":0.0,"enemies":"Small Slimes","floor":1.0,"turns":4.0},{"damage":0.0,"enemies":"2 Louse","floor":3.0,"turns":5.0},{"damage":0.0,"enemies":"Jaw Worm","floor":4.0,"turns":4.0},{"damage":0.0,"enemies":"2 Fungi Beasts","floor":5.0,"turns":4.0},{"damage":10.0,"enemies":"3 Sentries","floor":7.0,"turns":4.0},{"damage":16.0,"enemies":"Exordium Thugs","floor":11.0,"turns":4.0},{"damage":24.0,"enemies":"Gremlin Nob","floor":12.0,"turns":4.0},{"damage":8.0,"enemies":"Large Slime","floor":13.0,"turns":5.0},{"damage":13.0,"enemies":"Hexaghost","floor":16.0,"turns":10.0},{"damage":12.0,"enemies":"3 Byrds","floor":18.0,"turns":3.0},{"damage":21.0,"enemies":"2 Thieves","floor":19.0,"turns":3.0},{"damage":0.0,"enemies":"3 Cultists","floor":20.0,"turns":2.0},{"damage":5.0,"enemies":"Chosen and Byrds","floor":21.0,"turns":5.0},{"damage":6.0,"enemies":"Centurion and Healer","floor":22.0,"turns":3.0},{"damage":0.0,"enemies":"Cultist and Chosen","floor":27.0,"turns":5.0},{"damage":0.0,"enemies":"Sentry and Sphere","floor":28.0,"turns":3.0},{"damage":28.0,"enemies":"Gremlin Leader","floor":30.0,"turns":4.0},{"damage":0.0,"enemies":"Chosen and Byrds","floor":31.0,"turns":3.0},{"damage":0.0,"enemies":"Automaton","floor":33.0,"turns":8.0},{"damage":9.0,"enemies":"3 Shapes","floor":35.0,"turns":2.0},{"damage":0.0,"enemies":"Orb Walker","floor":36.0,"turns":3.0},{"damage":26.0,"enemies":"Jaw Worm Horde","floor":38.0,"turns":4.0},{"damage":0.0,"enemies":"Sphere and 2 Shapes","floor":39.0,"turns":4.0},{"damage":6.0,"enemies":"Giant Head","floor":40.0,"turns":8.0},{"damage":0,"enemies":"Writhing Mass","floor":42,"turns":4},{"damage":10,"enemies":"Transient","floor":44,"turns":6},{"damage":14,"enemies":"Reptomancer","floor":46,"turns":6},{"damage":0,"enemies":"3 Darklings","floor":47,"turns":3},{"damage":21,"enemies":"Awakened One","floor":50,"turns":8},{"damage":8,"enemies":"Time Eater","floor":51,"turns":1}],"seed_played":"-5757904783676699163","potions_obtained":[{"floor":3.0,"key":"DuplicationPotion"},{"floor":7.0,"key":"SpeedPotion"},{"floor":12.0,"key":"SpeedPotion"},{"floor":13.0,"key":"Dexterity Potion"},{"floor":21.0,"key":"CultistPotion"},{"floor":22.0,"key":"SpeedPotion"},{"floor":27.0,"key":"GhostInAJar"}],"is_trial":false,"path_per_floor":["M","?","M","M","M","R","E","R","T","R","M","E","M","?","R","B",null,"M","M","M","M","M","R","?","R","T","M","M","R","E","M","R","B",null,"M","M","?","M","M","E","R","M","T","M","$","E","M","?","R","B","B"],"character_chosen":"THE_SILENT","items_purchased":[],"campfire_rested":0,"item_purchase_floors":[],"current_hp_per_floor":[59,52,52,52,52,52,42,42,42,51,35,11,3,8,17,4,54,42,21,21,16,10,22,22,34,34,34,34,46,18,18,30,30,61,52,52,52,26,26,20,35,35,35,25,25,11,11,11,29,8,0,0],"gold":39,"neow_bonus":"BOSS_RELIC","is_daily":false,"chose_seed":false,"campfire_upgraded":9,"win_rate":0.0,"timestamp":1610170808,"path_taken":["M","?","M","M","M","R","E","R","T","R","M","E","M","?","R","BOSS","M","M","M","M","M","R","?","R","T","M","M","R","E","M","R","BOSS","M","M","?","M","M","E","R","M","T","M","?","E","M","?","R","BOSS","BOSS"],"items_purchased_type":[],"build_version":"2020-12-22","purchased_purges":0,"victory":false,"max_hp_per_floor":[66,66,66,66,66,66,66,66,66,66,66,66,66,71,71,71,71,71,71,71,71,71,71,71,71,71,71,71,71,71,71,71,71,71,71,71,71,71,71,71,71,71,71,71,71,71,71,71,71,71,71,71],"card_choices":[{"not_picked":["Outmaneuver","Escape Plan"],"picked":"Deadly Poison","floor":3.0},{"not_picked":["Flying Knee","Dagger Throw"],"picked":"Dagger Spray","floor":4.0},{"not_picked":["Heel Hook","Terror"],"picked":"All Out Attack","floor":5.0},{"not_picked":["Caltrops","Prepared"],"picked":"Glass Knife","floor":7.0},{"not_picked":["Dagger Spray","Acrobatics"],"picked":"Dash","floor":11.0},{"not_picked":["Prepared","Bouncing Flask"],"picked":"Outmaneuver","floor":12.0},{"not_picked":["Dodge and Roll","Outmaneuver","Calculated Gamble"],"picked":"SKIP","floor":13.0},{"not_picked":["Corpse Explosion","A Thousand Cuts"],"picked":"Malaise","floor":16.0},{"not_picked":["Deflect","All Out Attack"],"picked":"Cloak And Dagger","floor":18.0},{"not_picked":["Bane","Quick Slash"],"picked":"Crippling Poison","floor":19.0},{"not_picked":["Deadly Poison","Predator+1","Dash"],"picked":"SKIP","floor":20.0},{"not_picked":["Outmaneuver","Prepared"],"picked":"Accuracy","floor":21.0},{"not_picked":["Dash","Masterful Stab","Slice"],"picked":"SKIP","floor":22.0},{"not_picked":["Dagger Spray+1","Tools of the Trade","Backflip"],"picked":"SKIP","floor":27.0},{"not_picked":["Poisoned Stab+1","Outmaneuver"],"picked":"PiercingWail+1","floor":28.0},{"not_picked":["Phantasmal Killer","Concentrate","Reflex"],"picked":"SKIP","floor":30.0},{"not_picked":["Flying Knee","Dagger Spray","Calculated Gamble"],"picked":"SKIP","floor":31.0},{"not_picked":["Doppelganger","Die Die Die"],"picked":"After Image","floor":33.0},{"not_picked":["Finisher","Eviscerate"],"picked":"Infinite Blades","floor":35.0},{"not_picked":["Quick Slash+1","Dagger Throw","Slice+1"],"picked":"SKIP","floor":36.0},{"not_picked":["Dagger Spray","Poisoned Stab","Flying Knee+1"],"picked":"SKIP","floor":38.0},{"not_picked":["Escape Plan","Reflex"],"picked":"Accuracy+1","floor":39.0},{"not_picked":["Eviscerate+1","Endless Agony"],"picked":"Cloak And Dagger+1","floor":40.0},{"not_picked":["Flying Knee+1","Deflect"],"picked":"Terror","floor":42},{"not_picked":["Blade Dance","Burst"],"picked":"Infinite Blades","floor":44},{"not_picked":["Flying Knee+1","Underhanded Strike"],"picked":"Blur+1","floor":46},{"not_picked":["Flying Knee+1","Dagger Throw","Quick Slash"],"picked":"Accuracy","floor":47}],"player_experience":124811,"relics_obtained":[{"floor":7.0,"key":"Dead Branch"},{"floor":9.0,"key":"Eternal Feather"},{"floor":12.0,"key":"InkBottle"},{"floor":26.0,"key":"HornCleat"},{"floor":30.0,"key":"Ancient Tea Set"},{"floor":40.0,"key":"Paper Crane"},{"floor":46,"key":"Question Card"}],"event_choices":[{"cards_removed":["Strike_G"],"damage_healed":0.0,"max_hp_gain":0.0,"max_hp_loss":0.0,"gold_gain":0.0,"event_name":"Golden Wing","player_choice":"Card Removal","floor":2.0,"gold_loss":0.0,"damage_taken":7.0},{"damage_healed":0.0,"max_hp_gain":5.0,"max_hp_loss":0.0,"gold_gain":0.0,"event_name":"Big Fish","player_choice":"Donut","floor":14.0,"gold_loss":0.0,"damage_taken":0.0},{"damage_healed":0.0,"max_hp_gain":0.0,"max_hp_loss":0.0,"gold_gain":0.0,"event_name":"Cursed Tome","player_choice":"Ignored","floor":24.0,"gold_loss":0.0,"damage_taken":0.0},{"cards_removed":["Bane"],"damage_healed":0.0,"max_hp_gain":0.0,"max_hp_loss":0.0,"gold_gain":0.0,"event_name":"Falling","player_choice":"Removed Attack","floor":37.0,"gold_loss":0.0,"damage_taken":0.0},{"damage_healed":0,"gold_gain":50,"player_choice":"Pray","damage_taken":0,"max_hp_gain":0,"max_hp_loss":0,"event_name":"Golden Shrine","floor":48,"gold_loss":0}],"is_beta":false,"boss_relics":[{"not_picked":["Runic Pyramid","WristBlade"],"picked":"Pandora\u0027s Box"},{"not_picked":["HoveringKite","Velvet Choker"],"picked":"Sozu"}],"items_purged_floors":[],"is_endless":false,"potions_floor_spawned":[3,7,12,13,21,22,27,28,30,31,35,38,40,47],"killed_by":"Time Eater","ascension_level":20}}