{"host":"Charlie","time":1610166633,"event":{"mods":["100% Spire Juice","Aspiration","BaseMod","Better Match","Better Skull","Better Third Choice","BetterRewards","ChefMod","Colored Map","Colored Powertips","Conspire","Curses Come First","Downfall","Ekko","Evolution","Friendly Minions","Halation","Hermit","Hubris","Infinite Spire","Luminous","Melee Mod","Minty Spire (QoL Compilation)","Quick Restart","Rare Cards Sparkle","Relic Stats","Robot Space Explorer","Shade Mod","Spicy Shops","StSLib","SuperFastMode","Synergy Search","The Animator","The Blue Laboratory","The Caster","The Cursed","The Dragon Tamer","The Factory","The Gatherer","The Jungle","The Marked","The Necromancer","Unceasing Turn Reminder","vexMod"],"gold_per_floor":[118,138,313,332,342,375,386,412,463,463,263,35,56,72,72,192,192,255,311,351,351],"floor_reached":20,"playtime":1700,"items_purged":["Doubt","ekkoTheBoyWhoShatteredTime:Strike"],"score":213,"play_id":"76b93067-356d-4d5b-ba43-99fe6e1b5b0c","local_time":"20210108203033","is_ascension_mode":false,"campfire_choices":[{"data":"ekkoTheBoyWhoShatteredTime:URF","floor":15,"key":"SMITH"}],"circlet_count":0,"master_deck":["ekkoTheBoyWhoShatteredTime:Strike","ekkoTheBoyWhoShatteredTime:Strike","ekkoTheBoyWhoShatteredTime:Strike","ekkoTheBoyWhoShatteredTime:Strike","ekkoTheBoyWhoShatteredTime:Defend","ekkoTheBoyWhoShatteredTime:Defend+1","ekkoTheBoyWhoShatteredTime:Defend+1","ekkoTheBoyWhoShatteredTime:Defend","ekkoTheBoyWhoShatteredTime:TimeMaster","Flash of Steel","ekkoTheBoyWhoShatteredTime:NeedlesslyLargeRod","ekkoTheBoyWhoShatteredTime:AfterimageDualStroke","ekkoTheBoyWhoShatteredTime:DefensiveStance","ekkoTheBoyWhoShatteredTime:URF+1","ekkoTheBoyWhoShatteredTime:NeedlesslyLargeRod","ekkoTheBoyWhoShatteredTime:TimeIndustry","hubris:Fate","conspire:SpireCoStock","conspire:SpireCoStock","conspire:SpireCoStock","conspire:SpireCoStock","ekkoTheBoyWhoShatteredTime:NeedlesslyLargeRod","ekkoTheBoyWhoShatteredTime:LichBane","ekkoTheBoyWhoShatteredTime:GrandeFinale","ekkoTheBoyWhoShatteredTime:VelocityConsuming"],"relics":["ekkoTheBoyWhoShatteredTime:zDriveResonance","EVO:Axolotl","vexMod:MemoryStick","Blue Candle","War Paint","hubris:HollowSoul"],"acts_visited":["Exordium","TheCity"],"potions_floor_usage":[6,8,16,18,20],"damage_taken":[{"damage":1,"enemies":"2 Louse","floor":1,"turns":3},{"damage":6,"enemies":"Jaw Worm","floor":2,"turns":4},{"damage":3,"enemies":"conspire:RoseBush","floor":4,"turns":5},{"damage":15,"enemies":"conspire:2 RoseBushes","floor":5,"turns":9},{"damage":20,"enemies":"3 Sentries","floor":6,"turns":9},{"damage":12,"enemies":"3 Louse","floor":7,"turns":4},{"damage":20,"enemies":"Gremlin Nob","floor":8,"turns":4},{"damage":1,"enemies":"Red Slaver","floor":13,"turns":3},{"damage":1,"enemies":"2 Fungi Beasts","floor":14,"turns":2},{"damage":6,"enemies":"Hexaghost","floor":16,"turns":6},{"damage":51,"enemies":"conspire:FuzzyDice","floor":18,"turns":8},{"damage":42,"enemies":"Spheric Guardian","floor":19,"turns":7},{"damage":21,"enemies":"conspire:MimicChest","floor":20,"turns":2}],"seed_played":"-6877005156776276111","potions_obtained":[{"floor":1,"key":"Strength Potion"},{"floor":4,"key":"blueLaboratory:FruitPreserves"},{"floor":6,"key":"blueLaboratory:PolymorphPotion"},{"floor":7,"key":"blueLaboratory:HorrorPotion"},{"floor":18,"key":"blueLaboratory:BottleOfVodka"},{"floor":19,"key":"SpeedPotion"}],"is_trial":false,"path_per_floor":["M","M","?","M","M","E","M","E","T","?","?","$","M","M","R","B",null,"M","M","?"],"character_chosen":"EKKO_THE_BOY_WHO_SHATTERED_TIME","items_purchased":["ekkoTheBoyWhoShatteredTime:NeedlesslyLargeRod"],"campfire_rested":0,"item_purchase_floors":[12],"current_hp_per_floor":[77,71,71,68,53,33,21,39,39,21,21,21,20,19,19,13,78,30,3,0,0],"gold":351,"neow_bonus":"RANDOM_COLORLESS","is_daily":false,"chose_seed":false,"campfire_upgraded":1,"win_rate":0.0,"timestamp":1610166633,"path_taken":["M","M","?","M","M","E","M","E","T","?","?","$","?","M","R","BOSS","M","M","?"],"items_purchased_type":["Card"],"build_version":"2020-12-18","purchased_purges":2,"victory":false,"max_hp_per_floor":[78,78,78,78,78,78,78,78,78,78,78,78,78,78,78,78,78,78,78,78,78],"relic_stats":{"counters":[13,69],"Blue Candle":[0],"War Paint":["ekkoTheBoyWhoShatteredTime:Defend","ekkoTheBoyWhoShatteredTime:Defend"],"obtain_stats":[{"vexMod:MemoryStick":6,"Blue Candle":8,"hubris:HollowSoul":17,"EVO:Axolotl":0,"War Paint":9,"ekkoTheBoyWhoShatteredTime:zDriveResonance":0},{"vexMod:MemoryStick":5,"Blue Candle":7,"hubris:HollowSoul":10,"EVO:Axolotl":0,"War Paint":7,"ekkoTheBoyWhoShatteredTime:zDriveResonance":0},{"vexMod:MemoryStick":30,"Blue Candle":38,"hubris:HollowSoul":49,"EVO:Axolotl":0,"War Paint":38,"ekkoTheBoyWhoShatteredTime:zDriveResonance":0}]},"card_choices":[{"not_picked":["expansioncontent:Sear","Enlightenment"],"picked":"Flash of Steel","floor":0},{"not_picked":["ekkoTheBoyWhoShatteredTime:Resocharge","ekkoTheBoyWhoShatteredTime:PhaseDive"],"picked":"ekkoTheBoyWhoShatteredTime:NeedlesslyLargeRod","floor":1},{"not_picked":["ekkoTheBoyWhoShatteredTime:CommittedStrike","ekkoTheBoyWhoShatteredTime:TimeRecall","ekkoTheBoyWhoShatteredTime:SneakHit"],"picked":"SKIP","floor":2},{"not_picked":["ekkoTheBoyWhoShatteredTime:FluidEnergy","ekkoTheBoyWhoShatteredTime:RecallingPunch"],"picked":"ekkoTheBoyWhoShatteredTime:AfterimageDualStroke","floor":4},{"not_picked":["ekkoTheBoyWhoShatteredTime:AfterimageBait","ekkoTheBoyWhoShatteredTime:Knowledge"],"picked":"ekkoTheBoyWhoShatteredTime:DefensiveStance","floor":5},{"not_picked":["ekkoTheBoyWhoShatteredTime:SneakHit","ekkoTheBoyWhoShatteredTime:MicCheck"],"picked":"ekkoTheBoyWhoShatteredTime:URF","floor":6},{"not_picked":["ekkoTheBoyWhoShatteredTime:AfterimageHit","ekkoTheBoyWhoShatteredTime:Knowledge"],"picked":"ekkoTheBoyWhoShatteredTime:NeedlesslyLargeRod","floor":7},{"not_picked":["ekkoTheBoyWhoShatteredTime:TimeRecall","ekkoTheBoyWhoShatteredTime:HextechProtobelt"],"picked":"ekkoTheBoyWhoShatteredTime:TimeIndustry","floor":8},{"not_picked":["hubris:Rewind","infinitespire:FutureSight"],"picked":"hubris:Fate","floor":10},{"not_picked":["ekkoTheBoyWhoShatteredTime:WideSlice","ekkoTheBoyWhoShatteredTime:PhaseDive"],"picked":"ekkoTheBoyWhoShatteredTime:LichBane","floor":13},{"not_picked":["ekkoTheBoyWhoShatteredTime:KneeNSwordCombo","ekkoTheBoyWhoShatteredTime:AfterimageBait","ekkoTheBoyWhoShatteredTime:CommittedStrike"],"picked":"SKIP","floor":14},{"not_picked":["ekkoTheBoyWhoShatteredTime:Periocharge","ekkoTheBoyWhoShatteredTime:SktSynergy"],"picked":"ekkoTheBoyWhoShatteredTime:GrandeFinale","floor":16},{"not_picked":["ekkoTheBoyWhoShatteredTime:FeelIt+1","ekkoTheBoyWhoShatteredTime:AfterimageTease"],"picked":"ekkoTheBoyWhoShatteredTime:VelocityConsuming","floor":18},{"not_picked":["ekkoTheBoyWhoShatteredTime:VelocityConsuming","ekkoTheBoyWhoShatteredTime:NaggingBlow","ekkoTheBoyWhoShatteredTime:Disturblast+1"],"picked":"SKIP","floor":19}],"player_experience":473473,"relics_obtained":[{"floor":6,"key":"vexMod:MemoryStick"},{"floor":8,"key":"Blue Candle"},{"floor":9,"key":"War Paint"}],"event_choices":[{"damage_healed":0,"gold_gain":175,"player_choice":"AGREE","damage_taken":138,"max_hp_gain":0,"max_hp_loss":0,"event_name":"betterThird:BetterSerpent","floor":3,"gold_loss":0},{"damage_healed":0,"gold_gain":0,"player_choice":"Invest 4","damage_taken":0,"max_hp_gain":0,"max_hp_loss":0,"event_name":"conspire:Investor","floor":11,"gold_loss":0}],"is_beta":true,"boss_relics":[{"not_picked":["halation:Yufonium","conspire:SlowCooker"],"picked":"hubris:HollowSoul"}],"items_purged_floors":[12,12],"is_endless":false,"potions_floor_spawned":[1,4,6,7,18,19],"killed_by":"conspire:MimicChest","ascension_level":0}}