{"host":"aaqofma31c3gm2hj","time":1610202080,"event":{"mods":["BaseMod","Minty Spire (QoL Compilation)","Replay The Spire","Spicy Shops","StSLib"],"gold_per_floor":[111,124,124,124,49,82,82,82,129,129,54,67,79,92,92,92,92],"floor_reached":16,"playtime":301,"items_purged":["Defend_B"],"score":250,"play_id":"31016dde-4937-4509-b8e1-2275f528c462","local_time":"20210109222120","is_ascension_mode":true,"campfire_choices":[{"data":"Zap","floor":7,"key":"SMITH"},{"data":"Dualcast","floor":10,"key":"SMITH"},{"data":"Recycle","floor":15,"key":"SMITH"}],"circlet_count":0,"master_deck":["AscendersBane","Strike_B","Strike_B","Defend_B","Defend_B","Defend_B","Zap+1","Dualcast+1","Hello World","Storm+1","Sunder","Recycle+1","Glacier"],"relics":["Cracked Core","NeowsBlessing","Juzu Bracelet","FaceOfCleric","Oddly Smooth Stone"],"acts_visited":["Exordium"],"potions_floor_usage":[],"damage_taken":[{"damage":0.0,"enemies":"2 Louse","floor":1.0,"turns":1.0},{"damage":0.0,"enemies":"Jaw Worm","floor":2.0,"turns":1.0},{"damage":0,"enemies":"3 Sentries","floor":6,"turns":2},{"damage":0,"enemies":"Cultist","floor":12,"turns":3},{"damage":11,"enemies":"Red Slaver","floor":13,"turns":3},{"damage":9,"enemies":"Blue Slaver","floor":14,"turns":4},{"damage":65,"enemies":"Fading Forest","floor":16,"turns":8}],"seed_played":"-7611749351891611473","potions_obtained":[{"floor":6,"key":"Reflective Coating"},{"floor":12,"key":"Block Potion"}],"is_trial":false,"path_per_floor":["M","M","?","?","?","E","R","?","T","R","$","M","M","M","R","B"],"character_chosen":"DEFECT","items_purchased":[],"campfire_rested":0,"item_purchase_floors":[],"current_hp_per_floor":[64,64,69,69,69,69,69,69,69,69,69,70,60,52,52,0,0],"gold":92,"neow_bonus":"THREE_ENEMY_KILL","is_daily":false,"chose_seed":false,"campfire_upgraded":3,"win_rate":0.0,"timestamp":1610202080,"path_taken":["M","M","?","?","?","E","R","?","T","R","?","M","M","M","R","BOSS"],"items_purchased_type":[],"build_version":"2020-12-22","purchased_purges":1,"victory":false,"max_hp_per_floor":[71,71,76,76,76,76,76,76,76,76,76,77,78,79,79,79,79],"card_choices":[{"not_picked":["Turbo","Chill"],"picked":"Hello World","floor":1.0},{"not_picked":["Streamline","Steam","ReplayTheSpireMod:Reroute Power"],"picked":"SKIP","floor":2.0},{"not_picked":["Sweeping Beam","Beam Cell","BasicCrystalCard"],"picked":"SKIP","floor":6},{"not_picked":["BasicCrystalCard","Go for the Eyes"],"picked":"Sunder","floor":12},{"not_picked":["Cold Snap","Leap"],"picked":"Recycle","floor":13},{"not_picked":["Redo","Capacitor"],"picked":"Glacier","floor":14}],"player_experience":574399,"relics_obtained":[{"floor":6,"key":"Juzu Bracelet"},{"floor":9,"key":"Oddly Smooth Stone"}],"event_choices":[{"damage_healed":0.0,"max_hp_gain":5.0,"max_hp_loss":0.0,"gold_gain":0.0,"event_name":"Big Fish","player_choice":"Donut","floor":3.0,"gold_loss":0.0,"damage_taken":0.0},{"cards_removed":["Strike_B"],"damage_healed":0.0,"max_hp_gain":0.0,"max_hp_loss":0.0,"gold_gain":0.0,"event_name":"The Cleric","player_choice":"Card Removal","floor":5.0,"gold_loss":75.0,"damage_taken":0.0},{"damage_healed":0,"gold_gain":0,"player_choice":"Trade","damage_taken":0,"relics_obtained":["FaceOfCleric"],"max_hp_gain":0,"max_hp_loss":0,"event_name":"FaceTrader","floor":8,"gold_loss":0}],"is_beta":false,"boss_relics":[],"items_purged_floors":[11],"is_endless":false,"potions_floor_spawned":[6,12],"killed_by":"Fading Forest","ascension_level":20}}