{"host":"v9oq5ccz01n9mezq","time":1610220135,"event":{"mods":["BaseMod","Colored Map","Minty Spire (QoL Compilation)"],"gold_per_floor":[115,134,154,104,104,114,146,146,146,146,176,191,191,60,60,60,60],"floor_reached":16,"playtime":723,"items_purged":[],"score":121,"play_id":"fe5b0bcd-0d6a-4b9f-a0fc-c05931b49c1a","local_time":"20210109142215","is_ascension_mode":true,"campfire_choices":[{"data":"Footwork","floor":8,"key":"SMITH"},{"data":"All Out Attack","floor":13,"key":"SMITH"},{"floor":15,"key":"REST"}],"circlet_count":0,"master_deck":["Strike_G","Strike_G+1","Strike_G","Defend_G","Defend_G","Defend_G","Defend_G","Defend_G","Survivor+1","Neutralize","Dash","Blade Dance","All Out Attack+1","Bouncing Flask","Footwork+1","Noxious Fumes","Deadly Poison"],"relics":["Ring of the Snake","Lantern","Singing Bowl","Meat on the Bone","Darkstone Periapt"],"acts_visited":["Exordium"],"potions_floor_usage":[11],"damage_taken":[{"damage":2,"enemies":"Jaw Worm","floor":1,"turns":4},{"damage":0,"enemies":"2 Louse","floor":2,"turns":3},{"damage":0,"enemies":"Small Slimes","floor":3,"turns":3},{"damage":0,"enemies":"2 Fungi Beasts","floor":6,"turns":3},{"damage":11,"enemies":"Lagavulin","floor":7,"turns":7},{"damage":22,"enemies":"Gremlin Nob","floor":11,"turns":4},{"damage":8,"enemies":"3 Louse","floor":12,"turns":2},{"damage":57,"enemies":"Slime Boss","floor":16,"turns":9}],"seed_played":"7071245395691431091","potions_obtained":[{"floor":1,"key":"Weak Potion"},{"floor":2,"key":"LiquidBronze"},{"floor":12,"key":"Swift Potion"}],"is_trial":false,"path_per_floor":["M","M","M","?","?","M","E","R","T","?","E","M","R","$","R","B"],"character_chosen":"THE_SILENT","items_purchased":["Noxious Fumes","Deadly Poison"],"campfire_rested":1,"item_purchase_floors":[14,14],"current_hp_per_floor":[68,68,68,68,54,54,43,43,43,36,28,34,34,34,56,0,0],"gold":60,"neow_bonus":"RANDOM_COMMON_RELIC","is_daily":false,"chose_seed":false,"campfire_upgraded":2,"win_rate":0.0,"timestamp":1610220135,"path_taken":["M","M","M","?","?","M","E","R","T","?","E","M","R","$","R","BOSS"],"items_purchased_type":["Card","Card"],"build_version":"2020-12-22","purchased_purges":0,"victory":false,"max_hp_per_floor":[70,70,70,70,70,70,70,70,70,70,72,74,74,74,74,74,74],"card_choices":[{"not_picked":["Choke","Underhanded Strike"],"picked":"Dash","floor":1},{"not_picked":["Caltrops","Flechettes"],"picked":"Blade Dance","floor":2},{"not_picked":["Dagger Spray","PiercingWail"],"picked":"All Out Attack","floor":3},{"not_picked":["Deflect","Dagger Spray"],"picked":"Bouncing Flask","floor":6},{"not_picked":["Acrobatics","Dodge and Roll"],"picked":"Footwork","floor":7},{"not_picked":["Masterful Stab","Poisoned Stab","Blade Dance"],"picked":"Singing Bowl","floor":11},{"not_picked":["Eviscerate","PiercingWail","Leg Sweep"],"picked":"Singing Bowl","floor":12}],"player_experience":55218,"relics_obtained":[{"floor":7,"key":"Singing Bowl"},{"floor":9,"key":"Meat on the Bone"},{"floor":11,"key":"Darkstone Periapt"}],"event_choices":[{"cards_removed":["Strike_G"],"damage_healed":0,"gold_gain":0,"player_choice":"Card Removal","damage_taken":0,"max_hp_gain":0,"max_hp_loss":0,"event_name":"The Cleric","floor":4,"gold_loss":50},{"damage_healed":0,"gold_gain":0,"player_choice":"Entered Light","damage_taken":14,"max_hp_gain":0,"max_hp_loss":0,"event_name":"Shining Light","floor":5,"gold_loss":0,"cards_upgraded":["Strike_G","Survivor"]},{"cards_removed":["Strike_G"],"damage_healed":0,"gold_gain":0,"player_choice":"Card Removal","damage_taken":7,"max_hp_gain":0,"max_hp_loss":0,"event_name":"Golden Wing","floor":10,"gold_loss":0}],"is_beta":false,"boss_relics":[],"items_purged_floors":[],"is_endless":false,"potions_floor_spawned":[1,2,12],"killed_by":"Slime Boss","ascension_level":2}}