{"host":"u7y6mp3waw4jt65j","time":1610187481,"event":{"mods":["ATMod(°¢èªMod)","Aspiration","BaseMod","Minty Spire (QoL Compilation)","Replay The Spire","StSLib","¡¾ÒÅÎï¿¨ÅÆ¡¿REMEMod"],"gold_per_floor":[109,109,128,61,78,105,105,165,220,232,232,232,232,244,155,167,167,266,266,285,285,304,304,304,329,346,356,428,428,133,133,93,93,93,196,346,360,441,441,441,441,441,441,469,517,442,497,497,547,560,560,560,560],"floor_reached":52,"playtime":1857,"items_purged":["Writhe"],"score":864,"play_id":"230291f3-a641-4671-a654-bb48c8a97f88","local_time":"20210109181801","is_ascension_mode":true,"campfire_choices":[{"data":"AT_DrawKnifeCut","floor":7.0,"key":"SMITH"},{"floor":17.0,"key":"REST"},{"data":"REME_ACTH","floor":29.0,"key":"SMITH"},{"data":"Armaments","floor":31.0,"key":"SMITH"},{"floor":48,"key":"REST"}],"circlet_count":0,"master_deck":["Strike_R","Strike_R","Strike_R","Strike_R","Defend_R+1","Defend_R","Defend_R","Defend_R+1","Bash","AT_DrawKnifeCut+1","REME_MawOfCthun","Flex","Perfected Strike","Sentinel","Anger","Hemogenesis","ReplayTheSpireMod:Muscle Training","Whirlwind","Flex","AT_DrawKnifeCut+1","Armaments","Heavy Blade","REME_ACTH+1","Cleave+1","Armaments+1","ReplayTheSpireMod:Limb From Limb","Pain","Thunderclap","Tantrum","Perfected Strike+1","REME_HeartOfCthun","AT_ChampionKick","Hallucinations","Pommel Strike","PiercingWail+1","Impervious","CrushJoints+1","Calculated Gamble+1"],"relics":["Burning Blood","AT_ATBox","REME_ComplimentaryCards","NeowsBlessing","Vajra","Juzu Bracelet","Question Card","PreservedInsect","Honey Jar","ReplayTheSpireMod:Ring of Exchange","Ring of Searing","PrismaticShard","WarpedTongs","Potion Belt","AT_BellowingDragoncrestRing","ReplayTheSpireMod:CursedCoin","AT_BellDemon","AT_RabadonDeathcap","Lizard Tail","War Paint","REME_IWantAll","Replay:Multitool","ReplayFunnel"],"acts_visited":["Exordium","TheCity","TheBeyond"],"potions_floor_usage":[45,49,49,50,52,52,52,52],"damage_taken":[{"damage":0.0,"enemies":"Small Slimes","floor":1.0,"turns":1.0},{"damage":0.0,"enemies":"Cultist","floor":3.0,"turns":1.0},{"damage":0.0,"enemies":"Jaw Worm","floor":5.0,"turns":1.0},{"damage":15.0,"enemies":"Gremlin Nob","floor":6.0,"turns":3.0},{"damage":40.0,"enemies":"Lagavulin Event","floor":8.0,"turns":5.0},{"damage":4.0,"enemies":"2 Fungi Beasts","floor":10.0,"turns":2.0},{"damage":18.0,"enemies":"Looter","floor":14.0,"turns":3.0},{"damage":1.0,"enemies":"Exordium Thugs","floor":16.0,"turns":2.0},{"damage":55.0,"enemies":"The Guardian","floor":18.0,"turns":9.0},{"damage":19.0,"enemies":"Shell Parasite","floor":20.0,"turns":5.0},{"damage":23.0,"enemies":"2 Thieves","floor":22.0,"turns":2.0},{"damage":24.0,"enemies":"Book of Stabbing","floor":25.0,"turns":5.0},{"damage":9.0,"enemies":"Snecko","floor":26.0,"turns":3.0},{"damage":10.0,"enemies":"Chosen and Byrds","floor":27.0,"turns":3.0},{"damage":36.0,"enemies":"Automaton","floor":35.0,"turns":6.0},{"damage":16.0,"enemies":"Orb Walker","floor":37.0,"turns":2.0},{"damage":6.0,"enemies":"Giant Head","floor":44.0,"turns":3.0},{"damage":39,"enemies":"2 Orb Walkers","floor":45,"turns":2},{"damage":23,"enemies":"Mind Bloom Boss Battle","floor":49,"turns":3},{"damage":35,"enemies":"3 Darklings","floor":50,"turns":3},{"damage":60,"enemies":"Awakened One","floor":52,"turns":2}],"seed_played":"-9068317084054799236","potions_obtained":[{"floor":1.0,"key":"LiquidMemories"},{"floor":3.0,"key":"Adrenaline Potion"},{"floor":6.0,"key":"Strength Potion"},{"floor":16.0,"key":"Strength Potion"},{"floor":22.0,"key":"Dexterity Potion"},{"floor":26.0,"key":"BlessingOfTheForge"},{"floor":35.0,"key":"BlessingOfTheForge"},{"floor":38.0,"key":"LiquidBronze"},{"floor":38.0,"key":"CultistPotion"},{"floor":44.0,"key":"Milkshake"},{"floor":45,"key":"Strength Potion"},{"floor":50,"key":"Elixir"}],"is_trial":false,"path_per_floor":["M","?","M","$","M","E","R","?","T","M","?","PTL","PTL","M","$","M","R","B",null,"M","?","M","?","?","E","M","M","T","R","$","R","?","$","R","B",null,"M","?","?","?","PTL","PTL","?","E","?","$","T","R","?","M","?","B"],"character_chosen":"IRONCLAD","items_purchased":["Sentinel","AT_DrawKnifeCut","Armaments","REME_HeartOfCthun","FairyPotion"],"campfire_rested":2,"item_purchase_floors":[4,15,15,30,30],"current_hp_per_floor":[78,78,80,80,80,71,71,42,42,44,52,52,52,40,40,45,69,25,66,64,64,47,39,39,30,27,34,34,34,34,34,34,34,34,47,72,62,30,30,30,30,30,50,50,17,17,17,41,24,46,46,0,0],"gold":560,"neow_bonus":"THREE_ENEMY_KILL","is_daily":false,"chose_seed":false,"campfire_upgraded":3,"win_rate":0.0,"timestamp":1610187481,"path_taken":["M","?","?","$","?","E","R","?","T","M","?","PTL","PTL","M","?","M","R","BOSS","M","?","M","?","?","E","M","M","T","R","$","R","?","?","R","BOSS","M","?","?","?","PTL","PTL","?","?","E","?","$","T","R","?","M","?","BOSS"],"items_purchased_type":["Card","Card","Card","Card","Potion"],"build_version":"2020-12-22","purchased_purges":1,"victory":false,"max_hp_per_floor":[80,80,80,80,80,80,80,80,80,80,80,80,80,80,80,80,80,80,80,80,80,80,80,80,80,80,80,80,80,80,80,80,80,80,80,80,80,80,80,80,80,80,80,80,80,80,80,80,80,80,80,80,80],"card_choices":[{"not_picked":["Shrug It Off","Twin Strike"],"picked":"Flex","floor":1.0},{"not_picked":["True Grit","Blood for Blood"],"picked":"Perfected Strike","floor":3.0},{"not_picked":["Impervious","Clothesline"],"picked":"Anger","floor":5.0},{"not_picked":["ReplayTheSpireMod:Corrosion Curse","Defy Death"],"picked":"Hemogenesis","floor":6.0},{"not_picked":["Inflame","Twin Strike","Rupture"],"picked":"ReplayTheSpireMod:Muscle Training","floor":8.0},{"not_picked":["Searing Blow","Sword Boomerang","True Grit"],"picked":"Whirlwind","floor":10.0},{"not_picked":["Clash","Rage","Blood for Blood"],"picked":"Flex","floor":14.0},{"not_picked":["Anger","REME_SingleHolding","Ghostly Armor"],"picked":"Heavy Blade","floor":16.0},{"not_picked":["Double Tap","Limit Break","Impervious"],"picked":"REME_ACTH","floor":18.0},{"not_picked":["Headbutt+1","Battle Trance+1","Wild Strike","Run Through"],"picked":"Cleave+1","floor":20.0},{"not_picked":["Second Wind","Thunderclap","Clothesline+1","Sword Boomerang"],"picked":"Armaments","floor":22.0},{"not_picked":["Bludgeon","Blood for Blood","Battle Trance","AT_ManFootWork"],"picked":"ReplayTheSpireMod:Limb From Limb","floor":23.0},{"not_picked":["Clash+1","Midas Touch","Darkness","REME_Repentance+1"],"picked":"Thunderclap","floor":25.0},{"not_picked":["Replay:AtTheReady","Outmaneuver","Sucker Punch+1","Headbutt"],"picked":"Tantrum","floor":26.0},{"not_picked":["Hologram","White Noise","Study","Rebound"],"picked":"Perfected Strike","floor":27.0},{"not_picked":["Thunder Strike","Violence","Burst","The Bomb"],"picked":"AT_ChampionKick","floor":35.0},{"not_picked":["Bane+1","Flex","Reinforced Body","Flying Knee"],"picked":"Pommel Strike","floor":37.0},{"not_picked":["Conserve Battery","Sanctity+1","Replay:BluntJabs+1","Defragment"],"picked":"PiercingWail+1","floor":38.0},{"not_picked":["Cleave","JustLucky+1","Coolheaded","REME_ShadowStrike"],"picked":"Impervious","floor":44.0},{"not_picked":["Dodge and Roll+1","REME_Repentance","Searing Blow","REME_SelfUpgrade"],"picked":"CrushJoints+1","floor":45},{"not_picked":["Redo","Ball Lightning+1","Draining Mist+1","Deadly Poison"],"picked":"Calculated Gamble+1","floor":50}],"player_experience":105509,"relics_obtained":[{"floor":6.0,"key":"Juzu Bracelet"},{"floor":9.0,"key":"PreservedInsect"},{"floor":21.0,"key":"ReplayTheSpireMod:Ring of Exchange"},{"floor":21.0,"key":"Ring of Searing"},{"floor":23.0,"key":"PrismaticShard"},{"floor":25.0,"key":"Potion Belt"},{"floor":28.0,"key":"AT_BellowingDragoncrestRing"},{"floor":44.0,"key":"AT_BellDemon"},{"floor":45,"key":"AT_RabadonDeathcap"},{"floor":45,"key":"Lizard Tail"},{"floor":47,"key":"War Paint"},{"floor":49,"key":"REME_IWantAll"},{"floor":49,"key":"Replay:Multitool"},{"floor":50,"key":"ReplayFunnel"}],"event_choices":[{"damage_healed":0.0,"max_hp_gain":0.0,"max_hp_loss":0.0,"gold_gain":0.0,"event_name":"WeMeetAgain","player_choice":"Gave Potion","floor":2.0,"gold_loss":0.0,"damage_taken":0.0,"relics_obtained":["Vajra"]},{"damage_healed":0.0,"max_hp_gain":0.0,"max_hp_loss":0.0,"gold_gain":0.0,"event_name":"Dead Adventurer","player_choice":"Searched \u00273\u0027 times","floor":8.0,"gold_loss":0.0,"damage_taken":0.0,"relics_obtained":["Question Card"]},{"damage_healed":0.0,"max_hp_gain":0.0,"max_hp_loss":0.0,"gold_gain":0.0,"event_name":"Accursed Blacksmith","player_choice":"Rummage","floor":24.0,"gold_loss":0.0,"damage_taken":0.0,"relics_obtained":["WarpedTongs"],"cards_obtained":["Pain"]},{"damage_healed":0.0,"max_hp_gain":0.0,"max_hp_loss":0.0,"gold_gain":0.0,"event_name":"Designer","player_choice":"Upgraded Two","floor":32.0,"gold_loss":40.0,"damage_taken":0.0,"cards_upgraded":["AT_DrawKnifeCut","Perfected Strike"]},{"damage_healed":0.0,"max_hp_gain":0.0,"max_hp_loss":0.0,"gold_gain":0.0,"event_name":"Beggar","player_choice":"Ignored","floor":34.0,"gold_loss":0.0,"damage_taken":0.0},{"cards_removed":["Strike_R"],"damage_healed":0.0,"max_hp_gain":0.0,"max_hp_loss":0.0,"gold_gain":0.0,"event_name":"Falling","player_choice":"Removed Attack","floor":39.0,"gold_loss":0.0,"damage_taken":0.0},{"damage_healed":0.0,"max_hp_gain":0.0,"max_hp_loss":0.0,"gold_gain":0.0,"event_name":"Tomb of Lord Red Mask","player_choice":"Ignored","floor":40.0,"gold_loss":0.0,"damage_taken":0.0},{"damage_healed":20.0,"max_hp_gain":0.0,"max_hp_loss":0.0,"gold_gain":0.0,"event_name":"Winding Halls","player_choice":"Writhe","floor":43.0,"gold_loss":0.0,"damage_taken":0.0,"cards_obtained":["Writhe"]},{"damage_healed":0,"gold_gain":0,"player_choice":"Fight","damage_taken":0,"max_hp_gain":0,"max_hp_loss":0,"event_name":"Mysterious Sphere","floor":45,"gold_loss":0},{"damage_healed":0,"gold_gain":0,"player_choice":"Fight","damage_taken":0,"max_hp_gain":0,"max_hp_loss":0,"event_name":"MindBloom","floor":49,"gold_loss":0},{"damage_healed":0,"gold_gain":0,"player_choice":"Took Portal","damage_taken":0,"max_hp_gain":0,"max_hp_loss":0,"event_name":"SecretPortal","floor":51,"gold_loss":0}],"is_beta":false,"boss_relics":[{"not_picked":["REME_DemonsWealth","Tiny House"],"picked":"Honey Jar"},{"not_picked":["DollysMirror","REME_OnlineShoppingPlatform"],"picked":"ReplayTheSpireMod:CursedCoin"}],"items_purged_floors":[46],"is_endless":false,"potions_floor_spawned":[1,3,6,16,22,26,35,44,45,50],"killed_by":"Awakened One","ascension_level":9}}