{"host":"ixbvfs3so5a39bhe","time":1610177709,"event":{"mods":["BaseMod","Downfall","Minty Spire (QoL Compilation)","Quick Restart","StSLib"],"gold_per_floor":[118,118,132,307,192,192,222,222,269,269,294,72,106,106,106,202,202,219,219,239,257,257,257],"floor_reached":22,"playtime":838,"items_purged":["Doubt"],"score":273,"play_id":"5c0b7e1a-89a2-4f8f-93be-da8213bbddc6","local_time":"20210109153509","is_ascension_mode":true,"campfire_choices":[{"data":"Inflame","floor":6.0,"key":"SMITH"},{"data":"Inflame","floor":8.0,"key":"SMITH"},{"data":"Rupture","floor":10.0,"key":"SMITH"},{"floor":15.0,"key":"RECALL"}],"circlet_count":0,"master_deck":["Defend_R","Defend_R","Defend_R","Defend_R","Inflame+1","Rupture+1","Thunderclap","Inflame+1","Hemokinesis","Cleave","Double Tap","Heavy Blade+1","Bite","Bite","Bite","Bite","Bite","Inflame+1"],"relics":["Black Blood","NeowsBlessing","Blue Candle","TungstenRod","Sling","Juzu Bracelet"],"acts_visited":["Exordium","TheCity"],"potions_floor_usage":[22,22],"damage_taken":[{"damage":0.0,"enemies":"Jaw Worm","floor":1.0,"turns":1.0},{"damage":0.0,"enemies":"Small Slimes","floor":3.0,"turns":1.0},{"damage":0.0,"enemies":"3 Sentries","floor":7.0,"turns":1.0},{"damage":18.0,"enemies":"Lagavulin","floor":11.0,"turns":4.0},{"damage":15.0,"enemies":"Gremlin Nob","floor":13.0,"turns":3.0},{"damage":40.0,"enemies":"The Guardian","floor":16.0,"turns":9.0},{"damage":22.0,"enemies":"Chosen","floor":18.0,"turns":5.0},{"damage":37,"enemies":"2 Thieves","floor":20,"turns":3},{"damage":43,"enemies":"Snake Plant","floor":21,"turns":5},{"damage":21,"enemies":"Cultist and Chosen","floor":22,"turns":5}],"seed_played":"3059564275675077598","potions_obtained":[{"floor":1.0,"key":"AttackPotion"},{"floor":7.0,"key":"Dexterity Potion"},{"floor":13.0,"key":"Dexterity Potion"},{"floor":21,"key":"Block Potion"}],"is_trial":false,"path_per_floor":["M","?","M","?","$","R","E","R","T","R","E","$","E","?","R","B",null,"M","?","M","M","M"],"character_chosen":"IRONCLAD","items_purchased":["Inflame","Hemokinesis","Sling"],"campfire_rested":0,"item_purchase_floors":[5,12,12],"current_hp_per_floor":[80,80,80,80,80,80,80,80,80,80,68,68,59,52,52,18,80,70,56,37,20,7,7],"gold":257,"neow_bonus":"THREE_ENEMY_KILL","is_daily":false,"chose_seed":false,"campfire_upgraded":3,"win_rate":0.0,"timestamp":1610177709,"path_taken":["M","?","M","?","$","R","E","R","T","R","E","$","E","?","R","BOSS","M","?","M","M","M"],"items_purchased_type":["Card","Card","Relic"],"build_version":"2020-12-22","purchased_purges":1,"victory":false,"max_hp_per_floor":[80,80,80,80,80,80,80,80,80,80,80,80,80,80,80,80,80,80,56,56,56,56,56],"card_choices":[{"not_picked":["Bloodletting","Warcry"],"picked":"Inflame","floor":1.0},{"not_picked":["Pommel Strike","Headbutt"],"picked":"Thunderclap","floor":3.0},{"not_picked":["Battle Trance","Pommel Strike","Warcry"],"picked":"SKIP","floor":7.0},{"not_picked":["Second Wind","Intimidate","Sword Boomerang"],"picked":"SKIP","floor":11.0},{"not_picked":["Headbutt","Clash"],"picked":"Cleave","floor":13.0},{"not_picked":["Impervious","Fiend Fire"],"picked":"Double Tap","floor":16.0},{"not_picked":["Body Slam+1","Uppercut"],"picked":"Heavy Blade+1","floor":18.0},{"not_picked":["Heavy Blade","Rampage","Iron Wave"],"picked":"SKIP","floor":20},{"not_picked":["Cleave+1","Shrug It Off"],"picked":"Inflame+1","floor":21}],"player_experience":150364,"relics_obtained":[{"floor":7.0,"key":"Blue Candle"},{"floor":11.0,"key":"TungstenRod"},{"floor":13.0,"key":"Juzu Bracelet"}],"event_choices":[{"damage_healed":0.0,"max_hp_gain":0.0,"max_hp_loss":0.0,"gold_gain":0.0,"cards_transformed":["Bash"],"event_name":"Living Wall","player_choice":"Change","floor":2.0,"gold_loss":0.0,"damage_taken":0.0,"cards_obtained":["Rupture"]},{"damage_healed":0.0,"max_hp_gain":0.0,"max_hp_loss":0.0,"gold_gain":175.0,"event_name":"Liars Game","player_choice":"AGREE","floor":4.0,"gold_loss":0.0,"damage_taken":0.0,"cards_obtained":["Doubt"]},{"damage_healed":0.0,"max_hp_gain":0.0,"max_hp_loss":0.0,"gold_gain":0.0,"event_name":"Wheel of Change","player_choice":"Damaged","floor":14.0,"gold_loss":0.0,"damage_taken":8.0},{"damage_healed":0,"gold_gain":0,"player_choice":"Became a vampire","damage_taken":0,"max_hp_gain":0,"max_hp_loss":24,"event_name":"Vampires","floor":19,"gold_loss":0,"cards_obtained":["Bite","Bite","Bite","Bite","Bite"]}],"is_beta":false,"boss_relics":[{"not_picked":["Runic Dome","Astrolabe"],"picked":"Black Blood"}],"items_purged_floors":[5],"is_endless":false,"potions_floor_spawned":[1,7,13,21],"killed_by":"Cultist and Chosen","ascension_level":2}}