{"host":"Timothy","time":1610165421,"event":{"mods":["AchievementEnabler","BaseMod","Bestiary","Highlight Path","Minty Spire (QoL Compilation)","Quick Restart","Slay-I"],"gold_per_floor":[110,124,73,53,63,93,93,93,93,37,57,57,76,87,87,161,161,177,102,121,121,80,80,99,99,99,99,99],"floor_reached":27,"playtime":1025,"items_purged":[],"score":476,"play_id":"20fff94e-c6c0-4963-9b81-4666ddb9ce8f","local_time":"20210108201021","is_ascension_mode":true,"campfire_choices":[{"floor":7.0,"key":"REST"},{"floor":12.0,"key":"REST"},{"floor":15.0,"key":"REST"},{"data":"Bite","floor":23.0,"key":"SMITH"},{"floor":25.0,"key":"REST"}],"circlet_count":0,"master_deck":["AscendersBane","Survivor","Neutralize","Poisoned Stab","Prepared","Deadly Poison","Caltrops","Deadly Poison","Backflip","Dodge and Roll","Poisoned Stab","Envenom","Corpse Explosion","Wraith Form v2","Sucker Punch","Adrenaline","Phantasmal Killer","All Out Attack","Poisoned Stab","Blur","Tools of the Trade","Poisoned Stab","Cloak And Dagger","Bite+1","Bite","Bite","Bite","Bite","Infinite Blades"],"relics":["Runic Pyramid","Bronze Scales","Pear","Pandora\u0027s Box","Anchor"],"acts_visited":["Exordium","TheCity"],"potions_floor_usage":[],"damage_taken":[{"damage":0.0,"enemies":"Small Slimes","floor":1.0,"turns":4.0},{"damage":0.0,"enemies":"Cultist","floor":2.0,"turns":4.0},{"damage":7.0,"enemies":"Jaw Worm","floor":5.0,"turns":4.0},{"damage":50.0,"enemies":"Gremlin Nob","floor":6.0,"turns":6.0},{"damage":8.0,"enemies":"Blue Slaver","floor":11.0,"turns":4.0},{"damage":7.0,"enemies":"Exordium Wildlife","floor":13.0,"turns":4.0},{"damage":8.0,"enemies":"3 Louse","floor":14.0,"turns":4.0},{"damage":57.0,"enemies":"Slime Boss","floor":16.0,"turns":14.0},{"damage":12.0,"enemies":"3 Byrds","floor":18.0,"turns":3.0},{"damage":3.0,"enemies":"Spheric Guardian","floor":20.0,"turns":3.0},{"damage":43.0,"enemies":"Snake Plant","floor":24.0,"turns":4.0},{"damage":51,"enemies":"Slavers","floor":27,"turns":3}],"seed_played":"-6951767619683469999","potions_obtained":[{"floor":4.0,"key":"Fruit Juice"},{"floor":6.0,"key":"Energy Potion"},{"floor":13.0,"key":"Fire Potion"},{"floor":16.0,"key":"Swift Potion"}],"is_trial":false,"path_per_floor":["M","M","$","?","M","E","R","$","T","$","M","R","M","M","R","B",null,"M","?","M","?","$","R","M","R","T","E"],"character_chosen":"THE_SILENT","items_purchased":["Deadly Poison","Deadly Poison","Infinite Blades"],"campfire_rested":4,"item_purchase_floors":[3,10,22],"current_hp_per_floor":[59,59,59,64,57,7,28,28,38,38,30,54,47,39,63,6,62,50,50,47,47,47,47,11,27,27,0,0],"gold":99,"neow_bonus":"BOSS_RELIC","is_daily":false,"chose_seed":false,"campfire_upgraded":1,"win_rate":0.0,"timestamp":1610165421,"path_taken":["M","M","$","?","M","E","R","?","T","$","M","R","M","?","R","BOSS","M","?","M","?","?","R","M","R","T","E"],"items_purchased_type":["Card","Card","Card"],"build_version":"2020-12-18","purchased_purges":0,"victory":false,"max_hp_per_floor":[66,66,66,71,71,71,71,71,81,81,81,81,81,81,81,81,81,81,81,81,56,56,56,56,56,56,56,56],"card_choices":[{"not_picked":["Underhanded Strike","Deflect"],"picked":"Poisoned Stab","floor":1.0},{"not_picked":["Slice","Deflect"],"picked":"Prepared","floor":2.0},{"not_picked":["Dagger Spray","Slice","Flying Knee"],"picked":"SKIP","floor":5.0},{"not_picked":["Accuracy","Malaise"],"picked":"Caltrops","floor":6.0},{"not_picked":["Dash","Dagger Throw"],"picked":"Backflip","floor":11.0},{"not_picked":["Skewer","Underhanded Strike"],"picked":"Dodge and Roll","floor":13.0},{"not_picked":["Flying Knee","Cloak And Dagger"],"picked":"Poisoned Stab","floor":14.0},{"not_picked":["Die Die Die","Doppelganger"],"picked":"Envenom","floor":16.0},{"not_picked":["Quick Slash","Acrobatics"],"picked":"Poisoned Stab","floor":18.0},{"not_picked":["Predator","Prepared"],"picked":"Cloak And Dagger","floor":20.0},{"not_picked":["Choke","Expertise","Flying Knee"],"picked":"SKIP","floor":24.0}],"player_experience":783824,"relics_obtained":[{"floor":6.0,"key":"Bronze Scales"},{"floor":9.0,"key":"Pear"},{"floor":26.0,"key":"Anchor"}],"event_choices":[{"damage_healed":0.0,"max_hp_gain":0.0,"max_hp_loss":0.0,"gold_gain":0.0,"event_name":"The Woman in Blue","player_choice":"Bought 1 Potion","floor":4.0,"gold_loss":0.0,"damage_taken":0.0},{"cards_removed":["Phantasmal Killer"],"damage_healed":0.0,"max_hp_gain":0.0,"max_hp_loss":0.0,"gold_gain":0.0,"event_name":"Beggar","player_choice":"Gave Gold","floor":19.0,"gold_loss":75.0,"damage_taken":0.0},{"damage_healed":0.0,"max_hp_gain":0.0,"max_hp_loss":25.0,"gold_gain":0.0,"event_name":"Vampires","player_choice":"Became a vampire","floor":21.0,"gold_loss":0.0,"damage_taken":0.0,"cards_obtained":["Bite","Bite","Bite","Bite","Bite"]}],"is_beta":true,"boss_relics":[{"not_picked":["Empty Cage","Runic Dome"],"picked":"Pandora\u0027s Box"}],"items_purged_floors":[],"is_endless":false,"potions_floor_spawned":[6,13,14,16,18,24],"killed_by":"Slavers","ascension_level":20}}