{"host":"ci7cmvrwpmzqnw7e","time":1610154826,"event":{"mods":["BaseMod","BetterRewards","Colored Map","Downfall","Highlight Path","Hubris","Minty Spire (QoL Compilation)","Rare Cards Sparkle","Replay The Spire","Shop Mod","StSLib","The Bug Knight"],"gold_per_floor":[99,116,181,18,18,44,56,68,80,121,153,183,195,217,246,357,369,381,393,405,435,466,478,514,537,549,578,590,602,614,626,648,760,772,784,815,844,856,886,925,987,999,1040,669,683,683,683,702,718,718],"floor_reached":51,"playtime":2712,"items_purged":[],"score":936,"play_id":"ae286371-3ce8-439e-a7aa-332138cdee25","local_time":"20210108181346","is_ascension_mode":false,"campfire_choices":[{"data":"sneckomod:SnekBite","floor":1,"key":"SMITH"},{"data":"sneckomod:DiceBoulder","floor":13,"key":"SMITH"},{"floor":18,"key":"DIG"},{"data":"Pot Of Greed","floor":30,"key":"SMITH"},{"data":"1","floor":47,"key":"LIFT"}],"circlet_count":0,"master_deck":["sneckomod:Strike+1","sneckomod:Strike","sneckomod:Strike","sneckomod:Defend","sneckomod:Defend","sneckomod:Defend","sneckomod:TailWhip","sneckomod:SnekBite+1","sneckomod:Unknown","sneckomod:Unknown","expansioncontent:PrepareCrush","sneckomod:SerpentIdol","sneckomod:UnknownStrike","sneckomod:DiceBoulder","sneckomod:SoulRoll","expansioncontent:GuardianWhirl+1","sneckomod:DangerNoodle","sneckomod:SoulRoll","sneckomod:DiceBoulder+1","sneckomod:IronFang","sneckomod:MorePower","sneckomod:SoulDraw+1","sneckomod:DiceBlock","sneckomod:UnknownDexterity+1","sneckomod:UnknownExhaust+1","sneckomod:UnknownUncommonPower+1","Pot Of Greed","Pot Of Greed","Pot Of Greed+1","sneckomod:UnknownStrength+1","sneckomod:QuickMove","sneckomod:UnknownRareAttack+1","sneckomod:QuickMove+1","sneckomod:UnknownDexterity+1","sneckomod:QuickBite","sneckomod:UnknownColorless+1","sneckomod:UnlimitedRolls","sneckomod:IronFang","sneckomod:SerpentIdol+1","sneckomod:UnknownExhaust+1","sneckomod:UnknownVulnerable+1","expansioncontent:AwakenDeath","sneckomod:UnknownRareSkill+1","sneckomod:SoulDraw","sneckomod:Unknown3Cost+1","sneckomod:UnknownExhaust+1","sneckomod:UnknownRareSkill+1","sneckomod:Cheat","sneckomod:UnknownRareAttack+1","Pot Of Greed","sneckomod:UnlimitedRolls","sneckomod:MasterEye","Violence","sneckomod:UnknownRareSkill+1","sneckomod:UnknownCommonSkill","sneckomod:UnknownClassGUARDIAN+1","sneckomod:Rotation","sneckomod:SoulRoll+1"],"relics":["sneckomod:SneckoSoul","Happy Flower","MawBank","Replay:Ringing Soul","Replay:Baseball","Painkiller Herb","Darkstone Periapt","sneckomod:BabySnecko","Grinning Jar","MutagenicStrength","Gremlin Horn","Honey Jar","Question Card","Replay:Wax Seal","hubris:Icosahedron","Girya","Oddly Smooth Stone"],"acts_visited":["Exordium","TheCity","TheBeyond"],"potions_floor_usage":[16,22,25,33,45,45,48,50,50],"damage_taken":[{"damage":0,"enemies":"2 Louse","floor":2,"turns":2},{"damage":17,"enemies":"Gremlin Nob","floor":3,"turns":4},{"damage":0,"enemies":"downfall:FleeingMerchant","floor":4,"turns":4},{"damage":0,"enemies":"Small Slimes","floor":6,"turns":2},{"damage":0,"enemies":"Gremlin Nob","floor":10,"turns":5},{"damage":8,"enemies":"Jaw Worm","floor":11,"turns":2},{"damage":0,"enemies":"Large Slime","floor":12,"turns":3},{"damage":0,"enemies":"Exordium Wildlife","floor":14,"turns":2},{"damage":13,"enemies":"Red Slaver","floor":15,"turns":2},{"damage":52,"enemies":"downfall:Watcher","floor":16,"turns":6},{"damage":0,"enemies":"Chosen","floor":19,"turns":1},{"damage":21,"enemies":"Shell Parasite","floor":21,"turns":3},{"damage":5,"enemies":"Sentry and Sphere","floor":22,"turns":4},{"damage":0,"enemies":"Centurion and Healer","floor":23,"turns":5},{"damage":41,"enemies":"Shelled Parasite and Fungi","floor":25,"turns":5},{"damage":0,"enemies":"Snecko","floor":27,"turns":4},{"damage":8,"enemies":"Centurion and Healer","floor":32,"turns":4},{"damage":72,"enemies":"downfall:Silent","floor":33,"turns":8},{"damage":0,"enemies":"Orb Walker","floor":36,"turns":2},{"damage":0,"enemies":"3 Darklings","floor":37,"turns":4},{"damage":5,"enemies":"Maw","floor":39,"turns":8},{"damage":43,"enemies":"HollowMod:StalkingDevout","floor":40,"turns":9},{"damage":0,"enemies":"Giant Head","floor":43,"turns":5},{"damage":0,"enemies":"downfall:FleeingMerchant","floor":44,"turns":4},{"damage":52,"enemies":"Transient","floor":45,"turns":5},{"damage":18,"enemies":"3 Darklings","floor":48,"turns":2},{"damage":10,"enemies":"4 Shapes","floor":49,"turns":1},{"damage":2,"enemies":"downfall:Ironclad","floor":50,"turns":9}],"seed_played":"-6454642191241842786","potions_obtained":[{"floor":3,"key":"FearPotion"},{"floor":6,"key":"Doom Potion"},{"floor":12,"key":"Reflective Coating"},{"floor":16,"key":"Block Potion"},{"floor":22,"key":"Languid Potion"},{"floor":25,"key":"Block Potion"},{"floor":33,"key":"Fire Potion"},{"floor":39,"key":"LiquidBronze"},{"floor":43,"key":"Reflective Coating"},{"floor":46,"key":"Doom Potion"},{"floor":46,"key":"ColorlessPotion"},{"floor":46,"key":"hexamod:EctoCoolerPotion"},{"floor":49,"key":"DistilledChaos"}],"is_trial":false,"path_per_floor":["R","M","?","$","?","M","T","?","?","E","M","M","R","M","M","B",null,"T","?","?","?","?","?","T","?","?","?","?","?","T","T","?","B",null,"T","?","?","?","?","E","T","?","E","T","?","?","T","?","?","B",null],"character_chosen":"THE_SNECKO","items_purchased":["sneckomod:SoulRoll","expansioncontent:GuardianWhirl","sneckomod:MasterEye","Oddly Smooth Stone","Violence"],"campfire_rested":0,"item_purchase_floors":[4,4,44,44,44],"current_hp_per_floor":[90,90,74,74,71,71,71,71,71,74,69,72,72,75,62,13,106,106,109,118,100,100,104,107,70,115,119,119,119,119,119,115,51,149,152,155,160,163,162,124,124,124,128,149,112,112,112,98,91,101],"gold":718,"neow_bonus":"RANDOM_COLORLESS","is_daily":false,"chose_seed":false,"campfire_upgraded":3,"win_rate":0.0,"timestamp":1610154826,"path_taken":["R","M","?","$","?","M","T","?","?","E","M","M","R","M","M","BOSS","T","?","?","?","?","?","T","?","?","?","?","?","T","?","?","BOSS","T","?","?","?","?","E","T","?","E","?","?","?","T","?","?","BOSS"],"items_purchased_type":["Card","Card","Card","Relic","Card"],"build_version":"2020-12-22","purchased_purges":0,"victory":true,"max_hp_per_floor":[90,90,91,91,91,91,91,91,91,94,97,100,100,103,103,106,106,106,109,118,121,126,130,133,137,137,141,141,141,141,141,145,149,149,152,155,160,163,167,172,172,172,176,180,185,185,185,189,192,192],"card_choices":[{"not_picked":["expansioncontent:ManipulateTime","expansioncontent:SuperHexaguard"],"picked":"expansioncontent:PrepareCrush","floor":0},{"not_picked":["sneckomod:PureSnecko","sneckomod:DiceBlock"],"picked":"sneckomod:SerpentIdol","floor":2},{"not_picked":["sneckomod:UnknownVulnerable","sneckomod:WideSting"],"picked":"sneckomod:UnknownStrike","floor":3},{"not_picked":["sneckomod:WideSting","sneckomod:UnknownClassHEXA_GHOST_PURPLE"],"picked":"sneckomod:DiceBoulder","floor":4},{"not_picked":["sneckomod:DiceCrush","sneckomod:UnknownX"],"picked":"sneckomod:RainOfDice","floor":6},{"not_picked":["sneckomod:PureSnecko","sneckomod:RainOfDice"],"picked":"sneckomod:DangerNoodle","floor":10},{"not_picked":["sneckomod:Nope","sneckomod:UnknownVulnerable"],"picked":"sneckomod:SoulRoll","floor":11},{"not_picked":["sneckomod:UnknownVulnerable","sneckomod:DiceBlock"],"picked":"sneckomod:DiceBoulder","floor":12},{"not_picked":["sneckomod:DiceCrush","sneckomod:Nope"],"picked":"sneckomod:IronFang","floor":14},{"not_picked":["sneckomod:SnekBeam","sneckomod:UnknownClassBLUE","sneckomod:UnknownBlock"],"picked":"SKIP","floor":15},{"not_picked":["sneckomod:SerpentMind","sneckomod:Restock"],"picked":"sneckomod:MorePower","floor":16},{"not_picked":["sneckomod:PureSnecko","sneckomod:UnknownUncommonPower"],"picked":"sneckomod:SoulDraw+1","floor":19},{"not_picked":["sneckomod:UnknownClassGUARDIAN","sneckomod:UnknownClassSLIMEBOUND"],"picked":"sneckomod:DiceBlock","floor":21},{"not_picked":["sneckomod:UnknownUncommonSkill+1","sneckomod:UnknownUncommonPower+1"],"picked":"sneckomod:UnknownDexterity+1","floor":22},{"not_picked":["sneckomod:Nope","sneckomod:UnknownClassSLIMEBOUND"],"picked":"sneckomod:UnknownExhaust+1","floor":22},{"not_picked":["sneckomod:UnknownX+1","sneckomod:UnknownClassGUARDIAN+1"],"picked":"sneckomod:UnknownUncommonPower+1","floor":23},{"not_picked":["sneckomod:UnknownCommonAttack","sneckomod:UnknownBlock","sneckomod:SoulDraw"],"picked":"SKIP","floor":23},{"not_picked":["sneckomod:UnknownClassSLIMEBOUND+1","sneckomod:Unknown2Cost+1"],"picked":"sneckomod:UnknownStrength+1","floor":25},{"not_picked":["sneckomod:RainOfDice","sneckomod:Unknown2Cost"],"picked":"sneckomod:QuickMove","floor":25},{"not_picked":["sneckomod:UnknownStrength+1","sneckomod:UnknownClassBLUE+1"],"picked":"sneckomod:UnknownRareAttack+1","floor":27},{"not_picked":["sneckomod:UnknownEthereal","sneckomod:UnknownCommonSkill"],"picked":"sneckomod:QuickMove+1","floor":27},{"not_picked":["sneckomod:UnknownRareSkill+1","sneckomod:Unknown0Cost+1"],"picked":"sneckomod:UnknownDexterity+1","floor":32},{"not_picked":["sneckomod:QuickMove+1","sneckomod:UnknownVulnerable"],"picked":"sneckomod:QuickBite","floor":32},{"not_picked":["sneckomod:Unknown1Cost+1","sneckomod:UnknownClassTHE_CHAMP_GRAY+1"],"picked":"sneckomod:UnknownColorless+1","floor":33},{"not_picked":["sneckomod:UnknownRareAttack","sneckomod:DangerNoodle"],"picked":"sneckomod:UnlimitedRolls","floor":33},{"not_picked":["sneckomod:Unknown1Cost","sneckomod:UnknownVulnerable+1","sneckomod:DiceCrush"],"picked":"sneckomod:SerpentIdol+1","floor":36},{"not_picked":["sneckomod:UnknownX+1","sneckomod:UnknownUncommonPower+1","sneckomod:Unknown+1"],"picked":"sneckomod:UnknownExhaust+1","floor":37},{"not_picked":["sneckomod:DiceBoulder","sneckomod:WideSting+1","sneckomod:CheapStock"],"picked":"sneckomod:UnknownVulnerable+1","floor":37},{"not_picked":["Replay:SS_forest_5","expansioncontent:DefensiveMode","expansioncontent:Collect"],"picked":"expansioncontent:AwakenDeath","floor":38},{"not_picked":["sneckomod:UnknownEthereal+1","sneckomod:UnknownClassRED+1","sneckomod:UnknownWeak+1"],"picked":"sneckomod:UnknownRareSkill+1","floor":39},{"not_picked":["sneckomod:UnknownClassHEXA_GHOST_PURPLE+1","sneckomod:Unknown1Cost","sneckomod:UnknownBlock+1"],"picked":"sneckomod:SoulDraw","floor":39},{"not_picked":["sneckomod:UnknownX+1","sneckomod:Unknown0Cost+1","sneckomod:UnknownExhaust+1"],"picked":"sneckomod:Unknown3Cost+1","floor":40},{"not_picked":["sneckomod:DiceBlock+1","sneckomod:Unknown1Cost","sneckomod:DiceBoulder"],"picked":"sneckomod:UnknownExhaust+1","floor":40},{"not_picked":["sneckomod:Unknown+1","sneckomod:UnknownEthereal+1","sneckomod:UnknownClassBUGKNIGHT_GRAY_COLOR+1","sneckomod:UnknownCommonSkill+1"],"picked":"sneckomod:UnknownRareSkill+1","floor":43},{"not_picked":["sneckomod:UnknownBlock+1","sneckomod:UnknownClassBUGKNIGHT_GRAY_COLOR","sneckomod:Rotation+1","sneckomod:UnknownStrike+1"],"picked":"sneckomod:Cheat","floor":43},{"not_picked":["sneckomod:UnknownClassGREEN+1","sneckomod:Unknown1Cost+1","sneckomod:UnknownClassTHE_CHAMP_GRAY+1","sneckomod:UnknownUncommonAttack+1"],"picked":"sneckomod:UnknownRareAttack+1","floor":44},{"not_picked":["sneckomod:UnknownClassBUGKNIGHT_GRAY_COLOR+1","sneckomod:DiceBlock","sneckomod:Unknown1Cost","sneckomod:WideSting"],"picked":"sneckomod:UnlimitedRolls","floor":44},{"not_picked":["sneckomod:UnknownClassBUGKNIGHT_GRAY_COLOR+1","sneckomod:UnknownBlock+1","sneckomod:UnknownCommonSkill+1","sneckomod:Unknown3Cost+1"],"picked":"sneckomod:UnknownRareSkill+1","floor":45},{"not_picked":["sneckomod:UnknownStrike","sneckomod:DiceCrush","sneckomod:RainOfDice+1","sneckomod:CheapStock"],"picked":"sneckomod:UnknownCommonSkill","floor":45},{"not_picked":["sneckomod:UnknownExhaust+1","sneckomod:Unknown2Cost+1","Replay:UnknownCurse","sneckomod:UnknownClassBLUE+1"],"picked":"sneckomod:UnknownClassGUARDIAN+1","floor":48},{"not_picked":["sneckomod:UnknownClassTHE_CHAMP_GRAY+1","sneckomod:RainOfDice","sneckomod:Unknown1Cost","sneckomod:Unknown0Cost+1"],"picked":"sneckomod:Rotation","floor":48},{"not_picked":["sneckomod:UnknownClassBLUE+1","sneckomod:QuickMove+1","sneckomod:TrashToTreasure","sneckomod:QuickBite+1"],"picked":"sneckomod:SoulRoll+1","floor":49}],"player_experience":27021,"relics_obtained":[{"floor":3,"key":"Happy Flower"},{"floor":7,"key":"Replay:Ringing Soul"},{"floor":10,"key":"Replay:Baseball"},{"floor":18,"key":"Darkstone Periapt"},{"floor":24,"key":"Grinning Jar"},{"floor":31,"key":"Gremlin Horn"},{"floor":40,"key":"Question Card"},{"floor":41,"key":"Replay:Wax Seal"},{"floor":43,"key":"Girya"}],"event_choices":[{"damage_healed":0,"gold_gain":0,"player_choice":"Success","damage_taken":3,"relics_obtained":["MawBank"],"max_hp_gain":0,"max_hp_loss":0,"event_name":"Scrap Ooze","floor":5,"gold_loss":0},{"damage_healed":0,"gold_gain":0,"player_choice":"Grow","damage_taken":0,"max_hp_gain":0,"max_hp_loss":0,"event_name":"Living Wall","floor":8,"gold_loss":0,"cards_upgraded":["expansioncontent:GuardianWhirl"]},{"damage_healed":45,"gold_gain":0,"player_choice":"Heal","damage_taken":0,"max_hp_gain":0,"max_hp_loss":0,"event_name":"The Library","floor":26,"gold_loss":0},{"damage_healed":0,"gold_gain":0,"player_choice":"Inject Mutagens","damage_taken":0,"relics_obtained":["MutagenicStrength"],"max_hp_gain":0,"max_hp_loss":0,"event_name":"Drug Dealer","floor":28,"gold_loss":0},{"damage_healed":0,"gold_gain":0,"player_choice":"Got Potions","damage_taken":0,"max_hp_gain":0,"max_hp_loss":0,"event_name":"Lab","floor":46,"gold_loss":0}],"is_beta":false,"boss_relics":[{"not_picked":["hubris:VirtuousBlindfold","hubris:TerracottaHorce"],"picked":"Painkiller Herb"},{"not_picked":["Replay:Ancient Bell","ChewingGum"],"picked":"Honey Jar"}],"items_purged_floors":[],"is_endless":false,"potions_floor_spawned":[3,6,12,16,22,25,33,39,43,49],"ascension_level":0}}