{"host":"9hmnsypyq1c5u7i3","time":1610171090,"event":{"mods":["Ascension Unlocker","BaseMod","Bestiary","Hermit","Marisa????????","Minty Spire (QoL Compilation)","Quick Restart","Relic Stats","StSLib","The Cursed","The Hierophant"],"gold_per_floor":[112,112,132,132,145,145,23,83,83,171,171,171,171,219,219,339,339,390,435,499,24,79,129,129,10,10,10,60,60],"floor_reached":28,"playtime":2341,"items_purged":["Strike_MRS"],"score":427,"play_id":"c9f51af6-64a4-4ceb-b1d0-5c82d48a7584","local_time":"20210108234450","is_ascension_mode":true,"campfire_choices":[{"data":"MilkyWay","floor":6.0,"key":"SMITH"},{"data":"StarBarrage","floor":11.0,"key":"SMITH"},{"data":"MasterSpark","floor":13.0,"key":"SMITH"},{"data":"SprinkleStarSeal","floor":15.0,"key":"SMITH"},{"data":"Apotheosis","floor":24.0,"key":"SMITH"}],"circlet_count":0,"master_deck":["AscendersBane","Strike_MRS","Strike_MRS","Defend_MRS","Defend_MRS","Defend_MRS","Defend_MRS","MasterSpark+1","UpSweep","MilkyWay+1","StarBarrage+1","WitchOfGreed","Robbery","SprinkleStarSeal+1","ManaRampage","GrandCross+1","Apotheosis+1","Singularity","BinaryStars","ManaConvection","MagicAbsorber","TreasureHunter"],"relics":["Coffee Dripper","Golden Idol","Pantograph","Akabeko","Boot","Snecko Eye","Red Mask","Orrery","Bag of Marbles","SsserpentHead"],"acts_visited":["Exordium","TheCity"],"potions_floor_usage":[28],"damage_taken":[{"damage":4.0,"enemies":"Jaw Worm","floor":1.0,"turns":4.0},{"damage":0.0,"enemies":"Small Slimes","floor":3.0,"turns":4.0},{"damage":0.0,"enemies":"2 Louse","floor":5.0,"turns":3.0},{"damage":13.0,"enemies":"Lagavulin","floor":8.0,"turns":6.0},{"damage":5.0,"enemies":"3 Sentries","floor":10.0,"turns":5.0},{"damage":10.0,"enemies":"Large Slime","floor":14.0,"turns":6.0},{"damage":37.0,"enemies":"Slime Boss","floor":16.0,"turns":8.0},{"damage":1.0,"enemies":"Chosen","floor":18.0,"turns":3.0},{"damage":9.0,"enemies":"Masked Bandits","floor":19.0,"turns":3.0},{"damage":11.0,"enemies":"2 Thieves","floor":20.0,"turns":3.0},{"damage":24.0,"enemies":"Snake Plant","floor":22.0,"turns":4.0},{"damage":4.0,"enemies":"Slavers","floor":23.0,"turns":3.0},{"damage":10,"enemies":"Centurion and Healer","floor":28,"turns":1}],"seed_played":"2301588827631877164","potions_obtained":[{"floor":3.0,"key":"FearPotion"},{"floor":8.0,"key":"ShroomBrew"},{"floor":8.0,"key":"BottledSpark"},{"floor":10.0,"key":"CultistPotion"},{"floor":14.0,"key":"Block Potion"},{"floor":16.0,"key":"Swift Potion"},{"floor":19.0,"key":"BottledSpark"},{"floor":22.0,"key":"GamblersBrew"}],"is_trial":false,"path_per_floor":["M","?","M","?","M","R","$","E","T","E","R","?","R","M","R","B",null,"M","?","M","$","M","E","R","$","T","?","M"],"character_chosen":"MARISA","items_purchased":["StarBarrage","WitchOfGreed","Apotheosis","Singularity","Orrery","TreasureHunter","PowerPotion"],"campfire_rested":0,"item_purchase_floors":[7,7,21,21,21,25,25],"current_hp_per_floor":[59,59,59,59,59,59,59,46,46,41,41,41,41,31,31,19,52,51,42,31,31,7,3,3,3,3,3,0,0],"gold":60,"neow_bonus":"BOSS_RELIC","is_daily":false,"chose_seed":false,"campfire_upgraded":5,"win_rate":0.0,"timestamp":1610171090,"path_taken":["M","?","M","?","M","R","?","E","T","E","R","?","R","M","R","BOSS","M","?","M","$","M","E","R","$","T","?","?"],"items_purchased_type":["Card","Card","Card","Card","Relic","Card","Potion"],"build_version":"2020-12-22","purchased_purges":1,"victory":false,"max_hp_per_floor":[70,63,63,63,63,63,63,63,63,63,63,63,63,63,63,63,63,63,63,63,63,63,63,63,63,63,63,63,63],"relic_stats":{"SsserpentHead":50,"counters":[13,53],"Golden Idol":129,"Pantograph":25,"Snecko Eye":[45,24,22,32],"Boot":[3],"obtain_stats":[{"SsserpentHead":27,"Golden Idol":2,"Pantograph":8,"Snecko Eye":17,"Orrery":21,"Coffee Dripper":0,"Red Mask":19,"Bag of Marbles":23,"MiniHakkero":0,"Boot":10,"Akabeko":9},{"SsserpentHead":12,"Golden Idol":1,"Pantograph":4,"Snecko Eye":7,"Orrery":10,"Coffee Dripper":0,"Red Mask":9,"Bag of Marbles":12,"MiniHakkero":0,"Boot":5,"Akabeko":4},{"SsserpentHead":52,"Golden Idol":4,"Pantograph":17,"Snecko Eye":36,"Orrery":45,"Coffee Dripper":0,"Red Mask":42,"Bag of Marbles":52,"MiniHakkero":0,"Boot":22,"Akabeko":17}]},"card_choices":[{"not_picked":["IllusionStar","StarlightTyphoon","UnstableBomb"],"picked":"SKIP","floor":1.0},{"not_picked":["AsteroidBelt","StarlightTyphoon"],"picked":"MilkyWay","floor":3.0},{"not_picked":["MeteoricShower","GalacticHalo","RefractionSpark"],"picked":"SKIP","floor":5.0},{"not_picked":["ShootingEcho","RefractionSpark"],"picked":"Robbery","floor":8.0},{"not_picked":["Acceleration","WitchOfGreed","IllusionStar"],"picked":"SKIP","floor":10.0},{"not_picked":["GravityBeat","IllusionStar"],"picked":"SprinkleStarSeal","floor":14.0},{"not_picked":["UltimateShortwave","BinaryStars"],"picked":"ManaRampage","floor":16.0},{"not_picked":["Orbital","DragonMeteor","SporeBomb"],"picked":"SKIP","floor":18.0},{"not_picked":["LuminesStrike","DC"],"picked":"GrandCross+1","floor":20.0},{"not_picked":["NonDirectionalLaser","Singularity+1"],"picked":"BinaryStars","floor":21.0},{"not_picked":["Orbital","FairyDestructionRay"],"picked":"ManaConvection","floor":21.0},{"not_picked":["DarkMatter","MysteriousBeam"],"picked":"MagicAbsorber","floor":22.0},{"not_picked":["GravityBeat","DoubleSpark","PowerUp+1"],"picked":"SKIP","floor":23.0}],"player_experience":809953,"relics_obtained":[{"floor":8.0,"key":"Pantograph"},{"floor":9.0,"key":"Akabeko"},{"floor":10.0,"key":"Boot"},{"floor":19.0,"key":"Red Mask"},{"floor":23.0,"key":"Bag of Marbles"}],"event_choices":[{"damage_healed":0.0,"max_hp_gain":0.0,"max_hp_loss":7.0,"gold_gain":0.0,"event_name":"Golden Idol","player_choice":"Lose Max HP","floor":2.0,"gold_loss":0.0,"damage_taken":0.0,"relics_obtained":["Golden Idol"]},{"cards_removed":["Strike_MRS"],"damage_healed":0.0,"max_hp_gain":0.0,"max_hp_loss":0.0,"gold_gain":0.0,"event_name":"Living Wall","player_choice":"Forget","floor":4.0,"gold_loss":0.0,"damage_taken":0.0},{"damage_healed":0.0,"max_hp_gain":0.0,"max_hp_loss":0.0,"gold_gain":0.0,"event_name":"Liars Game","player_choice":"Ignored","floor":12.0,"gold_loss":0.0,"damage_taken":0.0},{"damage_healed":0.0,"max_hp_gain":0.0,"max_hp_loss":0.0,"gold_gain":0.0,"event_name":"Masked Bandits","player_choice":"Fought Bandits","floor":19.0,"gold_loss":0.0,"damage_taken":0.0},{"damage_healed":0.0,"max_hp_gain":0.0,"max_hp_loss":0.0,"gold_gain":0.0,"event_name":"FaceTrader","player_choice":"Trade","floor":27.0,"gold_loss":0.0,"damage_taken":0.0,"relics_obtained":["SsserpentHead"]}],"is_beta":false,"boss_relics":[{"not_picked":["Fusion Hammer","Sozu"],"picked":"Snecko Eye"}],"items_purged_floors":[21],"is_endless":false,"potions_floor_spawned":[3,8,10,14,19,22],"killed_by":"Centurion and Healer","ascension_level":15}}