{"host":"lvglfvqy3xrupc2a","time":1610180503,"event":{"mods":["Act Like it!","Aspiration","BaseMod","Better Altar","Better Match","Better Note","Better Sensory Stone","Better Skull","Better Third Choice","BetterRewards","Conspire","Custom Start","Dark Map","Friendly Minions","Gensokyo","Grow up Mod","Hallownest","Hubris","HumanHunterMod(????mod)","Humility","Infinite Spire","Lobotomy","LobotomyExtend","Mimic Mod","Minty Spire (QoL Compilation)","MostiFishMod","Remove Card Discount Mod","Replay The Spire","Reworked Bosses","Spicy Shops","StSLib","The Blue Laboratory","The Exalted","The Factory","Uncapped","[IsaacMod]????","vexMod"],"gold_per_floor":[111,36,46,46,64,96,96,8,31,31,63,63,159,227,227,382,382,415,493,493,532,361,418,418,467,467,467,541,575,623,665,665,789,789,899,899,899,926,954,1010,1039,1087,1087,1131,1153,797,839,869,869,876,876],"floor_reached":52,"playtime":4775,"items_purged":["BigBird"],"score":1172,"play_id":"3c50a7e4-11fb-43b6-810d-373c40cec147","local_time":"20210109022143","is_ascension_mode":true,"campfire_choices":[{"data":"Bromod:VitalSense","floor":7.0,"key":"SMITH"},{"data":"Bromod:BulletJump","floor":10.0,"key":"SMITH"},{"data":"Bromod:SteelCharge","floor":12.0,"key":"SMITH"},{"data":"Bromod:Redirection","floor":15.0,"key":"SMITH"},{"data":"Bromod:Reflection","floor":24.0,"key":"SMITH"},{"data":"Bromod:Vitality","floor":32.0,"key":"SMITH"},{"floor":49,"key":"RECALL"}],"circlet_count":0,"master_deck":["CENSORED","LongBird","Bromod:Strike_Bro","Bromod:Strike_Bro","Bromod:Strike_Bro","Bromod:Defend_Bro","Bromod:Defend_Bro","Bromod:Defend_Bro","Bromod:Defend_Bro","Bromod:SlashDash","Bromod:SlashDash","Bromod:SlashDash","Bromod:SlashDash","Bromod:CollisionForce+1","Bromod:Continuity+1","Bromod:DriftingContact+1","Bromod:Stormbringer","Injury","OSAHOGD","Bromod:BulletJump+1","UniverseFragment","Bromod:VitalSense+1","WallGazer","Bromod:SteelCharge+1","CherryBlossoms","Bromod:BulletJump","ShyLook","Bromod:Redirection+1","OldLady","Bromod:RendingStrike","Bromod:OrganShatter+1","Berserk+1","Wellcheers","Bromod:Reflection+1","MHz","Bromod:HornetStrike","Bromod:SteelFiber","Bromod:PointStrike+1","Bromod:Redirection+1","Bromod:Vitality+1","Variant","Bromod:VoltaicStrike+1","Bromod:Redirection","ReplayTheSpireMod:Chaos Vortex","infinitespire:Fortify","Bromod:BulletJump","Bromod:EnergySiphon+1","Bromod:Redirection+1","Bromod:QuickThinking+1","Bromod:SlashDash+1","Bromod:NoReturn+1","Apotheosis+1","Bromod:Blaze+1","Bromod:HornetStrike"],"relics":["Bromod:Ordis","Bromod:AscarisDevice","HushsDoor","DaveBox","CogitoBucket","RabbitCall","SteamSale","RhineFirstAidKit","SynthV:TestCard","LetterFromLob","Justitia_r","infinitespire:Satchel","Darkstone Periapt","BelialBook","Matryoshka","SalivaCoin","infinitespire:PuzzleCube","Pondfish Scales","CENSORED_r","Vajra","vexMod:FocusSash","Centennial Puzzle","infinitespire:Eraser","Golden Egg","Gensokyo:DirgeOfMelancholy","HowToJump","hubris:BottledRain","BlankCard","Lamp_r","Replay:Bronze Core","SlaversCollar","CeramicFish","Oddly Smooth Stone","vexMod:MemoryStick","vexMod:ScavengeHelm","hubris:CrystalStatue","BookOfRevelations","Blood Vial","TheBean","hubris:MysteriousPyramids","TungstenRod","Orichalcum"],"acts_visited":["Exordium","Gensokyo:Gensokyo","Gensokyo:Gensokyoer"],"potions_floor_usage":[],"damage_taken":[{"damage":3.0,"enemies":"Gensokyo:2_Kodama","floor":1.0,"turns":3.0},{"damage":25.0,"enemies":"Gensokyo:Gryphon","floor":3.0,"turns":7.0},{"damage":17.0,"enemies":"Gensokyo:Python","floor":5.0,"turns":4.0},{"damage":9.0,"enemies":"Gensokyo:Cirno","floor":6.0,"turns":6.0},{"damage":28.0,"enemies":"Gensokyo:Aya","floor":11.0,"turns":6.0},{"damage":32.0,"enemies":"Gensokyo:Cirno","floor":13.0,"turns":9.0},{"damage":46.0,"enemies":"Gensokyo:Kitsune","floor":14.0,"turns":6.0},{"damage":104.0,"enemies":"Gensokyo:Kokoro","floor":16.0,"turns":10.0},{"damage":7.0,"enemies":"Gensokyo:CosmicMonolith","floor":18.0,"turns":3.0},{"damage":10.0,"enemies":"Gensokyo:AngelMirror","floor":21.0,"turns":3.0},{"damage":26.0,"enemies":"Gensokyo:Tenshi","floor":23.0,"turns":5.0},{"damage":6.0,"enemies":"Gensokyo:Koishi","floor":25.0,"turns":6.0},{"damage":49.0,"enemies":"Gensokyo:Slime_Group","floor":28.0,"turns":8.0},{"damage":4.0,"enemies":"conspire:MimicChest","floor":29.0,"turns":5.0},{"damage":30.0,"enemies":"Gensokyo:Monolith_and_Dog","floor":30.0,"turns":6.0},{"damage":19.0,"enemies":"Gensokyo:3_Gloops","floor":31.0,"turns":8.0},{"damage":27.0,"enemies":"Gensokyo:Eiki","floor":33.0,"turns":11.0},{"damage":69,"enemies":"Gensokyo:3_Boulders","floor":35,"turns":8},{"damage":2,"enemies":"Gensokyo:AncientGuardian","floor":38,"turns":8},{"damage":16,"enemies":"Gensokyo:Kasen","floor":40,"turns":9},{"damage":2,"enemies":"Gensokyo:AtlasGolem","floor":41,"turns":5},{"damage":2,"enemies":"Gensokyo:Marisa","floor":42,"turns":6},{"damage":2,"enemies":"Gensokyo:Doremy","floor":44,"turns":5},{"damage":0,"enemies":"Gensokyo:4_Bats","floor":45,"turns":7},{"damage":0,"enemies":"Gensokyo:Marisa","floor":47,"turns":2},{"damage":1,"enemies":"Gensokyo:3_Boulders","floor":48,"turns":3},{"damage":9,"enemies":"Gensokyo:Yuyuko","floor":50,"turns":12}],"seed_played":"3754432032873418097","potions_obtained":[{"floor":6.0,"key":"DistilledChaos"},{"floor":11.0,"key":"EssenceOfSteel"},{"floor":13.0,"key":"Bromod:AmmoRestore"},{"floor":30.0,"key":"Bromod:Endo"},{"floor":41,"key":"Bromod:Endo"},{"floor":47,"key":"FairyPotion"},{"floor":48,"key":"Bromod:Endo"}],"is_trial":false,"path_per_floor":["M","?","M","?","M","E","R","COS","T","R","E","R","E","M","R","B",null,"M","?","?","M","COS","E","R","E","T","?","M","?","M","M","R","B",null,"M","AVR","?","M","?","E","M","E","T","E","M","$","E","M","R","B",null,null],"character_chosen":"THE_EXALTED","items_purchased":["Apotheosis","hubris:MysteriousPyramids","TungstenRod"],"campfire_rested":0,"item_purchase_floors":[46,46,46],"current_hp_per_floor":[92,102,87,97,96,103,113,123,133,143,134,144,131,225,235,141,255,260,255,265,268,278,274,284,290,300,310,290,297,291,288,298,293,425,388,398,408,416,143,485,493,501,511,521,533,543,555,565,575,585,595],"gold":876,"neow_bonus":"","is_daily":false,"chose_seed":false,"campfire_upgraded":6,"win_rate":0.0,"timestamp":1610180503,"path_taken":["M","?","M","?","M","E","R","COS","T","R","E","R","E","?","R","BOSS","M","?","?","M","COS","E","R","E","T","?","?","?","?","M","R","BOSS","M","AVR","?","M","?","E","M","E","T","E","M","?","E","?","R","BOSS"],"items_purchased_type":["Card","Relic","Relic"],"build_version":"2020-12-22","purchased_purges":1,"victory":true,"max_hp_per_floor":[95,105,115,125,135,145,155,165,175,185,195,205,215,225,235,245,255,265,275,285,295,305,315,325,335,345,355,365,375,385,395,405,415,425,435,445,455,465,475,485,495,505,515,525,535,545,555,565,575,585,595],"card_choices":[{"not_picked":["CherryBlossoms","Rudolta"],"picked":"LongBird","floor":1.0},{"not_picked":["Bromod:SlipMagazine","Bromod:ShatteringImpact"],"picked":"Bromod:SlashDash","floor":1.0},{"not_picked":["Bromod:RadialJavelin+1","Bromod:Continuity+1","Bromod:VitalSense+1","Bromod:Berserker+1"],"picked":"Bromod:CollisionForce+1","floor":2.0},{"not_picked":["Bromod:LethalTorrent+1","Bromod:ToxicBarrage+1","Bromod:Thunderbolt+1","Bromod:SplitChamber+1"],"picked":"Bromod:Continuity+1","floor":2.0},{"not_picked":["Bromod:ChillingReload+1","Bromod:ConditionOverload+1","Bromod:Rage+1","Bromod:LifeStrike+1"],"picked":"Bromod:DriftingContact+1","floor":2.0},{"not_picked":["MeatLantern","Scorched"],"picked":"CENSORED","floor":3.0},{"not_picked":["Bromod:Reflection","Bromod:BulletJump","Bromod:Foundry","Bromod:Redirection"],"picked":"Bromod:Stormbringer","floor":3.0},{"not_picked":["SpiderBud","Bloodbath"],"picked":"OSAHOGD","floor":5.0},{"not_picked":["Bromod:QuickDraw","Bromod:SteelCharge","Bromod:RendingStrike","Bromod:SteelFiber"],"picked":"Bromod:BulletJump","floor":5.0},{"not_picked":["VoidDream","Bloodbath"],"picked":"UniverseFragment","floor":6.0},{"not_picked":["Bromod:PointBlank","Bromod:FinishingTouch","Bromod:BodyCount","Bromod:Intensify"],"picked":"Bromod:VitalSense","floor":6.0},{"not_picked":["Rudolta","BigBird"],"picked":"WallGazer","floor":11.0},{"not_picked":["Bromod:SlipMagazine","Bromod:PointStrike","Bromod:TargetCracker","Bromod:Stretch"],"picked":"Bromod:SteelCharge","floor":11.0},{"not_picked":["VoidDream","RedShoes","Funeral"],"picked":"Singing Bowl","floor":13.0},{"not_picked":["LittlePrince","WhitesApple"],"picked":"CherryBlossoms","floor":13.0},{"not_picked":["Bromod:Frostbite","Bromod:Foundry","Bromod:Provoked","Bromod:SlipMagazine"],"picked":"Bromod:BulletJump","floor":13.0},{"not_picked":["PunishingBird","Rudolta"],"picked":"ShyLook","floor":14.0},{"not_picked":["Bromod:SteelFiber","Bromod:Vitality","Bromod:SlipMagazine","Bromod:BodyCount"],"picked":"Bromod:Redirection","floor":14.0},{"not_picked":["FieryBird","Bloodbath","CrumblingArmor"],"picked":"Singing Bowl","floor":16.0},{"not_picked":["QueenBee","MeatLantern"],"picked":"OldLady","floor":16.0},{"not_picked":["Bromod:ConditionOverload","Bromod:Frostbite","Bromod:HellsChamber","Bromod:SplitChamber"],"picked":"Bromod:RendingStrike","floor":16.0},{"not_picked":["BigBird","Rudolta","QueenBee"],"picked":"Singing Bowl","floor":18.0},{"not_picked":["Bromod:BulletJump+1","Bromod:RelentlessCombination","Bromod:Reflection+1","Bromod:SteelCharge"],"picked":"Bromod:OrganShatter+1","floor":18.0},{"not_picked":["BigBird","PunishingBird"],"picked":"Wellcheers","floor":21.0},{"not_picked":["Bromod:Patagium","Bromod:PressurePoint","Bromod:Maglev","Bromod:QuickDraw+1"],"picked":"Bromod:Reflection","floor":21.0},{"not_picked":["CrumblingArmor","MeatLantern","PunishingBird"],"picked":"Singing Bowl","floor":23.0},{"not_picked":["MeatLantern","Murderer"],"picked":"MHz","floor":23.0},{"not_picked":["Bromod:ReflexCoil+1","Bromod:PressurePoint","Bromod:QuickDraw","Bromod:Intensify"],"picked":"Bromod:HornetStrike","floor":23.0},{"not_picked":["MeatLantern","Funeral","CrumblingArmor"],"picked":"Singing Bowl","floor":25.0},{"not_picked":["Bromod:Foundry+1","Bromod:PressurePoint","Bromod:OrganShatter","Bromod:Continuity"],"picked":"Bromod:SteelFiber","floor":25.0},{"not_picked":["Freischutz","Scorched","LittleHelper"],"picked":"Singing Bowl","floor":28.0},{"not_picked":["Bromod:KillingBlow","Bromod:Stretch","Bromod:Stormbringer","Bromod:Fury"],"picked":"Bromod:PointStrike+1","floor":28.0},{"not_picked":["GalaxyChild","HappyTeddy","CrumblingArmor"],"picked":"Singing Bowl","floor":29.0},{"not_picked":["Bromod:PointBlank+1","Bromod:Vitality","Bromod:OrganShatter","Bromod:QuickDraw"],"picked":"Bromod:EnergySiphon","floor":29.0},{"not_picked":["HappyTeddy","SnowQueen","Woodsman"],"picked":"Singing Bowl","floor":30.0},{"not_picked":["Bromod:Thunderbolt","Bromod:Maglev","Bromod:PressurePoint","Bromod:SlashDash"],"picked":"Bromod:Redirection+1","floor":30.0},{"not_picked":["NakedNest","SingingMachine","HeroicMonk"],"picked":"Singing Bowl","floor":31.0},{"not_picked":["CrumblingArmor","Porccubus"],"picked":"BigBird","floor":31.0},{"not_picked":["Bromod:Reflection","Bromod:ReflexCoil+1","Bromod:OrganShatter","Bromod:ShatteringImpact"],"picked":"Bromod:Vitality","floor":31.0},{"not_picked":["RedShoes","CrumblingArmor","BeautyBeast"],"picked":"Singing Bowl","floor":33.0},{"not_picked":["LittleHelper","NakedNest"],"picked":"Variant","floor":33.0},{"not_picked":["Bromod:ToxicBarrage","Bromod:DriftingContact","Bromod:VitalSense","Bromod:ConditionOverload"],"picked":"Bromod:VoltaicStrike","floor":33.0},{"not_picked":["SnowQueen","Porccubus","VoidDream"],"picked":"Singing Bowl","floor":35},{"not_picked":["Bromod:Foundry+1","Bromod:ShatteringImpact+1","Bromod:RelentlessCombination","Bromod:SpeedTrigger+1"],"picked":"Bromod:Redirection","floor":35},{"not_picked":["VoidDream","Porccubus","QueenBee"],"picked":"Singing Bowl","floor":38},{"not_picked":["Bromod:FastHands","Bromod:ShatteringImpact+1","Bromod:FinishingTouch+1","Bromod:SteelFiber"],"picked":"Bromod:BulletJump","floor":38},{"not_picked":["Rudolta","PunishingBird","Yin"],"picked":"Singing Bowl","floor":40},{"not_picked":["Bromod:FinishingTouch+1","Bromod:Fury","Bromod:Vitality","Bromod:SlashDash"],"picked":"Bromod:EnergySiphon+1","floor":40},{"not_picked":["Funeral","Scorched","BeautyBeast"],"picked":"Singing Bowl","floor":41},{"not_picked":["Bromod:SlipMagazine+1","Bromod:PointStrike","Bromod:OrganShatter+1","Bromod:Berserker"],"picked":"Bromod:Redirection+1","floor":41},{"not_picked":["Mercenary","BlackSwan","BigBird"],"picked":"Singing Bowl","floor":42},{"not_picked":["Bromod:LifeStrike","Bromod:SlashDash+1","Bromod:Maglev+1","Bromod:BodyCount+1"],"picked":"Bromod:QuickThinking","floor":42},{"not_picked":["SilentOrchestra","Woodsman","CrumblingArmor"],"picked":"Singing Bowl","floor":44},{"not_picked":["Bromod:Rejuvenation+1","Bromod:SteelFiber+1","Bromod:ShatteringImpact+1","Bromod:ContagiousSpread+1"],"picked":"Bromod:SlashDash+1","floor":44},{"not_picked":["RedShoes","BigBadWolf","SnowQueen"],"picked":"Singing Bowl","floor":45},{"not_picked":["Bromod:KillingBlow+1","Bromod:BodyCount","Bromod:Reflection","Bromod:RelentlessCombination+1"],"picked":"Bromod:NoReturn+1","floor":45},{"not_picked":["BigBird","GalaxyChild","Porccubus"],"picked":"Singing Bowl","floor":47},{"not_picked":["Bromod:OrganShatter+1","Bromod:SteelFiber","Bromod:ReflexCoil","Bromod:SlashDash"],"picked":"Bromod:Blaze","floor":47},{"not_picked":["Funeral","LittleHelper","QueenBee"],"picked":"Singing Bowl","floor":48},{"not_picked":["Bromod:PressurePoint","Bromod:Reflection+1","Bromod:OrganShatter+1","Bromod:SlashDash"],"picked":"Bromod:HornetStrike","floor":48}],"player_experience":1108711,"relics_obtained":[{"floor":1.0,"key":"SynthV:TestCard"},{"floor":1.0,"key":"LetterFromLob"},{"floor":6.0,"key":"Darkstone Periapt"},{"floor":9.0,"key":"BelialBook"},{"floor":11.0,"key":"Matryoshka"},{"floor":13.0,"key":"infinitespire:PuzzleCube"},{"floor":23.0,"key":"Vajra"},{"floor":25.0,"key":"Centennial Puzzle"},{"floor":26.0,"key":"infinitespire:Eraser"},{"floor":26.0,"key":"Golden Egg"},{"floor":29.0,"key":"hubris:BottledRain"},{"floor":40,"key":"vexMod:ScavengeHelm"},{"floor":42,"key":"hubris:CrystalStatue"},{"floor":43,"key":"BookOfRevelations"},{"floor":43,"key":"Blood Vial"},{"floor":44,"key":"TheBean"},{"floor":47,"key":"Orichalcum"}],"event_choices":[{"damage_healed":0.0,"max_hp_gain":0.0,"max_hp_loss":0.0,"gold_gain":0.0,"event_name":"betterMatch:BetterMatch","player_choice":"3","floor":2.0,"gold_loss":0.0,"damage_taken":0.0,"cards_obtained":["betterMatch:RareCard"]},{"damage_healed":0,"gold_gain":0,"player_choice":"RE RE RE ","damage_taken":289,"relics_obtained":["CeramicFish","Oddly Smooth Stone","vexMod:MemoryStick"],"max_hp_gain":0,"max_hp_loss":0,"event_name":"betterSkull:BetterSkull","floor":39,"gold_loss":0,"cards_upgraded":[]}],"is_beta":false,"boss_relics":[{"not_picked":["Astrolabe","conspire:RunicOctahedron","vexMod:TanglingVine"]},{"not_picked":["Sozu","hubris:RunicObelisk"],"picked":"Replay:Bronze Core"},{"not_picked":[]}],"items_purged_floors":[36],"is_endless":false,"potions_floor_spawned":[5,6,11,13,14,21,25,30,33,41,42,45,47,48],"ascension_level":2}}