{"host":"t179ovrkr5k1gnfh","time":1610192538,"event":{"mods":["AchievementEnabler","BaseMod","Colored Map","Minty Spire (QoL Compilation)","StSLib","The Cursed","The Disciple"],"gold_per_floor":[14,32,32,43,53,53,67,67,93,116,144,191,221,250,262,376,388,415,342,279,291,313,325,436,476,488,510,555,567,579,610,622,736,748,772,802,833,845,872,913,707,726,776,807,827,827,837,228,228,228,228,228,2,33,33,33],"floor_reached":55,"playtime":5467,"items_purged":["TheCursedMod:Defend_TheCursed","TheCursedMod:Strike_TheCursed"],"score":850,"play_id":"077b735c-394b-4db7-8052-a5dae294ba98","local_time":"20210109124218","is_ascension_mode":false,"campfire_choices":[{"data":"Secret Technique","floor":6,"key":"SMITH"},{"data":"TheCursedMod:CleanUpWorkshop","floor":8,"key":"SMITH"},{"floor":15,"key":"REST"},{"data":"TheCursedMod:CursedSpellbook","floor":23,"key":"SMITH"},{"data":"TheCursedMod:HellfireBreathing","floor":29,"key":"SMITH"},{"data":"TheCursedMod:FleshFromBone","floor":32,"key":"SMITH"},{"floor":46,"key":"RECALL"},{"data":"TheCursedMod:NeowsMight","floor":49,"key":"SMITH"},{"data":"TheCursedMod:CursedAmulet","floor":52,"key":"SMITH"}],"circlet_count":0,"master_deck":["TheCursedMod:Strike_TheCursed","TheCursedMod:Strike_TheCursed","TheCursedMod:Strike_TheCursed","TheCursedMod:Defend_TheCursed","TheCursedMod:CursedWand+1","TheCursedMod:CleanUpWorkshop+1","TheCursedMod:Dregs","Secret Technique+1","TheCursedMod:SmokeScreen+1","TheCursedMod:FleshFromBone+1","TheCursedMod:FuryStrike","TheCursedMod:WearCloak+1","TheCursedMod:CursedSpellbook+1","TheCursedMod:CursedAmulet+1","TheCursedMod:HellfireBreathing+1","TheCursedMod:CursedShiv","TheCursedMod:SurpriseAttack","TheCursedMod:ShockAndAwe","TheCursedMod:AntiAging","TheCursedMod:HellfireBreathing+1","TheCursedMod:ForbiddenAlchemy","TheCursedMod:CursedShiv+1","TheCursedMod:Wield+1","TheCursedMod:SurpriseAttack","TheCursedMod:NeowsMight+1","TheCursedMod:CursedShiv","TheCursedMod:SpitefulPray+1","TheCursedMod:CursedStaff","TheCursedMod:SpitefulStrike+1","TheCursedMod:ReleasedKnowledge+1","TheCursedMod:NeowsMight","TheCursedMod:ReleasedStrength","TheCursedMod:CircleOfFlame"],"relics":["TheCursedMod:BlackMagicAdvanced","MawBank","War Paint","Coffee Dripper","Potion Belt","Toy Ornithopter","MealTicket","PreservedInsect","Bag of Marbles","TheCursedMod:Tack","Art of War","DollysMirror","Bronze Scales","Ancient Tea Set","TheCursedMod:PinkPellets","TheCursedMod:SoulVessel"],"acts_visited":["Exordium","TheCity","TheBeyond","TheEnding"],"potions_floor_usage":[11,14,25,27,28,35,35,35,35,36,36,36,36,36,36,36,37,37,37,37,39,39,39,40,40,40,40,40,42,44,44,44,44,44,44,45,45,45,45,45,47,47,47,47,47,47,47,50,50,50,50,50,50,54,54,55,55,55,55,55,55],"damage_taken":[{"damage":4,"enemies":"Cultist","floor":1,"turns":4},{"damage":0,"enemies":"Jaw Worm","floor":2,"turns":4},{"damage":0,"enemies":"2 Louse","floor":4,"turns":3},{"damage":0,"enemies":"2 Fungi Beasts","floor":5,"turns":4},{"damage":8,"enemies":"3 Louse","floor":7,"turns":4},{"damage":0,"enemies":"Large Slime","floor":10,"turns":4},{"damage":0,"enemies":"2 Fungi Beasts","floor":11,"turns":5},{"damage":20,"enemies":"Gremlin Nob","floor":12,"turns":5},{"damage":4,"enemies":"Gremlin Gang","floor":13,"turns":3},{"damage":1,"enemies":"Large Slime","floor":14,"turns":5},{"damage":27,"enemies":"The Guardian","floor":16,"turns":14},{"damage":5,"enemies":"3 Byrds","floor":18,"turns":6},{"damage":2,"enemies":"Shell Parasite","floor":22,"turns":3},{"damage":0,"enemies":"Slavers","floor":25,"turns":5},{"damage":21,"enemies":"Snecko","floor":27,"turns":6},{"damage":14,"enemies":"Gremlin Leader","floor":28,"turns":8},{"damage":1,"enemies":"Sentry and Sphere","floor":31,"turns":5},{"damage":25,"enemies":"Champ","floor":33,"turns":12},{"damage":0,"enemies":"Orb Walker","floor":35,"turns":3},{"damage":6,"enemies":"3 Shapes","floor":36,"turns":4},{"damage":0,"enemies":"Spire Growth","floor":37,"turns":5},{"damage":2,"enemies":"Jaw Worm Horde","floor":39,"turns":4},{"damage":11,"enemies":"Giant Head","floor":40,"turns":5},{"damage":0,"enemies":"4 Shapes","floor":42,"turns":4},{"damage":20,"enemies":"Reptomancer","floor":44,"turns":3},{"damage":0,"enemies":"Spire Growth","floor":45,"turns":2},{"damage":6,"enemies":"Transient","floor":47,"turns":5},{"damage":57,"enemies":"Donu and Deca","floor":50,"turns":8},{"damage":9,"enemies":"Shield and Spear","floor":54,"turns":3},{"damage":235,"enemies":"The Heart","floor":55,"turns":11}],"seed_played":"-5443731179014593111","potions_obtained":[{"floor":1,"key":"Swift Potion"},{"floor":5,"key":"Explosive Potion"},{"floor":12,"key":"FairyPotion"},{"floor":13,"key":"Regen Potion"},{"floor":14,"key":"Swift Potion"},{"floor":18,"key":"AttackPotion"},{"floor":25,"key":"Energy Potion"},{"floor":33,"key":"Fire Potion"},{"floor":35,"key":"Weak Potion"},{"floor":39,"key":"LiquidMemories"},{"floor":42,"key":"AttackPotion"},{"floor":44,"key":"AttackPotion"},{"floor":45,"key":"SteroidPotion"}],"is_trial":false,"path_per_floor":["M","M","?","M","M","R","M","R","T","M","M","E","M","M","R","B",null,"M","?","?","?","M","R","?","E","T","M","E","R","?","M","R","B",null,"M","M","M","?","M","E","$","M","T","E","M","R","M","$","R","B",null,"R","$","E","B"],"character_chosen":"THE_CURSED","items_purchased":["Bag of Marbles","DollysMirror","Bronze Scales","Ancient Tea Set","Energy Potion","TheCursedMod:PinkPellets","TheCursedMod:ReleasedStrength"],"campfire_rested":1,"item_purchase_floors":[41,48,48,48,48,53,53],"current_hp_per_floor":[71,71,71,71,71,71,63,63,63,63,63,43,39,38,60,33,75,70,70,70,56,54,54,54,54,54,54,47,47,47,48,48,25,88,90,92,94,94,94,95,98,100,100,82,104,104,100,106,106,51,108,108,108,102,0,0],"gold":33,"neow_bonus":"RANDOM_COLORLESS_2","is_daily":false,"chose_seed":false,"campfire_upgraded":7,"win_rate":0.0,"timestamp":1610192538,"path_taken":["M","?","?","M","M","R","M","R","T","M","M","E","?","?","R","BOSS","M","?","?","?","M","R","?","E","T","M","E","R","?","M","R","BOSS","M","?","M","?","M","E","$","M","T","E","M","R","M","$","R","BOSS","R","$","E","BOSS"],"items_purchased_type":["Relic","Relic","Relic","Relic","Potion","Relic","Card"],"build_version":"2020-12-22","purchased_purges":2,"victory":false,"max_hp_per_floor":[75,75,75,75,75,75,75,75,75,75,75,75,75,75,75,75,75,75,75,75,80,80,80,80,80,80,82,84,84,84,86,86,88,88,90,92,94,94,96,98,98,100,100,102,104,104,106,106,106,108,108,108,108,110,112,112],"card_choices":[{"not_picked":["Sadistic Nature","Metamorphosis"],"picked":"Secret Technique","floor":0},{"not_picked":["TheCursedMod:VitalStrike","TheCursedMod:RapidMovement"],"picked":"TheCursedMod:SmokeScreen","floor":1},{"not_picked":["TheCursedMod:CircleOfFocus","TheCursedMod:TacticalStrike"],"picked":"TheCursedMod:FleshFromBone","floor":2},{"not_picked":["TheCursedMod:VitalStrike","TheCursedMod:CircleOfWindfury"],"picked":"TheCursedMod:FuryStrike","floor":4},{"not_picked":["TheCursedMod:CircleOfBlood","TheCursedMod:TroublousMinions"],"picked":"TheCursedMod:WearCloak","floor":5},{"not_picked":["TheCursedMod:Torture","TheCursedMod:RavingStaff"],"picked":"TheCursedMod:CursedSpellbook","floor":7},{"not_picked":["TheCursedMod:CursedBlade","TheCursedMod:ManaCirculation"],"picked":"TheCursedMod:CursedAmulet","floor":10},{"not_picked":["TheCursedMod:CursedSpellbook","TheCursedMod:CursedStaff"],"picked":"TheCursedMod:HellfireBreathing","floor":11},{"not_picked":["TheCursedMod:Wield","TheCursedMod:ForbiddenAlchemy","TheCursedMod:Stretching"],"picked":"SKIP","floor":12},{"not_picked":["TheCursedMod:SmokeScreen","TheCursedMod:HellsGateOpen"],"picked":"TheCursedMod:CursedShiv","floor":13},{"not_picked":["TheCursedMod:RapidMovement","TheCursedMod:FleshFromBone"],"picked":"TheCursedMod:SurpriseAttack","floor":14},{"not_picked":["TheCursedMod:ForbiddenAlchemy","TheCursedMod:CursedRelics"],"picked":"TheCursedMod:ShockAndAwe","floor":16},{"not_picked":["TheCursedMod:VitalStrike+1","TheCursedMod:CircleOfWindfury","TheCursedMod:SpitefulStrike"],"picked":"SKIP","floor":18},{"not_picked":["TheCursedMod:Stigma","TheCursedMod:SaltUponWound","TheCursedMod:CursedMace"],"picked":"SKIP","floor":22},{"not_picked":["TheCursedMod:Obscuration+1","TheCursedMod:VitalStrike"],"picked":"TheCursedMod:AntiAging","floor":25},{"not_picked":["TheCursedMod:FuryStrike+1","TheCursedMod:FleshFromBone","TheCursedMod:CircleOfFlame"],"picked":"SKIP","floor":27},{"not_picked":["TheCursedMod:Stretching","TheCursedMod:RavingStaff"],"picked":"TheCursedMod:HellfireBreathing+1","floor":28},{"not_picked":["TheCursedMod:AshesToAshes","TheCursedMod:Stigma","TheCursedMod:HellsGateOpen"],"picked":"SKIP","floor":31},{"not_picked":["TheCursedMod:DarkBarrier","TheCursedMod:ShockAndAwe"],"picked":"TheCursedMod:ForbiddenAlchemy","floor":33},{"not_picked":["TheCursedMod:SmokeScreen+1","TheCursedMod:BloodBarrier"],"picked":"TheCursedMod:CursedShiv+1","floor":35},{"not_picked":["TheCursedMod:Obscuration+1","TheCursedMod:Stigma+1"],"picked":"TheCursedMod:Wield+1","floor":36},{"not_picked":["TheCursedMod:VitalStrike","TheCursedMod:Stigma+1"],"picked":"TheCursedMod:SurpriseAttack","floor":37},{"not_picked":["TheCursedMod:CircleOfWindfury+1","TheCursedMod:Obscuration"],"picked":"TheCursedMod:NeowsMight","floor":39},{"not_picked":["TheCursedMod:SmokeScreen","TheCursedMod:TacticalStrike+1"],"picked":"TheCursedMod:CursedShiv","floor":40},{"not_picked":["TheCursedMod:ManaBullet","TheCursedMod:RapidMovement+1"],"picked":"TheCursedMod:SpitefulPray+1","floor":42},{"not_picked":["TheCursedMod:Obscuration+1","TheCursedMod:CursedAmulet"],"picked":"TheCursedMod:CursedStaff","floor":44},{"not_picked":["TheCursedMod:CursedAmulet+1","TheCursedMod:CircleOfBlood+1"],"picked":"TheCursedMod:SpitefulStrike+1","floor":45},{"not_picked":["TheCursedMod:RapidMovement+1","TheCursedMod:Grudge"],"picked":"TheCursedMod:ReleasedKnowledge+1","floor":47},{"not_picked":["TheCursedMod:CircleOfFocus","TheCursedMod:TacticalStrike"],"picked":"TheCursedMod:CircleOfFlame","floor":54}],"player_experience":88725,"relics_obtained":[{"floor":9,"key":"MawBank"},{"floor":12,"key":"War Paint"},{"floor":25,"key":"Toy Ornithopter"},{"floor":28,"key":"MealTicket"},{"floor":40,"key":"PreservedInsect"},{"floor":43,"key":"TheCursedMod:Tack"},{"floor":44,"key":"Art of War"},{"floor":54,"key":"TheCursedMod:SoulVessel"}],"event_choices":[{"damage_healed":0,"gold_gain":0,"player_choice":"Forge","damage_taken":0,"max_hp_gain":0,"max_hp_loss":0,"event_name":"Accursed Blacksmith","floor":3,"gold_loss":0,"cards_upgraded":["TheCursedMod:CursedWand"]},{"damage_healed":0,"gold_gain":0,"player_choice":"Obtained Relic","damage_taken":0,"relics_obtained":["Potion Belt"],"max_hp_gain":0,"max_hp_loss":0,"event_name":"Addict","floor":19,"gold_loss":85},{"cards_removed":["TheCursedMod:Defend_TheCursed"],"damage_healed":0,"gold_gain":0,"player_choice":"Gave Gold","damage_taken":0,"max_hp_gain":0,"max_hp_loss":0,"event_name":"Beggar","floor":20,"gold_loss":75},{"damage_healed":0,"gold_gain":0,"player_choice":"Shed Blood","damage_taken":19,"max_hp_gain":5,"max_hp_loss":0,"event_name":"Forgotten Altar","floor":21,"gold_loss":0},{"damage_healed":0,"gold_gain":99,"player_choice":"Stole From Cult","damage_taken":0,"max_hp_gain":0,"max_hp_loss":0,"event_name":"Nest","floor":24,"gold_loss":0},{"cards_removed":["TheCursedMod:Defend_TheCursed"],"damage_healed":0,"gold_gain":0,"player_choice":"Purged","damage_taken":0,"max_hp_gain":0,"max_hp_loss":0,"event_name":"Purifier","floor":30,"gold_loss":0},{"damage_healed":0,"gold_gain":0,"player_choice":"Ignored","damage_taken":0,"max_hp_gain":0,"max_hp_loss":0,"event_name":"SecretPortal","floor":38,"gold_loss":0}],"is_beta":false,"boss_relics":[{"not_picked":["Snecko Eye","Empty Cage"],"picked":"Coffee Dripper"},{"not_picked":["Sozu","SlaversCollar"],"picked":"TheCursedMod:BlackMagicAdvanced"}],"items_purged_floors":[41,48],"is_endless":false,"potions_floor_spawned":[1,5,12,13,14,18,25,33,35,39,42,44,45],"killed_by":"The Heart","ascension_level":0}}