{"host":"dlyy4wv9zatha4f7","time":1610225575,"event":{"mods":["BaseMod","Better Third Choice","Colored Map","GifTheSpireLib","Minty Spire (QoL Compilation)","Spicy Shops","StSLib","SuperFastMode","Unceasing Turn Reminder","vexMod"],"gold_per_floor":[114,189,199,199,67,97,97,127,127,127,127,143,160,160,160,258,258,276,276,99,115,127,127,127,156,156,8,42,42,68,146,146,247,297,317,1316,1334,1334,717,717,749,481,481,481,38,71,71,104,104,104],"floor_reached":51,"playtime":2452,"items_purged":["Pride","Normality","Normality"],"score":1434,"play_id":"494cf55c-7def-4f13-886f-50ccc51a7384","local_time":"20210109225255","is_ascension_mode":true,"campfire_choices":[{"data":"Neutralize","floor":7,"key":"SMITH"},{"data":"Heel Hook","floor":10,"key":"SMITH"},{"data":"Dash","floor":15,"key":"SMITH"},{"data":"Catalyst","floor":23,"key":"SMITH"},{"data":"Bouncing Flask","floor":24,"key":"SMITH"},{"floor":32,"key":"REST"},{"data":"Tools of the Trade","floor":40,"key":"SMITH"},{"data":"Discovery","floor":44,"key":"SMITH"},{"floor":47,"key":"DIG"},{"floor":49,"key":"DIG"}],"circlet_count":0,"master_deck":["Strike_G","Strike_G","Strike_G+1","Defend_G","Defend_G","Defend_G","Defend_G","Defend_G","Survivor","Neutralize+1","Quick Slash+1","Flying Knee","Heel Hook+1","Dash+1","Crippling Poison+1","Phantasmal Killer+1","Backflip","Bouncing Flask+1","Catalyst+1","Footwork+1","Blur","Catalyst+1","Tools of the Trade+1","Backflip","Deadly Poison+1","PanicButton","Discovery+1","Dark Shackles","Blur+1","PiercingWail+1","Bullet Time+1","Wraith Form v2","Footwork"],"relics":["Ring of the Snake","TungstenRod","vexMod:GhostlyGear","vexMod:Dragonfruit","WingedGreaves","PreservedInsect","Philosopher\u0027s Stone","Tough Bandages","Bag of Marbles","vexMod:CardConverter","DollysMirror","Snake Skull","Eternal Feather","Bottled Tornado","Tiny House","Bottled Lightning","Toxic Egg 2","Orrery","Vajra","Oddly Smooth Stone","Letter Opener","Bag of Preparation","Thread and Needle","Shovel","CeramicFish","Pen Nib","The Specimen"],"acts_visited":["Exordium","TheCity","TheBeyond"],"potions_floor_usage":[8,25,30,33,50,50,50],"damage_taken":[{"damage":3,"enemies":"Small Slimes","floor":1,"turns":5},{"damage":0,"enemies":"Cultist","floor":3,"turns":3},{"damage":12,"enemies":"Lagavulin","floor":6,"turns":8},{"damage":7,"enemies":"Gremlin Nob","floor":8,"turns":4},{"damage":0,"enemies":"2 Louse","floor":12,"turns":2},{"damage":0,"enemies":"Blue Slaver","floor":13,"turns":3},{"damage":8,"enemies":"Hexaghost","floor":16,"turns":10},{"damage":12,"enemies":"2 Thieves","floor":18,"turns":4},{"damage":7,"enemies":"Shell Parasite","floor":21,"turns":4},{"damage":1,"enemies":"Cultist and Chosen","floor":22,"turns":5},{"damage":17,"enemies":"Gremlin Leader","floor":25,"turns":6},{"damage":5,"enemies":"Slavers","floor":28,"turns":4},{"damage":3,"enemies":"Gremlin Leader","floor":30,"turns":5},{"damage":23,"enemies":"Collector","floor":33,"turns":5},{"damage":2,"enemies":"3 Shapes","floor":35,"turns":4},{"damage":3,"enemies":"Orb Walker","floor":37,"turns":3},{"damage":4,"enemies":"Giant Head","floor":41,"turns":4},{"damage":0,"enemies":"Nemesis","floor":46,"turns":5},{"damage":0,"enemies":"Giant Head","floor":48,"turns":4},{"damage":0,"enemies":"Awakened One","floor":50,"turns":9}],"seed_played":"8605157590159491913","potions_obtained":[{"floor":1,"key":"SneckoOil"},{"floor":3,"key":"Ancient Potion"},{"floor":16,"key":"PowerPotion"},{"floor":22,"key":"SmokeBomb"},{"floor":28,"key":"ColorlessPotion"},{"floor":30,"key":"SteroidPotion"},{"floor":34,"key":"LiquidBronze"},{"floor":37,"key":"SpeedPotion"},{"floor":46,"key":"LiquidBronze"}],"is_trial":false,"path_per_floor":["M","?","M","?","$","E","R","E","T","R","?","M","M","?","R","B",null,"M","?","$","M","M","R","R","E","T","$","E","$","E","T","R","B",null,"M","?","M","?","$","R","E","$","T","R","$","E","R","E","R","B",null],"character_chosen":"THE_SILENT","items_purchased":["vexMod:GhostlyGear","Tough Bandages","Catalyst","DollysMirror","Bottled Lightning","Toxic Egg 2","Orrery","Oddly Smooth Stone","Bag of Preparation","Thread and Needle","Wraith Form v2"],"campfire_rested":1,"item_purchase_floors":[5,20,20,27,39,39,39,42,45,45,45],"current_hp_per_floor":[60,50,50,50,50,43,43,36,36,36,36,36,36,23,23,15,55,43,43,43,36,35,35,35,18,18,20,15,15,12,12,45,24,67,67,71,68,65,69,87,85,85,85,97,99,101,101,101,101,101],"gold":104,"neow_bonus":"ONE_RARE_RELIC","is_daily":false,"chose_seed":false,"campfire_upgraded":7,"win_rate":0.0,"timestamp":1610225575,"path_taken":["M","?","M","?","$","E","R","E","T","R","?","M","?","?","R","BOSS","M","?","$","M","?","R","R","E","T","$","E","?","E","?","R","BOSS","M","?","M","?","$","R","E","$","T","R","$","E","R","E","R","BOSS"],"items_purchased_type":["Relic","Relic","Card","Relic","Relic","Relic","Relic","Relic","Relic","Relic","Card"],"build_version":"2020-12-22","purchased_purges":3,"victory":true,"max_hp_per_floor":[63,63,63,63,63,68,68,68,68,68,68,68,68,68,68,68,68,68,68,68,68,68,68,68,68,68,70,70,70,70,70,70,72,79,81,85,85,91,95,95,97,97,97,97,99,101,101,101,101,101],"card_choices":[{"not_picked":["Outmaneuver","Sucker Punch"],"picked":"Quick Slash","floor":1},{"not_picked":["Choke","Acrobatics"],"picked":"Flying Knee","floor":3},{"not_picked":["Doppelganger","Quick Slash"],"picked":"Heel Hook","floor":6},{"not_picked":["Flying Knee","Sucker Punch"],"picked":"Dash","floor":8},{"not_picked":["Deflect","Dodge and Roll","Reflex"],"picked":"SKIP","floor":12},{"not_picked":["Acrobatics","Footwork"],"picked":"Crippling Poison","floor":13},{"not_picked":["Die Die Die","Burst"],"picked":"Phantasmal Killer","floor":16},{"not_picked":["Slice","Prepared"],"picked":"Backflip","floor":18},{"not_picked":["Sucker Punch","Underhanded Strike"],"picked":"Footwork+1","floor":21},{"not_picked":["Leg Sweep","Accuracy+1"],"picked":"Blur","floor":22},{"not_picked":["Quick Slash","Reflex","Infinite Blades"],"picked":"SKIP","floor":25},{"not_picked":["A Thousand Cuts","Heel Hook","Underhanded Strike"],"picked":"SKIP","floor":28},{"not_picked":["Eviscerate+1","Terror","Accuracy"],"picked":"SKIP","floor":30},{"not_picked":["Doppelganger","Phantasmal Killer"],"picked":"Tools of the Trade","floor":33},{"not_picked":["Blade Dance+1","Infinite Blades"],"picked":"Backflip","floor":34},{"not_picked":["Flying Knee+1","Prepared"],"picked":"Deadly Poison+1","floor":35},{"not_picked":["Blade Dance+1","Acrobatics+1","Riddle With Holes+1"],"picked":"SKIP","floor":37},{"not_picked":["Good Instincts","Magnetism"],"picked":"PanicButton","floor":38},{"not_picked":["PanicButton","Thinking Ahead"],"picked":"Discovery","floor":38},{"not_picked":["Magnetism","Mind Blast"],"picked":"Dark Shackles","floor":38},{"not_picked":["Reflex+1","Slice+1"],"picked":"Blur+1","floor":39},{"not_picked":["Blade Dance+1","Terror+1"],"picked":"PiercingWail+1","floor":39},{"not_picked":["Storm of Steel+1","Flechettes+1"],"picked":"Bullet Time+1","floor":41},{"not_picked":["Sucker Punch","Night Terror+1"],"picked":"Footwork","floor":46},{"not_picked":["Infinite Blades","Poisoned Stab","Underhanded Strike"],"picked":"SKIP","floor":48}],"player_experience":2238524,"relics_obtained":[{"floor":6,"key":"vexMod:Dragonfruit"},{"floor":8,"key":"WingedGreaves"},{"floor":9,"key":"PreservedInsect"},{"floor":25,"key":"Bag of Marbles"},{"floor":26,"key":"vexMod:CardConverter"},{"floor":28,"key":"Snake Skull"},{"floor":30,"key":"Eternal Feather"},{"floor":31,"key":"Bottled Tornado"},{"floor":41,"key":"Vajra"},{"floor":43,"key":"Letter Opener"},{"floor":46,"key":"Shovel"},{"floor":47,"key":"CeramicFish"},{"floor":48,"key":"Pen Nib"},{"floor":49,"key":"The Specimen"}],"event_choices":[{"damage_healed":0,"gold_gain":75,"player_choice":"Gold","damage_taken":11,"max_hp_gain":0,"max_hp_loss":0,"event_name":"betterThird:BetterGoop","floor":2,"gold_loss":0},{"damage_healed":0,"gold_gain":0,"player_choice":"Grow","damage_taken":0,"max_hp_gain":0,"max_hp_loss":0,"event_name":"Living Wall","floor":4,"gold_loss":0,"cards_upgraded":["Quick Slash"]},{"cards_removed":["Strike_G"],"damage_healed":0,"gold_gain":0,"player_choice":"Offered Basic","damage_taken":0,"max_hp_gain":0,"max_hp_loss":0,"event_name":"Bonfire Elementals","floor":11,"gold_loss":0},{"damage_healed":36,"gold_gain":0,"player_choice":"Upgrade","damage_taken":14,"max_hp_gain":0,"max_hp_loss":68,"event_name":"betterThird:BetterShining","floor":14,"gold_loss":0,"cards_upgraded":["Crippling Poison","Strike_G"]},{"damage_healed":0,"gold_gain":0,"cards_transformed":["Strike_G"],"player_choice":"Transformed","damage_taken":0,"max_hp_gain":0,"max_hp_loss":0,"event_name":"Transmorgrifier","floor":19,"gold_loss":0,"cards_obtained":["Bouncing Flask"]},{"damage_healed":0,"gold_gain":999,"player_choice":"Gold","damage_taken":0,"max_hp_gain":0,"max_hp_loss":0,"event_name":"MindBloom","floor":36,"gold_loss":0,"cards_obtained":["Normality","Normality"]},{"damage_healed":0,"gold_gain":0,"player_choice":"Memory 3","damage_taken":10,"max_hp_gain":0,"max_hp_loss":0,"event_name":"SensoryStone","floor":38,"gold_loss":0}],"is_beta":false,"boss_relics":[{"not_picked":["Fusion Hammer","vexMod:CursedCompass"],"picked":"Philosopher\u0027s Stone"},{"not_picked":["vexMod:EndlessSickness","Cursed Key"],"picked":"Tiny House"}],"items_purged_floors":[5,39,42],"is_endless":false,"potions_floor_spawned":[1,3,16,22,28,30,37,46],"ascension_level":9}}