{"host":"19r1ww88x2tc73i0","time":1610176073,"event":{"mods":["BaseMod","BetterRewards","Colored Map","Minty Spire (QoL Compilation)","Relic Stats","StSLib","SuperFastMode","slay the spire mod where everything is the same but ironclad has a cowboy hat"],"gold_per_floor":[116,81,81,100,17,17,28,28,28,57,57,82,7,17,17,95,95,106,121,138,138,53,53,79,79,106,106,106,136,150,168,168,168,168],"floor_reached":33,"playtime":1004,"items_purged":["Strike_B"],"score":586,"play_id":"73cd0b49-f3d1-4112-896a-c1cadafc1713","local_time":"25640109140753","is_ascension_mode":true,"campfire_choices":[{"data":"Rip and Tear","floor":6.0,"key":"SMITH"},{"data":"Melter","floor":8.0,"key":"SMITH"},{"data":"Hyperbeam","floor":15.0,"key":"SMITH"},{"floor":23.0,"key":"REST"},{"floor":25,"key":"REST"},{"floor":32,"key":"RECALL"}],"circlet_count":0,"master_deck":["AscendersBane","Strike_B","Strike_B","Defend_B","Defend_B+1","Defend_B","Defend_B","Zap+1","Dualcast","Hologram+1","Good Instincts+1","Genetic Algorithm+1","Sweeping Beam","Rip and Tear+1","Melter+1","Undo+1","Hyperbeam+1","Self Repair","Fission+1","Leap+1","Hologram+1","Stack+1","Conserve Battery+1"],"relics":["Cracked Core","Toxic Egg 2","Oddly Smooth Stone","War Paint","Bird Faced Urn","Lantern","Fusion Hammer","Art of War","Mercury Hourglass","Happy Flower","Ornamental Fan"],"acts_visited":["Exordium","TheCity"],"potions_floor_usage":[24,29,33],"damage_taken":[{"damage":2.0,"enemies":"Small Slimes","floor":1.0,"turns":4.0},{"damage":6.0,"enemies":"Jaw Worm","floor":4.0,"turns":4.0},{"damage":8.0,"enemies":"2 Louse","floor":7.0,"turns":3.0},{"damage":11.0,"enemies":"Gremlin Nob","floor":10.0,"turns":3.0},{"damage":14.0,"enemies":"Lagavulin","floor":12.0,"turns":4.0},{"damage":0.0,"enemies":"2 Fungi Beasts","floor":14.0,"turns":2.0},{"damage":8.0,"enemies":"Slime Boss","floor":16.0,"turns":8.0},{"damage":12.0,"enemies":"Chosen","floor":18.0,"turns":6.0},{"damage":0.0,"enemies":"2 Thieves","floor":19.0,"turns":2.0},{"damage":17.0,"enemies":"Snake Plant","floor":20.0,"turns":4.0},{"damage":37,"enemies":"Book of Stabbing","floor":24,"turns":8},{"damage":3,"enemies":"Gremlin Leader","floor":29,"turns":4},{"damage":12,"enemies":"Cultist and Chosen","floor":30,"turns":7},{"damage":0,"enemies":"Sentry and Sphere","floor":31,"turns":3},{"damage":46,"enemies":"Champ","floor":33,"turns":12}],"seed_played":"1204703419641029683","potions_obtained":[{"floor":1.0,"key":"FocusPotion"},{"floor":10.0,"key":"Strength Potion"},{"floor":16.0,"key":"Energy Potion"},{"floor":20.0,"key":"Weak Potion"},{"floor":24,"key":"PowerPotion"},{"floor":30,"key":"Strength Potion"}],"is_trial":false,"path_per_floor":["M","?","?","M","$","R","M","R","T","E","?","E","$","M","R","B",null,"M","M","M","$","?","R","E","R","T","?","?","E","M","M","R","B"],"character_chosen":"DEFECT","items_purchased":["Toxic Egg 2","Hologram+1","Oddly Smooth Stone","Good Instincts+1","Rip and Tear"],"campfire_rested":2,"item_purchase_floors":[0,0,0,0,5],"current_hp_per_floor":[30,47,47,41,41,41,33,33,33,22,27,13,13,13,13,14,61,58,58,50,50,50,72,44,66,66,66,66,74,71,71,71,27,27],"gold":168,"neow_bonus":"","is_daily":false,"chose_seed":false,"campfire_upgraded":3,"win_rate":0.0,"timestamp":1610176073,"path_taken":["M","?","?","M","$","R","M","R","T","E","?","E","$","M","R","BOSS","M","M","M","$","?","R","E","R","T","?","?","E","?","M","R","BOSS"],"items_purchased_type":["Relic","Card","Relic","Card","Card"],"build_version":"2020-12-22","purchased_purges":1,"victory":false,"max_hp_per_floor":[71,71,71,71,71,71,71,71,71,71,76,76,76,76,76,76,76,76,76,76,76,76,76,76,76,76,76,76,76,76,76,76,76,76],"relic_stats":{"Happy Flower":[8],"counters":[183,872],"Ornamental Fan":[8],"Bird Faced Urn":[16],"Art of War":[7],"War Paint":["Zap","Defend_B"],"obtain_stats":[{"Ice Cream":0,"Calipers":31,"Nilry\u0027s Codex":19,"CeramicFish":0,"Vajra":31,"Spirit Poop":45,"Runic Capacitor":21,"Ginger":37,"Bottled Tornado":21,"Old Coin":48,"Blood Vial":24,"Sozu":17,"Lizard Tail":0,"Centennial Puzzle":40,"Strawberry":23,"MealTicket":46,"Fusion Hammer":34,"Kunai":44,"Toxic Egg 2":0,"Girya":0,"Happy Flower":0,"Dead Branch":0,"Blue Candle":40,"Oddly Smooth Stone":0,"Eternal Feather":28,"Letter Opener":9,"War Paint":27,"Question Card":39,"Akabeko":8,"Cables":46,"OrangePellets":39,"SlaversCollar":17,"Bottled Flame":30,"Shuriken":43,"Bronze Scales":9,"Bird Faced Urn":4,"Molten Egg 2":0,"Pandora\u0027s Box":17,"Symbiotic Virus":0,"Unceasing Top":0,"Pocketwatch":0,"Darkstone Periapt":20,"Lantern":36,"Regal Pillow":6,"Singing Bowl":0,"Torii":0,"Mango":0,"StoneCalendar":0,"Incense Burner":10,"Juzu Bracelet":14,"Bag of Preparation":29,"Ancient Tea Set":44,"Cursed Key":34,"Smiling Mask":40,"ClockworkSouvenir":0,"Emotion Chip":26,"Dream Catcher":27,"Nunchaku":27,"Matryoshka":4,"Shovel":0,"Mummified Hand":9,"Gambling Chip":0,"Tiny Chest":12,"WingedGreaves":0,"Chemical X":38,"Cracked Core":0,"Runic Pyramid":17,"Potion Belt":20,"Lee\u0027s Waffle":0,"Inserter":17,"Golden Idol":10,"Thread and Needle":0,"PreservedInsect":26,"Omamori":0,"Frozen Egg 2":0,"Orichalcum":41,"MawBank":8,"Medical Kit":0,"White Beast Statue":40,"Mercury Hourglass":26,"Nuclear Battery":17,"Peace Pipe":45,"Anchor":0,"CaptainsWheel":0,"DataDisk":39,"Ornamental Fan":29,"Turnip":0,"Coffee Dripper":34,"Art of War":23,"Bag of Marbles":42,"Membership Card":0,"Bottled Lightning":32,"TungstenRod":43,"FossilizedHelix":0},{"Ice Cream":57,"Calipers":47,"Nilry\u0027s Codex":119,"CeramicFish":83,"Vajra":16,"Spirit Poop":105,"Runic Capacitor":9,"Ginger":19,"Bottled Tornado":9,"Old Coin":24,"Blood Vial":11,"Sozu":66,"Lizard Tail":0,"Centennial Puzzle":21,"Strawberry":41,"MealTicket":80,"Fusion Hammer":75,"Kunai":54,"Toxic Egg 2":0,"Girya":140,"Happy Flower":0,"Dead Branch":26,"Blue Candle":52,"Oddly Smooth Stone":26,"Eternal Feather":71,"Letter Opener":113,"War Paint":70,"Question Card":20,"Akabeko":31,"Cables":105,"OrangePellets":103,"SlaversCollar":160,"Bottled Flame":125,"Shuriken":22,"Bronze Scales":4,"Bird Faced Urn":142,"Molten Egg 2":26,"Pandora\u0027s Box":92,"Symbiotic Virus":26,"Unceasing Top":57,"Pocketwatch":26,"Darkstone Periapt":9,"Lantern":18,"Regal Pillow":87,"Singing Bowl":57,"Torii":83,"Mango":0,"StoneCalendar":0,"Incense Burner":5,"Juzu Bracelet":7,"Bag of Preparation":14,"Ancient Tea Set":79,"Cursed Key":101,"Smiling Mask":104,"ClockworkSouvenir":26,"Emotion Chip":11,"Dream Catcher":12,"Nunchaku":43,"Matryoshka":2,"Shovel":57,"Mummified Hand":4,"Gambling Chip":57,"Tiny Chest":33,"WingedGreaves":0,"Chemical X":51,"Cracked Core":0,"Runic Pyramid":8,"Potion Belt":9,"Lee\u0027s Waffle":26,"Inserter":36,"Golden Idol":87,"Thread and Needle":26,"PreservedInsect":42,"Omamori":0,"Frozen Egg 2":0,"Orichalcum":22,"MawBank":4,"Medical Kit":57,"White Beast Statue":132,"Mercury Hourglass":70,"Nuclear Battery":148,"Peace Pipe":23,"Anchor":0,"CaptainsWheel":26,"DataDisk":51,"Ornamental Fan":180,"Turnip":108,"Coffee Dripper":17,"Art of War":69,"Bag of Marbles":133,"Membership Card":0,"Bottled Lightning":74,"TungstenRod":53,"FossilizedHelix":57},{"Ice Cream":287,"Calipers":231,"Nilry\u0027s Codex":549,"CeramicFish":402,"Vajra":80,"Spirit Poop":498,"Runic Capacitor":46,"Ginger":98,"Bottled Tornado":46,"Old Coin":129,"Blood Vial":56,"Sozu":316,"Lizard Tail":0,"Centennial Puzzle":109,"Strawberry":206,"MealTicket":380,"Fusion Hammer":360,"Kunai":264,"Toxic Egg 2":0,"Girya":633,"Happy Flower":0,"Dead Branch":155,"Blue Candle":255,"Oddly Smooth Stone":155,"Eternal Feather":339,"Letter Opener":530,"War Paint":334,"Question Card":102,"Akabeko":169,"Cables":498,"OrangePellets":489,"SlaversCollar":740,"Bottled Flame":571,"Shuriken":116,"Bronze Scales":15,"Bird Faced Urn":638,"Molten Egg 2":155,"Pandora\u0027s Box":446,"Symbiotic Virus":155,"Unceasing Top":287,"Pocketwatch":155,"Darkstone Periapt":46,"Lantern":93,"Regal Pillow":418,"Singing Bowl":287,"Torii":402,"Mango":0,"StoneCalendar":0,"Incense Burner":22,"Juzu Bracelet":32,"Bag of Preparation":69,"Ancient Tea Set":377,"Cursed Key":484,"Smiling Mask":494,"ClockworkSouvenir":155,"Emotion Chip":56,"Dream Catcher":61,"Nunchaku":214,"Matryoshka":7,"Shovel":287,"Mummified Hand":15,"Gambling Chip":287,"Tiny Chest":174,"WingedGreaves":0,"Chemical X":250,"Cracked Core":0,"Runic Pyramid":41,"Potion Belt":46,"Lee\u0027s Waffle":155,"Inserter":183,"Golden Idol":418,"Thread and Needle":155,"PreservedInsect":210,"Omamori":0,"Frozen Egg 2":0,"Orichalcum":116,"MawBank":15,"Medical Kit":287,"White Beast Statue":595,"Mercury Hourglass":334,"Nuclear Battery":676,"Peace Pipe":123,"Anchor":0,"CaptainsWheel":155,"DataDisk":250,"Ornamental Fan":850,"Turnip":518,"Coffee Dripper":88,"Art of War":330,"Bag of Marbles":599,"Membership Card":0,"Bottled Lightning":349,"TungstenRod":259,"FossilizedHelix":287}],"Mercury Hourglass":[66]},"card_choices":[{"not_picked":["Streamline","Turbo+1"],"picked":"Genetic Algorithm+1","floor":1.0},{"not_picked":["Steam+1","Barrage"],"picked":"Sweeping Beam","floor":4.0},{"not_picked":["Rebound","Steam Power+1"],"picked":"Melter","floor":7.0},{"not_picked":["Double Energy+1","Gash"],"picked":"Undo+1","floor":10.0},{"not_picked":["Rebound","Darkness+1"],"picked":"Hyperbeam","floor":12.0},{"not_picked":["Streamline","Go for the Eyes"],"picked":"Self Repair","floor":14.0},{"not_picked":["Multi-Cast+1","Core Surge"],"picked":"Fission+1","floor":16.0},{"not_picked":["Go for the Eyes","Stack+1"],"picked":"Leap+1","floor":18.0},{"not_picked":["Melter","Double Energy+1"],"picked":"Hologram+1","floor":19.0},{"not_picked":["Capacitor","Gash"],"picked":"Stack+1","floor":20.0},{"not_picked":["Undo+1","Streamline","Coolheaded+1"],"picked":"SKIP","floor":24},{"not_picked":["Lockon","Sweeping Beam","Fusion+1"],"picked":"SKIP","floor":29},{"not_picked":["Tempest+1","Blizzard+1","Streamline"],"picked":"SKIP","floor":30},{"not_picked":["Barrage","Compile Driver"],"picked":"Conserve Battery+1","floor":31}],"player_experience":886064,"relics_obtained":[{"floor":9.0,"key":"War Paint"},{"floor":10.0,"key":"Bird Faced Urn"},{"floor":12.0,"key":"Lantern"},{"floor":24,"key":"Mercury Hourglass"},{"floor":26,"key":"Happy Flower"},{"floor":29,"key":"Ornamental Fan"}],"event_choices":[{"damage_healed":17.0,"max_hp_gain":0.0,"max_hp_loss":0.0,"gold_gain":0.0,"event_name":"The Cleric","player_choice":"Healed","floor":2.0,"gold_loss":35.0,"damage_taken":0.0},{"cards_removed":["Strike_B"],"damage_healed":0.0,"max_hp_gain":0.0,"max_hp_loss":0.0,"gold_gain":0.0,"event_name":"Living Wall","player_choice":"Forget","floor":3.0,"gold_loss":0.0,"damage_taken":0.0},{"damage_healed":0.0,"max_hp_gain":5.0,"max_hp_loss":0.0,"gold_gain":0.0,"event_name":"Big Fish","player_choice":"Donut","floor":11.0,"gold_loss":0.0,"damage_taken":0.0},{"damage_healed":0.0,"max_hp_gain":0.0,"max_hp_loss":0.0,"gold_gain":0.0,"event_name":"Addict","player_choice":"Obtained Relic","floor":22.0,"gold_loss":85.0,"damage_taken":0.0,"relics_obtained":["Art of War"]},{"damage_healed":0,"gold_gain":0,"player_choice":"Ignored","damage_taken":0,"max_hp_gain":0,"max_hp_loss":0,"event_name":"The Mausoleum","floor":27,"gold_loss":0},{"damage_healed":0,"gold_gain":0,"player_choice":"0 cards matched","damage_taken":0,"max_hp_gain":0,"max_hp_loss":0,"event_name":"Match and Keep!","floor":28,"gold_loss":0,"cards_obtained":[]}],"is_beta":false,"boss_relics":[{"not_picked":["SlaversCollar","Busted Crown"],"picked":"Fusion Hammer"}],"items_purged_floors":[13],"is_endless":false,"potions_floor_spawned":[1,10,16,20,24,30],"killed_by":"Champ","ascension_level":20}}