{"host":"gkmfgzxy0jvnl2zt","time":1610170317,"event":{"mods":["AchievementEnabler","Act Like it!","Aspiration","BaseMod","Better Note","BetterRewards","Card Forge","Colored Map","Colored Powertips","Conspire","Elementarium","Energized Spire","Infinite Spire","Ironclad Rager","Mimic Mod","Minty Spire (QoL Compilation)","Permanent Neow","Replay The Spire","Shop Mod","StSLib","The Factory","The Jungle","Trackpad","vexMod"],"gold_per_floor":[99999,100019,99994,100094,99173,99173,98307,98341,98366,98383,98414,98434,97336,97352,97352,97454,97454,97467,97479,97497,97487,97505,97505,97505,97505,97551,96602,96643,96663,96698,96698,96698,96801,96801,96812,96831,96850,96852,96852,96852,96903,96924,96950,96950,96973,96973,97004,97020,97120,97122,97122,97122,96245,96274,96298],"floor_reached":56,"playtime":4312,"items_purged":["Strike_B+1","Strike_B+1","Strike_B+1"],"score":1560,"play_id":"1ee6b9c5-41c9-418c-ba0d-044a05e60045","local_time":"20210109003157","is_ascension_mode":true,"campfire_choices":[{"floor":6,"key":"RECALL"},{"floor":15,"key":"REST"},{"floor":23,"key":"REST"},{"floor":25,"key":"REST"},{"floor":32,"key":"REST"},{"floor":40,"key":"REST"},{"floor":46,"key":"REST"},{"floor":52,"key":"REST"}],"circlet_count":0,"master_deck":["Zap+1","Dualcast+1","FIFO Queue+1","aspiration:Polymerization+1","Beam Cell+1","Static Discharge+1","Crow Ritual+1","Capacitor+1","ReplayTheSpireMod:Brewmster+1","Redo+1","ReplayTheSpireMod:System Scan+1","Chill+1","Storm+1","BootSequence+1","Genetic Algorithm+1","FIFO Queue+1","Time Bomb+1","Master of Strategy+1","Ball Lightning+1","ReplayRNGCard+1","Lockon+1","Crystallizer+1","Sweeping Beam+1","BasicCrystalCard+1","BasicCrystalCard+1","Elementarium:GildedEssence+1","ReplayRNGCard+1","Streamline+1","ReplayTheSpireMod:??????????????????????+1","ReplayTheSpireMod:Chaos Vortex+1","ReplayTheSpireMod:Black Plague+1","Conserve Battery+1","Lockon+1","Crow Ritual+1","Multi-Cast+1","Force Field+1","Barrage+1","CurseOfTheBell","Thunder Strike+1","Self Repair+1","All For One+1","Chaos+1","Conserve Battery+1","Storm+1","Tempest+1","Creative AI+1","Madness+1","Madness+1","Meteor Strike+1","Electrodynamics+1","Consume+1","Lockon+1","Ball Lightning+1","Defragment+1","infinitespire:Gouge+1","infinitespire:Punishment+1","Conserve Battery+1","Loop+1","conspire:SharedLibrary+1","Storm+1","Parasite","Redo+1","Aggregate+1","Tempest+1","Conserve Battery+1","Trip+1","Electrodynamics","Time Bomb+1"],"relics":["Cracked Core","Hammer of Thor","Seething Fire","Anvil of the Gods","aspiration:Nostalgia","Sizzling Blood","White Beast Statue","Orichalcum","HandDrill","Gremlin Food","Toolbox","vexMod:MemoryStick","Centennial Puzzle","infinitespire:Lucky Rock","Shuriken","Pet Ghost","aspiration:SeaSaltIceCream","Iron Hammer","Replay:Lucky Slots","vexMod:CursedCompass","Prayer Wheel","vexMod:GhostlyGear","Ancient Tea Set","infinitespire:Midas Blood","infinitespire:BottledMercury","ClockworkSouvenir","trackpad:CultistFigurine","trackpad:WondrousWand","Elementarium:FlickeringLantern","Elementarium:ElementariumTrophy","Calling Bell","Bronze Scales","conspire:IceCreamScoop","Replay:Bottled Eggs","Prayer Wheel","Prayer Wheel","Gremlin Horn","Eternal Feather","aspiration:BursterCore","Mummified Hand","conspire:DecoderRing","Replay:Arrowhead","trackpad:BiPhaseBiplane","Prayer Wheel","trackpad:HandOfMidas"],"acts_visited":["Exordium","Exordium","TheBeyond","TheEnding"],"potions_floor_usage":[8,11,11,11,12,14,16,16,16,16,16,16,16,16,18,19,19,20,22,22,22,22,28,29,30,30,33,42,47,50,50,50,55,55],"damage_taken":[{"damage":6,"enemies":"Jaw Worm","floor":1,"turns":3},{"damage":1,"enemies":"Cultist","floor":2,"turns":4},{"damage":12,"enemies":"Gremlin Nob","floor":8,"turns":5},{"damage":0,"enemies":"2 Louse","floor":10,"turns":2},{"damage":0,"enemies":"Lagavulin","floor":11,"turns":5},{"damage":3,"enemies":"Gremlin Gang","floor":12,"turns":5},{"damage":0,"enemies":"Red Slaver","floor":14,"turns":3},{"damage":0,"enemies":"Fading Forest","floor":16,"turns":11},{"damage":0,"enemies":"Elementarium:VoidCorruption","floor":18,"turns":4},{"damage":0,"enemies":"Elementarium:2_ELEMENTALS","floor":19,"turns":3},{"damage":6,"enemies":"Elementarium:STONE_GOLEMS","floor":20,"turns":3},{"damage":4,"enemies":"Elementarium:RubyGolem","floor":22,"turns":3},{"damage":0,"enemies":"Elementarium:FIRE_NOBILITY","floor":28,"turns":4},{"damage":1,"enemies":"Elementarium:CYCLONE_AND_ORB_OF_FIRE","floor":29,"turns":4},{"damage":0,"enemies":"Nightmare","floor":30,"turns":2},{"damage":5,"enemies":"Elementarium:GoldenDragon","floor":33,"turns":3},{"damage":0,"enemies":"3 Shapes","floor":35,"turns":4},{"damage":0,"enemies":"3 Darklings","floor":36,"turns":3},{"damage":0,"enemies":"4 Shapes","floor":37,"turns":3},{"damage":29,"enemies":"Nightmare","floor":41,"turns":4},{"damage":4,"enemies":"Jaw Worm Horde","floor":42,"turns":2},{"damage":2,"enemies":"Maw","floor":45,"turns":3},{"damage":3,"enemies":"Nemesis","floor":47,"turns":3},{"damage":0,"enemies":"Writhing Mass","floor":48,"turns":2},{"damage":3,"enemies":"infinitespire:MassOfShapes","floor":50,"turns":2},{"damage":0,"enemies":"Shield and Spear","floor":54,"turns":1},{"damage":12,"enemies":"The Heart","floor":55,"turns":3}],"seed_played":"-7795881271732449655","potions_obtained":[{"floor":2,"key":"LifebloodPotion"},{"floor":8,"key":"FearPotion"},{"floor":10,"key":"ColorlessPotion"},{"floor":11,"key":"SkillPotion"},{"floor":12,"key":"AttackPotion"},{"floor":16,"key":"SpeedPotion"},{"floor":18,"key":"AttackPotion"},{"floor":19,"key":"EssenceOfDarkness"},{"floor":20,"key":"FocusPotion"},{"floor":28,"key":"DuplicationPotion"},{"floor":30,"key":"Energy Potion"},{"floor":33,"key":"LifebloodPotion"},{"floor":35,"key":"Dexterity Potion"},{"floor":36,"key":"Toxic Potion"},{"floor":37,"key":"Energy Potion"},{"floor":45,"key":"Energy Potion"},{"floor":47,"key":"FocusPotion"},{"floor":54,"key":"Toxic Potion"}],"is_trial":false,"path_per_floor":["M","M","?","?","$","R","$","E","T","M","E","M","$","M","R","B",null,"M","M","M","?","M","R","AVR","R","T","$","E","M","NM","?","R","B",null,"M","M","M","?","?","R","NM","M","T","AVR","M","R","E","M","R_BF","B",null,"R","$","E","B",null],"character_chosen":"DEFECT","items_purchased":["White Beast Statue","Orichalcum","HandDrill","Beam Cell","Static Discharge","Crow Ritual","Gremlin Food","Toolbox","vexMod:MemoryStick","Capacitor","ReplayTheSpireMod:Brewmster","Redo","Pet Ghost","aspiration:SeaSaltIceCream","Genetic Algorithm","FIFO Queue","Replay:Lucky Slots","Time Bomb","Master of Strategy","infinitespire:Midas Blood","infinitespire:BottledMercury","ClockworkSouvenir","Conserve Battery","Lockon","Crow Ritual","conspire:DecoderRing","Replay:Arrowhead","trackpad:BiPhaseBiplane","Energy Potion","Conserve Battery","Trip"],"campfire_rested":7,"item_purchase_floors":[5,5,5,5,5,5,7,7,7,7,7,7,13,13,13,13,13,13,13,27,27,27,27,27,27,53,53,53,53,53,53],"current_hp_per_floor":[77,79,79,79,79,79,79,71,71,75,79,79,79,79,79,79,79,79,79,77,77,77,79,79,79,79,79,79,79,79,79,79,78,79,79,79,79,69,69,79,54,54,54,54,56,79,79,79,79,79,79,79,79,79,71],"gold":96298,"neow_bonus":"NOSTALGIA","is_daily":false,"chose_seed":false,"campfire_upgraded":0,"win_rate":0.0,"timestamp":1610170317,"path_taken":["M","M","?","?","$","R","$","E","T","?","E","M","$","M","R","BOSS","M","M","M","?","M","R","AVR","R","T","?","E","M","NM","?","R","BOSS","M","M","M","?","?","R","NM","?","T","AVR","M","R","E","M","R_BF","BOSS","R","$","E","BOSS"],"items_purchased_type":["Relic","Relic","Relic","Card","Card","Card","Relic","Relic","Relic","Card","Card","Card","Relic","Relic","Card","Card","Relic","Card","Card","Relic","Relic","Relic","Card","Card","Card","Relic","Relic","Relic","Potion","Card","Card"],"build_version":"2020-12-22","purchased_purges":3,"victory":true,"max_hp_per_floor":[79,79,79,79,79,79,79,79,79,79,79,79,79,79,79,79,79,79,79,79,79,79,79,79,79,79,79,79,79,79,79,79,79,79,79,79,79,79,79,79,79,79,79,79,79,79,79,79,79,79,79,79,79,79,79],"card_choices":[{"not_picked":["Turbo","Tempest"],"picked":"FIFO Queue","floor":1},{"not_picked":["Hologram","Steam Power"],"picked":"aspiration:Polymerization","floor":2},{"not_picked":["Turbo","Go for the Eyes"],"picked":"ReplayTheSpireMod:System Scan","floor":8},{"not_picked":["Stack","Steam Power"],"picked":"Chill","floor":10},{"not_picked":["ReplayTheSpireMod:Omega Cannon","Skim"],"picked":"Storm","floor":11},{"not_picked":["Coolheaded","Stack"],"picked":"BootSequence","floor":12},{"not_picked":["Coolheaded","Turbo"],"picked":"Ball Lightning","floor":14},{"not_picked":["Fission","Reboot"],"picked":"ReplayRNGCard","floor":16},{"not_picked":["Gash","Panic Button"],"picked":"Lockon","floor":18},{"not_picked":["Conserve Battery","Melter"],"picked":"Crystallizer","floor":19},{"not_picked":["Leap","Turbo"],"picked":"Sweeping Beam","floor":19},{"not_picked":["Leap","Hologram"],"picked":"BasicCrystalCard","floor":20},{"not_picked":["Turbo","Stack"],"picked":"BasicCrystalCard","floor":20},{"not_picked":["Coolheaded","Leap"],"picked":"ReplayRNGCard","floor":22},{"not_picked":["Force Field","Leap"],"picked":"Streamline+1","floor":22},{"not_picked":["Stack","Conserve Battery"],"picked":"Multi-Cast","floor":28},{"not_picked":["Go for the Eyes+1","Rebound+1"],"picked":"Force Field","floor":29},{"not_picked":["Go for the Eyes+1","Gash"],"picked":"Barrage+1","floor":29},{"not_picked":["Leap+1","Panic Button"],"picked":"ReplayTheSpireMod:Fabricate Wheel","floor":30},{"not_picked":["Meteor Strike","Fission"],"picked":"ReplayTheSpireMod:Fabricate Wheel","floor":33},{"not_picked":["BootSequence+1","Hologram"],"picked":"Self Repair","floor":35},{"not_picked":["Redo","Darkness"],"picked":"All For One","floor":35},{"not_picked":["Compile Driver+1","Leap","ReplaySort+1"],"picked":"SKIP","floor":35},{"not_picked":["Go for the Eyes","Ball Lightning"],"picked":"Chaos+1","floor":36},{"not_picked":["ReplaySort+1","Stack"],"picked":"Conserve Battery","floor":36},{"not_picked":["Force Field+1","Coolheaded","Cold Snap"],"picked":"SKIP","floor":36},{"not_picked":["Coolheaded","Double Energy"],"picked":"Storm+1","floor":37},{"not_picked":["Turbo","ReplayTheSpireMod:Calculation Training"],"picked":"Tempest+1","floor":37},{"not_picked":["Steam+1","Gash+1"],"picked":"Creative AI","floor":37},{"not_picked":["Coolheaded","Turbo"],"picked":"Consume+1","floor":41},{"not_picked":["Reprogram","Sunder"],"picked":"Lockon","floor":42},{"not_picked":["ReplayTheSpireMod:Repulse+1","ReplayTheSpireMod:GoodbyeWorld"],"picked":"Ball Lightning+1","floor":42},{"not_picked":["Steam+1","Panic Button"],"picked":"Defragment","floor":42},{"not_picked":["Turbo+1","Streamline","Go for the Eyes"],"picked":"SKIP","floor":42},{"not_picked":["Streamline","Gash+1"],"picked":"Conserve Battery","floor":45},{"not_picked":["Multi-Cast","Chaos"],"picked":"Loop","floor":45},{"not_picked":["Gash","Go for the Eyes+1"],"picked":"conspire:SharedLibrary","floor":45},{"not_picked":["Rebound+1","Redo+1"],"picked":"ReplayTheSpireMod:Fabricate Wheel","floor":45},{"not_picked":["Compile Driver","BootSequence"],"picked":"Storm+1","floor":47},{"not_picked":["Stack+1","Crystallizer"],"picked":"Redo","floor":48},{"not_picked":["Steam+1","FIFO Queue"],"picked":"Aggregate","floor":48},{"not_picked":["conspire:SharedLibrary","Ball Lightning"],"picked":"Tempest","floor":48},{"not_picked":["Tempest","Gash+1","Steam+1"],"picked":"SKIP","floor":48},{"not_picked":["Tempest","Gash+1","Steam+1"],"picked":"SKIP","floor":48},{"not_picked":["Go for the Eyes+1","Rebound+1"],"picked":"Time Bomb+1","floor":54}],"player_experience":29768,"relics_obtained":[{"floor":8,"key":"Centennial Puzzle"},{"floor":9,"key":"infinitespire:Lucky Rock"},{"floor":11,"key":"Shuriken"},{"floor":26,"key":"Ancient Tea Set"},{"floor":28,"key":"trackpad:CultistFigurine"},{"floor":30,"key":"trackpad:WondrousWand"},{"floor":34,"key":"Bronze Scales"},{"floor":34,"key":"conspire:IceCreamScoop"},{"floor":34,"key":"Replay:Bottled Eggs"},{"floor":41,"key":"Gremlin Horn"},{"floor":47,"key":"Mummified Hand"},{"floor":54,"key":"trackpad:HandOfMidas"}],"event_choices":[{"damage_healed":0,"gold_gain":100,"player_choice":"Gold","damage_taken":0,"max_hp_gain":0,"max_hp_loss":0,"event_name":"Wheel of Change","floor":4,"gold_loss":0},{"damage_healed":0,"gold_gain":0,"player_choice":"Toss","damage_taken":0,"max_hp_gain":0,"max_hp_loss":0,"event_name":"Elementarium:OnrushingOffering","floor":21,"gold_loss":10,"cards_obtained":["Elementarium:GildedEssence"]},{"damage_healed":0,"gold_gain":0,"player_choice":"Take","damage_taken":0,"relics_obtained":["Elementarium:FlickeringLantern"],"max_hp_gain":0,"max_hp_loss":0,"event_name":"Elementarium:HeartOfTheVoid","floor":31,"gold_loss":0},{"damage_healed":0,"gold_gain":0,"player_choice":"Embrace Madness","damage_taken":10,"max_hp_gain":0,"max_hp_loss":0,"event_name":"Winding Halls","floor":38,"gold_loss":0,"cards_obtained":["Madness","Madness"]},{"damage_healed":0,"gold_gain":0,"player_choice":"1 cards matched","damage_taken":0,"max_hp_gain":0,"max_hp_loss":0,"event_name":"Match and Keep!","floor":39,"gold_loss":0,"cards_obtained":["Meteor Strike"]},{"damage_healed":0,"gold_gain":100,"player_choice":"Pray","damage_taken":0,"max_hp_gain":0,"max_hp_loss":0,"event_name":"Golden Shrine","floor":49,"gold_loss":0}],"is_beta":false,"boss_relics":[{"not_picked":["trackpad:StolenKidneys","energizedSpire:RedRose"],"picked":"vexMod:CursedCompass"},{"not_picked":["ChewingGum","FrozenCore"],"picked":"Calling Bell"}],"items_purged_floors":[5,7,13],"is_endless":false,"potions_floor_spawned":[2,8,10,11,12,14,16,18,19,20,22,28,29,30,33,35,36,37,41,42,45,47,48,54],"ascension_level":1}}