{"host":"dltylvoep9h5hx7e","time":1610217797,"event":{"mods":["AchievementEnabler","BaseMod","Colored Map","Downfall","Minty Spire (QoL Compilation)","StSLib"],"gold_per_floor":[109,119,119,176,126,164,339,374,400,300,314,353,353,353,353,353,353],"floor_reached":16,"playtime":743,"items_purged":["Doubt"],"score":116,"play_id":"3f7cbcf2-3d19-4b7d-ab10-bc4036f70a82","local_time":"20210109184317","is_ascension_mode":false,"campfire_choices":[{"data":"Armaments","floor":13,"key":"SMITH"},{"data":"Armaments","floor":15,"key":"SMITH"}],"circlet_count":0,"master_deck":["Strike_R","Strike_R","Strike_R","Strike_R+1","Defend_R","Defend_R","Defend_R","Defend_R","Bash+1","Barricade","Uppercut","Flex","Flex","Ghostly Armor","Armaments+1","Armaments+1"],"relics":["Burning Blood","Golden Idol","Whetstone","Regal Pillow","Boot","Anchor","NlothsMask"],"acts_visited":["Exordium"],"potions_floor_usage":[6,12],"damage_taken":[{"damage":2,"enemies":"Small Slimes","floor":1,"turns":4},{"damage":1,"enemies":"2 Louse","floor":2,"turns":3},{"damage":15,"enemies":"Lagavulin","floor":6,"turns":10},{"damage":30,"enemies":"Gremlin Nob","floor":8,"turns":5},{"damage":0,"enemies":"Cultist","floor":11,"turns":2},{"damage":15,"enemies":"3 Sentries","floor":12,"turns":12},{"damage":38,"enemies":"Slime Boss","floor":16,"turns":7}],"seed_played":"4325675316216022731","potions_obtained":[{"floor":2,"key":"champ:CounterPotion"},{"floor":8,"key":"Strength Potion"}],"is_trial":false,"path_per_floor":["M","M","?","?","?","E","?","E","T","$","M","E","R","?","R","B"],"character_chosen":"IRONCLAD","items_purchased":["Armaments"],"campfire_rested":0,"item_purchase_floors":[10],"current_hp_per_floor":[80,80,74,74,74,65,65,41,41,41,47,38,38,38,38,0,0],"gold":353,"neow_bonus":"ONE_RANDOM_RARE_CARD","is_daily":false,"chose_seed":false,"campfire_upgraded":2,"win_rate":0.0,"timestamp":1610217797,"path_taken":["M","M","?","?","?","E","?","E","T","$","M","E","R","?","R","BOSS"],"items_purchased_type":["Card"],"build_version":"2020-12-22","purchased_purges":1,"victory":false,"max_hp_per_floor":[80,80,74,74,74,74,74,74,74,74,74,74,74,74,74,74,74],"card_choices":[{"not_picked":["Clash","Hemokinesis"],"picked":"Uppercut","floor":1},{"not_picked":["Body Slam","Perfected Strike"],"picked":"Flex","floor":2},{"not_picked":["Uppercut","Body Slam"],"picked":"Flex","floor":6},{"not_picked":["Pummel","True Grit"],"picked":"Ghostly Armor","floor":8},{"not_picked":["Heavy Blade","Entrench"],"picked":"Armaments","floor":11},{"not_picked":["Heavy Blade","True Grit","Clothesline"],"picked":"SKIP","floor":12}],"player_experience":3098,"relics_obtained":[{"floor":6,"key":"Whetstone"},{"floor":8,"key":"Regal Pillow"},{"floor":9,"key":"Boot"},{"floor":12,"key":"Anchor"}],"event_choices":[{"damage_healed":0,"gold_gain":0,"player_choice":"Lose Max HP","damage_taken":0,"relics_obtained":["Golden Idol"],"max_hp_gain":0,"max_hp_loss":6,"event_name":"Golden Idol","floor":3,"gold_loss":0},{"damage_healed":0,"gold_gain":57,"player_choice":"Gained Gold","damage_taken":0,"max_hp_gain":0,"max_hp_loss":0,"event_name":"Golden Wing","floor":4,"gold_loss":0},{"cards_removed":["Strike_R"],"damage_healed":0,"gold_gain":0,"player_choice":"Card Removal","damage_taken":0,"max_hp_gain":0,"max_hp_loss":0,"event_name":"The Cleric","floor":5,"gold_loss":50},{"damage_healed":0,"gold_gain":175,"player_choice":"AGREE","damage_taken":0,"max_hp_gain":0,"max_hp_loss":0,"event_name":"Liars Game","floor":7,"gold_loss":0,"cards_obtained":["Doubt"]},{"damage_healed":0,"gold_gain":0,"player_choice":"Trade","damage_taken":0,"relics_obtained":["NlothsMask"],"max_hp_gain":0,"max_hp_loss":0,"event_name":"FaceTrader","floor":14,"gold_loss":0}],"is_beta":false,"boss_relics":[],"items_purged_floors":[10],"is_endless":false,"potions_floor_spawned":[2,8,12],"killed_by":"Slime Boss","ascension_level":0}}