{"host":"uv231blk40vjdojr","time":1610208334,"event":{"mods":["AchievementEnabler","BaseMod","Bestiary","Minty Spire (QoL Compilation)","Relic Stats"],"gold_per_floor":[99,99,99,99,99,99,99,99,99],"floor_reached":8,"playtime":197,"items_purged":[],"score":54,"play_id":"1d449f86-b480-4b32-9dd4-1e84c67d28e5","local_time":"20210109170534","is_ascension_mode":false,"campfire_choices":[],"circlet_count":0,"master_deck":["Strike_B","Strike_B+1","Strike_B","Strike_B","Defend_B","Defend_B","Defend_B+1","Defend_B","Zap","Dualcast","Sunder+1","Static Discharge+1","Aggregate"],"relics":["Ectoplasm","Frozen Egg 2","Pen Nib"],"acts_visited":["Exordium"],"potions_floor_usage":[],"damage_taken":[{"damage":1,"enemies":"Jaw Worm","floor":1,"turns":3},{"damage":26,"enemies":"Lagavulin","floor":6,"turns":5},{"damage":0,"enemies":"Cultist","floor":7,"turns":2},{"damage":39,"enemies":"Gremlin Nob","floor":8,"turns":4}],"seed_played":"-65107824844095200","potions_obtained":[],"is_trial":false,"path_per_floor":["M","$","?","?","T","E","M","E"],"character_chosen":"DEFECT","items_purchased":[],"campfire_rested":0,"item_purchase_floors":[],"current_hp_per_floor":[74,74,59,59,59,33,33,0,0],"gold":99,"neow_bonus":"BOSS_RELIC","is_daily":false,"chose_seed":false,"campfire_upgraded":0,"win_rate":0.0,"timestamp":1610208334,"path_taken":["M","$","?","?","?","E","?","E"],"items_purchased_type":[],"build_version":"2020-12-22","purchased_purges":0,"victory":false,"max_hp_per_floor":[75,75,75,75,75,75,75,75,75],"relic_stats":{"counters":[4,14],"Ectoplasm":57,"Pen Nib":[0],"obtain_stats":[{"Ectoplasm":0,"Pen Nib":6,"Frozen Egg 2":5,"Cracked Core":0},{"Ectoplasm":0,"Pen Nib":2,"Frozen Egg 2":1,"Cracked Core":0},{"Ectoplasm":0,"Pen Nib":8,"Frozen Egg 2":3,"Cracked Core":0}]},"card_choices":[{"not_picked":["Beam Cell","Recycle"],"picked":"Sunder","floor":1},{"not_picked":["Go for the Eyes","Lockon"],"picked":"Static Discharge+1","floor":6},{"not_picked":["Beam Cell","Sunder"],"picked":"Aggregate","floor":7}],"player_experience":630603,"relics_obtained":[{"floor":5,"key":"Frozen Egg 2"},{"floor":6,"key":"Pen Nib"}],"event_choices":[{"damage_healed":0,"gold_gain":0,"player_choice":"Entered Light","damage_taken":15,"max_hp_gain":0,"max_hp_loss":0,"event_name":"Shining Light","floor":3,"gold_loss":0,"cards_upgraded":["Strike_B","Defend_B"]},{"damage_healed":0,"gold_gain":0,"player_choice":"Grow","damage_taken":0,"max_hp_gain":0,"max_hp_loss":0,"event_name":"Living Wall","floor":4,"gold_loss":0,"cards_upgraded":["Sunder"]}],"is_beta":false,"boss_relics":[],"items_purged_floors":[],"is_endless":false,"potions_floor_spawned":[],"killed_by":"Gremlin Nob","ascension_level":0}}