{"host":"5wznv0010959mrmz","time":1610211753,"event":{"mods":["BaseMod","Highlight Path","Minty Spire (QoL Compilation)","Relic Stats"],"gold_per_floor":[138,175,175,226,250,279,279,333,360,414,414,440,489,519,519,612,612,628,628,665,665,96,96,96],"floor_reached":23,"playtime":741,"items_purged":["Strike_G"],"score":434,"play_id":"40d21c89-82e9-41f1-ac41-63f7ff464abd","local_time":"20210109110233","is_ascension_mode":true,"campfire_choices":[{"floor":7,"key":"REST"},{"floor":11,"key":"REST"},{"floor":15,"key":"REST"}],"circlet_count":0,"master_deck":["AscendersBane","Strike_G","Strike_G","Defend_G","Defend_G","Defend_G","Defend_G","Defend_G","Survivor","Neutralize","HandOfGreed","Bouncing Flask","Catalyst","Leg Sweep","After Image","Burst","Noxious Fumes","Adrenaline","Dodge and Roll","After Image","Deadly Poison"],"relics":["Ring of the Snake","Darkstone Periapt","Bag of Marbles","Mercury Hourglass","Girya","Juzu Bracelet","Orichalcum","PreservedInsect","Nunchaku","Runic Pyramid","Kunai","Bag of Preparation"],"acts_visited":["Exordium","TheCity"],"potions_floor_usage":[6,10,16,23,23],"damage_taken":[{"damage":4,"enemies":"Cultist","floor":1,"turns":5},{"damage":0,"enemies":"Jaw Worm","floor":2,"turns":5},{"damage":1,"enemies":"Small Slimes","floor":4,"turns":4},{"damage":10,"enemies":"Lagavulin","floor":6,"turns":5},{"damage":15,"enemies":"Gremlin Nob","floor":8,"turns":4},{"damage":16,"enemies":"3 Sentries","floor":10,"turns":6},{"damage":7,"enemies":"Lagavulin","floor":13,"turns":4},{"damage":3,"enemies":"Looter","floor":14,"turns":3},{"damage":5,"enemies":"Slime Boss","floor":16,"turns":7},{"damage":0,"enemies":"Spheric Guardian","floor":18,"turns":3},{"damage":16,"enemies":"3 Byrds","floor":20,"turns":5},{"damage":20,"enemies":"Slavers","floor":23,"turns":2}],"seed_played":"6717538180152772523","potions_obtained":[{"floor":1,"key":"Explosive Potion"},{"floor":2,"key":"ColorlessPotion"},{"floor":14,"key":"AttackPotion"},{"floor":20,"key":"SkillPotion"}],"is_trial":false,"path_per_floor":["M","M","?","M","T","E","R","E","T","E","R","T","E","M","R","B",null,"M","?","M","?","$","E"],"character_chosen":"THE_SILENT","items_purchased":["Kunai","Bag of Preparation","PowerPotion"],"campfire_rested":3,"item_purchase_floors":[22,22,22],"current_hp_per_floor":[55,55,29,28,28,18,36,21,21,5,23,23,16,13,31,26,52,52,52,36,20,20,0,0],"gold":96,"neow_bonus":"RANDOM_COLORLESS_2","is_daily":false,"chose_seed":false,"campfire_upgraded":0,"win_rate":0.0,"timestamp":1610211753,"path_taken":["M","M","?","M","?","E","R","E","T","E","R","?","E","M","R","BOSS","M","?","M","?","$","E"],"items_purchased_type":["Relic","Relic","Potion"],"build_version":"2020-12-22","purchased_purges":1,"victory":false,"max_hp_per_floor":[60,60,60,60,60,60,60,60,60,60,60,60,60,60,60,60,60,60,60,60,65,65,65,65],"relic_stats":{"Darkstone Periapt":0,"Nunchaku":[2],"counters":[12,53],"PreservedInsect":71,"Juzu Bracelet":0,"Bag of Preparation":[2],"Kunai":[0],"Orichalcum":[18],"obtain_stats":[{"Darkstone Periapt":3,"Girya":8,"Nunchaku":13,"PreservedInsect":12,"Bag of Marbles":5,"Juzu Bracelet":9,"Bag of Preparation":22,"Kunai":22,"Orichalcum":10,"Ring of the Snake":0,"Mercury Hourglass":6,"Runic Pyramid":17},{"Darkstone Periapt":2,"Girya":5,"Nunchaku":7,"PreservedInsect":6,"Bag of Marbles":3,"Juzu Bracelet":5,"Bag of Preparation":11,"Kunai":11,"Orichalcum":6,"Ring of the Snake":0,"Mercury Hourglass":4,"Runic Pyramid":9},{"Darkstone Periapt":10,"Girya":23,"Nunchaku":33,"PreservedInsect":29,"Bag of Marbles":14,"Juzu Bracelet":23,"Bag of Preparation":51,"Kunai":51,"Orichalcum":29,"Ring of the Snake":0,"Mercury Hourglass":19,"Runic Pyramid":43}],"Ring of the Snake":[24],"Mercury Hourglass":[168]},"card_choices":[{"not_picked":["Secret Technique","Chrysalis"],"picked":"HandOfGreed","floor":0},{"not_picked":["Bane","PiercingWail"],"picked":"Bouncing Flask","floor":1},{"not_picked":["Underhanded Strike","Flying Knee"],"picked":"Catalyst","floor":2},{"not_picked":["Heel Hook","PiercingWail"],"picked":"Leg Sweep","floor":4},{"not_picked":["Riddle With Holes","Dagger Spray"],"picked":"After Image","floor":6},{"not_picked":["Leg Sweep","Escape Plan"],"picked":"Burst","floor":8},{"not_picked":["Prepared","Deflect","Phantasmal Killer"],"picked":"SKIP","floor":10},{"not_picked":["Concentrate","Storm of Steel","Bane"],"picked":"SKIP","floor":13},{"not_picked":["Acrobatics","Quick Slash"],"picked":"Noxious Fumes","floor":14},{"not_picked":["Unload","Burst"],"picked":"Adrenaline","floor":16},{"not_picked":["Dodge and Roll","Slice","Flying Knee"],"picked":"SKIP","floor":18},{"not_picked":["Deflect","Cloak And Dagger"],"picked":"Deadly Poison","floor":20}],"player_experience":426504,"relics_obtained":[{"floor":5,"key":"Bag of Marbles"},{"floor":6,"key":"Mercury Hourglass"},{"floor":8,"key":"Girya"},{"floor":9,"key":"Juzu Bracelet"},{"floor":10,"key":"Orichalcum"},{"floor":12,"key":"PreservedInsect"},{"floor":13,"key":"Nunchaku"}],"event_choices":[{"damage_healed":0,"gold_gain":0,"player_choice":"Success","damage_taken":26,"relics_obtained":["Darkstone Periapt"],"max_hp_gain":0,"max_hp_loss":0,"event_name":"Scrap Ooze","floor":3,"gold_loss":0},{"damage_healed":0,"gold_gain":0,"cards_transformed":["Strike_G","Strike_G"],"player_choice":"Became Test Subject","damage_taken":0,"max_hp_gain":0,"max_hp_loss":0,"event_name":"Drug Dealer","floor":19,"gold_loss":0,"cards_obtained":["Dodge and Roll","After Image"]},{"damage_healed":0,"gold_gain":0,"player_choice":"Shed Blood","damage_taken":21,"max_hp_gain":5,"max_hp_loss":0,"event_name":"Forgotten Altar","floor":21,"gold_loss":0}],"is_beta":false,"boss_relics":[{"not_picked":["WristBlade","Philosopher\u0027s Stone"],"picked":"Runic Pyramid"}],"items_purged_floors":[22],"is_endless":false,"potions_floor_spawned":[1,2,14,20],"killed_by":"Slavers","ascension_level":20}}