{"host":"pqs17sqrgflf4eqa","time":1610231906,"event":{"mods":["AchievementEnabler","BaseMod","Bestiary","Better Altar","Colored Map","Colored Powertips","Emptier Cage","Googly Eyes","Highlight Path","Minty Spire (QoL Compilation)","Quick Restart","StSLib","SuperFastMode","Transform Curses","slay the spire mod where everything is the same but ironclad has a cowboy hat"],"gold_per_floor":[366,379,329,349,424,49,75,75,75,75,104,124,124,45,45,145,145,159,159,175,27,44,74,74,74,119,129,158,183,228,153,153,153,153],"floor_reached":33,"playtime":972,"items_purged":[],"score":374,"play_id":"0fa457d6-c680-463a-aea3-6320b99f1d07","local_time":"20210109173826","is_ascension_mode":true,"campfire_choices":[{"data":"Electrodynamics","floor":8,"key":"SMITH"},{"data":"Zap","floor":10,"key":"SMITH"},{"floor":13,"key":"REST"},{"data":"Dualcast","floor":15,"key":"SMITH"},{"floor":24,"key":"REST"},{"floor":25,"key":"REST"},{"floor":32,"key":"REST"}],"circlet_count":0,"master_deck":["Strike_B+1","Strike_B+1","Strike_B+1","Strike_B+1","Defend_B+1","Defend_B+1","Defend_B+1","Defend_B+1","Zap+1","Dualcast+1","Gash","Rebound","Electrodynamics+1","Lockon","Streamline","Coolheaded","Undo","Doom and Gloom","Loop","Biased Cognition","Coolheaded","Ball Lightning","Rip and Tear","Glacier","Sweeping Beam","Conserve Battery+1","Leap"],"relics":["Cracked Core","TheAbacus","Gambling Chip","WingedGreaves","Ornamental Fan","Nuclear Battery","Bag of Preparation","Mango","Boot","Red Mask","Matryoshka","Strawberry","Omamori"],"acts_visited":["Exordium","TheCity"],"potions_floor_usage":[16,16,16,29,33],"damage_taken":[{"damage":7,"enemies":"Jaw Worm","floor":1,"turns":3},{"damage":0,"enemies":"Small Slimes","floor":2,"turns":3},{"damage":6,"enemies":"2 Louse","floor":4,"turns":3},{"damage":8,"enemies":"Gremlin Nob","floor":7,"turns":3},{"damage":27,"enemies":"Lagavulin","floor":11,"turns":4},{"damage":6,"enemies":"2 Fungi Beasts","floor":12,"turns":2},{"damage":8,"enemies":"Slime Boss","floor":16,"turns":6},{"damage":17,"enemies":"2 Thieves","floor":18,"turns":3},{"damage":18,"enemies":"Shell Parasite","floor":20,"turns":4},{"damage":0,"enemies":"Cultist and Chosen","floor":22,"turns":3},{"damage":33,"enemies":"Book of Stabbing","floor":23,"turns":4},{"damage":6,"enemies":"Shelled Parasite and Fungi","floor":27,"turns":2},{"damage":20,"enemies":"Masked Bandits","floor":28,"turns":3},{"damage":33,"enemies":"Slavers","floor":29,"turns":5},{"damage":54,"enemies":"Automaton","floor":33,"turns":6}],"seed_played":"5864651965219347548","potions_obtained":[{"floor":2,"key":"Block Potion"},{"floor":11,"key":"PotionOfCapacity"},{"floor":12,"key":"Weak Potion"},{"floor":20,"key":"SteroidPotion"},{"floor":27,"key":"Strength Potion"},{"floor":29,"key":"GamblersBrew"}],"is_trial":false,"path_per_floor":["M","M","?","M","?","$","E","R","T","R","E","M","R","$","R","B",null,"M","?","M","$","M","E","R","R","T","M","?","E","T","?","R","B"],"character_chosen":"DEFECT","items_purchased":["Electrodynamics","TheAbacus","Lockon","Streamline","Loop","Bag of Preparation"],"campfire_rested":4,"item_purchase_floors":[6,6,6,6,14,21],"current_hp_per_floor":[68,68,68,62,51,51,43,43,43,43,16,10,32,32,32,24,75,58,58,40,40,40,21,47,73,73,67,47,14,21,21,49,0,0],"gold":153,"neow_bonus":"TWO_FIFTY_GOLD","is_daily":false,"chose_seed":false,"campfire_upgraded":3,"win_rate":0.0,"timestamp":1610231906,"path_taken":["M","M","?","M","?","$","E","R","T","R","E","M","R","?","R","BOSS","M","?","M","$","M","E","R","R","T","M","?","E","?","?","R","BOSS"],"items_purchased_type":["Card","Relic","Card","Card","Card","Relic"],"build_version":"2020-12-22","purchased_purges":0,"victory":false,"max_hp_per_floor":[75,75,75,75,75,75,75,75,75,75,75,75,75,75,75,75,75,75,75,75,75,75,89,89,89,89,89,89,89,96,96,96,96,96],"card_choices":[{"not_picked":["Chaos","Conserve Battery"],"picked":"Gash","floor":1},{"not_picked":["Scrape","Fusion"],"picked":"Rebound","floor":2},{"not_picked":["Conserve Battery","Melter"],"picked":"Streamline","floor":4},{"not_picked":["Heatsinks","Chaos"],"picked":"Coolheaded","floor":7},{"not_picked":["Compile Driver","Melter"],"picked":"Undo","floor":11},{"not_picked":["Coolheaded","Leap"],"picked":"Doom and Gloom","floor":12},{"not_picked":["Hyperbeam","Thunder Strike"],"picked":"Biased Cognition","floor":16},{"not_picked":["Streamline+1","Reprogram"],"picked":"Coolheaded","floor":18},{"not_picked":["Undo+1","Conserve Battery"],"picked":"Ball Lightning","floor":20},{"not_picked":["Gash+1","Blizzard"],"picked":"Rip and Tear","floor":22},{"not_picked":["Double Energy","Sweeping Beam+1"],"picked":"Glacier","floor":23},{"not_picked":["Compile Driver+1","Cold Snap"],"picked":"Sweeping Beam","floor":27},{"not_picked":["Static Discharge+1","Heatsinks"],"picked":"Conserve Battery+1","floor":28},{"not_picked":["Turbo+1","Genetic Algorithm"],"picked":"Leap","floor":29}],"player_experience":145530,"relics_obtained":[{"floor":7,"key":"Gambling Chip"},{"floor":9,"key":"WingedGreaves"},{"floor":11,"key":"Ornamental Fan"},{"floor":23,"key":"Mango"},{"floor":26,"key":"Boot"},{"floor":28,"key":"Red Mask"},{"floor":29,"key":"Matryoshka"},{"floor":30,"key":"Strawberry"},{"floor":30,"key":"Omamori"}],"event_choices":[{"cards_removed":["Clumsy"],"damage_healed":0,"gold_gain":0,"player_choice":"Card Removal","damage_taken":0,"max_hp_gain":0,"max_hp_loss":0,"event_name":"The Cleric","floor":3,"gold_loss":50},{"damage_healed":0,"gold_gain":75,"player_choice":"Gather Gold","damage_taken":11,"max_hp_gain":0,"max_hp_loss":0,"event_name":"World of Goop","floor":5,"gold_loss":0},{"damage_healed":0,"gold_gain":0,"player_choice":"Simplicity","damage_taken":0,"max_hp_gain":0,"max_hp_loss":0,"event_name":"Back to Basics","floor":19,"gold_loss":0,"cards_upgraded":["Strike_B","Strike_B","Strike_B","Strike_B","Defend_B","Defend_B","Defend_B","Defend_B"]},{"damage_healed":0,"gold_gain":0,"player_choice":"Fought Bandits","damage_taken":0,"max_hp_gain":0,"max_hp_loss":0,"event_name":"Masked Bandits","floor":28,"gold_loss":0},{"cards_removed":["Streamline"],"damage_healed":0,"gold_gain":0,"player_choice":"Gave Gold","damage_taken":0,"max_hp_gain":0,"max_hp_loss":0,"event_name":"Beggar","floor":31,"gold_loss":75}],"is_beta":false,"boss_relics":[{"not_picked":["Busted Crown","Empty Cage"],"picked":"Nuclear Battery"}],"items_purged_floors":[],"is_endless":false,"potions_floor_spawned":[2,11,12,20,27,29],"killed_by":"Automaton","ascension_level":4}}