{"host":"st4c96n0wwqavd1n","time":1610231252,"event":{"mods":["AchievementEnabler","BaseMod","Card Forge","Colored Map","Minty Spire (QoL Compilation)","StSLib"],"gold_per_floor":[117,117,42,56,76,109,119,147,147,159,191,201,201,101,101,206,206,217,229,409,420,432,432,432,432],"floor_reached":24,"playtime":2366,"items_purged":["Defend_R","Strike_R"],"score":270,"play_id":"67da04db-7ab3-46a9-be84-493e6fc6029b","local_time":"20210109142732","is_ascension_mode":false,"campfire_choices":[{"data":"Armaments","floor":15.0,"key":"SMITH"},{"data":"Barricade","floor":23.0,"key":"SMITH"}],"circlet_count":0,"master_deck":["Strike_R","Strike_R","Strike_R","Strike_R","Defend_R","Defend_R","Defend_R","Bash","Armaments+1","Reckless Charge","Wild Strike","Shrug It Off","Rampage","Pommel Strike","Barricade+1","Headbutt+1"],"relics":["Runic Pyramid","Boot","Lantern","Ice Cream","Gremlin Horn","HornCleat","Matryoshka","SlaversCollar"],"acts_visited":[],"potions_floor_usage":[],"damage_taken":[{"damage":5.0,"enemies":"Jaw Worm","floor":1.0,"turns":6.0},{"damage":1.0,"enemies":"Cultist","floor":4.0,"turns":3.0},{"damage":10.0,"enemies":"Small Slimes","floor":5.0,"turns":3.0},{"damage":3.0,"enemies":"3 Sentries","floor":6.0,"turns":7.0},{"damage":3.0,"enemies":"Red Slaver","floor":7.0,"turns":3.0},{"damage":10.0,"enemies":"Lagavulin","floor":8.0,"turns":7.0},{"damage":5.0,"enemies":"Looter","floor":10.0,"turns":3.0},{"damage":15.0,"enemies":"Gremlin Nob","floor":11.0,"turns":4.0},{"damage":0.0,"enemies":"Exordium Thugs","floor":12.0,"turns":3.0},{"damage":0.0,"enemies":"Slime Boss","floor":16.0,"turns":6.0},{"damage":15.0,"enemies":"3 Byrds","floor":18.0,"turns":7.0},{"damage":21.0,"enemies":"Chosen","floor":19.0,"turns":5.0},{"damage":17.0,"enemies":"3 Cultists","floor":21.0,"turns":6.0},{"damage":6.0,"enemies":"Sentry and Sphere","floor":22.0,"turns":10.0},{"damage":0,"enemies":"Snake Plant","floor":24,"turns":1}],"seed_played":"8488170096372679005","potions_obtained":[{"floor":5.0,"key":"HeartOfIron"},{"floor":8.0,"key":"BloodPotion"},{"floor":10.0,"key":"Regen Potion"},{"floor":11.0,"key":"Strength Potion"},{"floor":18.0,"key":"DuplicationPotion"},{"floor":21.0,"key":"Energy Potion"},{"floor":22.0,"key":"Fire Potion"}],"is_trial":false,"path_per_floor":["M","?","$","M","M","E","M","E","T","M","E","M","T","$","R","B",null,"M","M","?","M","M","R","M"],"character_chosen":"IRONCLAD","items_purchased":[],"campfire_rested":0,"item_purchase_floors":[],"current_hp_per_floor":[75,68,68,67,57,54,51,41,41,36,21,21,21,21,21,51,80,65,44,25,8,2,2,2,2],"gold":432,"neow_bonus":"BOSS_RELIC","is_daily":false,"chose_seed":false,"campfire_upgraded":2,"win_rate":0.0,"timestamp":1610231252,"path_taken":["M","?","?","M","M","E","M","E","T","M","E","?","?","?","R","BOSS","M","M","?","?","M","R","M"],"items_purchased_type":[],"build_version":"2020-12-22","purchased_purges":2,"victory":false,"max_hp_per_floor":[80,80,80,80,80,80,80,80,80,80,80,80,80,80,80,80,80,80,80,80,80,80,80,80,80],"card_choices":[{"not_picked":["Twin Strike","Wild Strike"],"picked":"Armaments","floor":1.0},{"not_picked":["Armaments","Inflame"],"picked":"Reckless Charge","floor":4.0},{"not_picked":["Twin Strike","Armaments"],"picked":"Wild Strike","floor":5.0},{"not_picked":["Clothesline","Perfected Strike"],"picked":"Shrug It Off","floor":6.0},{"not_picked":["Thunderclap","Clash"],"picked":"Rampage","floor":7.0},{"not_picked":["Thunderclap","Searing Blow","Sentinel"],"picked":"SKIP","floor":8.0},{"not_picked":["Flame Barrier","Clash","Sever Soul"],"picked":"SKIP","floor":10.0},{"not_picked":["Headbutt","Heavy Blade"],"picked":"Pommel Strike","floor":11.0},{"not_picked":["Twin Strike","Exhume","Anger"],"picked":"SKIP","floor":12.0},{"not_picked":["Immolate","Feed"],"picked":"Barricade","floor":16.0},{"not_picked":["Cleave","Anger","Wild Strike"],"picked":"SKIP","floor":18.0},{"not_picked":["Twin Strike","Anger","Sever Soul"],"picked":"SKIP","floor":19.0},{"not_picked":["Rage","Cleave"],"picked":"Headbutt+1","floor":21.0},{"not_picked":["Perfected Strike","Infernal Blade","Heavy Blade+1"],"picked":"SKIP","floor":22.0}],"player_experience":50766,"relics_obtained":[{"floor":6.0,"key":"Lantern"},{"floor":8.0,"key":"Ice Cream"},{"floor":9.0,"key":"Gremlin Horn"},{"floor":11.0,"key":"HornCleat"},{"floor":13.0,"key":"Matryoshka"}],"event_choices":[{"damage_healed":0.0,"max_hp_gain":0.0,"max_hp_loss":0.0,"gold_gain":0.0,"event_name":"Scrap Ooze","player_choice":"Success","floor":2.0,"gold_loss":0.0,"damage_taken":7.0,"relics_obtained":["Boot"]},{"damage_healed":0.0,"max_hp_gain":0.0,"max_hp_loss":0.0,"gold_gain":180.0,"event_name":"Knowing Skull","player_choice":"GOLD GOLD ","floor":20.0,"potions_obtained":[],"gold_loss":0.0,"damage_taken":19.0,"cards_obtained":[]}],"is_beta":false,"boss_relics":[{"not_picked":["Runic Dome","Snecko Eye"],"picked":"SlaversCollar"}],"items_purged_floors":[3,14],"is_endless":false,"potions_floor_spawned":[5,8,10,11,18,21,22],"killed_by":"Snake Plant","ascension_level":0}}