{"host":"t9vqxmgmtrdkt9v9","time":1610182261,"event":{"mods":["AchievementEnabler","BaseMod","Colored Map","Minty Spire (QoL Compilation)","Permanent Neow","Relic Stats","StSLib"],"gold_per_floor":[18,30,30,44,44,79,79,4,27,55,55,93,114,150,150,231,231,244,266,293,273,288,288,210,210,210,244,128,162,191,39,39,123,123,134,34,84,107,134,134,164,164,164,183,183,523,523,538,538,538],"floor_reached":51,"playtime":5361,"items_purged":["Pain","Strike_R"],"score":1344,"play_id":"6b88ecaa-2b7d-483e-8dbd-2461af497f7d","local_time":"20210109185101","is_ascension_mode":true,"campfire_choices":[{"data":"Bash","floor":7,"key":"SMITH"},{"data":"Disarm","floor":11,"key":"SMITH"},{"data":"Offering","floor":15,"key":"SMITH"},{"floor":23,"key":"REST"},{"data":"Rupture","floor":25,"key":"SMITH"},{"floor":32,"key":"REST"},{"floor":40,"key":"REST"},{"data":"Brutality","floor":42,"key":"SMITH"},{"data":"Bloodletting","floor":45,"key":"SMITH"},{"data":"Impervious","floor":47,"key":"SMITH"},{"data":"True Grit","floor":49,"key":"SMITH"}],"circlet_count":0,"master_deck":["AscendersBane","Strike_R","Strike_R","Strike_R","Strike_R","Defend_R","Defend_R","Defend_R","Defend_R","Bash+1","Armaments+1","Disarm+1","Twin Strike","Shrug It Off","Bloodletting+1","Clothesline","Rupture+1","Offering+1","Reaper","Twin Strike+1","Impervious+1","Disarm","Battle Trance","Thunderclap","True Grit+1","Brutality+1","Reaper","True Grit+1","Pummel","Sword Boomerang+1"],"relics":["Burning Blood","WingedGreaves","WarpedTongs","CeramicFish","Anchor","Omamori","Champion Belt","Runic Cube","Red Mask","Peace Pipe","Toy Ornithopter","Cursed Key","Red Skull","Eternal Feather","Old Coin"],"acts_visited":["Exordium","TheCity","TheBeyond"],"potions_floor_usage":[6,12,20,27,29,30,33,46],"damage_taken":[{"damage":14,"enemies":"Small Slimes","floor":1,"turns":4},{"damage":1,"enemies":"Cultist","floor":2,"turns":4},{"damage":1,"enemies":"Jaw Worm","floor":4,"turns":6},{"damage":14,"enemies":"Lagavulin","floor":6,"turns":9},{"damage":0,"enemies":"Gremlin Gang","floor":10,"turns":6},{"damage":19,"enemies":"3 Sentries","floor":12,"turns":8},{"damage":4,"enemies":"Large Slime","floor":13,"turns":5},{"damage":19,"enemies":"Lagavulin","floor":14,"turns":8},{"damage":43,"enemies":"The Guardian","floor":16,"turns":11},{"damage":24,"enemies":"Shell Parasite","floor":18,"turns":4},{"damage":41,"enemies":"Chosen","floor":19,"turns":6},{"damage":22,"enemies":"Masked Bandits","floor":20,"turns":5},{"damage":17,"enemies":"Snecko","floor":22,"turns":6},{"damage":47,"enemies":"Gremlin Leader","floor":27,"turns":8},{"damage":23,"enemies":"Slavers","floor":29,"turns":6},{"damage":29,"enemies":"3 Cultists","floor":30,"turns":6},{"damage":28,"enemies":"Champ","floor":33,"turns":7},{"damage":20,"enemies":"3 Shapes","floor":35,"turns":3},{"damage":28,"enemies":"Orb Walker","floor":38,"turns":5},{"damage":55,"enemies":"4 Shapes","floor":39,"turns":9},{"damage":37,"enemies":"Nemesis","floor":41,"turns":11},{"damage":44,"enemies":"Transient","floor":44,"turns":6},{"damage":62,"enemies":"Reptomancer","floor":46,"turns":4},{"damage":11,"enemies":"Spire Growth","floor":48,"turns":3},{"damage":80,"enemies":"Time Eater","floor":50,"turns":8}],"seed_played":"1903118662783168431","potions_obtained":[{"floor":2,"key":"EssenceOfSteel"},{"floor":6,"key":"ColorlessPotion"},{"floor":14,"key":"FairyPotion"},{"floor":16,"key":"Energy Potion"},{"floor":18,"key":"Strength Potion"},{"floor":21,"key":"FairyPotion"},{"floor":29,"key":"AttackPotion"},{"floor":30,"key":"DuplicationPotion"},{"floor":39,"key":"LiquidBronze"},{"floor":41,"key":"DistilledChaos"},{"floor":46,"key":"BloodPotion"}],"is_trial":false,"path_per_floor":["M","M","?","M","?","E","R","$","T","M","R","E","M","E","R","B",null,"M","M","?","?","M","R","$","R","T","E","$","E","M","$","R","B",null,"M","$","?","M","M","R","E","R","T","M","R","E","R","M","R","B",null],"character_chosen":"IRONCLAD","items_purchased":["Impervious","Battle Trance","DuplicationPotion","Brutality"],"campfire_rested":3,"item_purchase_floors":[24,28,28,31],"current_hp_per_floor":[60,65,65,70,70,62,62,62,62,68,68,55,57,44,44,7,58,50,21,22,22,18,40,40,40,40,29,29,34,30,30,52,47,68,70,70,70,59,48,70,70,70,70,58,73,64,75,70,75,60],"gold":538,"neow_bonus":"ONE_RARE_RELIC","is_daily":false,"chose_seed":false,"campfire_upgraded":8,"win_rate":0.0,"timestamp":1610182261,"path_taken":["M","M","?","?","?","E","R","$","T","M","R","E","M","E","R","BOSS","M","?","?","?","?","R","$","R","T","E","$","E","M","$","R","BOSS","M","$","?","M","M","R","E","R","T","M","R","E","R","M","R","BOSS"],"items_purchased_type":["Card","Card","Potion","Card"],"build_version":"2020-12-22","purchased_purges":2,"victory":true,"max_hp_per_floor":[75,75,75,75,75,75,75,75,75,75,75,75,75,75,75,75,75,75,75,75,75,75,75,75,75,75,75,75,75,75,75,75,75,75,75,75,75,75,75,75,75,75,75,75,75,75,75,75,75,75],"relic_stats":{"Peace Pipe":0,"counters":[25,158],"CeramicFish":153,"Eternal Feather":31,"Champion Belt":[51],"Cursed Key":1,"obtain_stats":[{"CeramicFish":6,"Eternal Feather":43,"Omamori":12,"Cursed Key":34,"Burning Blood":0,"WarpedTongs":5,"Old Coin":46,"Peace Pipe":27,"Anchor":9,"WingedGreaves":0,"Red Mask":20,"Champion Belt":14,"Toy Ornithopter":29,"Red Skull":41,"Runic Cube":17},{"CeramicFish":4,"Eternal Feather":21,"Omamori":6,"Cursed Key":17,"Burning Blood":0,"WarpedTongs":3,"Old Coin":23,"Peace Pipe":14,"Anchor":4,"WingedGreaves":0,"Red Mask":12,"Champion Belt":8,"Toy Ornithopter":15,"Red Skull":21,"Runic Cube":9},{"CeramicFish":23,"Eternal Feather":137,"Omamori":37,"Cursed Key":109,"Burning Blood":0,"WarpedTongs":14,"Old Coin":147,"Peace Pipe":90,"Anchor":23,"WingedGreaves":0,"Red Mask":76,"Champion Belt":50,"Toy Ornithopter":96,"Red Skull":137,"Runic Cube":61}],"Burning Blood":150,"Toy Ornithopter":15,"WarpedTongs":[136],"Runic Cube":[117]},"card_choices":[{"not_picked":["Wild Strike","Havoc"],"picked":"Armaments","floor":1},{"not_picked":["Thunderclap","Iron Wave"],"picked":"Disarm","floor":2},{"not_picked":["Thunderclap","Armaments"],"picked":"Twin Strike","floor":4},{"not_picked":["Headbutt","Evolve"],"picked":"Shrug It Off","floor":6},{"not_picked":["Rampage","True Grit"],"picked":"Bloodletting","floor":10},{"not_picked":["Dropkick","Flame Barrier"],"picked":"Clothesline","floor":12},{"not_picked":["Ghostly Armor","Warcry"],"picked":"Rupture","floor":13},{"not_picked":["Evolve","Twin Strike"],"picked":"Offering","floor":14},{"not_picked":["Exhume","Corruption"],"picked":"Reaper","floor":16},{"not_picked":["Reckless Charge+1","Body Slam","Power Through"],"picked":"SKIP","floor":18},{"not_picked":["Heavy Blade","Anger"],"picked":"Twin Strike+1","floor":19},{"not_picked":["Searing Blow+1","Flex","Iron Wave"],"picked":"SKIP","floor":22},{"not_picked":["Warcry","Clash+1"],"picked":"Disarm","floor":27},{"not_picked":["Iron Wave","True Grit"],"picked":"Thunderclap","floor":29},{"not_picked":["Perfected Strike","Thunderclap"],"picked":"True Grit","floor":30},{"not_picked":["Double Tap","Fiend Fire"],"picked":"Reaper","floor":33},{"not_picked":["Flex+1","Infernal Blade","Cleave"],"picked":"SKIP","floor":35},{"not_picked":["Twin Strike","Warcry"],"picked":"True Grit+1","floor":38},{"not_picked":["Clothesline+1","Body Slam"],"picked":"Pummel","floor":39},{"not_picked":["Juggernaut","Twin Strike+1","Blood for Blood"],"picked":"SKIP","floor":41},{"not_picked":["Juggernaut","Twin Strike+1","Blood for Blood"],"picked":"SKIP","floor":41},{"not_picked":["Sword Boomerang","Havoc","Corruption"],"picked":"SKIP","floor":44},{"not_picked":["Cleave+1","Shrug It Off"],"picked":"Sword Boomerang+1","floor":46},{"not_picked":["Pommel Strike","Headbutt","Reckless Charge"],"picked":"SKIP","floor":48}],"player_experience":394570,"relics_obtained":[{"floor":6,"key":"CeramicFish"},{"floor":9,"key":"Anchor"},{"floor":12,"key":"Omamori"},{"floor":14,"key":"Champion Belt"},{"floor":20,"key":"Red Mask"},{"floor":27,"key":"Peace Pipe"},{"floor":29,"key":"Toy Ornithopter"},{"floor":41,"key":"Red Skull"},{"floor":43,"key":"Eternal Feather"},{"floor":46,"key":"Old Coin"}],"event_choices":[{"damage_healed":0,"gold_gain":0,"player_choice":"Upgraded","damage_taken":0,"max_hp_gain":0,"max_hp_loss":0,"event_name":"Upgrade Shrine","floor":3,"gold_loss":0,"cards_upgraded":["Armaments"]},{"damage_healed":0,"gold_gain":0,"player_choice":"Rummage","damage_taken":0,"relics_obtained":["WarpedTongs"],"max_hp_gain":0,"max_hp_loss":0,"event_name":"Accursed Blacksmith","floor":5,"gold_loss":0,"cards_obtained":["Pain"]},{"damage_healed":0,"gold_gain":0,"player_choice":"Fought Bandits","damage_taken":0,"max_hp_gain":0,"max_hp_loss":0,"event_name":"Masked Bandits","floor":20,"gold_loss":0},{"damage_healed":0,"gold_gain":0,"player_choice":"Bought 1 Potion","damage_taken":0,"max_hp_gain":0,"max_hp_loss":0,"event_name":"The Woman in Blue","floor":21,"gold_loss":0},{"damage_healed":0,"gold_gain":50,"player_choice":"Pray","damage_taken":0,"max_hp_gain":0,"max_hp_loss":0,"event_name":"Golden Shrine","floor":37,"gold_loss":0}],"is_beta":false,"boss_relics":[{"not_picked":["SlaversCollar","Ectoplasm"],"picked":"Runic Cube"},{"not_picked":["Calling Bell","Empty Cage"],"picked":"Cursed Key"}],"items_purged_floors":[8,36],"is_endless":false,"potions_floor_spawned":[2,6,14,16,18,29,30,39,41,46],"ascension_level":17}}