{"host":"k6u7q08ihsmpx7o5","time":1610196003,"event":{"mods":["BaseMod","Bestiary","Filter the Spire","Minty Spire (QoL Compilation)","Permanent Neow","Relic Stats","StSLib"],"gold_per_floor":[110,110,123,139,155,155,199,199,199,224,224,267,101,139,139,230,230,253,4,18,43,43,43,59,59,59,59,98,98,113,146,146,241,241,259,278,82,82,100,115,135,173,221,221,221],"floor_reached":44,"playtime":2686,"items_purged":[],"score":1200,"play_id":"7428a3e3-6644-4cb7-aed8-671a6072a0c4","local_time":"20210109134003","is_ascension_mode":true,"campfire_choices":[{"data":"Crippling Poison","floor":6.0,"key":"SMITH"},{"floor":8.0,"key":"REST"},{"data":"Footwork","floor":15.0,"key":"SMITH"},{"data":"Tools of the Trade","floor":23,"key":"SMITH"},{"data":"Reflex","floor":32,"key":"SMITH"}],"circlet_count":0,"master_deck":["AscendersBane","Defend_G","Defend_G","Defend_G+1","Defend_G+1","Defend_G","Survivor","Neutralize+1","Crippling Poison+1","Deadly Poison","Poisoned Stab","Poisoned Stab","Backflip","PiercingWail","Die Die Die","Footwork+1","Poisoned Stab","Tools of the Trade+1","Reflex+1","Reflex","Bite+1","Bite","Bite","Bite","Bite","Grand Finale","Acrobatics","Wraith Form v2","Outmaneuver+1","Catalyst","Reflex+1","Noxious Fumes","Poisoned Stab"],"relics":["Ring of the Snake","The Specimen","Golden Idol","Regal Pillow","The Courier","FaceOfCleric","Thread and Needle","Membership Card","Eternal Feather","Black Star","FossilizedHelix","Potion Belt","Lantern","Letter Opener","Mercury Hourglass","Whetstone","Pear","Blood Vial","HoveringKite","Pocketwatch","War Paint","Meat on the Bone","Frozen Egg 2"],"acts_visited":["Exordium","TheCity","TheBeyond"],"potions_floor_usage":[28,28,30,31,44,44],"damage_taken":[{"damage":10.0,"enemies":"Small Slimes","floor":1.0,"turns":4.0},{"damage":0.0,"enemies":"Cultist","floor":3.0,"turns":5.0},{"damage":0.0,"enemies":"2 Louse","floor":4.0,"turns":4.0},{"damage":5.0,"enemies":"Red Slaver","floor":5.0,"turns":4.0},{"damage":21.0,"enemies":"Lagavulin","floor":7.0,"turns":7.0},{"damage":4.0,"enemies":"Blue Slaver","floor":10.0,"turns":4.0},{"damage":12.0,"enemies":"3 Sentries","floor":12.0,"turns":5.0},{"damage":13.0,"enemies":"Lagavulin","floor":14.0,"turns":8.0},{"damage":0.0,"enemies":"The Guardian","floor":16.0,"turns":10.0},{"damage":9.0,"enemies":"Shell Parasite","floor":18.0,"turns":8.0},{"damage":15,"enemies":"Spheric Guardian","floor":20,"turns":4},{"damage":0,"enemies":"3 Cultists","floor":21,"turns":5},{"damage":41,"enemies":"Snecko","floor":24,"turns":7},{"damage":0,"enemies":"Gremlin Leader","floor":28,"turns":7},{"damage":2,"enemies":"Snake Plant","floor":30,"turns":5},{"damage":9,"enemies":"Book of Stabbing","floor":31,"turns":6},{"damage":136,"enemies":"Automaton","floor":33,"turns":13},{"damage":0,"enemies":"Orb Walker","floor":35,"turns":5},{"damage":11,"enemies":"3 Darklings","floor":36,"turns":4},{"damage":4,"enemies":"Jaw Worm Horde","floor":39,"turns":4},{"damage":0,"enemies":"Maw","floor":40,"turns":7},{"damage":5,"enemies":"Sphere and 2 Shapes","floor":41,"turns":4},{"damage":60,"enemies":"Giant Head","floor":42,"turns":10},{"damage":36,"enemies":"2 Orb Walkers","floor":44,"turns":3}],"seed_played":"-8247915030221894671","potions_obtained":[{"floor":1.0,"key":"PowerPotion"},{"floor":4.0,"key":"Weak Potion"},{"floor":14.0,"key":"Explosive Potion"},{"floor":18.0,"key":"FearPotion"},{"floor":20,"key":"BlessingOfTheForge"},{"floor":29,"key":"FairyPotion"},{"floor":29,"key":"Weak Potion"},{"floor":33,"key":"CunningPotion"},{"floor":36,"key":"ColorlessPotion"},{"floor":39,"key":"BlessingOfTheForge"}],"is_trial":false,"path_per_floor":["M","?","M","M","M","R","E","R","T","M","?","E","$","E","R","B",null,"M","$","M","M","?","R","M","$","T","?","E","?","M","E","R","B",null,"M","M","$","?","M","M","M","E","T","?"],"character_chosen":"THE_SILENT","items_purchased":["Membership Card","Footwork","FossilizedHelix","Potion Belt","Lantern","Pocketwatch","War Paint"],"campfire_rested":1,"item_purchase_floors":[13,13,19,19,19,37,37],"current_hp_per_floor":[49,49,49,49,44,44,23,54,54,50,50,39,39,27,39,40,53,45,45,31,32,44,56,16,16,16,16,40,40,43,52,55,22,48,57,51,51,51,52,60,60,9,9,0,0],"gold":221,"neow_bonus":"ONE_RARE_RELIC","is_daily":false,"chose_seed":false,"campfire_upgraded":4,"win_rate":0.0,"timestamp":1610196003,"path_taken":["M","?","M","M","M","R","E","R","T","M","?","E","$","E","R","BOSS","M","$","?","M","?","R","M","$","T","?","E","?","?","E","R","BOSS","M","M","$","?","M","M","?","E","T","?"],"items_purchased_type":["Relic","Card","Relic","Relic","Relic","Relic","Relic"],"build_version":"2020-12-22","purchased_purges":0,"victory":false,"max_hp_per_floor":[60,54,54,54,54,54,54,54,54,54,54,55,55,56,56,57,57,58,58,59,60,60,60,61,61,61,42,43,43,44,55,55,56,56,57,58,58,58,59,60,61,62,62,62,62],"relic_stats":{"Regal Pillow":15,"counters":[24,143],"Golden Idol":149,"HoveringKite":[26],"Eternal Feather":27,"Letter Opener":[76],"Whetstone":["Neutralize","Bite"],"War Paint":["Defend_G","Defend_G"],"Mercury Hourglass":[218],"Blood Vial":9,"FaceOfCleric":17,"Black Star":3,"obtain_stats":[{"Potion Belt":19,"Regal Pillow":7,"Lantern":19,"Pear":31,"The Specimen":0,"Golden Idol":2,"HoveringKite":34,"Thread and Needle":12,"Eternal Feather":14,"The Courier":9,"Letter Opener":26,"Whetstone":28,"War Paint":37,"Frozen Egg 2":42,"Mercury Hourglass":28,"Blood Vial":31,"FaceOfCleric":11,"Black Star":17,"Membership Card":13,"FossilizedHelix":19,"Ring of the Snake":0,"Pocketwatch":37,"Meat on the Bone":42},{"Potion Belt":10,"Regal Pillow":5,"Lantern":10,"Pear":16,"The Specimen":0,"Golden Idol":1,"HoveringKite":17,"Thread and Needle":7,"Eternal Feather":8,"The Courier":5,"Letter Opener":13,"Whetstone":14,"War Paint":19,"Frozen Egg 2":23,"Mercury Hourglass":14,"Blood Vial":16,"FaceOfCleric":6,"Black Star":9,"Membership Card":7,"FossilizedHelix":10,"Ring of the Snake":0,"Pocketwatch":19,"Meat on the Bone":23},{"Potion Belt":59,"Regal Pillow":24,"Lantern":59,"Pear":93,"The Specimen":0,"Golden Idol":4,"HoveringKite":106,"Thread and Needle":33,"Eternal Feather":41,"The Courier":24,"Letter Opener":75,"Whetstone":82,"War Paint":115,"Frozen Egg 2":140,"Mercury Hourglass":82,"Blood Vial":93,"FaceOfCleric":28,"Black Star":51,"Membership Card":33,"FossilizedHelix":59,"Ring of the Snake":0,"Pocketwatch":115,"Meat on the Bone":140}],"Ring of the Snake":[48],"Pocketwatch":[18],"Meat on the Bone":0},"card_choices":[{"not_picked":["Finisher","Infinite Blades"],"picked":"Crippling Poison","floor":1.0},{"not_picked":["Predator","Acrobatics"],"picked":"Deadly Poison","floor":3.0},{"not_picked":["Expertise","Flying Knee"],"picked":"Poisoned Stab","floor":4.0},{"not_picked":["Blade Dance","Deflect"],"picked":"Poisoned Stab","floor":5.0},{"not_picked":["PiercingWail","Deflect"],"picked":"Backflip","floor":7.0},{"not_picked":["Blade Dance","Setup"],"picked":"PiercingWail","floor":10.0},{"not_picked":["Blade Dance","All Out Attack"],"picked":"Die Die Die","floor":12.0},{"not_picked":["Dodge and Roll","Predator"],"picked":"Poisoned Stab","floor":14.0},{"not_picked":["Adrenaline","Night Terror"],"picked":"Tools of the Trade","floor":16.0},{"not_picked":["Skewer","Dagger Spray"],"picked":"Reflex","floor":18.0},{"not_picked":["Outmaneuver","Setup","Blade Dance"],"picked":"SKIP","floor":20},{"not_picked":["Backflip","Accuracy","Outmaneuver"],"picked":"SKIP","floor":21},{"not_picked":["A Thousand Cuts","Dagger Spray"],"picked":"Reflex","floor":24},{"not_picked":["Dagger Throw","Dagger Spray","Prepared"],"picked":"SKIP","floor":28},{"not_picked":["Bane","Dagger Throw"],"picked":"Grand Finale","floor":30},{"not_picked":["Distraction","Dagger Spray"],"picked":"Acrobatics","floor":31},{"not_picked":["Corpse Explosion","A Thousand Cuts"],"picked":"Wraith Form v2","floor":33},{"not_picked":["Expertise","Dagger Spray"],"picked":"Outmaneuver+1","floor":35},{"not_picked":["Flying Knee+1","Outmaneuver"],"picked":"Catalyst","floor":36},{"not_picked":["Finisher","Outmaneuver"],"picked":"Reflex+1","floor":39},{"not_picked":["Slice","Dagger Spray+1","Acrobatics"],"picked":"SKIP","floor":40},{"not_picked":["Flechettes+1","Flying Knee"],"picked":"Noxious Fumes","floor":41},{"not_picked":["Terror+1","Dagger Throw"],"picked":"Poisoned Stab","floor":42}],"player_experience":1976710,"relics_obtained":[{"floor":7.0,"key":"Regal Pillow"},{"floor":9.0,"key":"The Courier"},{"floor":12.0,"key":"Thread and Needle"},{"floor":14.0,"key":"Eternal Feather"},{"floor":26,"key":"Letter Opener"},{"floor":28,"key":"Mercury Hourglass"},{"floor":28,"key":"Whetstone"},{"floor":31,"key":"Pear"},{"floor":31,"key":"Blood Vial"},{"floor":42,"key":"Meat on the Bone"},{"floor":42,"key":"Frozen Egg 2"}],"event_choices":[{"damage_healed":0.0,"max_hp_gain":0.0,"max_hp_loss":6.0,"gold_gain":0.0,"event_name":"Golden Idol","player_choice":"Lose Max HP","floor":2.0,"gold_loss":0.0,"damage_taken":0.0,"relics_obtained":["Golden Idol"]},{"damage_healed":0.0,"max_hp_gain":0.0,"max_hp_loss":0.0,"gold_gain":0.0,"event_name":"FaceTrader","player_choice":"Trade","floor":11.0,"gold_loss":0.0,"damage_taken":0.0,"relics_obtained":["FaceOfCleric"]},{"damage_healed":12,"gold_gain":0,"player_choice":"Heal","damage_taken":0,"max_hp_gain":0,"max_hp_loss":0,"event_name":"The Library","floor":22,"gold_loss":0},{"damage_healed":0,"gold_gain":0,"player_choice":"Became a vampire","damage_taken":0,"max_hp_gain":0,"max_hp_loss":19,"event_name":"Vampires","floor":27,"gold_loss":0,"cards_obtained":["Bite","Bite","Bite","Bite","Bite"]},{"damage_healed":0,"gold_gain":0,"player_choice":"Got Potions","damage_taken":0,"max_hp_gain":0,"max_hp_loss":0,"event_name":"Lab","floor":29,"gold_loss":0},{"damage_healed":0,"gold_gain":0,"player_choice":"Ignored","damage_taken":0,"max_hp_gain":0,"max_hp_loss":0,"event_name":"SecretPortal","floor":38,"gold_loss":0},{"damage_healed":0,"gold_gain":0,"player_choice":"Fight","damage_taken":0,"max_hp_gain":0,"max_hp_loss":0,"event_name":"Mysterious Sphere","floor":44,"gold_loss":0}],"is_beta":false,"boss_relics":[{"not_picked":["Astrolabe","Philosopher\u0027s Stone"],"picked":"Black Star"},{"not_picked":["Empty Cage","Ring of the Serpent"],"picked":"HoveringKite"}],"items_purged_floors":[],"is_endless":false,"potions_floor_spawned":[1,4,14,16,18,20,33,36,39],"killed_by":"2 Orb Walkers","ascension_level":20}}