{"host":"9l1knhxfturzliqa","time":1610160592,"event":{"mods":["BaseMod","Colored Map","Colored Powertips","DeckTracker","Highlight Path","Keyboard Shortcuts","Minty Spire (QoL Compilation)","Random Character Button"],"gold_per_floor":[116,66,86,102,117,152,152,163,163,180,180,180,206,225,225,323,323,338,338,350,363,376,376,409,409,409,439,439,122,136,235,235,339,339,349,349,359,359,50,50,50,61,87,112,124,142,161,178,178,178],"floor_reached":51,"playtime":4644,"items_purged":["Strike_G"],"score":1277,"play_id":"9c45e115-983c-4e92-9724-39eb8a597511","local_time":"20210109114952","is_ascension_mode":true,"campfire_choices":[{"data":"Flechettes","floor":7.0,"key":"SMITH"},{"data":"Grand Finale","floor":11.0,"key":"SMITH"},{"floor":15.0,"key":"REST"},{"data":"Adrenaline","floor":23.0,"key":"SMITH"},{"data":"Calculated Gamble","floor":25.0,"key":"SMITH"},{"data":"Blade Dance","floor":28.0,"key":"SMITH"},{"data":"Acrobatics","floor":32.0,"key":"SMITH"},{"data":"After Image","floor":40.0,"key":"SMITH"},{"data":"Accuracy","floor":49,"key":"SMITH"}],"circlet_count":0,"master_deck":["AscendersBane","Strike_G+1","Strike_G","Defend_G+1","Defend_G","Defend_G","Defend_G","Survivor","Neutralize+1","Dodge and Roll","Flechettes+1","Dagger Throw","Escape Plan","PiercingWail+1","Deadly Poison","Dagger Spray","Grand Finale+1","Acrobatics+1","Adrenaline+1","Acrobatics+1","Blade Dance+1","PiercingWail+1","Blade Dance+1","Calculated Gamble+1","Backflip","Prepared+1","After Image+1","Accuracy+1","Eviscerate+1","Backstab+1","Distraction+1","Accuracy+1","Skewer+1"],"relics":["Ring of the Snake","Regal Pillow","Tiny Chest","Whetstone","Runic Pyramid","Shuriken","Oddly Smooth Stone","FossilizedHelix","InkBottle","Molten Egg 2","Coffee Dripper","Mummified Hand","Ice Cream","Bag of Preparation","Gremlin Horn"],"acts_visited":["Exordium","TheCity","TheBeyond"],"potions_floor_usage":[46],"damage_taken":[{"damage":6.0,"enemies":"Jaw Worm","floor":1.0,"turns":4.0},{"damage":0.0,"enemies":"2 Louse","floor":3.0,"turns":3.0},{"damage":0.0,"enemies":"Cultist","floor":4.0,"turns":3.0},{"damage":4.0,"enemies":"Blue Slaver","floor":5.0,"turns":6.0},{"damage":22.0,"enemies":"Lagavulin","floor":6.0,"turns":7.0},{"damage":2.0,"enemies":"Red Slaver","floor":8.0,"turns":3.0},{"damage":1.0,"enemies":"2 Fungi Beasts","floor":10.0,"turns":2.0},{"damage":2.0,"enemies":"Exordium Thugs","floor":14.0,"turns":4.0},{"damage":6.0,"enemies":"The Guardian","floor":16.0,"turns":15.0},{"damage":0.0,"enemies":"Chosen","floor":18.0,"turns":4.0},{"damage":0.0,"enemies":"Spheric Guardian","floor":20.0,"turns":3.0},{"damage":0.0,"enemies":"Cultist and Chosen","floor":21.0,"turns":4.0},{"damage":0.0,"enemies":"Centurion and Healer","floor":22.0,"turns":3.0},{"damage":2.0,"enemies":"Book of Stabbing","floor":24.0,"turns":4.0},{"damage":0.0,"enemies":"Gremlin Leader","floor":27.0,"turns":5.0},{"damage":0.0,"enemies":"3 Cultists","floor":30.0,"turns":3.0},{"damage":0.0,"enemies":"Automaton","floor":33.0,"turns":4.0},{"damage":0.0,"enemies":"3 Shapes","floor":35.0,"turns":7.0},{"damage":0.0,"enemies":"3 Darklings","floor":37.0,"turns":2.0},{"damage":0.0,"enemies":"Transient","floor":42.0,"turns":5.0},{"damage":0.0,"enemies":"Reptomancer","floor":44.0,"turns":3.0},{"damage":0.0,"enemies":"4 Shapes","floor":45.0,"turns":2.0},{"damage":0,"enemies":"Writhing Mass","floor":46,"turns":4},{"damage":0,"enemies":"Transient","floor":47,"turns":5},{"damage":0,"enemies":"4 Shapes","floor":48,"turns":2},{"damage":2,"enemies":"Time Eater","floor":50,"turns":9}],"seed_played":"5161251577025804603","potions_obtained":[{"floor":4.0,"key":"Weak Potion"},{"floor":5.0,"key":"SkillPotion"},{"floor":8.0,"key":"Poison Potion"},{"floor":10.0,"key":"Regen Potion"},{"floor":16.0,"key":"SteroidPotion"},{"floor":21.0,"key":"ColorlessPotion"},{"floor":24.0,"key":"PowerPotion"},{"floor":27.0,"key":"GamblersBrew"},{"floor":44.0,"key":"SkillPotion"},{"floor":46,"key":"SteroidPotion"}],"is_trial":false,"path_per_floor":["M","?","M","M","M","E","R","M","T","M","R","?","T","M","R","B",null,"M","T","M","M","M","R","E","R","T","E","R","$","M","?","R","B",null,"M","?","M","T","$","R","$","M","T","E","M","M","M","M","R","B",null],"character_chosen":"THE_SILENT","items_purchased":["Molten Egg 2","Ice Cream"],"campfire_rested":1,"item_purchase_floors":[29,39],"current_hp_per_floor":[57,57,57,57,53,31,31,29,29,28,28,15,15,13,46,40,57,57,57,57,57,57,57,55,55,55,55,55,55,55,55,55,55,61,61,61,61,61,61,61,61,61,61,61,61,61,61,61,61,59],"gold":178,"neow_bonus":"TRANSFORM_TWO_CARDS","is_daily":false,"chose_seed":false,"campfire_upgraded":8,"win_rate":0.0,"timestamp":1610160592,"path_taken":["M","?","M","M","M","E","R","M","T","M","R","?","?","?","R","BOSS","M","?","?","M","M","R","E","R","T","E","R","$","M","?","R","BOSS","M","?","M","?","$","R","$","?","T","E","M","M","M","M","R","BOSS"],"items_purchased_type":["Relic","Relic"],"build_version":"2020-12-22","purchased_purges":1,"victory":true,"max_hp_per_floor":[63,63,63,63,63,63,63,63,63,63,63,63,63,63,63,63,63,63,63,63,63,63,63,63,63,63,63,63,63,63,63,63,63,63,63,63,63,63,63,63,63,63,63,63,63,63,63,63,63,63],"card_choices":[{"not_picked":["Bane","Deflect"],"picked":"Dagger Throw","floor":1.0},{"not_picked":["Slice","Poisoned Stab"],"picked":"Escape Plan","floor":3.0},{"not_picked":["Underhanded Strike","Blade Dance"],"picked":"PiercingWail","floor":4.0},{"not_picked":["Sucker Punch","All Out Attack"],"picked":"Deadly Poison","floor":5.0},{"not_picked":["Endless Agony","Distraction"],"picked":"Dagger Spray","floor":6.0},{"not_picked":["Bane","Calculated Gamble"],"picked":"Grand Finale","floor":8.0},{"not_picked":["Accuracy","Cloak And Dagger","Deflect"],"picked":"SKIP","floor":10.0},{"not_picked":["Quick Slash","Bane"],"picked":"Acrobatics","floor":14.0},{"not_picked":["Glass Knife","Wraith Form v2"],"picked":"Adrenaline","floor":16.0},{"not_picked":["Noxious Fumes","Flying Knee"],"picked":"Acrobatics+1","floor":18.0},{"not_picked":["Deflect","Crippling Poison"],"picked":"Blade Dance","floor":20.0},{"not_picked":["Accuracy","Flechettes"],"picked":"PiercingWail+1","floor":21.0},{"not_picked":["Skewer","PiercingWail"],"picked":"Blade Dance+1","floor":22.0},{"not_picked":["Bane","Slice"],"picked":"Calculated Gamble","floor":24.0},{"not_picked":["Cloak And Dagger","Bane"],"picked":"Backflip","floor":27.0},{"not_picked":["Noxious Fumes","Dagger Spray+1"],"picked":"Prepared+1","floor":30.0},{"not_picked":["Glass Knife+1","Doppelganger"],"picked":"After Image","floor":33.0},{"not_picked":["Backflip","Sucker Punch+1"],"picked":"Accuracy+1","floor":35.0},{"not_picked":["Backflip","Outmaneuver","Bane+1"],"picked":"SKIP","floor":37.0},{"not_picked":["Calculated Gamble+1","Dagger Spray+1"],"picked":"Eviscerate+1","floor":42.0},{"not_picked":["Acrobatics","Quick Slash+1"],"picked":"Backstab+1","floor":44.0},{"not_picked":["Storm of Steel","Bouncing Flask"],"picked":"Distraction+1","floor":45.0},{"not_picked":["Bane+1","Deadly Poison","Sucker Punch+1"],"picked":"SKIP","floor":46},{"not_picked":["Deadly Poison","Well Laid Plans"],"picked":"Accuracy","floor":47},{"not_picked":["Dodge and Roll","Acrobatics"],"picked":"Skewer+1","floor":48}],"player_experience":382071,"relics_obtained":[{"floor":6.0,"key":"Regal Pillow"},{"floor":9.0,"key":"Tiny Chest"},{"floor":13.0,"key":"Whetstone"},{"floor":19.0,"key":"Shuriken"},{"floor":24.0,"key":"Oddly Smooth Stone"},{"floor":26.0,"key":"FossilizedHelix"},{"floor":27.0,"key":"InkBottle"},{"floor":38.0,"key":"Mummified Hand"},{"floor":43.0,"key":"Bag of Preparation"},{"floor":44.0,"key":"Gremlin Horn"}],"event_choices":[{"cards_removed":["Strike_G"],"damage_healed":0.0,"max_hp_gain":0.0,"max_hp_loss":0.0,"gold_gain":0.0,"event_name":"The Cleric","player_choice":"Card Removal","floor":2.0,"gold_loss":50.0,"damage_taken":0.0},{"damage_healed":0.0,"max_hp_gain":0.0,"max_hp_loss":0.0,"gold_gain":0.0,"event_name":"Shining Light","player_choice":"Entered Light","floor":12.0,"gold_loss":0.0,"damage_taken":13.0,"cards_upgraded":["PiercingWail","Defend_G"]},{"damage_healed":0.0,"max_hp_gain":0.0,"max_hp_loss":0.0,"gold_gain":99.0,"event_name":"Nest","player_choice":"Stole From Cult","floor":31.0,"gold_loss":0.0,"damage_taken":0.0},{"damage_healed":0.0,"max_hp_gain":0.0,"max_hp_loss":0.0,"gold_gain":0.0,"event_name":"Tomb of Lord Red Mask","player_choice":"Ignored","floor":36.0,"gold_loss":0.0,"damage_taken":0.0}],"is_beta":false,"boss_relics":[{"not_picked":["Tiny House","Ring of the Serpent"],"picked":"Runic Pyramid"},{"not_picked":["Fusion Hammer","Empty Cage"],"picked":"Coffee Dripper"}],"items_purged_floors":[29],"is_endless":false,"potions_floor_spawned":[4,5,8,10,16,21,24,27,30,37,42,44,46],"ascension_level":12}}