{"host":"uv231blk40vjdojr","time":1610191050,"event":{"mods":["AchievementEnabler","BaseMod","Bestiary","Minty Spire (QoL Compilation)","Relic Stats"],"gold_per_floor":[112,187,34,50,50,50,73,21,67,67,67,78,92,108,108,209,209,229,105,105,117,135,135,147,147,170,183,198,16,16,30,30,30,30],"floor_reached":33,"playtime":922,"items_purged":["Strike_B"],"score":239,"play_id":"33df7e18-4ce7-4c23-bf72-7e6367317935","local_time":"20210109121730","is_ascension_mode":false,"campfire_choices":[{"data":"Zap","floor":6.0,"key":"SMITH"},{"data":"Cold Snap","floor":11.0,"key":"SMITH"},{"data":"Darkness","floor":15.0,"key":"SMITH"},{"floor":23.0,"key":"REST"},{"data":"Dualcast","floor":25.0,"key":"SMITH"},{"floor":30.0,"key":"REST"},{"floor":32.0,"key":"REST"}],"circlet_count":0,"master_deck":["Strike_B","Strike_B","Strike_B","Defend_B","Defend_B","Defend_B","Defend_B","Zap+1","Dualcast+1","Forethought","Cold Snap","Hyperbeam+1","Cold Snap+1","Darkness+1","Doom and Gloom","Electrodynamics","Defragment+1","FTL+1","Self Repair","Rainbow","Aggregate","Fission"],"relics":["Cracked Core","Odd Mushroom"],"acts_visited":["Exordium","TheCity"],"potions_floor_usage":[33,33],"damage_taken":[{"damage":6.0,"enemies":"Jaw Worm","floor":1.0,"turns":3.0},{"damage":0.0,"enemies":"2 Louse","floor":4.0,"turns":2.0},{"damage":0.0,"enemies":"The Mushroom Lair","floor":7.0,"turns":1.0},{"damage":5.0,"enemies":"Small Slimes","floor":12.0,"turns":2.0},{"damage":0.0,"enemies":"Looter","floor":13.0,"turns":2.0},{"damage":1.0,"enemies":"Red Slaver","floor":14.0,"turns":3.0},{"damage":11.0,"enemies":"Hexaghost","floor":16.0,"turns":8.0},{"damage":10.0,"enemies":"2 Thieves","floor":18.0,"turns":2.0},{"damage":13.0,"enemies":"Shell Parasite","floor":21.0,"turns":3.0},{"damage":27.0,"enemies":"Snake Plant","floor":22.0,"turns":4.0},{"damage":25.0,"enemies":"Centurion and Healer","floor":24.0,"turns":4.0},{"damage":12.0,"enemies":"3 Cultists","floor":27.0,"turns":3.0},{"damage":15.0,"enemies":"Cultist and Chosen","floor":28.0,"turns":5.0},{"damage":17.0,"enemies":"Centurion and Healer","floor":31.0,"turns":5.0},{"damage":59,"enemies":"Champ","floor":33,"turns":8}],"seed_played":"-2735701841381015308","potions_obtained":[{"floor":4.0,"key":"Block Potion"},{"floor":13.0,"key":"Swift Potion"},{"floor":14.0,"key":"PotionOfCapacity"},{"floor":16.0,"key":"BlessingOfTheForge"},{"floor":21.0,"key":"SpeedPotion"}],"is_trial":false,"path_per_floor":["M","?","$","M","?","R","?","$","T","$","R","M","M","M","R","B",null,"M","$","?","M","M","R","M","R","T","M","M","$","R","M","R","B"],"character_chosen":"DEFECT","items_purchased":["Hyperbeam","Strength Potion","FocusPotion","CultistPotion","Fission"],"campfire_rested":3,"item_purchase_floors":[3,8,19,29,29],"current_hp_per_floor":[69,58,58,58,58,58,58,58,58,58,58,53,53,52,52,41,75,65,65,65,52,25,47,29,29,29,24,9,9,31,21,43,0,0],"gold":30,"neow_bonus":"RANDOM_COLORLESS","is_daily":false,"chose_seed":false,"campfire_upgraded":4,"win_rate":0.0,"timestamp":1610191050,"path_taken":["M","?","$","M","?","R","?","?","T","$","R","M","?","M","R","BOSS","M","$","?","M","M","R","M","R","T","M","M","$","R","M","R","BOSS"],"items_purchased_type":["Card","Potion","Potion","Potion","Card"],"build_version":"2020-12-22","purchased_purges":1,"victory":false,"max_hp_per_floor":[75,75,75,75,75,75,75,75,75,75,75,75,75,75,75,75,75,75,75,75,75,75,75,75,75,75,75,75,75,75,75,75,75,75],"relic_stats":{"counters":[15,55],"obtain_stats":[{"Odd Mushroom":7,"Cracked Core":0},{"Odd Mushroom":3,"Cracked Core":0},{"Odd Mushroom":6,"Cracked Core":0}]},"card_choices":[{"not_picked":["Trip","Jack Of All Trades"],"picked":"Forethought","floor":0.0},{"not_picked":["Consume","Conserve Battery"],"picked":"Cold Snap","floor":1.0},{"not_picked":["Reprogram","Leap","Barrage"],"picked":"SKIP","floor":4.0},{"not_picked":["Stack","Blizzard"],"picked":"Cold Snap","floor":7.0},{"not_picked":["Chill","Coolheaded"],"picked":"Darkness","floor":12.0},{"not_picked":["Redo","Chaos"],"picked":"Doom and Gloom","floor":13.0},{"not_picked":["Steam","Recycle","Redo"],"picked":"SKIP","floor":14.0},{"not_picked":["Rainbow","Thunder Strike"],"picked":"Electrodynamics","floor":16.0},{"not_picked":["Skim+1","Conserve Battery+1"],"picked":"Defragment+1","floor":18.0},{"not_picked":["Darkness+1","Streamline+1"],"picked":"FTL+1","floor":21.0},{"not_picked":["Consume+1","Cold Snap"],"picked":"Self Repair","floor":22.0},{"not_picked":["Barrage","Rebound+1","Force Field"],"picked":"SKIP","floor":24.0},{"not_picked":["Consume","Static Discharge"],"picked":"Rainbow","floor":27.0},{"not_picked":["Chaos","Go for the Eyes"],"picked":"Aggregate","floor":28.0},{"not_picked":["Streamline","Hologram","Coolheaded"],"picked":"SKIP","floor":31.0}],"player_experience":617711,"relics_obtained":[{"floor":7.0,"key":"Odd Mushroom"}],"event_choices":[{"damage_healed":0.0,"max_hp_gain":0.0,"max_hp_loss":0.0,"gold_gain":75.0,"event_name":"World of Goop","player_choice":"Gather Gold","floor":2.0,"gold_loss":0.0,"damage_taken":11.0},{"damage_healed":0.0,"max_hp_gain":0.0,"max_hp_loss":0.0,"gold_gain":0.0,"event_name":"Living Wall","player_choice":"Grow","floor":5.0,"gold_loss":0.0,"damage_taken":0.0,"cards_upgraded":["Hyperbeam"]},{"damage_healed":0.0,"max_hp_gain":0.0,"max_hp_loss":0.0,"gold_gain":0.0,"event_name":"Mushrooms","player_choice":"Fought Mushrooms","floor":7.0,"gold_loss":0.0,"damage_taken":0.0}],"is_beta":false,"boss_relics":[{"not_picked":["Ectoplasm","Snecko Eye","FrozenCore"]}],"items_purged_floors":[19],"is_endless":false,"potions_floor_spawned":[4,13,14,16,21,24],"killed_by":"Champ","ascension_level":0}}