{"host":"uiaocagxbjlinul0","time":1610167984,"event":{"mods":["100% Spire Juice","Act Like it!","BaseMod","Better Match","Block Reminder","CapriCore","ChefMod","Downfall","GifTheSpireLib","Hallownest","Hermit","Minty Spire (QoL Compilation)","Quick Restart","Shade Mod","StSLib","Stuff the Spire","The Animator","The Bug Knight","The Caster","The Immortal","The Marked","The Runesmith","The Spell Scribe","TheSwordswoman","TheVacant","TheWitcher","Wandering Minibosses"],"gold_per_floor":[99,118,129,143,30,44,120,120,131,7,17,47,39,32,53,53,53,53],"floor_reached":16,"playtime":1276,"items_purged":["hexamod:Strike"],"score":104,"play_id":"f4a04097-adb0-46c8-8bf1-5dfbd131d391","local_time":"20210108205304","is_ascension_mode":false,"campfire_choices":[{"data":"hexamod:Float","floor":1.0,"key":"SMITH"}],"circlet_count":0,"master_deck":["hexamod:Strike","hexamod:Strike","hexamod:Strike","hexamod:Defend+1","hexamod:Defend+1","hexamod:Defend","hexamod:Defend","hexamod:Sear+1","hexamod:Float+1","hexamod:Firestarter+1","hexamod:GhostflameBarrier","hexamod:HauntingEcho","hexamod:Hexaguard","hexamod:InspiringFlames","hexamod:HauntingEcho+1","hexamod:SixthSeal","hexamod:ThirdSeal","hexamod:BurningTouch","hexamod:FirstSeal","hexamod:PhantomCloak","hexamod:Incineration","hexamod:SecondSeal","hexamod:ChargedBarrage","hexamod:DynamicBlow","hexamod:HeatMetal"],"relics":["hexamod:SpiritBrand","NeowsBlessing","StuffTheSpire:ForceGauntlet","Ancient Tea Set"],"acts_visited":["Hallownest:Greenpath"],"potions_floor_usage":[11,12,16],"damage_taken":[{"damage":0.0,"enemies":"Hallownest:2_Tiktiks_and_1_Crawlid","floor":2.0,"turns":1.0},{"damage":0.0,"enemies":"Hallownest:monsterHuskGuard","floor":3.0,"turns":1.0},{"damage":0.0,"enemies":"Hallownest:monsterHuskWarrior","floor":4.0,"turns":1.0},{"damage":0.0,"enemies":"downfall:FleeingMerchant","floor":5.0,"turns":4.0},{"damage":1.0,"enemies":"Hallownest:monsterAspidMother","floor":6.0,"turns":7.0},{"damage":0,"enemies":"Hallownest:MossCreep_and_Mosskin","floor":9,"turns":7},{"damage":0,"enemies":"downfall:FleeingMerchant","floor":10,"turns":4},{"damage":4,"enemies":"Hallownest:Wandering_and_Horned","floor":11,"turns":4},{"damage":17,"enemies":"Hallownest:eliteVengeflyKing","floor":12,"turns":8},{"damage":15,"enemies":"downfall:FleeingMerchant","floor":14,"turns":4},{"damage":9,"enemies":"Hallownest:Guard_and_Warrior","floor":15,"turns":6},{"damage":45,"enemies":"downfall:Defect","floor":16,"turns":5}],"seed_played":"-7118744787060895083","potions_obtained":[{"floor":6.0,"key":"Fire Potion"},{"floor":9,"key":"GamblersBrew"},{"floor":11,"key":"hexamod:DoubleChargePotion"},{"floor":12,"key":"Fire Potion"},{"floor":15,"key":"DistilledChaos"}],"is_trial":false,"path_per_floor":["R","M","M","M","$","M","T","?","M","$","M","?","?","$","M","B"],"character_chosen":"THE_SPIRIT","items_purchased":["hexamod:InspiringFlames","hexamod:HauntingEcho","hexamod:FirstSeal"],"campfire_rested":0,"item_purchase_floors":[5,5,10],"current_hp_per_floor":[70,70,70,70,70,69,69,69,69,69,70,60,60,45,43,0,0,0],"gold":53,"neow_bonus":"THREE_ENEMY_KILL","is_daily":false,"chose_seed":false,"campfire_upgraded":1,"win_rate":0.0,"timestamp":1610167984,"path_taken":["R","M","M","?","$","M","T","?","M","$","M","?","?","?","M","BOSS"],"items_purchased_type":["Card","Card","Card"],"build_version":"2020-12-22","purchased_purges":1,"victory":false,"max_hp_per_floor":[70,70,70,70,70,70,70,70,70,70,70,70,70,70,70,70,70,70],"card_choices":[{"not_picked":["hexamod:AdvancingGuard","hexamod:BurningTouch"],"picked":"hexamod:Firestarter","floor":2.0},{"not_picked":["hexamod:ShieldOfDarkness","hexamod:GhostLash"],"picked":"hexamod:GhostflameBarrier","floor":3.0},{"not_picked":["hexamod:AdvancingGuard","hexamod:RetreatToShadows"],"picked":"hexamod:HauntingEcho","floor":4.0},{"not_picked":["hexamod:BacktrackSmack","hexamod:GhostShield"],"picked":"hexamod:Hexaguard","floor":5.0},{"not_picked":["hexamod:NecessarySacrifice","hexamod:ChargedBarrage"],"picked":"hexamod:SixthSeal","floor":6.0},{"not_picked":["hexamod:SpectralAdrenaline","hexamod:NightmareStrike"],"picked":"hexamod:ThirdSeal","floor":9},{"not_picked":["hexamod:ShieldOfDarkness","hexamod:InspiringFlames"],"picked":"hexamod:BurningTouch","floor":10},{"not_picked":["hexamod:ShieldOfDarkness","hexamod:AdvancingGuard","hexamod:GhostShield"],"picked":"SKIP","floor":10},{"not_picked":["hexamod:FirstSeal","hexamod:HauntingEcho"],"picked":"hexamod:PhantomCloak","floor":11},{"not_picked":["hexamod:FirstSeal","hexamod:Firestarter"],"picked":"hexamod:Incineration","floor":12},{"not_picked":["hexamod:TurnItUp","hexamod:RainOfEmbers"],"picked":"hexamod:ChargedBarrage","floor":14},{"not_picked":["hexamod:InspiringFlames","hexamod:SoulSteal"],"picked":"hexamod:DynamicBlow","floor":14},{"not_picked":["hexamod:PhantomCloak","hexamod:RetreatToShadows"],"picked":"hexamod:HeatMetal","floor":15},{"not_picked":["hexamod:FirstSeal","hexamod:GhostOfSpirePresent","hexamod:ThirdSeal"],"picked":"SKIP","floor":15}],"player_experience":163980,"relics_obtained":[{"floor":7.0,"key":"StuffTheSpire:ForceGauntlet"},{"floor":12,"key":"Ancient Tea Set"}],"event_choices":[{"damage_healed":0.0,"max_hp_gain":0.0,"max_hp_loss":0.0,"gold_gain":0.0,"event_name":"betterMatch:BetterMatch","player_choice":"2","floor":8.0,"gold_loss":0.0,"damage_taken":0.0,"cards_obtained":[]}],"is_beta":false,"boss_relics":[],"items_purged_floors":[10],"is_endless":false,"potions_floor_spawned":[6,9,11,12,15],"killed_by":"downfall:Defect","ascension_level":0}}