{"host":"appz8zkad29u9482","time":1610163645,"event":{"mods":["2.2 Compatiblity","Act Like it!","Aspiration","BaseMod","Beaked The Cultist","Better Altar","Better Match","Better Note","Better Skull","Better Third Choice","BetterRewards","CapriCore","Conspire","Disable Question Mark Monsters","Energized Spire","Gensokyo","GifTheSpireLib","Gold Saver","Halation","Hermit","Hubris","Infinite Spire","Jedi Mod","Marisa????????","Minty Spire (QoL Compilation)","Permanent Neow","Reimu??????","Replay The Spire","Somnambulant","Spicy Shops","StSLib","Strawberry Spire","Stuff the Spire","The Animator","The Cursed","The Hierophant","The Immortal","Yuyuko","yUi"],"gold_per_floor":[109,127,127,127,55,86,103,103,150,163,163,179,194,219,219,317,317,328,328,345,8,8,37,37,55,81,108,128,128,143,160,160,160,160],"floor_reached":33,"playtime":2224,"items_purged":[],"score":299,"play_id":"ada9bfcd-237a-4b82-8881-52d215266ce4","local_time":"20210108174045","is_ascension_mode":false,"campfire_choices":[{"data":"hermit:Showdown","floor":8,"key":"SMITH"},{"data":"hermit:Snipe","floor":11,"key":"SMITH"},{"data":"hermit:Vantage","floor":15,"key":"SMITH"},{"floor":24,"key":"REST"},{"floor":29,"key":"REST"},{"floor":32,"key":"REST"}],"circlet_count":0,"master_deck":["hermit:Strike_Hermit","hermit:Strike_Hermit","hermit:Strike_Hermit+1","hermit:Defend_Hermit","hermit:Defend_Hermit","hermit:Defend_Hermit+1","hermit:Snapshot","hermit:Covet","hermit:PistolWhip","hermit:Dive","hermit:Showdown+1","hermit:Gambit","hermit:EyeOfTheStorm","hermit:Snipe+1","hermit:Snipe","hermit:Headshot","hermit:Vantage+1","hermit:FatalDesire","hermit:CalledShot+1","hermit:BigShot","hermit:TakeAim","hermit:Enervate","hermit:GhostlyPresence","hermit:Maintenance","hierophant:TollTheBells+1","hermit:TakeAim","hermit:Virtue+1","hermit:Enervate+1","hermit:CalledShot","hermit:TrackingShot+1"],"relics":["hermit:Momento","jedi:HeartOfTheCards","Replay:Rubber Ducky","Orichalcum","Garlic","Fusion Hammer","Oddly Smooth Stone","strawberrySpire:Treaders","Whetstone"],"acts_visited":["Exordium","TheCity"],"potions_floor_usage":[7,13,14,20,23,27,33],"damage_taken":[{"damage":1,"enemies":"Cultist","floor":1,"turns":4},{"damage":2,"enemies":"Small Slimes","floor":2,"turns":3},{"damage":21,"enemies":"Replay:BlueRogue","floor":6,"turns":6},{"damage":0,"enemies":"Jaw Worm","floor":7,"turns":2},{"damage":0,"enemies":"Blue Slaver","floor":10,"turns":3},{"damage":5,"enemies":"2 Fungi Beasts","floor":12,"turns":3},{"damage":6,"enemies":"Lots of Slimes","floor":13,"turns":5},{"damage":5,"enemies":"3 Sentries","floor":14,"turns":7},{"damage":13,"enemies":"Hexaghost","floor":16,"turns":10},{"damage":7,"enemies":"Spheric Guardian","floor":18,"turns":4},{"damage":4,"enemies":"Chosen","floor":20,"turns":5},{"damage":48,"enemies":"Gremlin Leader","floor":23,"turns":6},{"damage":11,"enemies":"Snecko","floor":25,"turns":6},{"damage":11,"enemies":"conspire:Head Lice","floor":27,"turns":6},{"damage":0,"enemies":"Cultist and Chosen","floor":28,"turns":7},{"damage":0,"enemies":"conspire:HollyBat","floor":30,"turns":5},{"damage":0,"enemies":"Snake Plant","floor":31,"turns":5},{"damage":61,"enemies":"hubris:MusketHawk","floor":33,"turns":8}],"seed_played":"7537403286997285384","potions_obtained":[{"floor":6,"key":"Fire Potion"},{"floor":10,"key":"Block Potion"},{"floor":12,"key":"LifebloodPotion"},{"floor":16,"key":"SkillPotion"},{"floor":20,"key":"jedi:StrikingPotion"},{"floor":23,"key":"SkillPotion"},{"floor":31,"key":"Adrenaline Potion"}],"is_trial":false,"path_per_floor":["M","M","?","T","$","E","M","R","T","M","R","M","M","E","R","B",null,"M","?","M","$","?","E","R","M","T","E","M","R","M","M","R","B"],"character_chosen":"HERMIT","items_purchased":["hermit:Showdown","hermit:TakeAim","hermit:Enervate","hermit:GhostlyPresence","hermit:Maintenance"],"campfire_rested":3,"item_purchase_floors":[5,21,21,21,21],"current_hp_per_floor":[74,72,72,72,72,51,51,51,51,51,51,46,40,35,35,22,75,68,68,64,64,64,16,38,27,27,16,16,38,38,38,60,0,0],"gold":160,"neow_bonus":"REMOVE_CARD","is_daily":false,"chose_seed":false,"campfire_upgraded":3,"win_rate":0.0,"timestamp":1610163645,"path_taken":["M","?","?","?","$","E","M","R","T","M","R","M","M","E","R","BOSS","M","?","?","$","?","E","R","M","T","E","M","R","?","M","R","BOSS"],"items_purchased_type":["Card","Card","Card","Card","Card"],"build_version":"2020-12-22","purchased_purges":0,"victory":false,"max_hp_per_floor":[75,75,75,75,75,75,75,75,75,75,75,75,75,75,75,75,75,75,75,75,75,75,75,75,75,75,75,75,75,75,75,75,75,75],"card_choices":[{"not_picked":["hermit:Dive","hermit:Manifest"],"picked":"hermit:PistolWhip","floor":1},{"not_picked":["hermit:LuckOfTheDraw","hermit:LoneWolf"],"picked":"hermit:Dive","floor":2},{"not_picked":["hermit:Dive","hermit:WideOpen"],"picked":"hermit:Gambit","floor":6},{"not_picked":["hermit:Dive","hermit:Grudge"],"picked":"hermit:EyeOfTheStorm","floor":7},{"not_picked":["hermit:ShadowCloak","hermit:TrackingShot"],"picked":"hermit:Snipe","floor":10},{"not_picked":["hermit:Grudge","hermit:HighCaliber"],"picked":"hermit:Snipe","floor":12},{"not_picked":["hermit:Quickdraw","hermit:Snipe"],"picked":"hermit:Headshot","floor":13},{"not_picked":["hermit:Spite","hermit:Magnum"],"picked":"hermit:Vantage","floor":14},{"not_picked":["hermit:Reprieve","hermit:EternalForm"],"picked":"hermit:FatalDesire","floor":16},{"not_picked":["hermit:Virtue","hermit:TrackingShot"],"picked":"hermit:CalledShot","floor":18},{"not_picked":["hermit:Quickdraw","hermit:CalledShot"],"picked":"hermit:BigShot","floor":20},{"not_picked":["hermit:WideOpen","hermit:Vantage"],"picked":"hermit:TakeAim","floor":23},{"not_picked":["hermit:Roulette","hermit:Snipe"],"picked":"hermit:Virtue+1","floor":25},{"not_picked":["hermit:TakeAim","hermit:Deadeye+1"],"picked":"hermit:Enervate+1","floor":27},{"not_picked":["hermit:WideOpen","hermit:Feint+1","hermit:Roulette"],"picked":"SKIP","floor":28},{"not_picked":["hermit:Midnight+1","hermit:BigShot"],"picked":"hermit:CalledShot","floor":30},{"not_picked":["hermit:BodyArmor","hermit:FlashPowder+1"],"picked":"hermit:TrackingShot+1","floor":31}],"player_experience":522354,"relics_obtained":[{"floor":4,"key":"jedi:HeartOfTheCards"},{"floor":6,"key":"Replay:Rubber Ducky"},{"floor":9,"key":"Orichalcum"},{"floor":14,"key":"Garlic"},{"floor":23,"key":"Oddly Smooth Stone"},{"floor":26,"key":"strawberrySpire:Treaders"},{"floor":27,"key":"Whetstone"}],"event_choices":[{"cards_removed":["hermit:Defend_Hermit"],"damage_healed":0,"gold_gain":0,"player_choice":"Purged","damage_taken":0,"max_hp_gain":0,"max_hp_loss":0,"event_name":"Purifier","floor":19,"gold_loss":0},{"cards_removed":["hermit:Maintenance"],"damage_healed":0,"gold_gain":0,"player_choice":"Take \u0026 Give","damage_taken":0,"max_hp_gain":0,"max_hp_loss":0,"event_name":"betterNote:BetterNote","floor":22,"gold_loss":0,"cards_obtained":["hierophant:TollTheBells"]}],"is_beta":false,"boss_relics":[{"not_picked":["strawberrySpire:RottenAvocado","halation:Prosthetics"],"picked":"Fusion Hammer"}],"items_purged_floors":[],"is_endless":false,"potions_floor_spawned":[6,10,12,16,20,23,31],"killed_by":"hubris:MusketHawk","ascension_level":0}}