{"host":"3y2rtlgteqp2nuo3","time":1610200980,"event":{"mods":["2.2 Compatiblity","AchievementEnabler","BaseMod","Colored Map","DeckTracker","Highlight Path","Keyboard Shortcuts","Minty Spire (QoL Compilation)","Permanent Neow","Quick Restart","StSLib","SuperFastMode","everything is the same but u backflip on backflip"],"gold_per_floor":[115,127,140,152,172,172,191,191,191,191,116,116,116,132,132,225,225,240,240,240,255,266,266,298,298,298,330,430,456,57,72,72,146,146,162,181,81,106,106,106,116,116,116,126,126,1,1,1,1,1,1],"floor_reached":50,"playtime":1393,"items_purged":["Strike_B","Strike_B","Strike_B"],"score":882,"play_id":"209df391-5444-44f0-8ac1-6bff9595ad99","local_time":"20210109230300","is_ascension_mode":true,"campfire_choices":[{"data":"Beam Cell","floor":6.0,"key":"SMITH"},{"data":"Streamline","floor":8.0,"key":"SMITH"},{"data":"Dualcast","floor":10.0,"key":"SMITH"},{"floor":15.0,"key":"REST"},{"floor":23.0,"key":"REST"},{"data":"Hologram","floor":25.0,"key":"SMITH"},{"floor":32.0,"key":"REST"},{"data":"Thunder Strike","floor":40.0,"key":"SMITH"},{"data":"Reinforced Body","floor":42.0,"key":"SMITH"},{"floor":45.0,"key":"REST"},{"floor":47.0,"key":"REST"},{"data":"Glacier","floor":49.0,"key":"SMITH"}],"circlet_count":0,"master_deck":["AscendersBane","Defend_B","Defend_B","Defend_B","Defend_B","Zap+1","Dualcast+1","Leap","Beam Cell+1","FTL+1","Streamline+1","Sweeping Beam+1","Ball Lightning","Electrodynamics","Hologram+1","FTL+1","Undo","Self Repair","Thunder Strike+1","Glacier+1","All For One","BootSequence","Steam","Reinforced Body+1"],"relics":["Cracked Core","Whetstone","Bloody Idol","Cursed Key","Art of War","Anchor","Gambling Chip","Gremlin Horn","OrangePellets","DataDisk","SacredBark","WingedGreaves"],"acts_visited":["Exordium","TheCity","TheBeyond"],"potions_floor_usage":[],"damage_taken":[{"damage":0.0,"enemies":"Small Slimes","floor":1.0,"turns":3.0},{"damage":0.0,"enemies":"2 Louse","floor":2.0,"turns":3.0},{"damage":1.0,"enemies":"Cultist","floor":3.0,"turns":4.0},{"damage":9.0,"enemies":"Large Slime","floor":4.0,"turns":8.0},{"damage":7.0,"enemies":"Exordium Wildlife","floor":5.0,"turns":5.0},{"damage":4.0,"enemies":"Blue Slaver","floor":7.0,"turns":3.0},{"damage":10.0,"enemies":"Lots of Slimes","floor":14.0,"turns":3.0},{"damage":11.0,"enemies":"Slime Boss","floor":16.0,"turns":7.0},{"damage":5.0,"enemies":"3 Byrds","floor":18.0,"turns":3.0},{"damage":14.0,"enemies":"Chosen","floor":21.0,"turns":4.0},{"damage":24.0,"enemies":"Snake Plant","floor":22.0,"turns":4.0},{"damage":16.0,"enemies":"Gremlin Leader","floor":24.0,"turns":6.0},{"damage":11.0,"enemies":"Slavers","floor":27.0,"turns":4.0},{"damage":8.0,"enemies":"Colosseum Slavers","floor":28.0,"turns":3.0},{"damage":12.0,"enemies":"Colosseum Nobs","floor":28.0,"turns":4.0},{"damage":4.0,"enemies":"Gremlin Leader","floor":29.0,"turns":5.0},{"damage":0.0,"enemies":"Cultist and Chosen","floor":31.0,"turns":4.0},{"damage":32.0,"enemies":"Champ","floor":33.0,"turns":10.0},{"damage":29.0,"enemies":"3 Darklings","floor":35.0,"turns":4.0},{"damage":0.0,"enemies":"3 Shapes","floor":36.0,"turns":2.0},{"damage":1.0,"enemies":"Mind Bloom Boss Battle","floor":38.0,"turns":6.0},{"damage":16.0,"enemies":"Writhing Mass","floor":41.0,"turns":5.0},{"damage":36.0,"enemies":"Maw","floor":44.0,"turns":9.0},{"damage":76,"enemies":"Time Eater","floor":50,"turns":10}],"seed_played":"5760326462891672410","potions_obtained":[{"floor":2.0,"key":"ColorlessPotion"},{"floor":4.0,"key":"EssenceOfSteel"},{"floor":21.0,"key":"Strength Potion"},{"floor":33.0,"key":"Ancient Potion"},{"floor":38.0,"key":"SneckoOil"},{"floor":39.0,"key":"Swift Potion"}],"is_trial":false,"path_per_floor":["M","M","M","M","M","R","M","R","T","R","$","?","?","M","R","B",null,"M","?","?","M","M","R","E","R","T","E","?","E","$","M","R","B",null,"M","M","$","?","?","R","M","R","T","M","R","$","R","T","R","B"],"character_chosen":"DEFECT","items_purchased":["Glacier","OrangePellets","DataDisk"],"campfire_rested":5,"item_purchase_floors":[30,30,30],"current_hp_per_floor":[64,64,63,54,47,47,43,43,43,43,43,19,19,9,30,19,58,53,53,53,44,25,46,35,35,35,29,28,36,36,48,69,49,66,49,54,54,65,65,65,61,61,61,37,58,58,71,71,71,0,0],"gold":1,"neow_bonus":"UPGRADE_CARD","is_daily":false,"chose_seed":false,"campfire_upgraded":7,"win_rate":0.0,"timestamp":1610200980,"path_taken":["M","M","M","M","M","R","M","R","T","R","$","?","?","M","R","BOSS","M","?","?","M","?","R","E","R","T","E","?","E","$","M","R","BOSS","M","M","$","?","?","R","?","R","T","M","R","?","R","?","R","BOSS"],"items_purchased_type":["Card","Relic","Relic"],"build_version":"2020-12-22","purchased_purges":3,"victory":false,"max_hp_per_floor":[71,71,71,71,71,71,71,71,71,71,71,71,71,71,71,71,71,71,71,71,71,71,71,71,71,71,71,71,71,71,71,71,71,71,71,71,71,71,71,71,71,71,71,71,71,71,71,71,71,71,71],"card_choices":[{"not_picked":["Stack","Steam","Barrage"],"picked":"SKIP","floor":1.0},{"not_picked":["Steam","Turbo"],"picked":"Leap","floor":2.0},{"not_picked":["Amplify","Compile Driver"],"picked":"Beam Cell","floor":3.0},{"not_picked":["Compile Driver","Sweeping Beam"],"picked":"FTL","floor":4.0},{"not_picked":["Steam Power","White Noise"],"picked":"Streamline","floor":5.0},{"not_picked":["Compile Driver","Rebound"],"picked":"Sweeping Beam","floor":7.0},{"not_picked":["Undo","Barrage"],"picked":"Ball Lightning","floor":14.0},{"not_picked":["Amplify","Echo Form"],"picked":"Electrodynamics","floor":16.0},{"not_picked":["Redo+1","Recycle"],"picked":"Hologram","floor":18.0},{"not_picked":["Stack","Genetic Algorithm"],"picked":"FTL+1","floor":21.0},{"not_picked":["Compile Driver","Steam","Heatsinks"],"picked":"SKIP","floor":22.0},{"not_picked":["Capacitor+1","Auto Shields"],"picked":"Undo","floor":24.0},{"not_picked":["BootSequence","Steam"],"picked":"Self Repair","floor":27.0},{"not_picked":["Consume","Aggregate"],"picked":"Thunder Strike","floor":29.0},{"not_picked":["Barrage","Streamline","Gash"],"picked":"SKIP","floor":31.0},{"not_picked":["Thunder Strike","Rainbow"],"picked":"All For One","floor":33.0},{"not_picked":["Turbo","Conserve Battery+1"],"picked":"BootSequence","floor":35.0},{"not_picked":["Rebound","Lockon"],"picked":"Steam","floor":36.0},{"not_picked":["Double Energy","Self Repair+1"],"picked":"Reinforced Body","floor":41.0},{"not_picked":["Ball Lightning","Rebound","Go for the Eyes"],"picked":"SKIP","floor":44.0}],"player_experience":656282,"relics_obtained":[{"floor":9.0,"key":"Whetstone"},{"floor":24.0,"key":"Art of War"},{"floor":27.0,"key":"Anchor"},{"floor":28.0,"key":"Gambling Chip"},{"floor":29.0,"key":"Gremlin Horn"},{"floor":38.0,"key":"WingedGreaves"}],"event_choices":[{"damage_healed":0.0,"max_hp_gain":0.0,"max_hp_loss":0.0,"gold_gain":0.0,"event_name":"Golden Idol","player_choice":"Take Damage","floor":12.0,"gold_loss":0.0,"damage_taken":24.0,"relics_obtained":["Golden Idol"]},{"damage_healed":0.0,"max_hp_gain":0.0,"max_hp_loss":0.0,"gold_gain":0.0,"event_name":"Liars Game","player_choice":"Ignored","floor":13.0,"gold_loss":0.0,"damage_taken":0.0},{"damage_healed":0.0,"max_hp_gain":0.0,"max_hp_loss":0.0,"gold_gain":0.0,"event_name":"Forgotten Altar","player_choice":"Gave Idol","floor":19.0,"relics_lost":["Golden Idol"],"gold_loss":0.0,"damage_taken":0.0,"relics_obtained":["Bloody Idol"]},{"cards_removed":["Strike_B"],"damage_healed":0.0,"max_hp_gain":0.0,"max_hp_loss":0.0,"gold_gain":0.0,"event_name":"Bonfire Elementals","player_choice":"Offered Basic","floor":20.0,"gold_loss":0.0,"damage_taken":0.0},{"damage_healed":0.0,"max_hp_gain":0.0,"max_hp_loss":0.0,"gold_gain":0.0,"event_name":"Colosseum","player_choice":"Fight","floor":28.0,"gold_loss":0.0,"damage_taken":0.0},{"damage_healed":0.0,"max_hp_gain":0.0,"max_hp_loss":0.0,"gold_gain":0.0,"event_name":"Colosseum","player_choice":"Fled From Nobs","floor":28.0,"gold_loss":0.0,"damage_taken":0.0},{"damage_healed":0.0,"max_hp_gain":0.0,"max_hp_loss":0.0,"gold_gain":0.0,"event_name":"Colosseum","player_choice":"Fought Nobs","floor":28.0,"gold_loss":0.0,"damage_taken":0.0},{"damage_healed":0.0,"max_hp_gain":0.0,"max_hp_loss":0.0,"gold_gain":0.0,"event_name":"MindBloom","player_choice":"Fight","floor":38.0,"gold_loss":0.0,"damage_taken":0.0},{"damage_healed":0.0,"max_hp_gain":0.0,"max_hp_loss":0.0,"gold_gain":0.0,"event_name":"Lab","player_choice":"Got Potions","floor":39.0,"gold_loss":0.0,"damage_taken":0.0}],"is_beta":false,"boss_relics":[{"not_picked":["Ectoplasm","Pandora\u0027s Box"],"picked":"Cursed Key"},{"not_picked":["Nuclear Battery","Snecko Eye"],"picked":"SacredBark"}],"items_purged_floors":[11,37,46],"is_endless":false,"potions_floor_spawned":[2,4,21,28,29,33,38],"killed_by":"Time Eater","ascension_level":16}}