{"host":"nzm1i0l8mrsm8hd2","time":1610158771,"event":{"mods":["ATMod(阿瑾Mod)","Act Like it!","Arknights The Spire","Aspiration","BaseMod","Better Third Choice","Challenge The Spire","Conspire","Gensokyo","Hallownest","Jedi Mod","Minty Spire (QoL Compilation)","Pale of the Ancients","Quick Restart","RumiaBox-露米娅的神秘盒子","Spicy Shops","StSLib","The Jungle","TheHeartMod"],"gold_per_floor":[113,113,132,132,148,182,25,43,69,31,58,77,77,103,103,177,177,188,54,90,0,19,19,37,62,89,89,118,68,94,81,81,81],"floor_reached":32,"playtime":1330,"items_purged":["Strike_G","Strike_G"],"score":956,"play_id":"1810055b-667e-4481-8afb-2b610e218390","local_time":"20210109101931","is_ascension_mode":true,"campfire_choices":[{"data":"AT_FamilyPortrait","floor":13.0,"key":"SMITH"},{"data":"Blade Dance","floor":15,"key":"SMITH"},{"data":"AT_ArcaneSupremacy","floor":23,"key":"SMITH"},{"data":"AT_KneejerkReflex","floor":27,"key":"SMITH"}],"circlet_count":0,"master_deck":["Strike_G+1","Strike_G+1","Defend_G+1","Defend_G+1","Defend_G+1","Defend_G+1","Defend_G+1","Survivor+1","Neutralize+1","AT_FamilyPortrait+1","Blade Dance+1","AT_ShadowStep","AT_ShadowStep","Accuracy","AT_EssenceShift","Storm of Steel","AT_ArcaneSupremacy+1","Endless Agony+1","AT_KneejerkReflex+1","After Image","conspire:SpireCoStock"],"relics":["Ring of the Snake","AT_ATBox","NeowsBlessing","Hallownest:DreamNailRelic","AT_BladeRuinedKing","Membership Card","AT_ArchangelStaff","SSSystem","Lantern","AT_TrinityForce","AT_EbonyIvory","AT_BellDemon","theJungle:ParSnip","Blood Vial","conspire:TopHat","PreservedInsect","Bag of Preparation","AT_RedTearstoneRing","Art of War","Matryoshka","Toy Ornithopter","Baka2","Vajra","CeramicFish"],"acts_visited":["Exordium","Hallownest:Greenpath"],"potions_floor_usage":[14,14,25],"damage_taken":[{"damage":0.0,"enemies":"Hallownest:2_MossCreeps","floor":1.0,"turns":1.0},{"damage":0.0,"enemies":"Hallownest:monsterHuskGuard","floor":3.0,"turns":1.0},{"damage":13.0,"enemies":"Hallownest:2_Tiktiks_and_1_Crawlid","floor":5.0,"turns":2.0},{"damage":0.0,"enemies":"Hallownest:eliteCrystalGuardian","floor":6.0,"turns":3.0},{"damage":0.0,"enemies":"Hallownest:2_Tiktiks_1_Baldur_1_Crawlid","floor":8.0,"turns":1.0},{"damage":0.0,"enemies":"Hallownest:eliteMossKnight","floor":11.0,"turns":4.0},{"damage":4.0,"enemies":"Hallownest:MossCreep_and_Mosskin","floor":12.0,"turns":4.0},{"damage":10,"enemies":"Hallownest:eliteVengeflyKing","floor":14,"turns":4},{"damage":0,"enemies":"Hallownest:BossFalseKnight","floor":16,"turns":4},{"damage":0,"enemies":"Shell Parasite","floor":18,"turns":1},{"damage":0,"enemies":"conspire:MimicChest","floor":20,"turns":2},{"damage":22,"enemies":"theJungle:5_Spyders","floor":22,"turns":3},{"damage":0,"enemies":"theJungle:2_Snecko_Cultists","floor":24,"turns":1},{"damage":5,"enemies":"theJungle:2_Phrogs","floor":25,"turns":3},{"damage":3,"enemies":"theJungle:Cassacara","floor":28,"turns":2},{"damage":0,"enemies":"theJungle:MamaSnecko","floor":30,"turns":1},{"damage":0,"enemies":"theJungle:JungleHuntersEncounter","floor":31,"turns":2}],"seed_played":"5536309426736383770","potions_obtained":[{"floor":3.0,"key":"jedi:wingpotion"},{"floor":5.0,"key":"Explosive Potion"},{"floor":11.0,"key":"EntropicBrew"},{"floor":16,"key":"Regen Potion"}],"is_trial":false,"path_per_floor":["M","?","M","?","M","E","$","M","T","$","E","M","R","E","R","B",null,"M","$","?","?","M","R","M","E","T","R","E","?","E","M","R"],"character_chosen":"THE_SILENT","items_purchased":["Membership Card","AT_EbonyIvory"],"campfire_rested":0,"item_purchase_floors":[7,19],"current_hp_per_floor":[59,59,59,59,59,59,59,59,59,59,59,61,61,51,51,51,62,62,62,62,62,40,40,66,61,61,61,60,60,62,64,64,64],"gold":81,"neow_bonus":"THREE_ENEMY_KILL","is_daily":false,"chose_seed":false,"campfire_upgraded":4,"win_rate":0.0,"timestamp":1610158771,"path_taken":["M","?","M","?","M","E","$","?","T","?","E","?","R","E","R","BOSS","M","$","?","?","M","R","?","E","T","R","E","?","E","M","R"],"items_purchased_type":["Relic","Relic"],"build_version":"2020-12-22","purchased_purges":2,"victory":false,"max_hp_per_floor":[66,66,66,66,66,66,66,66,66,66,66,66,66,66,66,66,66,66,66,66,66,66,66,66,66,66,66,66,66,66,66,66,66],"card_choices":[{"not_picked":["Bane","Setup"],"picked":"Blade Dance","floor":1.0},{"not_picked":["AT_WindFlip","jedi:acidrain"],"picked":"AT_ShadowStep","floor":3.0},{"not_picked":["Slice","Blur","Quick Slash"],"picked":"SKIP","floor":5.0},{"not_picked":["Prepared","Dagger Spray"],"picked":"AT_ShadowStep","floor":6.0},{"not_picked":["Acrobatics","Finisher"],"picked":"Accuracy","floor":8.0},{"not_picked":["Slice","Acrobatics"],"picked":"AT_EssenceShift","floor":11.0},{"not_picked":["AT_WindFlip","Quick Slash","Backflip"],"picked":"SKIP","floor":12.0},{"not_picked":["Unload","Acrobatics","Dagger Spray"],"picked":"SKIP","floor":14},{"not_picked":["Wraith Form v2","Glass Knife"],"picked":"Storm of Steel","floor":16},{"not_picked":["Quick Slash","Poisoned Stab"],"picked":"AT_ArcaneSupremacy","floor":18},{"not_picked":["AT_ThistleTea","Dodge and Roll"],"picked":"Endless Agony+1","floor":22},{"not_picked":["Flying Knee","Slice+1"],"picked":"AT_KneejerkReflex","floor":24},{"not_picked":["Choke","Catalyst+1"],"picked":"After Image","floor":25},{"not_picked":["Blade Dance","Die Die Die","Sucker Punch"],"picked":"SKIP","floor":28},{"not_picked":["Poisoned Stab","Dodge and Roll","Reflex+1"],"picked":"SKIP","floor":30},{"not_picked":["Masterful Stab","All Out Attack","Bouncing Flask"],"picked":"SKIP","floor":31}],"player_experience":565494,"relics_obtained":[{"floor":1.0,"key":"Baka"},{"floor":6.0,"key":"AT_BladeRuinedKing"},{"floor":9.0,"key":"AT_ArchangelStaff"},{"floor":11.0,"key":"SSSystem"},{"floor":14,"key":"Lantern"},{"floor":20,"key":"AT_BellDemon"},{"floor":22,"key":"Blood Vial"},{"floor":24,"key":"conspire:TopHat"},{"floor":25,"key":"PreservedInsect"},{"floor":25,"key":"Bag of Preparation"},{"floor":26,"key":"AT_RedTearstoneRing"},{"floor":28,"key":"Art of War"},{"floor":28,"key":"Matryoshka"},{"floor":30,"key":"Toy Ornithopter"},{"floor":30,"key":"Baka2"},{"floor":30,"key":"Vajra"},{"floor":31,"key":"CeramicFish"}],"event_choices":[{"damage_healed":0,"gold_gain":0,"player_choice":"Invest 1","damage_taken":0,"max_hp_gain":0,"max_hp_loss":0,"event_name":"conspire:Investor","floor":29,"gold_loss":0}],"is_beta":false,"boss_relics":[{"not_picked":["Sozu","HoveringKite"],"picked":"AT_TrinityForce"}],"items_purged_floors":[10,19],"is_endless":false,"potions_floor_spawned":[3,5,11,16,18,20,31],"ascension_level":20}}