{"host":"56ghxnzsglgdq727","time":1610189591,"event":{"mods":["AchievementEnabler","BaseMod","Downfall","Duelist Mod","Hermit","Marisa????????","Minty Spire (QoL Compilation)","Rare Cards Sparkle","Remilia??????","SOS???????","StSLib","The Bug Knight","The Senshi","The Servant 0.9.4","The Wild Card","Yuri Mod"],"gold_per_floor":[116,127,127,302,302,302,318,318,318,318,67,95,113,113,113,208,208,227,238,167,67,87,112,128,3,26,26,26],"floor_reached":27,"playtime":952,"items_purged":["Doubt","theSenshi:SailorKick","theSenshi:SailorBlock"],"score":231,"play_id":"d9e8e7f4-6db0-45e2-99a0-98a4954578d9","local_time":"20210109055311","is_ascension_mode":false,"campfire_choices":[{"data":"theSenshi:MoonCrystalPowerMakeUp","floor":6,"key":"SMITH"},{"data":"theSenshi:MoonPrincessHalation","floor":8,"key":"SMITH"},{"data":"theSenshi:MoonPrismPowerMakeUp","floor":10,"key":"SMITH"},{"floor":15,"key":"REST"}],"circlet_count":0,"master_deck":["theSenshi:SailorKick","theSenshi:SailorKick","theSenshi:SailorKick","theSenshi:SailorBlock","theSenshi:SailorBlock","theSenshi:SailorBlock","theSenshi:RoseThrow+1","theSenshi:MoonPrismPowerMakeUp+1","expansioncontent:AwakenDeath","theSenshi:MoonPrincessHalation+1","theSenshi:MoonCrystalPowerMakeUp+1","theSenshi:MoonTwilightFlash","theSenshi:SailorMarsAssists","theSenshi:JupitersPower","theSenshi:SailorPlanetAttack+1","theSenshi:SailorUranusAssists"],"relics":["theSenshi:TransformationBroochRelic","Akabeko","HollowMod:LifeEnderRelic","Letter Opener","Philosopher\u0027s Stone","MealTicket","Tiny Chest","theSenshi:CutieMoonRodRelic"],"acts_visited":["Exordium","TheCity"],"potions_floor_usage":[7,11,16,23,23],"damage_taken":[{"damage":3,"enemies":"Cultist","floor":1,"turns":4},{"damage":9,"enemies":"Small Slimes","floor":2,"turns":3},{"damage":18,"enemies":"2 Louse","floor":7,"turns":5},{"damage":12,"enemies":"Gremlin Nob","floor":12,"turns":3},{"damage":0,"enemies":"Large Slime","floor":13,"turns":2},{"damage":31,"enemies":"The Guardian","floor":16,"turns":8},{"damage":15,"enemies":"2 Thieves","floor":18,"turns":3},{"damage":33,"enemies":"3 Byrds","floor":19,"turns":4},{"damage":22,"enemies":"Shelled Parasite and Fungi","floor":22,"turns":4},{"damage":18,"enemies":"HollowMod:Nosk","floor":23,"turns":3},{"damage":18,"enemies":"Centurion and Healer","floor":24,"turns":5},{"damage":16,"enemies":"Snake Plant","floor":27,"turns":1}],"seed_played":"-1294092802702774775","potions_obtained":[{"floor":2,"key":"PowerPotion"},{"floor":12,"key":"Guardian:BlockOnCardUsePotion"},{"floor":16,"key":"Ancient Potion"},{"floor":19,"key":"DuplicationPotion"},{"floor":22,"key":"SneckoOil"}],"is_trial":false,"path_per_floor":["M","M","?","?","?","R","M","R","T","R","$","E","M","?","R","B",null,"M","M","?","$","M","E","M","$","T","M"],"character_chosen":"THE_SENSHI","items_purchased":["theSenshi:MoonTwilightFlash","Fruit Juice"],"campfire_rested":1,"item_purchase_floors":[11,11],"current_hp_per_floor":[72,63,63,63,63,63,45,45,45,45,50,38,38,26,50,19,80,65,32,32,47,25,7,1,16,16,0,0],"gold":26,"neow_bonus":"RANDOM_COLORLESS","is_daily":false,"chose_seed":false,"campfire_upgraded":3,"win_rate":0.0,"timestamp":1610189591,"path_taken":["M","?","?","?","?","R","M","R","T","R","?","E","?","?","R","BOSS","M","M","?","?","M","E","?","$","T","M"],"items_purchased_type":["Card","Potion"],"build_version":"2020-12-22","purchased_purges":3,"victory":false,"max_hp_per_floor":[75,75,75,75,75,75,75,75,75,75,80,80,80,80,80,80,80,80,80,80,80,80,80,80,80,80,80,80],"card_choices":[{"not_picked":["Bandage Up","expansioncontent:BronzeBeam"],"picked":"expansioncontent:AwakenDeath","floor":0},{"not_picked":["theSenshi:GatheringStrength","theSenshi:SailorPlanetAttack"],"picked":"theSenshi:MoonPrincessHalation","floor":1},{"not_picked":["theSenshi:PlutosSolemnity","theSenshi:LunasBite"],"picked":"theSenshi:MoonCrystalPowerMakeUp","floor":2},{"not_picked":["theSenshi:LateForSchool","theSenshi:MoonKick","theSenshi:EncouragingSpeech"],"picked":"SKIP","floor":7},{"not_picked":["theSenshi:SteeledNerves","theSenshi:SailorMercuryAssists"],"picked":"theSenshi:SailorMarsAssists","floor":12},{"not_picked":["theSenshi:Sidestep","theSenshi:MoonTiaraMagic","theSenshi:LateForSchool"],"picked":"SKIP","floor":13},{"not_picked":["theSenshi:InTheNameOfTheMoon","theSenshi:MoonGorgeousMeditation"],"picked":"theSenshi:JupitersPower","floor":16},{"not_picked":["theSenshi:MoonPunch","theSenshi:MoonKick"],"picked":"theSenshi:SailorPlanetAttack+1","floor":18},{"not_picked":["theSenshi:SupersonicWaves+1","theSenshi:MoonCrystalPowerMakeUp","theSenshi:EncouragingSpeech"],"picked":"SKIP","floor":19},{"not_picked":["theSenshi:Sidestep","theSenshi:MoonPrincessHalation","theSenshi:MoonTiaraMagic"],"picked":"SKIP","floor":22},{"not_picked":["theSenshi:SupersonicWaves+1","theSenshi:MoonPunch","theSenshi:TallSilhouette"],"picked":"SKIP","floor":23},{"not_picked":["theSenshi:MoonsReflection","theSenshi:SailorMercuryAssists"],"picked":"theSenshi:SailorUranusAssists","floor":24}],"player_experience":203989,"relics_obtained":[{"floor":9,"key":"Akabeko"},{"floor":12,"key":"HollowMod:LifeEnderRelic"},{"floor":23,"key":"Tiny Chest"},{"floor":26,"key":"theSenshi:CutieMoonRodRelic"}],"event_choices":[{"damage_healed":0,"gold_gain":0,"player_choice":"Grow","damage_taken":0,"max_hp_gain":0,"max_hp_loss":0,"event_name":"Living Wall","floor":3,"gold_loss":0,"cards_upgraded":["theSenshi:RoseThrow"]},{"damage_healed":0,"gold_gain":175,"player_choice":"AGREE","damage_taken":0,"max_hp_gain":0,"max_hp_loss":0,"event_name":"Liars Game","floor":4,"gold_loss":0,"cards_obtained":["Doubt"]},{"damage_healed":0,"gold_gain":0,"player_choice":"Ignored","damage_taken":0,"max_hp_gain":0,"max_hp_loss":0,"event_name":"Golden Idol","floor":5,"gold_loss":0},{"damage_healed":0,"gold_gain":0,"player_choice":"Success","damage_taken":12,"relics_obtained":["Letter Opener"],"max_hp_gain":0,"max_hp_loss":0,"event_name":"Scrap Ooze","floor":14,"gold_loss":0},{"damage_healed":0,"gold_gain":0,"player_choice":"Paid Gold","damage_taken":0,"relics_obtained":["MealTicket"],"max_hp_gain":0,"max_hp_loss":0,"event_name":"WeMeetAgain","floor":20,"gold_loss":71}],"is_beta":false,"boss_relics":[{"not_picked":["Busted Crown","Coffee Dripper"],"picked":"Philosopher\u0027s Stone"}],"items_purged_floors":[11,21,25],"is_endless":false,"potions_floor_spawned":[2,12,16,19,22],"killed_by":"Snake Plant","ascension_level":0}}