{"host":"uoq8e77duj6rs50g","time":1610174875,"event":{"mods":["BaseMod","Better Altar","Better Match","Better Note","Better Sensory Stone","Better Skull","Better Third Choice","BetterRewards","Block Reminder","ChefMod","Curses Come First","Downfall","Hermit","Hubris","Ironclad Rager","Minty Spire (QoL Compilation)","Relic Stats","Replay The Spire","Shade Mod","StSLib","The Blue Laboratory","The Cursed","The Dragon Tamer","The Exalted","The Judge","The Marked","The Runesmith","The Servant 0.9.4","TheSwordswoman","Uncapped","WarShipGirlsR/????R mod"],"gold_per_floor":[110,110,122,140,155,185,199,231,256,256,283,283,316,335,335,433,433,453,469,519,519,8,43,63,73,73,73,83,100,135,151,151,246,246,262,23,40,55,55,85,85,101,101,131,131,166,166,181,181,181,181,181,78,78,78],"floor_reached":54,"playtime":5092,"items_purged":[],"score":1120,"play_id":"34e87b48-555c-4e6b-bd13-e5062c748b5e","local_time":"20210109014755","is_ascension_mode":true,"campfire_choices":[{"floor":10.0,"key":"RECALL"},{"floor":15.0,"key":"REST"},{"data":"Shade:LichForm","floor":32.0,"key":"SMITH"},{"data":"Shade:StitchTogether","floor":41.0,"key":"SMITH"},{"data":"Shade:AnimateDead","floor":45,"key":"SMITH"},{"floor":49,"key":"REST"},{"data":"Shade:Bonestorm","floor":52,"key":"SMITH"}],"circlet_count":0,"master_deck":["Shade:Strike_Shade","Shade:Strike_Shade","Shade:Strike_Shade","Shade:Strike_Shade","Shade:Defend_Shade","Shade:Defend_Shade","Shade:Defend_Shade","Shade:Defend_Shade","Shade:AnimateDead+1","Shade:CarefulCut","Shade:ExtraLimbs","Shade:Frenzy","Shade:OneIsEnough+1","Shade:SkeletonHug","Shade:Frenzy+1","Shade:FleshToFlesh","Shade:FeralStrike","Shade:SpectralStrikes+1","Shade:WallOfFlesh","Shade:Frenzy","Shade:LichForm+1","Shade:CommandSoldier","Shade:ScuttlingHand","Hallucinations","Shade:StitchTogether+1","Shade:PressTheAttack+1","Shade:Bonestorm+1","Shade:ExtraLimbs+1","Shade:SoulToxin+1","Shade:Frenzy+1","WordoMod:Infected","Shade:Bonestorm+1","Shade:TouchOfTheGrave+1","Shade:DarkOfNight","Delirium","Shade:Bonestorm+1","Shade:BoneShards+1","Shade:FleshToFlesh+1","Shade:Frenzy+1","Parasite","Hallucinations","Shade:PoundOfFlesh+1","Shade:LyeBath+1","Shade:AuraOfUnlife+1","Shade:Frenzy"],"relics":["Ring of Chaos","White Beast Statue","War Paint","Matryoshka","Guide Book","Unceasing Top","hubris:HollowSoul","Ring of Peace","Ring of Greed","The Courier","Nloth\u0027s Gift","Oddly Smooth Stone","ReplayTheSpireMod:Shallot","Eternal Feather","hubris:Reverence","Centennial Puzzle","Molten Egg 2","Frozen Egg 2","Replay:Bronze Core","PreservedInsect","Simple Rune","hubris:Towel","Runesmith:AutoHammer","Pen Nib","hubris:BottledRain","MealTicket","hubris:ToyBattleship"],"acts_visited":["Exordium","TheCity","TheBeyond","TheEnding"],"potions_floor_usage":[44,48,50,50,54],"damage_taken":[{"damage":2.0,"enemies":"2 Louse","floor":1.0,"turns":3.0},{"damage":0.0,"enemies":"Cultist","floor":3.0,"turns":2.0},{"damage":0.0,"enemies":"Small Slimes","floor":4.0,"turns":2.0},{"damage":0.0,"enemies":"Gremlin Gang","floor":5.0,"turns":6.0},{"damage":3.0,"enemies":"3 Sentries","floor":6.0,"turns":5.0},{"damage":0.0,"enemies":"Blue Slaver","floor":7.0,"turns":1.0},{"damage":0.0,"enemies":"Gremlin Nob","floor":8.0,"turns":2.0},{"damage":10.0,"enemies":"Lagavulin","floor":11.0,"turns":4.0},{"damage":9.0,"enemies":"3 Sentries","floor":13.0,"turns":3.0},{"damage":3.0,"enemies":"3 Louse","floor":14.0,"turns":4.0},{"damage":0.0,"enemies":"Hexaghost","floor":16.0,"turns":9.0},{"damage":17.0,"enemies":"3 Byrds","floor":18.0,"turns":7.0},{"damage":30.0,"enemies":"Shell Parasite","floor":19.0,"turns":5.0},{"damage":0.0,"enemies":"Gremlin Leader","floor":23.0,"turns":5.0},{"damage":15.0,"enemies":"Snake Plant","floor":24.0,"turns":5.0},{"damage":8.0,"enemies":"Shelled Parasite and Fungi","floor":25.0,"turns":4.0},{"damage":0.0,"enemies":"Centurion and Healer","floor":28.0,"turns":5.0},{"damage":0.0,"enemies":"Snecko","floor":29.0,"turns":5.0},{"damage":14.0,"enemies":"Slavers","floor":30.0,"turns":6.0},{"damage":14.0,"enemies":"Cultist and Chosen","floor":31.0,"turns":5.0},{"damage":18.0,"enemies":"hubris:MusketHawk","floor":33.0,"turns":6.0},{"damage":0.0,"enemies":"Orb Walker","floor":35.0,"turns":4.0},{"damage":5.0,"enemies":"3 Darklings","floor":37.0,"turns":6.0},{"damage":4.0,"enemies":"Jaw Worm Horde","floor":38.0,"turns":5.0},{"damage":3.0,"enemies":"R_Hoarder","floor":40.0,"turns":5.0},{"damage":11.0,"enemies":"Writhing Mass","floor":42.0,"turns":4.0},{"damage":11,"enemies":"Nemesis","floor":44,"turns":5},{"damage":23,"enemies":"Giant Head","floor":46,"turns":7},{"damage":32,"enemies":"Maw","floor":48,"turns":8},{"damage":37,"enemies":"hubris:GrandSnecko","floor":50,"turns":12},{"damage":13,"enemies":"Shield and Spear","floor":54,"turns":2}],"seed_played":"-2881471436201469058","potions_obtained":[{"floor":1.0,"key":"Strength Potion"},{"floor":2.0,"key":"blueLaboratory:ImpenetrablePotion"},{"floor":2.0,"key":"EntropicBrew"},{"floor":7.0,"key":"Strength Potion"},{"floor":8.0,"key":"Energy Potion"},{"floor":11.0,"key":"blueLaboratory:PhilterOfMotion"},{"floor":13.0,"key":"blueLaboratory:FrostheartPotion"},{"floor":14.0,"key":"SneckoOil"},{"floor":16.0,"key":"blueLaboratory:LouseDecoction"},{"floor":18.0,"key":"blueLaboratory:PyrophylliteBrew"},{"floor":19.0,"key":"blueLaboratory:FruitPunch"},{"floor":23.0,"key":"blueLaboratory:HorrorPotion"},{"floor":24.0,"key":"Cursed Concoction"},{"floor":25.0,"key":"Explosive Potion"},{"floor":28.0,"key":"blueLaboratory:FruitPunch"},{"floor":29.0,"key":"blueLaboratory:ForbiddenFruitJuice"},{"floor":30.0,"key":"champ:CounterPotion"},{"floor":31.0,"key":"blueLaboratory:RememoryPotion"},{"floor":33.0,"key":"AttackPotion"},{"floor":35.0,"key":"Weak Potion"},{"floor":37.0,"key":"blueLaboratory:HummingbirdPotion"},{"floor":40.0,"key":"Adrenaline Potion"},{"floor":44,"key":"BlessingOfTheForge"},{"floor":48,"key":"blueLaboratory:BottledHope"}],"is_trial":false,"path_per_floor":["M","?","M","M","M","E","M","E","T","R","E","$","E","M","R","B",null,"M","M","?","?","$","E","M","M","T","?","M","M","E","M","R","B",null,"M","$","M","M","?","E","R","M","T","E","R","E","?","M","R","B",null,"R","$","E"],"character_chosen":"SHADE","items_purchased":["Guide Book","Oddly Smooth Stone","ReplayTheSpireMod:Shallot","Eternal Feather","PreservedInsect","Simple Rune","Shade:AuraOfUnlife+1","Shade:Frenzy"],"campfire_rested":2,"item_purchase_floors":[12,22,22,22,36,36,53,53],"current_hp_per_floor":[63,63,63,63,63,60,60,60,60,60,50,40,31,28,47,47,65,48,18,18,18,18,20,12,4,4,4,4,6,45,38,56,45,59,59,59,59,55,55,52,59,48,48,47,59,36,41,9,50,25,59,59,59,0,0],"gold":78,"neow_bonus":"BOSS_RELIC","is_daily":false,"chose_seed":false,"campfire_upgraded":4,"win_rate":0.0,"timestamp":1610174875,"path_taken":["M","?","M","M","M","E","M","E","T","R","E","?","E","?","R","BOSS","M","M","?","?","$","E","M","?","T","?","M","?","E","M","R","BOSS","M","$","M","M","?","E","R","M","T","E","R","E","?","M","R","BOSS","R","$","E"],"items_purchased_type":["Relic","Relic","Relic","Relic","Relic","Relic","Card","Card"],"build_version":"2020-12-22","purchased_purges":0,"victory":false,"max_hp_per_floor":[65,65,65,65,65,65,65,65,65,65,65,65,65,65,65,65,65,65,65,65,65,65,67,67,67,67,67,67,69,59,59,59,59,59,59,59,59,59,59,59,59,59,59,59,59,59,59,59,59,59,59,59,59,59,59],"relic_stats":{"Centennial Puzzle":[39],"counters":[31,158],"Eternal Feather":61,"MealTicket":0,"PreservedInsect":438,"Pen Nib":[9],"Nloth\u0027s Gift":12,"War Paint":["Shade:Defend_Shade","Shade:Frenzy"],"obtain_stats":[{"Shade:YorickSkull":0,"Replay:Bandana":20,"Centennial Puzzle":26,"Matryoshka":11,"Ring of Peace":20,"Replay:Bronze Core":34,"MealTicket":44,"Guide Book":12,"Oddly Smooth Stone":22,"Eternal Feather":22,"Ring of Chaos":0,"hubris:HollowSoul":17,"The Courier":20,"PreservedInsect":36,"Pen Nib":43,"Ring of Greed":20,"War Paint":8,"Frozen Egg 2":30,"hubris:Towel":39,"White Beast Statue":6,"ReplayTheSpireMod:Shallot":22,"Molten Egg 2":26,"Simple Rune":36,"Nloth\u0027s Gift":21,"hubris:ToyBattleship":46,"Runesmith:AutoHammer":40,"Unceasing Top":13,"hubris:Reverence":23,"hubris:BottledRain":43},{"Shade:YorickSkull":0,"Replay:Bandana":13,"Centennial Puzzle":16,"Matryoshka":8,"Ring of Peace":13,"Replay:Bronze Core":21,"MealTicket":27,"Guide Book":8,"Oddly Smooth Stone":13,"Eternal Feather":13,"Ring of Chaos":0,"hubris:HollowSoul":11,"The Courier":13,"PreservedInsect":22,"Pen Nib":26,"Ring of Greed":13,"War Paint":7,"Frozen Egg 2":19,"hubris:Towel":24,"White Beast Statue":5,"ReplayTheSpireMod:Shallot":13,"Molten Egg 2":16,"Simple Rune":22,"Nloth\u0027s Gift":13,"hubris:ToyBattleship":28,"Runesmith:AutoHammer":25,"Unceasing Top":9,"hubris:Reverence":14,"hubris:BottledRain":26},{"Shade:YorickSkull":0,"Replay:Bandana":53,"Centennial Puzzle":67,"Matryoshka":25,"Ring of Peace":53,"Replay:Bronze Core":94,"MealTicket":123,"Guide Book":25,"Oddly Smooth Stone":53,"Eternal Feather":53,"Ring of Chaos":0,"hubris:HollowSoul":41,"The Courier":53,"PreservedInsect":98,"Pen Nib":118,"Ring of Greed":53,"War Paint":21,"Frozen Egg 2":83,"hubris:Towel":109,"White Beast Statue":18,"ReplayTheSpireMod:Shallot":53,"Molten Egg 2":67,"Simple Rune":98,"Nloth\u0027s Gift":53,"hubris:ToyBattleship":130,"Runesmith:AutoHammer":114,"Unceasing Top":28,"hubris:Reverence":58,"hubris:BottledRain":118}],"Unceasing Top":[7]},"card_choices":[{"not_picked":["Shade:RitualOffering","Shade:SanguineRitual"],"picked":"Shade:ExtraLimbs","floor":1.0},{"not_picked":["Shade:AblativeArmor","Shade:CallWraith"],"picked":"Shade:Frenzy","floor":3.0},{"not_picked":["Shade:Trample","Shade:ClawBack"],"picked":"Shade:OneIsEnough","floor":4.0},{"not_picked":["Shade:LyeBath","Shade:GreyBargain"],"picked":"Shade:SkeletonHug","floor":5.0},{"not_picked":["Shade:FuneraryArmor","Shade:Patience"],"picked":"Shade:Frenzy","floor":6.0},{"not_picked":["Shade:Brains","Shade:SkeletonArmy"],"picked":"Shade:FleshToFlesh","floor":7.0},{"not_picked":["Shade:GreyBargain","Shade:ScuttlingHand"],"picked":"Shade:FeralStrike","floor":8.0},{"not_picked":["Shade:RitualOffering","Shade:Premonition"],"picked":"Shade:SpectralStrikes","floor":11.0},{"not_picked":["Shade:Patience","Shade:Awaken"],"picked":"Shade:WallOfFlesh","floor":13.0},{"not_picked":["Shade:PotionOfRestlessness","Shade:SelfBurial"],"picked":"Shade:Frenzy","floor":14.0},{"not_picked":["Shade:UnbarTheGrave","Shade:DarkOfNight"],"picked":"Shade:LichForm","floor":16.0},{"not_picked":["Shade:ExtraLimbs+1","Shade:CoffinDance"],"picked":"Shade:CommandSoldier","floor":18.0},{"not_picked":["Shade:PressTheAttack","Shade:Awaken"],"picked":"Shade:ScuttlingHand","floor":19.0},{"not_picked":["Shade:LyeBath","Shade:Brains"],"picked":"Shade:StitchTogether","floor":23.0},{"not_picked":["Shade:AncientSpear+1","Shade:CommandSoldier"],"picked":"Shade:PressTheAttack+1","floor":24.0},{"not_picked":["Shade:FingerOfDeath","Shade:Consume"],"picked":"Shade:Bonestorm","floor":25.0},{"not_picked":["Shade:SkeletonHug+1","Shade:RitualOffering"],"picked":"Shade:SoulToxin+1","floor":28.0},{"not_picked":["Shade:SkeletonHug+1","Shade:WallOfFlesh"],"picked":"Shade:Frenzy+1","floor":29.0},{"not_picked":["Shade:UnbarTheGrave","Shade:Coordination+1"],"picked":"Shade:Bonestorm+1","floor":30.0},{"not_picked":["Shade:CommandSoldier+1","Shade:Excise"],"picked":"Shade:TouchOfTheGrave+1","floor":31.0},{"not_picked":["Shade:OminousRitual+1","Shade:Consume+1"],"picked":"Shade:DarkOfNight","floor":33.0},{"not_picked":["Shade:CallOfTheGrave+1","Shade:PotionOfRestlessness+1"],"picked":"Shade:Bonestorm+1","floor":35.0},{"not_picked":["Shade:FeralStrike+1","Shade:AncientSpear+1"],"picked":"Shade:BoneShards+1","floor":37.0},{"not_picked":["Shade:SelfBurial","Shade:CallOfTheGrave+1"],"picked":"Shade:FleshToFlesh+1","floor":38.0},{"not_picked":["Shade:Excise","Shade:SoulPierce+1"],"picked":"Shade:Frenzy+1","floor":40.0},{"not_picked":["Shade:Consume+1","Shade:Patience","Shade:FingerOfDeath+1"],"picked":"SKIP","floor":42.0},{"not_picked":["Shade:DarkOfNight","Shade:RavenousHorde"],"picked":"Shade:PoundOfFlesh+1","floor":44},{"not_picked":["Shade:OfferingToTheBeyond+1","Shade:Premonition+1"],"picked":"Shade:CommandSoldier+1","floor":46},{"not_picked":["Shade:Patience","Shade:UnbarTheGrave"],"picked":"Shade:LyeBath+1","floor":48}],"player_experience":465779,"relics_obtained":[{"floor":6.0,"key":"White Beast Statue"},{"floor":8.0,"key":"War Paint"},{"floor":11.0,"key":"Matryoshka"},{"floor":13.0,"key":"Unceasing Top"},{"floor":20.0,"key":"Ring of Peace"},{"floor":20.0,"key":"Ring of Greed"},{"floor":20.0,"key":"Replay:Bandana"},{"floor":20.0,"key":"The Courier"},{"floor":23.0,"key":"hubris:Reverence"},{"floor":26.0,"key":"Centennial Puzzle"},{"floor":26.0,"key":"Molten Egg 2"},{"floor":30.0,"key":"Frozen Egg 2"},{"floor":40.0,"key":"Runesmith:AutoHammer"},{"floor":43,"key":"Pen Nib"},{"floor":43,"key":"hubris:BottledRain"},{"floor":44,"key":"MealTicket"},{"floor":46,"key":"hubris:ToyBattleship"}],"event_choices":[{"damage_healed":0.0,"max_hp_gain":0.0,"max_hp_loss":0.0,"gold_gain":0.0,"event_name":"Lab","player_choice":"Got Potions","floor":2.0,"gold_loss":0.0,"damage_taken":0.0},{"damage_healed":0.0,"max_hp_gain":0.0,"max_hp_loss":0.0,"gold_gain":0.0,"event_name":"N\u0027loth","player_choice":"Traded Relic","floor":21.0,"relics_lost":["Replay:Bandana"],"gold_loss":0.0,"damage_taken":0.0,"relics_obtained":["Nloth\u0027s Gift"]},{"damage_healed":0.0,"max_hp_gain":0.0,"max_hp_loss":0.0,"gold_gain":0.0,"event_name":"Duplicator","player_choice":"Copied","floor":27.0,"gold_loss":0.0,"damage_taken":0.0,"cards_obtained":["Shade:ExtraLimbs"]},{"cards_removed":["Shade:CommandSoldier"],"damage_healed":5,"gold_gain":0,"player_choice":"Offered Common","damage_taken":0,"max_hp_gain":0,"max_hp_loss":0,"event_name":"Bonfire Elementals","floor":47,"gold_loss":0},{"cards_removed":["Shade:CommandSoldier"],"damage_healed":5,"gold_gain":0,"player_choice":"Offered Special","damage_taken":0,"max_hp_gain":0,"max_hp_loss":0,"event_name":"Bonfire Elementals","floor":47,"gold_loss":0}],"is_beta":false,"boss_relics":[{"not_picked":["Abe\u0027s Treasure","Velvet Choker"],"picked":"hubris:HollowSoul"},{"not_picked":["hubris:ScarierMask","SacredBark"],"picked":"Replay:Bronze Core"}],"items_purged_floors":[],"is_endless":false,"potions_floor_spawned":[1,4,7,8,11,13,14,16,18,19,23,24,25,28,29,30,31,33,35,37,38,40,42,44,46,48],"killed_by":"Shield and Spear","ascension_level":1}}