{"host":"9n6i2vl93jt4o42q","time":1610235398,"event":{"mods":["BaseMod","Minty Spire (QoL Compilation)","Relic Stats"],"gold_per_floor":[16,27,27,102,102,102,115,147,172,172,118,128,145,70,70,70,70],"floor_reached":16,"playtime":765,"items_purged":[],"score":195,"play_id":"18971048-3ff3-454f-9ac3-ddc0d4cda58d","local_time":"20210110003638","is_ascension_mode":true,"campfire_choices":[{"data":"Cleave","floor":6,"key":"SMITH"},{"data":"Anger","floor":10,"key":"SMITH"},{"data":"Armaments","floor":15,"key":"SMITH"}],"circlet_count":0,"master_deck":["AscendersBane","Strike_R","Strike_R","Strike_R","Defend_R+1","Defend_R+1","Defend_R","Defend_R","Bash","Anger+1","Cleave+1","Reaper","Thunderclap","Armaments+1","Inflame"],"relics":["Burning Blood","War Paint","Omamori","Tiny Chest"],"acts_visited":["Exordium"],"potions_floor_usage":[7,16,16],"damage_taken":[{"damage":1,"enemies":"2 Louse","floor":1,"turns":3},{"damage":10,"enemies":"Small Slimes","floor":2,"turns":4},{"damage":5,"enemies":"Jaw Worm","floor":7,"turns":4},{"damage":47,"enemies":"3 Sentries","floor":8,"turns":8},{"damage":6,"enemies":"Exordium Thugs","floor":12,"turns":4},{"damage":8,"enemies":"Blue Slaver","floor":13,"turns":4},{"damage":42,"enemies":"Hexaghost","floor":16,"turns":10}],"seed_played":"3986849405618317625","potions_obtained":[{"floor":2,"key":"Block Potion"},{"floor":12,"key":"SkillPotion"},{"floor":13,"key":"GamblersBrew"}],"is_trial":false,"path_per_floor":["M","M","?","?","?","R","M","E","T","R","$","M","M","?","R","B"],"character_chosen":"IRONCLAD","items_purchased":["Armaments"],"campfire_rested":0,"item_purchase_floors":[11],"current_hp_per_floor":[87,83,83,72,61,61,68,39,39,39,39,39,37,37,37,0,0],"gold":70,"neow_bonus":"TWENTY_PERCENT_HP_BONUS","is_daily":false,"chose_seed":false,"campfire_upgraded":3,"win_rate":0.0,"timestamp":1610235398,"path_taken":["M","M","?","?","?","R","M","E","T","R","?","M","?","?","R","BOSS"],"items_purchased_type":["Card"],"build_version":"2020-12-22","purchased_purges":0,"victory":false,"max_hp_per_floor":[89,89,89,89,89,89,89,89,89,89,89,89,89,89,89,89,89],"relic_stats":{"counters":[7,37],"Tiny Chest":0,"War Paint":["Defend_R","Defend_R"],"obtain_stats":[{"Tiny Chest":9,"Omamori":8,"War Paint":5,"Burning Blood":0},{"Tiny Chest":4,"Omamori":4,"War Paint":2,"Burning Blood":0},{"Tiny Chest":19,"Omamori":19,"War Paint":7,"Burning Blood":0}],"Burning Blood":36},"card_choices":[{"not_picked":["Clash","Entrench"],"picked":"Anger","floor":1},{"not_picked":["Headbutt","Shrug It Off"],"picked":"Cleave","floor":2},{"not_picked":["Havoc","Warcry"],"picked":"Thunderclap","floor":7},{"not_picked":["Entrench","Clash","Thunderclap"],"picked":"SKIP","floor":8},{"not_picked":["Armaments","Dropkick"],"picked":"Inflame","floor":12},{"not_picked":["Cleave","Sever Soul","Immolate"],"picked":"SKIP","floor":13}],"player_experience":2044289,"relics_obtained":[{"floor":8,"key":"Omamori"},{"floor":9,"key":"Tiny Chest"}],"event_choices":[{"damage_healed":0,"gold_gain":0,"cards_transformed":["Strike_R"],"player_choice":"Change","damage_taken":0,"max_hp_gain":0,"max_hp_loss":0,"event_name":"Living Wall","floor":3,"gold_loss":0,"cards_obtained":["Reaper"]},{"damage_healed":0,"gold_gain":75,"player_choice":"Gather Gold","damage_taken":11,"max_hp_gain":0,"max_hp_loss":0,"event_name":"World of Goop","floor":4,"gold_loss":0},{"damage_healed":0,"gold_gain":0,"player_choice":"Success","damage_taken":11,"relics_obtained":["War Paint"],"max_hp_gain":0,"max_hp_loss":0,"event_name":"Scrap Ooze","floor":5,"gold_loss":0},{"cards_removed":["Strike_R"],"damage_healed":0,"gold_gain":0,"player_choice":"Card Removal","damage_taken":0,"max_hp_gain":0,"max_hp_loss":0,"event_name":"The Cleric","floor":14,"gold_loss":75}],"is_beta":false,"boss_relics":[],"items_purged_floors":[],"is_endless":false,"potions_floor_spawned":[2,12,13],"killed_by":"Hexaghost","ascension_level":19}}