{"host":"c95txy58ipbu969e","time":1610206424,"event":{"mods":["Act Like it!","Arknights The Spire","BaseMod","Minty Spire (QoL Compilation)","Quick Restart","StSLib"],"gold_per_floor":[119,294,304,304,323,351,351,367,367,367,381,381,395,405,405,405,405],"floor_reached":16,"playtime":598,"items_purged":[],"score":104,"play_id":"6a7979c7-0759-4d03-8053-f169bf55e259","local_time":"20210109233344","is_ascension_mode":false,"campfire_choices":[{"floor":7.0,"key":"REST"},{"data":"ats:Demon Strength","floor":12.0,"key":"SMITH"},{"floor":15.0,"key":"REST"}],"circlet_count":0,"master_deck":["ats:Strike C","ats:Strike G","ats:Strike S","ats:Strike V","ats:Armor Crushing Shot","ats:Defend","ats:Defend","ats:Defend","ats:Defend","ats:Emotion Absorption","Doubt","ats:Apocalypse","Flash of Steel","ats:Disruption Kick","ats:Demon Strength+1","ats:Red Shift","ats:Chain Hook","ats:Leaping Hammer"],"relics":["ats:Sanity","NeowsBlessing","ats:Originium","Bottled Tornado","The Courier"],"acts_visited":["Exordium"],"potions_floor_usage":[16],"damage_taken":[{"damage":0.0,"enemies":"Jaw Worm","floor":1.0,"turns":1.0},{"damage":0.0,"enemies":"Small Slimes","floor":3.0,"turns":2.0},{"damage":0.0,"enemies":"Cultist","floor":5.0,"turns":1.0},{"damage":76.0,"enemies":"3 Sentries","floor":6.0,"turns":14.0},{"damage":15.0,"enemies":"Looter","floor":8.0,"turns":3.0},{"damage":7.0,"enemies":"Exordium Wildlife","floor":11.0,"turns":2.0},{"damage":10.0,"enemies":"Blue Slaver","floor":13.0,"turns":3.0},{"damage":0.0,"enemies":"3 Louse","floor":14.0,"turns":2.0},{"damage":34,"enemies":"Slime Boss","floor":16,"turns":5}],"seed_played":"4440032727446895174","potions_obtained":[{"floor":3.0,"key":"EssenceOfSteel"},{"floor":11.0,"key":"Weak Potion"},{"floor":13.0,"key":"SpeedPotion"}],"is_trial":false,"path_per_floor":["M","?","M","?","M","E","R","M","T","?","M","R","M","M","R","B"],"character_chosen":"DOCTOR_CLASS","items_purchased":[],"campfire_rested":2,"item_purchase_floors":[],"current_hp_per_floor":[72,72,72,72,72,8,29,18,18,18,11,11,1,1,22,0,0],"gold":405,"neow_bonus":"THREE_ENEMY_KILL","is_daily":false,"chose_seed":false,"campfire_upgraded":1,"win_rate":0.0,"timestamp":1610206424,"path_taken":["M","?","M","?","?","E","R","M","T","?","M","R","M","M","R","BOSS"],"items_purchased_type":[],"build_version":"2020-12-22","purchased_purges":0,"victory":false,"max_hp_per_floor":[72,72,72,72,72,72,72,72,72,72,72,72,72,72,72,72,72],"card_choices":[{"not_picked":["ats:Childhood Dance","ats:Cat Scratch","ats:Assault Order"],"picked":"SKIP","floor":1.0},{"not_picked":["ats:Flexible Camouflage","ats:Assault Order"],"picked":"ats:Apocalypse","floor":3.0},{"not_picked":["ats:Assault Order","ats:Encircling Forest"],"picked":"ats:Demon Strength","floor":5.0},{"not_picked":["ats:Shadow Raid","ats:Consecutive Shot Auto"],"picked":"ats:Red Shift","floor":6.0},{"not_picked":["ats:Guardian Obelisk","ats:Powerful Strike","ats:Burning Ground"],"picked":"SKIP","floor":8.0},{"not_picked":["ats:Powerful Strike","ats:Steam Pump","ats:Assault Order"],"picked":"SKIP","floor":11.0},{"not_picked":["ats:Collapsing Strike","ats:Thorns"],"picked":"ats:Chain Hook","floor":13.0},{"not_picked":["ats:Explosion Area Strengthen","ats:Beaten Up"],"picked":"ats:Leaping Hammer","floor":14.0}],"player_experience":258254,"relics_obtained":[{"floor":6.0,"key":"ats:Originium"},{"floor":6.0,"key":"Bottled Tornado"},{"floor":9.0,"key":"The Courier"}],"event_choices":[{"damage_healed":0.0,"max_hp_gain":0.0,"max_hp_loss":0.0,"gold_gain":175.0,"event_name":"Liars Game","player_choice":"AGREE","floor":2.0,"gold_loss":0.0,"damage_taken":0.0,"cards_obtained":["Doubt"]},{"damage_healed":0.0,"max_hp_gain":0.0,"max_hp_loss":0.0,"gold_gain":0.0,"event_name":"Match and Keep!","player_choice":"2 cards matched","floor":4.0,"gold_loss":0.0,"damage_taken":0.0,"cards_obtained":["Flash of Steel","ats:Disruption Kick"]},{"damage_healed":0.0,"max_hp_gain":0.0,"max_hp_loss":0.0,"gold_gain":0.0,"event_name":"Dead Adventurer","player_choice":"Searched \u00270\u0027 times","floor":10.0,"gold_loss":0.0,"damage_taken":0.0}],"is_beta":false,"boss_relics":[],"items_purged_floors":[],"is_endless":false,"potions_floor_spawned":[3,11,13],"killed_by":"Slime Boss","ascension_level":0}}