{"host":"qhn6g0owdgjb77rz","time":1610204677,"event":{"mods":["BaseMod","BetterRewards","Colored Map","Minty Spire (QoL Compilation)","Relic Sorter","Replay The Spire","StSLib"],"gold_per_floor":[115,126,140,66,79,79,111,111,111,124,149,166,166,166,166,237,237,249,0,0,16,34,34,65,65,89,89,107,107,123,156,156,229,229,239,239,264,264,47,74,74,108,182,195,224,236,62,82,82,82],"floor_reached":51,"playtime":3355,"items_purged":[],"score":1605,"play_id":"1fbcedf9-10c1-43d4-9f0c-e6326a60fdd5","local_time":"20210110000437","is_ascension_mode":true,"campfire_choices":[{"data":"TalkToTheHand","floor":6.0,"key":"SMITH"},{"data":"LessonLearned","floor":8.0,"key":"SMITH"},{"data":"TalkToTheHand","floor":13.0,"key":"SMITH"},{"data":"BattleHymn","floor":15.0,"key":"SMITH"},{"data":"Evaluate","floor":23.0,"key":"SMITH"},{"data":"Evaluate","floor":27.0,"key":"SMITH"},{"floor":29.0,"key":"REST"},{"data":"Alpha","floor":32.0,"key":"SMITH"},{"data":"1","floor":41,"key":"LIFT"},{"floor":49,"key":"REST"}],"circlet_count":0,"master_deck":["AscendersBane","Strike_P+1","Strike_P+1","Strike_P+1","Defend_P+1","Defend_P+1","Defend_P+1","Defend_P+1","Eruption+1","Vigilance+1","ReplayTheSpireMod:Necrogeddon+1","CarveReality+1","CarveReality+1","TalkToTheHand+1","Evaluate+1","Discovery+1","TalkToTheHand+1","Crescendo+1","FollowUp+1","BattleHymn+1","Replay:Hum+1","LessonLearned+1","Evaluate+1","LessonLearned+1","Replay:Anticipation+1","Alpha+1","WindmillStrike+1","Voices","Replay:LoomingThreat+1","FearNoEvil+1","Adaptation+1","Replay:ManipulateFuture+1","EmptyBody+1","Halt+1","Omniscience+1","ReplayUltimateDefense+1","ClearTheMind"],"relics":["PureWater","ReplayFunnel","Bag of Marbles","Singing Bowl","Mummified Hand","Kunai","ReplayTheSpireMod:DimensionalGlitch","Replay:Ringing Soul","Divine Protection","Ancient Tea Set","Replay:Towering Pillar of Hats","Honey Jar","Ring of Fury","Ring of Misfortune","Lizard Tail","Vajra","Girya","Lantern","White Beast Statue","ReplayTheSpireMod:Ninjato"],"acts_visited":["Exordium","TheCity","TheBeyond"],"potions_floor_usage":[42,46,50,50],"damage_taken":[{"damage":0.0,"enemies":"2 Louse","floor":1.0,"turns":1.0},{"damage":0.0,"enemies":"Cultist","floor":2.0,"turns":2.0},{"damage":0.0,"enemies":"Small Slimes","floor":3.0,"turns":2.0},{"damage":0.0,"enemies":"Blue Slaver","floor":5.0,"turns":3.0},{"damage":7.0,"enemies":"Lagavulin","floor":7.0,"turns":7.0},{"damage":4.0,"enemies":"3 Louse","floor":10.0,"turns":2.0},{"damage":2.0,"enemies":"Gremlin Nob","floor":11.0,"turns":3.0},{"damage":17.0,"enemies":"Lots of Slimes","floor":12.0,"turns":7.0},{"damage":0.0,"enemies":"Hexaghost","floor":16.0,"turns":7.0},{"damage":0.0,"enemies":"2 Thieves","floor":18.0,"turns":4.0},{"damage":8.0,"enemies":"3 Byrds","floor":21.0,"turns":5.0},{"damage":12.0,"enemies":"Centurion and Healer","floor":22.0,"turns":3.0},{"damage":15.0,"enemies":"Gremlin Leader","floor":24.0,"turns":5.0},{"damage":0.0,"enemies":"Cultist and Chosen","floor":28.0,"turns":4.0},{"damage":0.0,"enemies":"Snake Plant","floor":30.0,"turns":3.0},{"damage":9.0,"enemies":"Slavers","floor":31.0,"turns":4.0},{"damage":0,"enemies":"Champ","floor":33,"turns":8},{"damage":19,"enemies":"3 Darklings","floor":35,"turns":6},{"damage":0,"enemies":"Mind Bloom Boss Battle","floor":37,"turns":6},{"damage":0,"enemies":"R_Hoarder","floor":40,"turns":5},{"damage":22,"enemies":"Nemesis","floor":42,"turns":6},{"damage":12,"enemies":"3 Shapes","floor":44,"turns":3},{"damage":11,"enemies":"R_Hoarder","floor":45,"turns":6},{"damage":5,"enemies":"Spire Growth","floor":46,"turns":3},{"damage":18,"enemies":"Jaw Worm Horde","floor":48,"turns":4},{"damage":0,"enemies":"Replay:Hell Engine","floor":50,"turns":6}],"seed_played":"7790421135180633515","potions_obtained":[{"floor":1.0,"key":"LiquidBronze"},{"floor":5.0,"key":"StancePotion"},{"floor":7.0,"key":"BlessingOfTheForge"},{"floor":12.0,"key":"Block Potion"},{"floor":21.0,"key":"BlessingOfTheForge"},{"floor":22.0,"key":"Swift Potion"},{"floor":31.0,"key":"Languid Potion"},{"floor":40,"key":"Languid Potion"},{"floor":44,"key":"Reflective Coating"},{"floor":45,"key":"Reflective Coating"},{"floor":46,"key":"Doom Potion"},{"floor":48,"key":"EssenceOfSteel"}],"is_trial":false,"path_per_floor":["M","M","M","$","M","R","E","R","T","M","E","M","R","?","R","B",null,"M","$","?","M","M","R","E","$","T","R","M","R","M","E","R","B",null,"M","?","?","?","$","E","R","E","T","M","E","M","$","M","R","B",null],"character_chosen":"WATCHER","items_purchased":["ReplayTheSpireMod:Necrogeddon","CarveReality","TalkToTheHand","Evaluate","ReplayFunnel","Bag of Marbles","Discovery","BattleHymn","Replay:Ringing Soul","FearNoEvil","Vajra","ReplayUltimateDefense"],"campfire_rested":2,"item_purchase_floors":[0,0,0,0,0,0,0,4,19,39,39,47],"current_hp_per_floor":[61,61,61,61,61,61,54,54,54,52,52,35,35,35,35,35,63,65,65,65,59,49,49,36,36,36,36,38,62,65,59,59,61,83,69,72,75,75,78,83,83,66,66,59,53,53,56,43,84,84],"gold":82,"neow_bonus":"","is_daily":false,"chose_seed":false,"campfire_upgraded":7,"win_rate":0.0,"timestamp":1610204677,"path_taken":["M","M","M","$","M","R","E","R","T","M","E","M","R","?","R","BOSS","M","?","?","M","M","R","E","$","T","R","M","R","M","E","R","BOSS","M","?","?","?","$","E","R","E","T","M","E","M","$","?","R","BOSS"],"items_purchased_type":["Card","Card","Card","Card","Relic","Relic","Card","Card","Relic","Card","Relic","Card"],"build_version":"2020-12-22","purchased_purges":0,"victory":true,"max_hp_per_floor":[68,68,68,68,68,68,68,68,68,70,72,72,72,72,72,72,72,74,74,74,76,78,78,80,80,80,80,82,82,85,88,88,90,90,95,98,101,101,104,109,109,114,114,119,124,129,132,137,137,137],"card_choices":[{"not_picked":["FollowUp","Replay:ManipulateFuture"],"picked":"TalkToTheHand","floor":1.0},{"not_picked":["CrushJoints","Protect"],"picked":"Crescendo","floor":2.0},{"not_picked":["EmptyFist","Replay:AllIn"],"picked":"FollowUp","floor":3.0},{"not_picked":["Replay:Anticipation","BowlingBash"],"picked":"Replay:Hum","floor":5.0},{"not_picked":["FlurryOfBlows","Nirvana"],"picked":"LessonLearned","floor":7.0},{"not_picked":["Replay:DivineShield","FlyingSleeves","EmptyBody"],"picked":"Singing Bowl","floor":10.0},{"not_picked":["Meditate","Wallop","Replay:Hum"],"picked":"Singing Bowl","floor":11.0},{"not_picked":["Halt","PathToVictory"],"picked":"Evaluate","floor":12.0},{"not_picked":["Replay:AllIn","Ragnarok"],"picked":"LessonLearned","floor":16.0},{"not_picked":["Evaluate","Wireheading","Replay:Battleflow"],"picked":"Singing Bowl","floor":18.0},{"not_picked":["WindmillStrike","Replay:Vibes","Consecrate"],"picked":"Singing Bowl","floor":21.0},{"not_picked":["Replay:Hum","WaveOfTheHand","EmptyFist"],"picked":"Singing Bowl","floor":22.0},{"not_picked":["Alpha","Tantrum","Worship"],"picked":"Singing Bowl","floor":24.0},{"not_picked":["Evaluate","Protect","Replay:Hum"],"picked":"Singing Bowl","floor":28.0},{"not_picked":["MentalFortress","SashWhip"],"picked":"Replay:Anticipation","floor":30.0},{"not_picked":["Vengeance","Replay:AtTheReady"],"picked":"Alpha","floor":31.0},{"not_picked":["Alpha","LessonLearned","ConjureBlade"],"picked":"Singing Bowl","floor":33},{"not_picked":["WindmillStrike","Protect","Replay:Vibes","Adaptation+1"],"picked":"Singing Bowl","floor":35},{"not_picked":["Prostrate","WreathOfFlame","Adaptation"],"picked":"Replay:LoomingThreat","floor":37},{"not_picked":["JustLucky+1","ReachHeaven+1","Adaptation","DeceiveReality"],"picked":"Singing Bowl","floor":40},{"not_picked":["FollowUp+1","EmptyBody+1","SignatureMove","Replay:ManipulateFuture"],"picked":"Singing Bowl","floor":42},{"not_picked":["ThirdEye+1","EmptyBody+1","WreathOfFlame+1","FlyingSleeves"],"picked":"Singing Bowl","floor":44},{"not_picked":["Swivel","WheelKick","Weave+1","Halt"],"picked":"Singing Bowl","floor":45},{"not_picked":["DeceiveReality","Omniscience","Evaluate","Crescendo"],"picked":"Singing Bowl","floor":46},{"not_picked":["EmptyFist","Replay:Hum+1","FollowUp","ClearTheMind"],"picked":"Singing Bowl","floor":48}],"player_experience":452734,"relics_obtained":[{"floor":7.0,"key":"Singing Bowl"},{"floor":9.0,"key":"Mummified Hand"},{"floor":11.0,"key":"Kunai"},{"floor":24.0,"key":"Divine Protection"},{"floor":26.0,"key":"Ancient Tea Set"},{"floor":31.0,"key":"Replay:Towering Pillar of Hats"},{"floor":36,"key":"Ring of Fury"},{"floor":36,"key":"Ring of Misfortune"},{"floor":37,"key":"Lizard Tail"},{"floor":40,"key":"Girya"},{"floor":42,"key":"Lantern"},{"floor":43,"key":"White Beast Statue"},{"floor":45,"key":"ReplayTheSpireMod:Ninjato"}],"event_choices":[{"cards_removed":["Strike_P"],"damage_healed":0.0,"max_hp_gain":0.0,"max_hp_loss":0.0,"gold_gain":0.0,"event_name":"Wheel of Change","player_choice":"Card Removal","floor":14.0,"gold_loss":0.0,"damage_taken":0.0},{"damage_healed":0.0,"max_hp_gain":0.0,"max_hp_loss":0.0,"gold_gain":0.0,"event_name":"Back to Basics","player_choice":"Simplicity","floor":20.0,"gold_loss":0.0,"damage_taken":0.0,"cards_upgraded":["Strike_P","Strike_P","Strike_P","Defend_P","Defend_P","Defend_P","Defend_P"]},{"damage_healed":0,"gold_gain":0,"player_choice":"Fight","damage_taken":0,"max_hp_gain":0,"max_hp_loss":0,"event_name":"MindBloom","floor":37,"gold_loss":0},{"damage_healed":0,"gold_gain":0,"player_choice":"Upgraded","damage_taken":0,"max_hp_gain":0,"max_hp_loss":0,"event_name":"Upgrade Shrine","floor":38,"gold_loss":0,"cards_upgraded":["Replay:LoomingThreat"]}],"is_beta":false,"boss_relics":[{"not_picked":["Empty Cage","Busted Crown"],"picked":"ReplayTheSpireMod:DimensionalGlitch"},{"not_picked":["Pandora\u0027s Box","Runic Dome"],"picked":"Honey Jar"}],"items_purged_floors":[],"is_endless":false,"potions_floor_spawned":[1,5,7,12,21,22,31,40,44,45,46,48],"ascension_level":15}}