{"host":"49c2zf0lajbcs427","time":1610234256,"event":{"mods":["AchievementEnabler","BaseMod","Colored Map","Colored Powertips","Highlight Path","Key Reminder","Minty Spire (QoL Compilation)","Relic Stats","StSLib"],"gold_per_floor":[117,131,131,131,131,131,164,76,76,76,93,125,87,106,106,206,206,220,220,220,232,250,250,284,302,353,422,422,455,455,465,465,465,465],"floor_reached":33,"playtime":1709,"items_purged":[],"score":454,"play_id":"0368f6e5-8b12-466c-b86e-13c401d287bc","local_time":"20210110121736","is_ascension_mode":true,"campfire_choices":[{"data":"Neutralize","floor":6,"key":"SMITH"},{"floor":15,"key":"REST"},{"data":"Well Laid Plans","floor":23,"key":"SMITH"},{"floor":28,"key":"REST"},{"floor":30,"key":"REST"},{"floor":32,"key":"REST"}],"circlet_count":0,"master_deck":["AscendersBane","Strike_G","Strike_G","Strike_G","Defend_G","Defend_G","Defend_G+1","Defend_G","Defend_G","Survivor","Neutralize+1","Cloak And Dagger+1","Blade Dance","Deadly Poison","Noxious Fumes","Dodge and Roll","Die Die Die","Corpse Explosion","Noxious Fumes","Dash","Adrenaline","Riddle With Holes+1","RitualDagger","Well Laid Plans+1","All Out Attack","Quick Slash","Night Terror","Backflip","Prepared+1","Prepared+1"],"relics":["Runic Dome","Happy Flower","PreservedInsect","Boot","MealTicket","keyreminder:keyreminder","Sozu","Pocketwatch","Bag of Marbles","Frozen Egg 2","Orichalcum"],"acts_visited":["Exordium","TheCity"],"potions_floor_usage":[7,29],"damage_taken":[{"damage":1,"enemies":"2 Louse","floor":1,"turns":3},{"damage":5,"enemies":"Jaw Worm","floor":2,"turns":5},{"damage":10,"enemies":"Gremlin Nob","floor":7,"turns":4},{"damage":0,"enemies":"Small Slimes","floor":11,"turns":3},{"damage":16,"enemies":"Lagavulin","floor":12,"turns":6},{"damage":12,"enemies":"Exordium Thugs","floor":14,"turns":3},{"damage":14,"enemies":"The Guardian","floor":16,"turns":10},{"damage":9,"enemies":"2 Thieves","floor":18,"turns":2},{"damage":6,"enemies":"Chosen","floor":21,"turns":4},{"damage":0,"enemies":"Centurion and Healer","floor":22,"turns":4},{"damage":13,"enemies":"Slavers","floor":24,"turns":2},{"damage":23,"enemies":"Shelled Parasite and Fungi","floor":25,"turns":5},{"damage":14,"enemies":"Gremlin Leader","floor":29,"turns":5},{"damage":20,"enemies":"Snake Plant","floor":31,"turns":3},{"damage":31,"enemies":"Collector","floor":33,"turns":3}],"seed_played":"-8077112774040617659","potions_obtained":[{"floor":2,"key":"Fire Potion"},{"floor":7,"key":"ColorlessPotion"},{"floor":11,"key":"EssenceOfSteel"},{"floor":16,"key":"Weak Potion"}],"is_trial":false,"path_per_floor":["M","M","?","?","?","R","E","$","T","?","M","E","$","M","R","B",null,"M","?","?","M","M","R","E","M","T","T","R","E","R","M","R","B"],"character_chosen":"THE_SILENT","items_purchased":["Noxious Fumes","Dodge and Roll","Noxious Fumes"],"campfire_rested":4,"item_purchase_floors":[8,8,13],"current_hp_per_floor":[62,57,57,57,43,43,33,33,33,33,33,17,32,20,41,27,59,50,44,44,38,38,38,25,2,2,2,23,9,30,10,31,0,0],"gold":465,"neow_bonus":"BOSS_RELIC","is_daily":false,"chose_seed":false,"campfire_upgraded":2,"win_rate":0.0,"timestamp":1610234256,"path_taken":["M","M","?","?","?","R","E","$","T","?","?","E","$","M","R","BOSS","M","?","?","M","M","R","E","M","T","?","R","E","R","M","R","BOSS"],"items_purchased_type":["Card","Card","Card"],"build_version":"2020-12-22","purchased_purges":0,"victory":false,"max_hp_per_floor":[70,70,70,70,70,70,70,70,70,70,70,70,70,70,70,70,70,70,70,70,70,70,70,70,70,70,70,70,70,70,70,70,70,70],"relic_stats":{"Sozu":3,"Happy Flower":[16],"counters":[15,62],"MealTicket":15,"PreservedInsect":128,"Orichalcum":[6],"Boot":[89],"obtain_stats":[{"keyreminder:keyreminder":12,"Sozu":17,"Runic Dome":0,"Happy Flower":7,"MealTicket":12,"PreservedInsect":9,"Bag of Marbles":26,"Frozen Egg 2":27,"Orichalcum":29,"Boot":10,"Ring of the Snake":0,"Pocketwatch":24},{"keyreminder:keyreminder":5,"Sozu":7,"Runic Dome":0,"Happy Flower":3,"MealTicket":5,"PreservedInsect":3,"Bag of Marbles":12,"Frozen Egg 2":12,"Orichalcum":13,"Boot":3,"Ring of the Snake":0,"Pocketwatch":11},{"keyreminder:keyreminder":21,"Sozu":34,"Runic Dome":0,"Happy Flower":12,"MealTicket":21,"PreservedInsect":12,"Bag of Marbles":51,"Frozen Egg 2":51,"Orichalcum":56,"Boot":12,"Ring of the Snake":0,"Pocketwatch":46}],"Pocketwatch":[2]},"card_choices":[{"not_picked":["Underhanded Strike","PiercingWail"],"picked":"Cloak And Dagger","floor":1},{"not_picked":["Dagger Throw","Distraction"],"picked":"Blade Dance","floor":2},{"not_picked":["Dagger Throw","Dodge and Roll"],"picked":"Deadly Poison","floor":7},{"not_picked":["Riddle With Holes","Leg Sweep"],"picked":"Die Die Die","floor":11},{"not_picked":["Predator","Acrobatics"],"picked":"Corpse Explosion","floor":12},{"not_picked":["Heel Hook","Bane"],"picked":"Dash","floor":14},{"not_picked":["Phantasmal Killer","Storm of Steel"],"picked":"Adrenaline","floor":16},{"not_picked":["Tactician","Setup+1"],"picked":"Riddle With Holes+1","floor":18},{"not_picked":["Prepared","Slice"],"picked":"Quick Slash","floor":21},{"not_picked":["Quick Slash+1","Terror"],"picked":"Night Terror","floor":22},{"not_picked":["Dagger Spray","Blade Dance"],"picked":"Backflip","floor":24},{"not_picked":["Poisoned Stab","Dash"],"picked":"Prepared+1","floor":25},{"not_picked":["Backstab","Blade Dance","Masterful Stab"],"picked":"SKIP","floor":29},{"not_picked":["Dagger Throw","Dodge and Roll+1"],"picked":"Prepared+1","floor":31}],"player_experience":2278379,"relics_obtained":[{"floor":7,"key":"Happy Flower"},{"floor":9,"key":"PreservedInsect"},{"floor":12,"key":"MealTicket"},{"floor":24,"key":"Pocketwatch"},{"floor":26,"key":"Bag of Marbles"},{"floor":27,"key":"Frozen Egg 2"},{"floor":29,"key":"Orichalcum"}],"event_choices":[{"damage_healed":0,"gold_gain":0,"player_choice":"Ignored","damage_taken":0,"max_hp_gain":0,"max_hp_loss":0,"event_name":"Golden Wing","floor":3,"gold_loss":0},{"damage_healed":0,"gold_gain":0,"player_choice":"Leave","damage_taken":0,"max_hp_gain":0,"max_hp_loss":0,"event_name":"The Cleric","floor":4,"gold_loss":0},{"damage_healed":0,"gold_gain":0,"player_choice":"Entered Light","damage_taken":14,"max_hp_gain":0,"max_hp_loss":0,"event_name":"Shining Light","floor":5,"gold_loss":0,"cards_upgraded":["Cloak And Dagger","Defend_G"]},{"damage_healed":0,"gold_gain":0,"player_choice":"Gave Potion","damage_taken":0,"relics_obtained":["Boot"],"max_hp_gain":0,"max_hp_loss":0,"event_name":"WeMeetAgain","floor":10,"gold_loss":0},{"damage_healed":0,"gold_gain":0,"player_choice":"Joined the Cult","damage_taken":6,"max_hp_gain":0,"max_hp_loss":0,"event_name":"Nest","floor":19,"gold_loss":0,"cards_obtained":["RitualDagger"]},{"damage_healed":0,"gold_gain":0,"cards_transformed":["Strike_G","Strike_G"],"player_choice":"Became Test Subject","damage_taken":0,"max_hp_gain":0,"max_hp_loss":0,"event_name":"Drug Dealer","floor":20,"gold_loss":0,"cards_obtained":["Well Laid Plans","All Out Attack"]}],"is_beta":false,"boss_relics":[{"not_picked":["SacredBark","Velvet Choker"],"picked":"Sozu"}],"items_purged_floors":[],"is_endless":false,"potions_floor_spawned":[2,7,11,16,18,22,25,29],"killed_by":"Collector","ascension_level":11}}