{"host":"elm3edcks2gm0y45","time":1610231373,"event":{"mods":["AchievementEnabler","BaseMod","BetterRewards","Colored Map","Custom Start","GungeonMod","Hero for Fun","Infinite Spire","Marisa£¨Ùöéë¡¡Øª×âÞÞ£©","Minty Spire (QoL Compilation)","Quick Restart","StSLib","Td1madao Mod","The Cursed","The Exalted","The Hierophant","The Marked","The Runesmith"],"gold_per_floor":[12,12,24,37,51,81,81,95,95,95,95,113,113,129,129,234,234,251,271,271,271,284,284,284,299,299,299,315,326,326,342,342,440,440,458,469,486,505,519,550,569,569,569,589,607,640,640,659,659,659,659,659,454,481,481],"floor_reached":56,"playtime":459,"items_purged":["Defend_Y"],"score":1668,"play_id":"49f7c058-854f-414a-bd02-cfa111d0e5c4","local_time":"20210110072933","is_ascension_mode":false,"campfire_choices":[{"floor":11,"key":"RECALL"},{"data":"Strike_Y","floor":15,"key":"SMITH"},{"data":"Strike_Y","floor":24,"key":"SMITH"},{"floor":32,"key":"REST"},{"data":"Strike_Y","floor":42,"key":"SMITH"},{"floor":49,"key":"REST"},{"floor":52,"key":"REST"}],"circlet_count":0,"master_deck":["Strike_Y+1","Strike_Y+1","Strike_Y+1","Strike_Y+1","Strike_Y+1","Defend_Y","Defend_Y","Defend_Y","Get_Hopes_Up","Slap"],"relics":["Cape"],"acts_visited":["Exordium","TheCity","TheBeyond","TheEnding"],"potions_floor_usage":[],"damage_taken":[{"damage":0,"enemies":"Jaw Worm","floor":1,"turns":1},{"damage":0,"enemies":"2 Louse","floor":3,"turns":1},{"damage":0,"enemies":"Small Slimes","floor":4,"turns":1},{"damage":0,"enemies":"Red Slaver","floor":5,"turns":1},{"damage":0,"enemies":"Lagavulin","floor":6,"turns":1},{"damage":0,"enemies":"Gremlin Gang","floor":8,"turns":2},{"damage":0,"enemies":"3 Louse","floor":12,"turns":1},{"damage":0,"enemies":"Lots of Slimes","floor":14,"turns":2},{"damage":0,"enemies":"The Guardian","floor":16,"turns":1},{"damage":0,"enemies":"Shell Parasite","floor":18,"turns":1},{"damage":0,"enemies":"Chosen","floor":19,"turns":1},{"damage":0,"enemies":"Snake Plant","floor":22,"turns":1},{"damage":0,"enemies":"Book of Stabbing","floor":23,"turns":1},{"damage":0,"enemies":"3 Cultists","floor":25,"turns":2},{"damage":0,"enemies":"Cultist and Chosen","floor":27,"turns":1},{"damage":0,"enemies":"Snake Plant","floor":28,"turns":1},{"damage":0,"enemies":"Shelled Parasite and Fungi","floor":29,"turns":1},{"damage":0,"enemies":"Centurion and Healer","floor":31,"turns":1},{"damage":0,"enemies":"Collector","floor":33,"turns":1},{"damage":0,"enemies":"3 Darklings","floor":35,"turns":1},{"damage":0,"enemies":"3 Shapes","floor":36,"turns":1},{"damage":0,"enemies":"Sphere and 2 Shapes","floor":37,"turns":2},{"damage":0,"enemies":"4 Shapes","floor":38,"turns":2},{"damage":0,"enemies":"Transient","floor":39,"turns":1},{"damage":0,"enemies":"Reptomancer","floor":40,"turns":1},{"damage":0,"enemies":"Sphere and 2 Shapes","floor":41,"turns":1},{"damage":0,"enemies":"Writhing Mass","floor":44,"turns":1},{"damage":0,"enemies":"Transient","floor":45,"turns":1},{"damage":0,"enemies":"Nightmare","floor":46,"turns":1},{"damage":0,"enemies":"Sphere and 2 Shapes","floor":48,"turns":1},{"damage":0,"enemies":"Time Eater","floor":50,"turns":1},{"damage":0,"enemies":"Shield and Spear","floor":54,"turns":1},{"damage":0,"enemies":"The Heart","floor":55,"turns":4}],"seed_played":"-7758001988278451524","potions_obtained":[{"floor":1,"key":"Regen Potion"},{"floor":12,"key":"LiquidMemories"},{"floor":29,"key":"DistilledChaos"}],"is_trial":false,"path_per_floor":["M","$","M","M","M","E","?","M","T","?","R","M","?","M","R","B",null,"M","M","$","?","M","E","R","M","T","M","M","M","$","M","R","B",null,"M","M","M","M","M","E","M","R","T","M","M","NM","?","M","R","B",null,"R","$","E","B",null],"character_chosen":"OPM","items_purchased":["Get_Hopes_Up","Slap"],"campfire_rested":3,"item_purchase_floors":[53,53],"current_hp_per_floor":[999,999,999,999,999,999,999,999,999,999,999,999,999,999,999,999,999,999,999,999,999,999,999,999,999,999,999,999,999,999,999,999,999,999,999,999,999,999,999,999,999,999,999,999,999,999,999,999,999,999,999,999,999,999,999],"gold":481,"neow_bonus":"","is_daily":false,"chose_seed":false,"campfire_upgraded":3,"win_rate":0.0,"timestamp":1610231373,"path_taken":["M","$","M","M","M","E","?","M","T","?","R","M","?","M","R","BOSS","M","M","$","?","M","E","R","M","T","M","M","M","$","M","R","BOSS","M","M","M","M","M","E","?","R","T","M","M","NM","?","?","R","BOSS","R","$","E","BOSS"],"items_purchased_type":["Card","Card"],"build_version":"2020-12-22","purchased_purges":1,"victory":true,"max_hp_per_floor":[999,999,999,999,999,999,999,999,999,999,999,999,999,999,999,999,999,999,999,999,999,999,999,999,999,999,999,999,999,999,999,999,999,999,999,999,999,999,999,999,999,999,999,999,999,999,999,999,999,999,999,999,999,999,999],"card_choices":[{"not_picked":["Yawn","Normal_Punch","Toss_Stone"],"picked":"SKIP","floor":1},{"not_picked":["Hop","Ignore","Side_Hop"],"picked":"SKIP","floor":3},{"not_picked":["Slap","Side_Hop","Toss_Stone"],"picked":"SKIP","floor":4},{"not_picked":["Ignore","Side_Hop","Slap"],"picked":"SKIP","floor":5},{"not_picked":["Wear_Disguise","Yawn","Do_Nothing"],"picked":"SKIP","floor":6},{"not_picked":["Slap","Toss_Stone","Do_Nothing"],"picked":"SKIP","floor":8},{"not_picked":["Ignore","Yawn","Normal_Punch"],"picked":"SKIP","floor":12},{"not_picked":["Hop","Side_Hop","Ignore"],"picked":"SKIP","floor":14},{"not_picked":["Yawn","Normal_Punch","Hop"],"picked":"SKIP","floor":18},{"not_picked":["Yawn","Normal_Punch","Hop"],"picked":"SKIP","floor":18},{"not_picked":["Wear_Disguise+1","Yawn+1","Hip_Strike"],"picked":"SKIP","floor":19},{"not_picked":["Side_Hop","Yawn","Slap+1"],"picked":"SKIP","floor":22},{"not_picked":["Wear_Disguise","Yawn+1","Hop"],"picked":"SKIP","floor":23},{"not_picked":["Wear_Disguise","Do_Nothing+1","Side_Hop"],"picked":"SKIP","floor":25},{"not_picked":["Yawn","Normal_Punch+1","Wear_Disguise+1"],"picked":"SKIP","floor":27},{"not_picked":["Ignore","Yawn+1","Do_Nothing"],"picked":"SKIP","floor":28},{"not_picked":["Ignore","Do_Nothing","Yawn+1"],"picked":"SKIP","floor":29},{"not_picked":["Toss_Stone","Wear_Disguise+1","Oh"],"picked":"SKIP","floor":31},{"not_picked":["Ignore+1","Do_Nothing","Slap+1"],"picked":"SKIP","floor":35},{"not_picked":["Wear_Disguise+1","Ignore+1","Yawn+1"],"picked":"SKIP","floor":36},{"not_picked":["Toss_Stone+1","Consecutive_Normal_Punch+1","Do_Nothing+1"],"picked":"SKIP","floor":37},{"not_picked":["Slap+1","Yawn+1","Hop"],"picked":"SKIP","floor":38},{"not_picked":["Normal_Punch","Yawn+1","Slap+1"],"picked":"SKIP","floor":39},{"not_picked":["Hop+1","Yawn","Do_Nothing+1"],"picked":"SKIP","floor":40},{"not_picked":["Side_Hop+1","Consecutive_Normal_Punch","Slap"],"picked":"SKIP","floor":41},{"not_picked":["Do_Nothing","Toss_Stone+1","Ignore+1"],"picked":"SKIP","floor":44},{"not_picked":["Slap+1","Side_Hop+1","Hop"],"picked":"SKIP","floor":45},{"not_picked":["Do_Nothing","Yawn","Ignore+1"],"picked":"SKIP","floor":46},{"not_picked":["Oh","Toss_Stone+1","Wear_Disguise"],"picked":"SKIP","floor":48},{"not_picked":["Slap+1","Do_Nothing","Normal_Punch"],"picked":"SKIP","floor":54}],"player_experience":394177,"relics_obtained":[],"event_choices":[{"damage_healed":0,"gold_gain":0,"player_choice":"Entered Light","damage_taken":200,"max_hp_gain":0,"max_hp_loss":0,"event_name":"Shining Light","floor":7,"gold_loss":0,"cards_upgraded":["Strike_Y","Strike_Y"]},{"damage_healed":333,"gold_gain":0,"player_choice":"Banana","damage_taken":0,"max_hp_gain":0,"max_hp_loss":0,"event_name":"Big Fish","floor":10,"gold_loss":0},{"damage_healed":0,"gold_gain":0,"player_choice":"Bought 0 Potions","damage_taken":0,"max_hp_gain":0,"max_hp_loss":0,"event_name":"The Woman in Blue","floor":13,"gold_loss":0},{"damage_healed":0,"gold_gain":0,"player_choice":"Leave","damage_taken":0,"max_hp_gain":0,"max_hp_loss":0,"event_name":"FaceTrader","floor":21,"gold_loss":0},{"cards_removed":["Defend_Y"],"damage_healed":0,"gold_gain":0,"player_choice":"Purged","damage_taken":0,"max_hp_gain":0,"max_hp_loss":0,"event_name":"Purifier","floor":47,"gold_loss":0}],"is_beta":false,"boss_relics":[{"not_picked":["Runic Dome","Bromod:ArcaneBarrier","Cursed Key"]},{"not_picked":["Runic Dome","Bromod:ArcaneBarrier","Cursed Key"]}],"items_purged_floors":[53],"is_endless":false,"potions_floor_spawned":[1,3,4,8,12,18,22,27,29,36,39,40,41,45,48],"ascension_level":0}}