{"host":"va0vtarexic0yybk","time":1610210685,"event":{"mods":["BaseMod","Better Third Choice","BetterRewards","Downfall","Ekko","Hermit","Minty Spire (QoL Compilation)","StSLib","The Bladedancer","The Marked"],"gold_per_floor":[110,110,110,123,123,123,161,161,212,232,232,246,267,308,308,437,437],"floor_reached":16,"playtime":559,"items_purged":[],"score":185,"play_id":"408ed045-0a9b-431a-b0d9-1707fca11960","local_time":"20210109174445","is_ascension_mode":false,"campfire_choices":[{"data":"theMarked:ChainLightning","floor":6,"key":"SMITH"},{"data":"theMarked:WardOff","floor":8,"key":"SMITH"},{"data":"theMarked:Electrify","floor":11,"key":"SMITH"},{"floor":15,"key":"REST"}],"circlet_count":0,"master_deck":["theMarked:Strike","theMarked:Strike","theMarked:Strike+1","theMarked:Strike+1","theMarked:Strike","theMarked:Defend","theMarked:Defend","theMarked:Defend","theMarked:Defend","theMarked:SoldierOfQuellstein+1","theMarked:Aftermath","theMarked:ChainLightning+1","theMarked:WardOff+1","theMarked:Electrify+1","theMarked:BanishingWave","theMarked:MaelstromOfLightning","theMarked:Frustration"],"relics":["theMarked:ArtifactOfAir","NeowsBlessing","Golden Idol","Whetstone","Tiny Chest","Bag of Marbles"],"acts_visited":["Exordium"],"potions_floor_usage":[16],"damage_taken":[{"damage":0,"enemies":"2 Louse","floor":1,"turns":1},{"damage":0,"enemies":"Small Slimes","floor":4,"turns":1},{"damage":0,"enemies":"Gremlin Nob","floor":7,"turns":1},{"damage":0,"enemies":"Cultist","floor":10,"turns":3},{"damage":13,"enemies":"3 Louse","floor":12,"turns":2},{"damage":0,"enemies":"Looter","floor":13,"turns":3},{"damage":13,"enemies":"3 Sentries","floor":14,"turns":7},{"damage":45,"enemies":"Hexaghost","floor":16,"turns":9}],"seed_played":"2946471734535410792","potions_obtained":[{"floor":7,"key":"LiquidBronze"},{"floor":10,"key":"DuplicationPotion"},{"floor":12,"key":"sneckomod:MuddlingPotion"}],"is_trial":false,"path_per_floor":["M","?","?","M","?","R","E","R","T","M","R","M","M","E","R","B"],"character_chosen":"THE_DEFAULT","items_purchased":[],"campfire_rested":1,"item_purchase_floors":[],"current_hp_per_floor":[70,70,65,65,65,65,65,65,65,65,65,52,52,39,58,13,13],"gold":437,"neow_bonus":"THREE_ENEMY_KILL","is_daily":false,"chose_seed":false,"campfire_upgraded":3,"win_rate":0.0,"timestamp":1610210685,"path_taken":["M","?","?","M","?","R","E","R","T","M","R","M","M","E","R","BOSS"],"items_purchased_type":[],"build_version":"2020-12-22","purchased_purges":0,"victory":false,"max_hp_per_floor":[70,70,65,65,65,65,65,65,65,65,65,65,65,65,65,65,65],"card_choices":[{"not_picked":["theMarked:Polarize","theMarked:ReduceFriction"],"picked":"theMarked:Aftermath","floor":1},{"not_picked":["theMarked:TwofoldDefense","theMarked:HeightenedSenses"],"picked":"theMarked:ChainLightning","floor":4},{"not_picked":["theMarked:ChainLightning","theMarked:WastefulAttack"],"picked":"theMarked:WardOff","floor":7},{"not_picked":["theMarked:RepellingDischarge","theMarked:Parkour"],"picked":"theMarked:Electrify","floor":10},{"not_picked":["theMarked:Polarize","theMarked:ElectricStrings"],"picked":"theMarked:BanishingWave","floor":12},{"not_picked":["theMarked:BanishingStrike","theMarked:DeterminationOfTheMarked"],"picked":"theMarked:MaelstromOfLightning","floor":13},{"not_picked":["theMarked:SelfDefenseTraining","theMarked:TurnInvisible"],"picked":"theMarked:Frustration","floor":14}],"player_experience":263344,"relics_obtained":[{"floor":7,"key":"Whetstone"},{"floor":9,"key":"Tiny Chest"},{"floor":14,"key":"Bag of Marbles"}],"event_choices":[{"damage_healed":0,"gold_gain":0,"player_choice":"Grow","damage_taken":0,"max_hp_gain":0,"max_hp_loss":0,"event_name":"Living Wall","floor":2,"gold_loss":0,"cards_upgraded":["theMarked:SoldierOfQuellstein"]},{"damage_healed":0,"gold_gain":0,"player_choice":"Lose Max HP","damage_taken":0,"relics_obtained":["Golden Idol"],"max_hp_gain":0,"max_hp_loss":5,"event_name":"Golden Idol","floor":3,"gold_loss":0},{"damage_healed":0,"gold_gain":0,"player_choice":"Ignored","damage_taken":0,"max_hp_gain":0,"max_hp_loss":0,"event_name":"NoteForYourself","floor":5,"gold_loss":0}],"is_beta":false,"boss_relics":[],"items_purged_floors":[],"is_endless":false,"potions_floor_spawned":[7,10,12],"killed_by":"Hexaghost","ascension_level":0}}