{"host":"foq4mrde4mssg7vt","time":1610221693,"event":{"mods":["AchievementEnabler","BaseMod","Colored Map","Colored Powertips","Highlight Path","Minty Spire (QoL Compilation)","Relic Stats","everything is the same but u backflip on backflip"],"gold_per_floor":[214,226,171,190,200,200,200,200,223,223,223,244,283,65,65,154,154,174,174,194,208,21,21,41,41,41],"floor_reached":25,"playtime":841,"items_purged":[],"score":455,"play_id":"ac7d060b-97c5-4c9a-a584-ecac84e4affd","local_time":"20210110034813","is_ascension_mode":true,"campfire_choices":[{"data":"Barrage","floor":6,"key":"SMITH"},{"data":"Ball Lightning","floor":8,"key":"SMITH"},{"floor":15,"key":"REST"},{"data":"Hyperbeam","floor":23,"key":"SMITH"}],"circlet_count":0,"master_deck":["AscendersBane","Strike_B","Strike_B","Strike_B","Defend_B","Defend_B","Defend_B","Defend_B","Zap","Dualcast","Ball Lightning+1","Barrage+1","BootSequence","Loop","Beam Cell","Hologram","Hyperbeam+1","Aggregate","Redo","Leap","Genetic Algorithm","Sweeping Beam","Fusion"],"relics":["Cracked Core","Centennial Puzzle","Golden Idol","Orichalcum","Snecko Eye","Lee\u0027s Waffle"],"acts_visited":["Exordium","TheCity"],"potions_floor_usage":[5,13,16,18,24,25],"damage_taken":[{"damage":6,"enemies":"2 Louse","floor":1,"turns":2},{"damage":7,"enemies":"Small Slimes","floor":2,"turns":3},{"damage":1,"enemies":"Cultist","floor":4,"turns":3},{"damage":5,"enemies":"Gremlin Gang","floor":5,"turns":4},{"damage":10,"enemies":"Large Slime","floor":12,"turns":4},{"damage":16,"enemies":"3 Sentries","floor":13,"turns":6},{"damage":0,"enemies":"Slime Boss","floor":16,"turns":9},{"damage":13,"enemies":"3 Byrds","floor":18,"turns":5},{"damage":2,"enemies":"Chosen","floor":20,"turns":4},{"damage":18,"enemies":"Snake Plant","floor":21,"turns":4},{"damage":24,"enemies":"Sentry and Sphere","floor":24,"turns":5},{"damage":53,"enemies":"Book of Stabbing","floor":25,"turns":4}],"seed_played":"-1063579831064884348","potions_obtained":[{"floor":1,"key":"Block Potion"},{"floor":2,"key":"BlessingOfTheForge"},{"floor":13,"key":"Block Potion"},{"floor":16,"key":"SteroidPotion"},{"floor":18,"key":"CultistPotion"}],"is_trial":false,"path_per_floor":["M","M","$","M","M","R","?","R","T","?","?","M","E","$","R","B",null,"M","?","M","M","$","R","M","E"],"character_chosen":"DEFECT","items_purchased":["AttackPotion","Loop","Beam Cell","AttackPotion","Hologram","Sweeping Beam","Lee\u0027s Waffle"],"campfire_rested":1,"item_purchase_floors":[3,14,14,14,14,22,22],"current_hp_per_floor":[58,51,51,50,45,45,40,40,40,40,40,30,14,14,33,33,56,43,43,41,23,71,71,47,0,0],"gold":41,"neow_bonus":"HUNDRED_GOLD","is_daily":false,"chose_seed":false,"campfire_upgraded":3,"win_rate":0.0,"timestamp":1610221693,"path_taken":["M","M","$","M","M","R","?","R","T","?","?","M","E","$","R","BOSS","M","?","?","M","$","R","?","E"],"items_purchased_type":["Potion","Card","Card","Potion","Card","Card","Relic"],"build_version":"2020-12-22","purchased_purges":0,"victory":false,"max_hp_per_floor":[71,71,71,71,71,71,71,71,71,71,64,64,64,64,64,64,64,64,64,64,64,71,71,71,71,71],"relic_stats":{"Centennial Puzzle":[21],"Lee\u0027s Waffle":48,"counters":[12,53],"Golden Idol":45,"Snecko Eye":[45,34,38,45],"Orichalcum":[96],"obtain_stats":[{"Centennial Puzzle":7,"Lee\u0027s Waffle":22,"Golden Idol":11,"Snecko Eye":17,"Orichalcum":13,"Cracked Core":0},{"Centennial Puzzle":4,"Lee\u0027s Waffle":10,"Golden Idol":4,"Snecko Eye":7,"Orichalcum":6,"Cracked Core":0},{"Centennial Puzzle":12,"Lee\u0027s Waffle":44,"Golden Idol":12,"Snecko Eye":31,"Orichalcum":22,"Cracked Core":0}]},"card_choices":[{"not_picked":["Rip and Tear","Skim"],"picked":"Ball Lightning","floor":1},{"not_picked":["Force Field","Chaos","Ball Lightning"],"picked":"SKIP","floor":2},{"not_picked":["Tempest","Beam Cell"],"picked":"Barrage","floor":4},{"not_picked":["Turbo","Hello World","Steam"],"picked":"SKIP","floor":5},{"not_picked":["Turbo","Aggregate","Steam"],"picked":"SKIP","floor":12},{"not_picked":["Force Field","Steam Power"],"picked":"BootSequence","floor":13},{"not_picked":["Rainbow","Multi-Cast"],"picked":"Hyperbeam","floor":16},{"not_picked":["Storm","Steam"],"picked":"Aggregate","floor":18},{"not_picked":["Cold Snap","Beam Cell"],"picked":"Leap","floor":20},{"not_picked":["Conserve Battery","Beam Cell"],"picked":"Genetic Algorithm","floor":21},{"not_picked":["Rebound+1","Hologram"],"picked":"Fusion","floor":24}],"player_experience":429008,"relics_obtained":[{"floor":13,"key":"Orichalcum"}],"event_choices":[{"damage_healed":0,"gold_gain":0,"player_choice":"Success","damage_taken":5,"relics_obtained":["Centennial Puzzle"],"max_hp_gain":0,"max_hp_loss":0,"event_name":"Scrap Ooze","floor":7,"gold_loss":0},{"damage_healed":0,"gold_gain":0,"player_choice":"Ignored","damage_taken":0,"max_hp_gain":0,"max_hp_loss":0,"event_name":"Shining Light","floor":10,"gold_loss":0},{"damage_healed":0,"gold_gain":0,"player_choice":"Lose Max HP","damage_taken":0,"relics_obtained":["Golden Idol"],"max_hp_gain":0,"max_hp_loss":7,"event_name":"Golden Idol","floor":11,"gold_loss":0},{"damage_healed":0,"gold_gain":0,"cards_transformed":["Strike_B"],"player_choice":"Transformed","damage_taken":0,"max_hp_gain":0,"max_hp_loss":0,"event_name":"Transmorgrifier","floor":19,"gold_loss":0,"cards_obtained":["Redo"]}],"is_beta":false,"boss_relics":[{"not_picked":["Runic Dome","Inserter"],"picked":"Snecko Eye"}],"items_purged_floors":[],"is_endless":false,"potions_floor_spawned":[1,2,13,16,18],"killed_by":"Book of Stabbing","ascension_level":16}}