{"host":"bf9sa99gaumonoeu","time":1610204302,"event":{"mods":["AchievementEnabler","Act Like it!","BaseMod","Better Sensory Stone","Colored Map","Colored Powertips","Downfall","Friendly Minions","Gensokyo","GifTheSpireLib","Googly Eyes","Hallownest","Hermit","Jorbs\u0027s Wanderer Trilogy","KinomotoSakuraMod(????)","Koishi","Lobotomy","Marisa????????","Minty Spire (QoL Compilation)","Rare Cards Sparkle","Reimu??????","Relic Stats","Remilia??????","StSLib","The Administrix","The Animator","The Bug Knight","The Construct","The Cursed","The Disciple","The Hierophant","The Mystic","The Necromancer","The Poker Player","The Runesmith","The Senshi","The Servant 0.9.4","TheLocksmith"],"gold_per_floor":[129,145,155,80,80,80,111,111,111,136,136,149,149,149],"floor_reached":13,"playtime":1055,"items_purged":["animator:Strike"],"score":136,"play_id":"884e10b8-8db1-40e6-ba71-cf189d345d70","local_time":"20210109125822","is_ascension_mode":true,"campfire_choices":[{"data":"animator:DolaSchwi","floor":6,"key":"SMITH"}],"circlet_count":0,"master_deck":["AscendersBane","animator:Strike_NoGameNoLife","animator:Defend_NoGameNoLife","animator:Strike","animator:Defend","animator:Defend","animator:Defend","animator:DolaSchwi+1","animator:DolaCouronne","animator:ElricAlphonse","animator:Demiurge","animator:Aisha","Gensokyo:AllTheWorldsEvil","Clumsy","animator:Jibril","Shame","animator:MaesHughes","animator:ChlammyZell"],"relics":["animator:LivingPicture","animator:TheMissingPiece","animator:PurgingStone","Cursed Key","PureWhite:ReiMu","animator:Hoodie"],"acts_visited":["Exordium"],"potions_floor_usage":[12,13,13],"damage_taken":[{"damage":2,"enemies":"Jaw Worm","floor":1,"turns":4},{"damage":6,"enemies":"Small Slimes","floor":2,"turns":5},{"damage":5,"enemies":"Cultist","floor":3,"turns":5},{"damage":8,"enemies":"2 Fungi Beasts","floor":7,"turns":6},{"damage":20,"enemies":"Lagavulin","floor":10,"turns":6},{"damage":0,"enemies":"Gremlin Gang","floor":12,"turns":3},{"damage":34,"enemies":"Gremlin Nob","floor":13,"turns":3}],"seed_played":"5536563157526173863","potions_obtained":[{"floor":10,"key":"BlessingOfTheForge"},{"floor":11,"key":"DuplicationPotion"},{"floor":11,"key":"CultistPotion"},{"floor":12,"key":"DistilledChaos"}],"is_trial":false,"path_per_floor":["M","M","M","$","?","R","M","?","T","E","?","M","E"],"character_chosen":"THE_ANIMATOR","items_purchased":[],"campfire_rested":0,"item_purchase_floors":[],"current_hp_per_floor":[57,51,46,46,46,46,38,38,38,19,19,23,0,0],"gold":149,"neow_bonus":"REMOVE_CARD","is_daily":false,"chose_seed":false,"campfire_upgraded":1,"win_rate":0.0,"timestamp":1610204302,"path_taken":["M","M","M","$","?","R","M","?","T","E","?","?","E"],"items_purchased_type":[],"build_version":"2020-12-22","purchased_purges":1,"victory":false,"max_hp_per_floor":[66,66,66,66,66,66,66,66,66,67,67,71,71,71],"relic_stats":{"counters":[7,32],"Cursed Key":1,"obtain_stats":[{"PureWhite:ReiMu":9,"animator:Hoodie":10,"animator:PurgingStone":0,"animator:TheMissingPiece":0,"animator:LivingPicture":0,"Cursed Key":5},{"PureWhite:ReiMu":4,"animator:Hoodie":5,"animator:PurgingStone":0,"animator:TheMissingPiece":0,"animator:LivingPicture":0,"Cursed Key":3},{"PureWhite:ReiMu":20,"animator:Hoodie":26,"animator:PurgingStone":0,"animator:TheMissingPiece":0,"animator:LivingPicture":0,"Cursed Key":14}]},"card_choices":[{"not_picked":["animator:Entoma","animator:AcuraAkari"],"picked":"animator:ElricAlphonse","floor":1},{"not_picked":["animator:KyokoSakura","animator:PandorasActor"],"picked":"animator:Demiurge","floor":2},{"not_picked":["animator:DolaRiku","animator:ItamiYouji"],"picked":"animator:Aisha","floor":3},{"not_picked":["animator:Tet","animator:DolaSchwi"],"picked":"animator:Jibril","floor":7},{"not_picked":["animator:Father","animator:Tyuule"],"picked":"animator:MaesHughes","floor":10},{"not_picked":["animator:Chung","animator:DwarfShaman"],"picked":"animator:ChlammyZell","floor":12}],"player_experience":898679,"relics_obtained":[{"floor":9,"key":"PureWhite:ReiMu"},{"floor":10,"key":"animator:Hoodie"}],"event_choices":[{"cards_removed":["animator:Curse_GriefSeed"],"damage_healed":0,"gold_gain":0,"player_choice":"Removed","damage_taken":0,"max_hp_gain":0,"max_hp_loss":0,"event_name":"The Cursed Forest","floor":8,"gold_loss":0},{"cards_removed":["Writhe"],"damage_healed":0,"gold_gain":0,"player_choice":"Removed","damage_taken":0,"max_hp_gain":0,"max_hp_loss":0,"event_name":"The Cursed Forest","floor":8,"gold_loss":0},{"damage_healed":0,"gold_gain":0,"player_choice":"Got Potions","damage_taken":0,"max_hp_gain":0,"max_hp_loss":0,"event_name":"Lab","floor":11,"gold_loss":0}],"is_beta":false,"boss_relics":[],"items_purged_floors":[4],"is_endless":false,"potions_floor_spawned":[10,12],"killed_by":"Gremlin Nob","ascension_level":12}}