{"host":"baiuyraednrljtmn","time":1610174676,"event":{"mods":["BaseMod","Colored Map","Colored Powertips","DeckTracker","Keyboard Shortcuts","Minty Spire (QoL Compilation)","Relic Stats","StSLib","SuperFastMode","everything is the same but u backflip on backflip"],"gold_per_floor":[112,112,187,187,6,6,36,56,56,56,81,81,106,124,124,203,203,223,123,123,142,153,153,173,198,198,232,251,126,142,159,159,233,233,251,101,121,121,121,149,159,175,198,217,252,265,283,316,316,316,316],"floor_reached":50,"playtime":2656,"items_purged":["Strike_P","Strike_P","Strike_P","Defend_P"],"score":1534,"play_id":"ffbbbda5-7410-4a7d-ac5b-22ec23a5ffa6","local_time":"20210109154436","is_ascension_mode":true,"campfire_choices":[{"data":"Eruption","floor":6.0,"key":"SMITH"},{"data":"Vault","floor":10.0,"key":"SMITH"},{"floor":12.0,"key":"REST"},{"data":"CrushJoints","floor":15.0,"key":"SMITH"},{"data":"Tantrum","floor":23.0,"key":"SMITH"},{"data":"Vigilance","floor":32.0,"key":"SMITH"},{"data":"Halt","floor":49,"key":"SMITH"}],"circlet_count":0,"master_deck":["AscendersBane","Defend_P","Eruption+1","Vigilance+1","CrushJoints+1","Tantrum+1","Halt+1","Vault+1","FearNoEvil+1","InnerPeace+1","Scrawl+1","DeceiveReality+1","Adaptation+1"],"relics":["PureWater","NeowsBlessing","Ornamental Fan","Odd Mushroom","MealTicket","Toxic Egg 2","Black Star","Nloth\u0027s Gift","Blue Candle","Centennial Puzzle","Omamori","Nunchaku","Sundial","Empty Cage","Regal Pillow","Letter Opener","CeramicFish","Smiling Mask","Dream Catcher","Happy Flower","Molten Egg 2"],"acts_visited":["Exordium","TheCity","TheBeyond"],"potions_floor_usage":[],"damage_taken":[{"damage":0.0,"enemies":"Cultist","floor":1.0,"turns":1.0},{"damage":0.0,"enemies":"Gremlin Nob","floor":7.0,"turns":1.0},{"damage":0.0,"enemies":"The Mushroom Lair","floor":8.0,"turns":2.0},{"damage":30.0,"enemies":"Lagavulin","floor":11.0,"turns":4.0},{"damage":25.0,"enemies":"Gremlin Nob","floor":13.0,"turns":5.0},{"damage":2.0,"enemies":"Jaw Worm","floor":14.0,"turns":2.0},{"damage":1.0,"enemies":"Hexaghost","floor":16.0,"turns":6.0},{"damage":0.0,"enemies":"Spheric Guardian","floor":18.0,"turns":3.0},{"damage":0.0,"enemies":"Chosen","floor":21.0,"turns":3.0},{"damage":0.0,"enemies":"3 Cultists","floor":22.0,"turns":5.0},{"damage":12.0,"enemies":"Snake Plant","floor":24.0,"turns":4.0},{"damage":4.0,"enemies":"Book of Stabbing","floor":25.0,"turns":4.0},{"damage":5.0,"enemies":"Gremlin Leader","floor":27.0,"turns":5.0},{"damage":0.0,"enemies":"Centurion and Healer","floor":28.0,"turns":6.0},{"damage":0.0,"enemies":"Chosen and Byrds","floor":30.0,"turns":4.0},{"damage":13.0,"enemies":"Snake Plant","floor":31.0,"turns":4.0},{"damage":1.0,"enemies":"Automaton","floor":33.0,"turns":9.0},{"damage":0.0,"enemies":"Orb Walker","floor":35.0,"turns":2.0},{"damage":5.0,"enemies":"3 Darklings","floor":37.0,"turns":2.0},{"damage":1.0,"enemies":"Giant Head","floor":40.0,"turns":1.0},{"damage":1.0,"enemies":"Writhing Mass","floor":41.0,"turns":1.0},{"damage":1.0,"enemies":"Maw","floor":42.0,"turns":1.0},{"damage":1,"enemies":"Sphere and 2 Shapes","floor":44,"turns":2},{"damage":1,"enemies":"Reptomancer","floor":45,"turns":4},{"damage":0,"enemies":"Jaw Worm Horde","floor":46,"turns":2},{"damage":1,"enemies":"Writhing Mass","floor":47,"turns":2},{"damage":1,"enemies":"Nemesis","floor":48,"turns":1},{"damage":122,"enemies":"Time Eater","floor":50,"turns":8}],"seed_played":"7771432689188971710","potions_obtained":[{"floor":14.0,"key":"Weak Potion"},{"floor":16.0,"key":"Strength Potion"},{"floor":21.0,"key":"LiquidBronze"},{"floor":24.0,"key":"Regen Potion"},{"floor":27.0,"key":"Weak Potion"},{"floor":41.0,"key":"SneckoOil"},{"floor":44,"key":"Explosive Potion"},{"floor":46,"key":"BottledMiracle"}],"is_trial":false,"path_per_floor":["M","?","?","?","$","R","E","?","T","R","E","R","E","M","R","B",null,"M","$","?","M","M","R","M","E","T","E","M","$","M","M","R","B",null,"M","$","M","?","$","E","M","M","T","M","E","M","M","E","R","B"],"character_chosen":"WATCHER","items_purchased":["Tantrum","Halt"],"campfire_rested":1,"item_purchase_floors":[5,5],"current_hp_per_floor":[61,66,55,48,48,48,48,48,48,48,18,39,14,12,12,11,58,58,73,73,73,73,73,61,57,57,52,52,67,67,54,54,68,72,72,73,68,68,73,72,71,70,70,69,68,68,67,66,66,0,0],"gold":316,"neow_bonus":"THREE_ENEMY_KILL","is_daily":false,"chose_seed":false,"campfire_upgraded":6,"win_rate":0.0,"timestamp":1610174676,"path_taken":["M","?","?","?","$","R","E","?","T","R","E","R","E","M","R","BOSS","M","$","?","M","M","R","M","E","T","E","M","$","M","M","R","BOSS","M","$","M","?","?","E","?","M","T","M","E","M","M","E","R","BOSS"],"items_purchased_type":["Card","Card"],"build_version":"2020-12-22","purchased_purges":4,"victory":false,"max_hp_per_floor":[68,73,73,73,73,73,73,73,73,73,73,73,73,73,73,73,73,73,73,73,73,73,73,73,73,73,73,73,73,73,73,73,73,73,73,73,73,73,73,73,73,73,73,73,73,73,73,73,73,73,73],"relic_stats":{"Regal Pillow":0,"Happy Flower":[2],"counters":[28,94],"Blue Candle":[9],"CeramicFish":0,"Letter Opener":[159],"Smiling Mask":0,"Centennial Puzzle":[31],"Nunchaku":[24],"Dream Catcher":0,"Ornamental Fan":[336],"Sundial":[84],"MealTicket":36,"Black Star":5,"Nloth\u0027s Gift":5,"obtain_stats":[{"Regal Pillow":40,"NeowsBlessing":0,"Happy Flower":48,"Blue Candle":25,"CeramicFish":43,"Omamori":26,"Letter Opener":40,"Odd Mushroom":8,"Empty Cage":34,"Smiling Mask":45,"Centennial Puzzle":25,"Nunchaku":27,"Dream Catcher":45,"Ornamental Fan":7,"Sundial":27,"MealTicket":9,"Molten Egg 2":48,"Black Star":17,"Nloth\u0027s Gift":20,"PureWater":0,"Toxic Egg 2":13,"StrikeDummy":11},{"Regal Pillow":20,"NeowsBlessing":0,"Happy Flower":27,"Blue Candle":12,"CeramicFish":22,"Omamori":12,"Letter Opener":20,"Odd Mushroom":3,"Empty Cage":17,"Smiling Mask":24,"Centennial Puzzle":12,"Nunchaku":13,"Dream Catcher":24,"Ornamental Fan":2,"Sundial":13,"MealTicket":3,"Molten Egg 2":27,"Black Star":7,"Nloth\u0027s Gift":8,"PureWater":0,"Toxic Egg 2":5,"StrikeDummy":4},{"Regal Pillow":73,"NeowsBlessing":0,"Happy Flower":86,"Blue Candle":40,"CeramicFish":75,"Omamori":40,"Letter Opener":73,"Odd Mushroom":4,"Empty Cage":68,"Smiling Mask":81,"Centennial Puzzle":40,"Nunchaku":45,"Dream Catcher":81,"Ornamental Fan":2,"Sundial":45,"MealTicket":4,"Molten Egg 2":86,"Black Star":21,"Nloth\u0027s Gift":24,"PureWater":0,"Toxic Egg 2":13,"StrikeDummy":8}]},"card_choices":[{"not_picked":["Protect","SashWhip"],"picked":"CrushJoints","floor":1.0},{"not_picked":["CrushJoints","Wireheading"],"picked":"Vault","floor":7.0},{"not_picked":["SignatureMove","BowlingBash","Fasting2"],"picked":"SKIP","floor":11.0},{"not_picked":["EmptyFist","Alpha+1"],"picked":"FearNoEvil","floor":13.0},{"not_picked":["FlurryOfBlows","SashWhip"],"picked":"InnerPeace+1","floor":14.0},{"not_picked":["Alpha+1","Establishment"],"picked":"Scrawl+1","floor":16.0},{"not_picked":["WreathOfFlame+1","SashWhip","Indignation+1"],"picked":"SKIP","floor":18.0},{"not_picked":["Protect+1","CutThroughFate","PathToVictory+1"],"picked":"SKIP","floor":21.0},{"not_picked":["FlyingSleeves+1","ThirdEye+1"],"picked":"DeceiveReality+1","floor":22.0},{"not_picked":["Tantrum","Swivel+1","Wallop"],"picked":"SKIP","floor":24.0},{"not_picked":["SpiritShield+1","SandsOfTime","Alpha+1"],"picked":"SKIP","floor":25.0},{"not_picked":["EmptyFist","EmptyBody+1"],"picked":"Adaptation+1","floor":27.0},{"not_picked":["Crescendo+1","CrushJoints+1","Evaluate+1"],"picked":"SKIP","floor":28.0},{"not_picked":["Fasting2","SandsOfTime","Weave"],"picked":"SKIP","floor":30.0},{"not_picked":["Brilliance","TalkToTheHand","ClearTheMind+1"],"picked":"SKIP","floor":31.0},{"not_picked":["Halt+1","Consecrate+1","FollowUp"],"picked":"SKIP","floor":35.0},{"not_picked":["EmptyMind+1","WreathOfFlame+1","BowlingBash"],"picked":"SKIP","floor":37.0},{"not_picked":["EmptyMind+1","WreathOfFlame+1","BowlingBash"],"picked":"SKIP","floor":37.0},{"not_picked":["ReachHeaven","ThirdEye+1","Meditate+1"],"picked":"SKIP","floor":40.0},{"not_picked":["SashWhip","Fasting2","EmptyFist"],"picked":"SKIP","floor":41.0},{"not_picked":["CrushJoints+1","Ragnarok","Pray+1"],"picked":"SKIP","floor":42},{"not_picked":["CrushJoints+1","Ragnarok","Pray+1"],"picked":"SKIP","floor":42},{"not_picked":["PathToVictory+1","Collect+1","SashWhip+1"],"picked":"SKIP","floor":44},{"not_picked":["Worship+1","WheelKick","EmptyBody+1"],"picked":"SKIP","floor":45},{"not_picked":["CarveReality","FlurryOfBlows","Nirvana"],"picked":"SKIP","floor":46},{"not_picked":["Prostrate+1","WindmillStrike","Swivel+1"],"picked":"SKIP","floor":47},{"not_picked":["Blasphemy+1","EmptyBody+1","Judgement+1"],"picked":"SKIP","floor":48}],"player_experience":1415347,"relics_obtained":[{"floor":7.0,"key":"Ornamental Fan"},{"floor":8.0,"key":"Odd Mushroom"},{"floor":9.0,"key":"MealTicket"},{"floor":11.0,"key":"StrikeDummy"},{"floor":13.0,"key":"Toxic Egg 2"},{"floor":25.0,"key":"Blue Candle"},{"floor":25.0,"key":"Centennial Puzzle"},{"floor":26.0,"key":"Omamori"},{"floor":27.0,"key":"Nunchaku"},{"floor":27.0,"key":"Sundial"},{"floor":40.0,"key":"Regal Pillow"},{"floor":40.0,"key":"Letter Opener"},{"floor":43,"key":"CeramicFish"},{"floor":45,"key":"Smiling Mask"},{"floor":45,"key":"Dream Catcher"},{"floor":48,"key":"Happy Flower"},{"floor":48,"key":"Molten Egg 2"}],"event_choices":[{"damage_healed":0.0,"max_hp_gain":5.0,"max_hp_loss":0.0,"gold_gain":0.0,"event_name":"Big Fish","player_choice":"Donut","floor":2.0,"gold_loss":0.0,"damage_taken":0.0},{"damage_healed":0.0,"max_hp_gain":0.0,"max_hp_loss":0.0,"gold_gain":75.0,"event_name":"World of Goop","player_choice":"Gather Gold","floor":3.0,"gold_loss":0.0,"damage_taken":11.0},{"cards_removed":["Strike_P"],"damage_healed":0.0,"max_hp_gain":0.0,"max_hp_loss":0.0,"gold_gain":0.0,"event_name":"Golden Wing","player_choice":"Card Removal","floor":4.0,"gold_loss":0.0,"damage_taken":7.0},{"damage_healed":0.0,"max_hp_gain":0.0,"max_hp_loss":0.0,"gold_gain":0.0,"event_name":"Mushrooms","player_choice":"Fought Mushrooms","floor":8.0,"gold_loss":0.0,"damage_taken":0.0},{"damage_healed":0.0,"max_hp_gain":0.0,"max_hp_loss":0.0,"gold_gain":0.0,"event_name":"N\u0027loth","player_choice":"Traded Relic","floor":20.0,"relics_lost":["StrikeDummy"],"gold_loss":0.0,"damage_taken":0.0,"relics_obtained":["Nloth\u0027s Gift"]},{"damage_healed":0.0,"max_hp_gain":0.0,"max_hp_loss":0.0,"gold_gain":0.0,"event_name":"Accursed Blacksmith","player_choice":"Forge","floor":38.0,"gold_loss":0.0,"damage_taken":0.0,"cards_upgraded":["FearNoEvil"]}],"is_beta":false,"boss_relics":[{"not_picked":["Sozu","Fusion Hammer"],"picked":"Black Star"},{"not_picked":["SlaversCollar","Runic Dome"],"picked":"Empty Cage"}],"items_purged_floors":[5,19,29,36],"is_endless":false,"potions_floor_spawned":[14,16,21,24,27,41,44,45,46,48],"killed_by":"Time Eater","ascension_level":20}}