{"host":"0jugj35n0ams2iav","time":1610152552,"event":{"mods":["BaseMod","Downfall","Hubris","Minty Spire (QoL Compilation)","Replay The Spire","StSLib","The Cursed","The Marked"],"gold_per_floor":[114,114,134,59,59,59,76,76,76,101,114,114,139,152,152,249,249,269,269,368,368,368,368,368],"floor_reached":23,"playtime":1148,"items_purged":["Strike_R"],"score":236,"play_id":"53513216-3ad6-4116-9812-4746f8804acb","local_time":"20210109003552","is_ascension_mode":true,"campfire_choices":[{"data":"Heavy Blade","floor":6,"key":"SMITH"},{"data":"Entrench","floor":8,"key":"SMITH"},{"data":"Bash","floor":12,"key":"SMITH"},{"data":"Strike_R","floor":15,"key":"SMITH"}],"circlet_count":0,"master_deck":["Strike_R","Strike_R+1","Strike_R","Defend_R","Defend_R","Defend_R","Defend_R","Bash+1","Heavy Blade+1","Entrench+1"],"relics":["Coffee Dripper","Gremlin Horn","Chameleon Ring","Replay:Baseball","Ooze Armor","Nilry\u0027s Codex","hubris:BottledHeart"],"acts_visited":["Exordium","TheCity"],"potions_floor_usage":[10,13,16,23,23],"damage_taken":[{"damage":0,"enemies":"Small Slimes","floor":1,"turns":2},{"damage":0,"enemies":"Cultist","floor":3,"turns":4},{"damage":2,"enemies":"Jaw Worm","floor":7,"turns":3},{"damage":2,"enemies":"Gremlin Nob","floor":10,"turns":3},{"damage":0,"enemies":"3 Louse","floor":11,"turns":4},{"damage":10,"enemies":"Lagavulin","floor":13,"turns":6},{"damage":1,"enemies":"Looter","floor":14,"turns":4},{"damage":49,"enemies":"Slime Boss","floor":16,"turns":13},{"damage":10,"enemies":"Shell Parasite","floor":18,"turns":4},{"damage":1,"enemies":"Slavers","floor":23,"turns":4}],"seed_played":"-4642013545508748486","potions_obtained":[{"floor":1,"key":"SmokeBomb"},{"floor":5,"key":"DistilledChaos"},{"floor":5,"key":"champ:CounterPotion"},{"floor":10,"key":"Block Potion"},{"floor":11,"key":"SteroidPotion"},{"floor":14,"key":"FearPotion"},{"floor":18,"key":"SkillPotion"}],"is_trial":false,"path_per_floor":["M","?","M","$","?","R","M","R","T","E","M","R","E","M","R","B",null,"M","?","?","?","?","E"],"character_chosen":"IRONCLAD","items_purchased":[],"campfire_rested":0,"item_purchase_floors":[],"current_hp_per_floor":[80,73,73,73,73,73,71,71,71,69,69,69,59,58,58,9,80,70,55,55,39,1,0,0],"gold":368,"neow_bonus":"BOSS_RELIC","is_daily":false,"chose_seed":false,"campfire_upgraded":4,"win_rate":0.0,"timestamp":1610152552,"path_taken":["M","?","M","$","?","R","M","R","T","E","?","R","E","M","R","BOSS","M","?","?","?","?","E"],"items_purchased_type":[],"build_version":"2020-12-22","purchased_purges":1,"victory":false,"max_hp_per_floor":[80,80,80,80,80,80,80,80,80,80,80,80,80,80,80,80,80,80,85,85,85,1,1,1],"card_choices":[{"not_picked":["Carnage","Clash","ReplayTheSpireMod:Strike From Hell"],"picked":"SKIP","floor":1},{"not_picked":["Run Through","Warcry"],"picked":"Heavy Blade","floor":3},{"not_picked":["Anger","Wild Strike"],"picked":"Entrench","floor":7},{"not_picked":["Carnage","Brutality","Clothesline"],"picked":"SKIP","floor":10},{"not_picked":["Sword Boomerang","Headbutt","Infernal Blade"],"picked":"SKIP","floor":11},{"not_picked":["Iron Wave","Perfected Strike","Heavy Blade"],"picked":"SKIP","floor":13},{"not_picked":["Armaments","Twin Strike","Headbutt"],"picked":"SKIP","floor":14},{"not_picked":["Disarm","Rage","Heavy Blade"],"picked":"SKIP","floor":18}],"player_experience":164721,"relics_obtained":[{"floor":9,"key":"Gremlin Horn"},{"floor":10,"key":"Chameleon Ring"},{"floor":13,"key":"Replay:Baseball"},{"floor":21,"key":"Nilry\u0027s Codex"}],"event_choices":[{"cards_removed":["Strike_R"],"damage_healed":0,"gold_gain":0,"player_choice":"Card Removal","damage_taken":7,"max_hp_gain":0,"max_hp_loss":0,"event_name":"Golden Wing","floor":2,"gold_loss":0},{"damage_healed":0,"gold_gain":0,"player_choice":"Got Potions","damage_taken":0,"max_hp_gain":0,"max_hp_loss":0,"event_name":"Lab","floor":5,"gold_loss":0},{"damage_healed":0,"gold_gain":0,"player_choice":"Shed Blood","damage_taken":20,"max_hp_gain":5,"max_hp_loss":0,"event_name":"Forgotten Altar","floor":19,"gold_loss":0},{"damage_healed":0,"gold_gain":99,"player_choice":"Stole From Cult","damage_taken":0,"max_hp_gain":0,"max_hp_loss":0,"event_name":"Nest","floor":20,"gold_loss":0},{"damage_healed":0,"gold_gain":0,"player_choice":"Obtained Book","damage_taken":16,"max_hp_gain":0,"max_hp_loss":0,"event_name":"Cursed Tome","floor":21,"gold_loss":0}],"is_beta":false,"boss_relics":[{"not_picked":["Empty Cage","hubris:CrackedHourglass"],"picked":"Ooze Armor"}],"items_purged_floors":[4],"is_endless":false,"potions_floor_spawned":[1,10,11,14,18],"killed_by":"Slavers","ascension_level":4}}