{"host":"vjza61176pkzgzt7","time":1610223627,"event":{"mods":["BaseMod","Better Third Choice","Minty Spire (QoL Compilation)","StSLib","The Forsaken","The Senshi"],"gold_per_floor":[213,225,242,258,113,73,73,91,91,91,18,18,45,45,45,45,45],"floor_reached":16,"playtime":1224,"items_purged":[],"score":100,"play_id":"cf00854a-6a00-48b7-9b35-1d604692b87b","local_time":"20210109142027","is_ascension_mode":false,"campfire_choices":[{"data":"theSenshi:MoonCrystalPowerMakeUp","floor":7,"key":"SMITH"},{"floor":10,"key":"REST"},{"floor":15,"key":"REST"}],"circlet_count":0,"master_deck":["theSenshi:SailorKick","theSenshi:SailorKick","theSenshi:SailorKick","theSenshi:SailorKick","theSenshi:SailorBlock","theSenshi:SailorBlock","theSenshi:SailorBlock","theSenshi:SailorBlock","theSenshi:RoseThrow","theSenshi:MoonPrismPowerMakeUp","theSenshi:SailorUranusAssists","theSenshi:SailorVenusAssists","theSenshi:YouCanTalk","theSenshi:MoonPower+1","theSenshi:MoonCrystalPowerMakeUp+1","theSenshi:DramaticEntrance","theSenshi:KlutzyLuck","theSenshi:MoonKick"],"relics":["theSenshi:TransformationBroochRelic","theSenshi:RedHairPiecesRelic","Blood Vial","theSenshi:CutieMoonRodRelic","theForsaken:Gavel"],"acts_visited":["Exordium"],"potions_floor_usage":[8,13],"damage_taken":[{"damage":4,"enemies":"Cultist","floor":1,"turns":4},{"damage":2,"enemies":"Small Slimes","floor":2,"turns":3},{"damage":6,"enemies":"Jaw Worm","floor":3,"turns":2},{"damage":14,"enemies":"3 Louse","floor":4,"turns":3},{"damage":12,"enemies":"2 Fungi Beasts","floor":8,"turns":4},{"damage":28,"enemies":"Lagavulin","floor":13,"turns":6},{"damage":58,"enemies":"Hexaghost","floor":16,"turns":10}],"seed_played":"-2616881944576638011","potions_obtained":[{"floor":1,"key":"GamblersBrew"},{"floor":3,"key":"SkillPotion"}],"is_trial":false,"path_per_floor":["M","M","M","M","$","$","R","M","T","R","$","?","E","?","R","B"],"character_chosen":"THE_SENSHI","items_purchased":["theSenshi:RedHairPiecesRelic","theSenshi:MoonCrystalPowerMakeUp","theSenshi:KlutzyLuck"],"campfire_rested":2,"item_purchase_floors":[5,6,11],"current_hp_per_floor":[71,69,63,49,49,49,49,37,37,59,59,59,33,30,52,0,0],"gold":45,"neow_bonus":"HUNDRED_GOLD","is_daily":false,"chose_seed":false,"campfire_upgraded":1,"win_rate":0.0,"timestamp":1610223627,"path_taken":["M","M","M","M","?","$","R","M","T","R","$","?","E","?","R","BOSS"],"items_purchased_type":["Relic","Card","Card"],"build_version":"2020-12-22","purchased_purges":0,"victory":false,"max_hp_per_floor":[75,75,75,75,75,75,75,75,75,75,75,75,75,75,75,75,75],"card_choices":[{"not_picked":["theSenshi:LunasBite","theSenshi:SailorMercuryAssists"],"picked":"theSenshi:SailorUranusAssists","floor":1},{"not_picked":["theSenshi:SailorUranusAssists","theSenshi:EncouragingSpeech"],"picked":"theSenshi:SailorVenusAssists","floor":2},{"not_picked":["theSenshi:Overload","theSenshi:MoonKick"],"picked":"theSenshi:YouCanTalk","floor":3},{"not_picked":["theSenshi:PlutosSolemnity","theSenshi:SchoolBag"],"picked":"theSenshi:MoonPower","floor":4},{"not_picked":["theSenshi:MoonTiaraMagic","theSenshi:MoonlightKnight"],"picked":"theSenshi:DramaticEntrance","floor":8},{"not_picked":["theSenshi:SailorJupiterAssists","theSenshi:SupersonicWaves"],"picked":"theSenshi:MoonKick","floor":13}],"player_experience":201225,"relics_obtained":[{"floor":9,"key":"Blood Vial"},{"floor":13,"key":"theSenshi:CutieMoonRodRelic"}],"event_choices":[{"damage_healed":0,"gold_gain":0,"player_choice":"Grow","damage_taken":0,"max_hp_gain":0,"max_hp_loss":0,"event_name":"Living Wall","floor":12,"gold_loss":0,"cards_upgraded":["theSenshi:MoonPower"]},{"damage_healed":0,"gold_gain":0,"player_choice":"Relic ","damage_taken":3,"max_hp_gain":0,"max_hp_loss":0,"event_name":"betterThird:BetterScrap","floor":14,"gold_loss":0,"cards_obtained":["Spot Weakness"]}],"is_beta":false,"boss_relics":[],"items_purged_floors":[],"is_endless":false,"potions_floor_spawned":[1,3],"killed_by":"Hexaghost","ascension_level":0}}