{"host":"7k2a2omxz3voj5ax","time":1610220699,"event":{"mods":["BaseMod","Marisa£¨ìFÓê¡¡Ä§ÀíÉ³£©","Minty Spire (QoL Compilation)","Quick Restart","Spicy Shops","StSLib","Starting Relic: Pandora\u0027s Box","óô»ðÖ¸ÄÏ"],"gold_per_floor":[114,124,124,148,172,203,1800,1800,1800,1839,1839,1872,1888,1921,1075,1171,1171,1191,1116,1116,1137,1137,1171,916,916,916,937,957,991,991,678,678,776,776,789,789,711,741,379,412,412,412,412],"floor_reached":42,"playtime":1888,"items_purged":["Bash","Twin Strike","Thunderclap","Shrug It Off","Cleave+1","Spot Weakness+1"],"score":1334,"play_id":"664c9e90-129a-4ad0-b078-eee41057723d","local_time":"20210110043139","is_ascension_mode":true,"campfire_choices":[{"data":"Power Through","floor":11.0,"key":"SMITH"},{"data":"Limit Break","floor":25.0,"key":"SMITH"},{"data":"Rupture","floor":32,"key":"SMITH"},{"data":"Dark Embrace","floor":41,"key":"SMITH"}],"circlet_count":0,"master_deck":["AscendersBane","Inflame+1","Hemokinesis+1","Seeing Red+1","Feel No Pain+1","Second Wind+1","Power Through+1","Rupture+1","Juggernaut+1","Limit Break+1","Burning Pact+1","Reaper+1","Rupture+1","Offering+1","Body Slam+1","Dark Embrace+1"],"relics":["Pandora\u0027s Box","NeowsBlessing","Golden Idol","Sundial","Anchor","HornCleat","Paper Frog","Boot","Regal Pillow","Mummified Hand","Question Card","Lantern","Astrolabe","Strawberry","Membership Card","Bag of Preparation","Molten Egg 2","StrikeDummy","Enchiridion","Lee\u0027s Waffle","Vajra","Coffee Dripper","Mark of the Bloom","CeramicFish","Medical Kit","Red Skull","Oddly Smooth Stone"],"acts_visited":["Exordium","TheCity","TheBeyond"],"potions_floor_usage":[29],"damage_taken":[{"damage":0.0,"enemies":"2 Louse","floor":1.0,"turns":1.0},{"damage":0.0,"enemies":"Jaw Worm","floor":2.0,"turns":1.0},{"damage":0.0,"enemies":"Small Slimes","floor":4.0,"turns":1.0},{"damage":7.0,"enemies":"3 Louse","floor":5.0,"turns":3.0},{"damage":13.0,"enemies":"Gremlin Nob","floor":6.0,"turns":3.0},{"damage":2.0,"enemies":"3 Sentries","floor":10.0,"turns":6.0},{"damage":24.0,"enemies":"Gremlin Nob","floor":12.0,"turns":5.0},{"damage":0.0,"enemies":"Gremlin Gang","floor":13.0,"turns":3.0},{"damage":5.0,"enemies":"3 Sentries","floor":14.0,"turns":6.0},{"damage":6.0,"enemies":"Hexaghost","floor":16.0,"turns":7.0},{"damage":20.0,"enemies":"Shell Parasite","floor":18.0,"turns":4.0},{"damage":4.0,"enemies":"2 Thieves","floor":21.0,"turns":3.0},{"damage":23.0,"enemies":"Gremlin Leader","floor":23.0,"turns":7.0},{"damage":16.0,"enemies":"Snake Plant","floor":27.0,"turns":5.0},{"damage":6.0,"enemies":"Snecko","floor":28.0,"turns":4.0},{"damage":46,"enemies":"Slavers","floor":29,"turns":6},{"damage":32,"enemies":"Collector","floor":33,"turns":6},{"damage":6,"enemies":"3 Shapes","floor":35,"turns":3},{"damage":21,"enemies":"3 Darklings","floor":38,"turns":3},{"damage":6,"enemies":"Giant Head","floor":40,"turns":1},{"damage":6,"enemies":"Reptomancer","floor":42,"turns":1}],"seed_played":"-9204974148157756727","potions_obtained":[{"floor":2.0,"key":"FearPotion"},{"floor":6.0,"key":"PowerPotion"},{"floor":14.0,"key":"Dexterity Potion"},{"floor":16.0,"key":"Strength Potion"},{"floor":23.0,"key":"FairyPotion"},{"floor":35,"key":"SneckoOil"}],"is_trial":false,"path_per_floor":["M","M","?","M","M","E","R","?","T","E","R","E","M","E","R","B",null,"M","?","?","M","?","E","$","R","T","M","M","E","?","$","R","B",null,"M","?","?","M","$","E","R","E"],"character_chosen":"IRONCLAD","items_purchased":["Anchor","HornCleat","Mummified Hand","Question Card","Lantern","Membership Card","Bag of Preparation","Rupture","Lee\u0027s Waffle","Vajra","Medical Kit","Dark Embrace","Red Skull"],"campfire_rested":0,"item_purchase_floors":[7,7,15,15,15,24,24,31,31,31,39,39,39],"current_hp_per_floor":[68,68,68,68,61,48,48,48,48,46,46,22,22,17,17,11,54,46,46,46,62,62,54,54,54,54,53,55,39,18,82,82,82,82,76,76,76,55,55,49,49,43,43],"gold":412,"neow_bonus":"THREE_ENEMY_KILL","is_daily":false,"chose_seed":false,"campfire_upgraded":4,"win_rate":0.0,"timestamp":1610220699,"path_taken":["M","M","?","M","M","E","R","?","T","E","R","E","M","E","R","BOSS","M","?","?","M","?","E","$","R","T","M","M","E","?","?","R","BOSS","M","?","?","M","$","E","R","E"],"items_purchased_type":["Relic","Relic","Relic","Relic","Relic","Relic","Relic","Card","Relic","Relic","Relic","Card","Relic"],"build_version":"2020-12-22","purchased_purges":6,"victory":false,"max_hp_per_floor":[75,75,68,68,68,68,68,68,68,68,68,68,68,68,68,68,68,68,68,68,68,68,75,75,75,75,75,75,75,75,82,82,82,82,82,82,82,82,82,82,82,82,82],"card_choices":[{"not_picked":["Warcry","Wild Strike"],"picked":"Seeing Red","floor":1.0},{"not_picked":["Rage","Clash"],"picked":"Feel No Pain","floor":2.0},{"not_picked":["Pummel","True Grit"],"picked":"Second Wind","floor":4.0},{"not_picked":["Thunderclap","Clash","True Grit"],"picked":"SKIP","floor":5.0},{"not_picked":["Twin Strike","Clothesline"],"picked":"Shrug It Off","floor":6.0},{"not_picked":["Reaper","Warcry"],"picked":"Power Through","floor":10.0},{"not_picked":["Searing Blow","Bludgeon"],"picked":"Rupture","floor":12.0},{"not_picked":["Pommel Strike","Shrug It Off"],"picked":"Carnage","floor":13.0},{"not_picked":["Uppercut","Bludgeon"],"picked":"Juggernaut","floor":14.0},{"not_picked":["Demon Form","Immolate","Reaper"],"picked":"Limit Break","floor":16.0},{"not_picked":["Seeing Red+1","Warcry","Clash","Sentinel"],"picked":"SKIP","floor":18.0},{"not_picked":["Whirlwind+1","Ghostly Armor+1","Blood for Blood","Feel No Pain"],"picked":"SKIP","floor":21.0},{"not_picked":["Iron Wave","Heavy Blade","Perfected Strike","Wild Strike"],"picked":"SKIP","floor":23.0},{"not_picked":["Heavy Blade+1","Uppercut+1","Disarm","Warcry"],"picked":"SKIP","floor":27.0},{"not_picked":["Flex","Pommel Strike+1","Cleave+1","Iron Wave+1"],"picked":"SKIP","floor":28.0},{"not_picked":["Limit Break","Headbutt+1","Anger+1","Ghostly Armor+1"],"picked":"SKIP","floor":29},{"not_picked":["Reaper+1","Juggernaut","Berserk"],"picked":"Offering","floor":33},{"not_picked":["Rupture+1","Anger+1","Twin Strike+1","Wild Strike+1"],"picked":"SKIP","floor":35},{"not_picked":["Twin Strike+1","Sword Boomerang+1","Pommel Strike+1"],"picked":"Body Slam+1","floor":38},{"not_picked":["Havoc","Headbutt+1","Exhume","Body Slam+1"],"picked":"SKIP","floor":40}],"player_experience":435947,"relics_obtained":[{"floor":6.0,"key":"Sundial"},{"floor":10.0,"key":"Paper Frog"},{"floor":12.0,"key":"Boot"},{"floor":14.0,"key":"Regal Pillow"},{"floor":23.0,"key":"Strawberry"},{"floor":26.0,"key":"Molten Egg 2"},{"floor":29,"key":"StrikeDummy"},{"floor":30,"key":"Enchiridion"},{"floor":40,"key":"Oddly Smooth Stone"}],"event_choices":[{"damage_healed":0.0,"max_hp_gain":0.0,"max_hp_loss":7.0,"gold_gain":0.0,"event_name":"Golden Idol","player_choice":"Lose Max HP","floor":3.0,"gold_loss":0.0,"damage_taken":0.0,"relics_obtained":["Golden Idol"]},{"cards_removed":["Twin Strike"],"damage_healed":0.0,"max_hp_gain":0.0,"max_hp_loss":0.0,"gold_gain":0.0,"event_name":"Living Wall","player_choice":"Forget","floor":8.0,"gold_loss":0.0,"damage_taken":0.0},{"cards_removed":["Sever Soul"],"damage_healed":0.0,"max_hp_gain":0.0,"max_hp_loss":0.0,"gold_gain":0.0,"event_name":"Beggar","player_choice":"Gave Gold","floor":19.0,"gold_loss":75.0,"damage_taken":0.0},{"damage_healed":0.0,"max_hp_gain":0.0,"max_hp_loss":0.0,"gold_gain":0.0,"event_name":"Ghosts","player_choice":"Ignored","floor":20.0,"gold_loss":0.0,"damage_taken":0.0},{"damage_healed":0.0,"max_hp_gain":0.0,"max_hp_loss":0.0,"gold_gain":0.0,"event_name":"The Mausoleum","player_choice":"Ignored","floor":22.0,"gold_loss":0.0,"damage_taken":0.0},{"damage_healed":0,"gold_gain":0,"player_choice":"Obtained Book","damage_taken":21,"max_hp_gain":0,"max_hp_loss":0,"event_name":"Cursed Tome","floor":30,"gold_loss":0},{"damage_healed":0,"gold_gain":0,"player_choice":"Upgrade","damage_taken":0,"relics_obtained":["Mark of the Bloom"],"max_hp_gain":0,"max_hp_loss":0,"event_name":"MindBloom","floor":36,"gold_loss":0,"cards_upgraded":["Inflame","Cleave","Hemokinesis","Spot Weakness","Seeing Red","Feel No Pain","Second Wind","Rupture","Juggernaut","Offering"]},{"damage_healed":0,"gold_gain":0,"player_choice":"Paid Gold","damage_taken":0,"relics_obtained":["CeramicFish"],"max_hp_gain":0,"max_hp_loss":0,"event_name":"WeMeetAgain","floor":37,"gold_loss":78}],"is_beta":false,"boss_relics":[{"not_picked":["SlaversCollar","Velvet Choker"],"picked":"Astrolabe"},{"not_picked":["Runic Pyramid","Fusion Hammer"],"picked":"Coffee Dripper"}],"items_purged_floors":[7,7,15,31,39,39],"is_endless":false,"potions_floor_spawned":[2,6,14,16,23,28,35],"killed_by":"Reptomancer","ascension_level":20}}