{"host":"hcmbbnq9kugrt4gl","time":1610221265,"event":{"mods":["AchievementEnabler","BaseMod","Minty Spire (QoL Compilation)","Permanent Neow","Quick Restart","Relic Stats","Synergy Search","slay the spire mod where everything is the same but ironclad has a cowboy hat"],"gold_per_floor":[118,136,35,35,48,79,79,94,118,137,156,170,170,180,180,284,284,295,346,322,337,27,54,73,93,118,118,118],"floor_reached":27,"playtime":1203,"items_purged":["Strike_R"],"score":239,"play_id":"42c2d5f2-0afe-4181-b9ff-57af874d8659","local_time":"20210109204105","is_ascension_mode":false,"campfire_choices":[{"data":"Infernal Blade","floor":7,"key":"SMITH"},{"data":"Hemokinesis","floor":15,"key":"SMITH"}],"circlet_count":0,"master_deck":["Strike_R","Strike_R","Strike_R","Strike_R","Defend_R","Defend_R","Defend_R","Bash+1","Cleave","Uppercut","Metallicize","Whirlwind","Hemokinesis+1","Infernal Blade+1","Metallicize","Wild Strike","Inflame","Immolate","Heavy Blade","Cleave","Anger","Disarm","Iron Wave","Combust","Spot Weakness"],"relics":["Burning Blood","Oddly Smooth Stone","Akabeko","Philosopher\u0027s Stone","Lantern","Bronze Scales","PreservedInsect"],"acts_visited":["Exordium","TheCity"],"potions_floor_usage":[16,16,16],"damage_taken":[{"damage":1,"enemies":"Cultist","floor":1,"turns":3},{"damage":8,"enemies":"2 Louse","floor":2,"turns":2},{"damage":8,"enemies":"Jaw Worm","floor":5,"turns":2},{"damage":20,"enemies":"Gremlin Nob","floor":6,"turns":4},{"damage":2,"enemies":"Blue Slaver","floor":8,"turns":3},{"damage":6,"enemies":"Looter","floor":10,"turns":2},{"damage":0,"enemies":"2 Fungi Beasts","floor":11,"turns":3},{"damage":8,"enemies":"Blue Slaver","floor":12,"turns":2},{"damage":0,"enemies":"Exordium Wildlife","floor":14,"turns":3},{"damage":26,"enemies":"The Guardian","floor":16,"turns":8},{"damage":0,"enemies":"3 Byrds","floor":18,"turns":2},{"damage":14,"enemies":"Chosen","floor":21,"turns":2},{"damage":65,"enemies":"Slavers","floor":23,"turns":5},{"damage":0,"enemies":"Sentry and Sphere","floor":24,"turns":1},{"damage":0,"enemies":"Snake Plant","floor":25,"turns":2},{"damage":30,"enemies":"Shelled Parasite and Fungi","floor":27,"turns":3}],"seed_played":"2894400321276969728","potions_obtained":[{"floor":5,"key":"DistilledChaos"},{"floor":8,"key":"Weak Potion"},{"floor":10,"key":"SkillPotion"},{"floor":11,"key":"FearPotion"},{"floor":18,"key":"SteroidPotion"},{"floor":23,"key":"Ancient Potion"},{"floor":25,"key":"SpeedPotion"}],"is_trial":false,"path_per_floor":["M","M","$","?","M","E","R","M","T","M","M","M","$","M","R","B",null,"M","T","$","M","$","E","M","M","T","M"],"character_chosen":"IRONCLAD","items_purchased":["Metallicize","Whirlwind","Cleave","Disarm","Bronze Scales"],"campfire_rested":0,"item_purchase_floors":[3,3,20,22,22],"current_hp_per_floor":[80,78,78,78,76,62,62,66,66,66,72,70,70,76,76,56,80,80,80,80,72,72,13,19,25,25,0,0],"gold":118,"neow_bonus":"UPGRADE_CARD","is_daily":false,"chose_seed":false,"campfire_upgraded":2,"win_rate":0.0,"timestamp":1610221265,"path_taken":["M","M","$","?","M","E","R","M","T","M","M","?","$","M","R","BOSS","M","?","$","M","$","E","?","?","T","M"],"items_purchased_type":["Card","Card","Card","Card","Relic"],"build_version":"2020-12-22","purchased_purges":1,"victory":false,"max_hp_per_floor":[80,80,80,80,80,80,80,80,80,80,80,80,80,80,80,80,80,80,80,80,80,80,80,80,80,80,80,80],"relic_stats":{"counters":[16,47],"Bronze Scales":[31],"PreservedInsect":0,"obtain_stats":[{"Lantern":19,"Bronze Scales":22,"Oddly Smooth Stone":6,"Philosopher\u0027s Stone":17,"PreservedInsect":23,"Burning Blood":0,"Akabeko":9},{"Lantern":11,"Bronze Scales":12,"Oddly Smooth Stone":4,"Philosopher\u0027s Stone":10,"PreservedInsect":13,"Burning Blood":0,"Akabeko":5},{"Lantern":34,"Bronze Scales":36,"Oddly Smooth Stone":11,"Philosopher\u0027s Stone":32,"PreservedInsect":41,"Burning Blood":0,"Akabeko":14}],"Burning Blood":79},"card_choices":[{"not_picked":["Heavy Blade","Clothesline"],"picked":"Cleave","floor":1},{"not_picked":["Heavy Blade","Body Slam"],"picked":"Uppercut","floor":2},{"not_picked":["Sword Boomerang","Heavy Blade"],"picked":"Hemokinesis","floor":5},{"not_picked":["Body Slam","Sentinel"],"picked":"Infernal Blade","floor":6},{"not_picked":["Cleave","Twin Strike"],"picked":"Metallicize","floor":8},{"not_picked":["Sever Soul","Clash","Clothesline"],"picked":"SKIP","floor":10},{"not_picked":["Cleave","Searing Blow","Reckless Charge"],"picked":"SKIP","floor":11},{"not_picked":["Battle Trance","Cleave","Wild Strike"],"picked":"SKIP","floor":12},{"not_picked":["Battle Trance","Cleave"],"picked":"Wild Strike","floor":12},{"not_picked":["Shrug It Off","Barricade"],"picked":"Inflame","floor":14},{"not_picked":["Brutality","Juggernaut"],"picked":"Immolate","floor":16},{"not_picked":["Sword Boomerang","Warcry"],"picked":"Heavy Blade","floor":18},{"not_picked":["Feel No Pain+1","Twin Strike+1"],"picked":"Anger","floor":21},{"not_picked":["Wild Strike+1","Fire Breathing"],"picked":"Iron Wave","floor":23},{"not_picked":["Entrench","Warcry"],"picked":"Combust","floor":24},{"not_picked":["Dual Wield","Sever Soul"],"picked":"Spot Weakness","floor":25}],"player_experience":175650,"relics_obtained":[{"floor":6,"key":"Oddly Smooth Stone"},{"floor":9,"key":"Akabeko"},{"floor":19,"key":"Lantern"},{"floor":23,"key":"PreservedInsect"}],"event_choices":[{"cards_removed":["Defend_R"],"damage_healed":0,"gold_gain":0,"player_choice":"Purged","damage_taken":0,"max_hp_gain":0,"max_hp_loss":0,"event_name":"Purifier","floor":4,"gold_loss":0}],"is_beta":false,"boss_relics":[{"not_picked":["Pandora\u0027s Box","Velvet Choker"],"picked":"Philosopher\u0027s Stone"}],"items_purged_floors":[22],"is_endless":false,"potions_floor_spawned":[5,8,10,11,14,18,23,25],"killed_by":"Shelled Parasite and Fungi","ascension_level":0}}