{"host":"3o6vp6vwg41o825i","time":1610220502,"event":{"mods":["AchievementEnabler","Act Like it!","Ascension Reborn","Aspiration","BaseMod","Better Altar","Better Match","Better Note","Better Sensory Stone","Better Skull","Better Third Choice","BetterRewards","CCEM","Clawfect","Colored Map","Conspire","GifTheSpireLib","Halation","Hallownest","Highlight Path","Hubris","Infinite Spire","Jorbs\u0027s Wanderer Trilogy","Mimic Mod","Minty Spire (QoL Compilation)","Replay The Spire","Shop Mod","StSLib","Stuff the Spire","The Bug Knight","The Cursed","The Jungle","Unceasing Turn Reminder","everything is the same but u backflip on backflip"],"gold_per_floor":[115,115,125,159,178,178,24,24,24,50,69,103,116,128,128,225,225,242,255,255,270,281,281,297,57,110,110,110,110,128,147,147,242,242,256,271,14,26,26,61,61,61,98,23,23,43,43,43,43,43],"floor_reached":51,"playtime":1927,"items_purged":["Writhe"],"score":714,"play_id":"9e823634-8b34-4fb6-a84a-e21a936f9e90","local_time":"20210109202822","is_ascension_mode":true,"campfire_choices":[{"floor":23,"key":"REST"},{"floor":29,"key":"REST"},{"data":"Heavy Blade","floor":32,"key":"SMITH"},{"floor":41,"key":"REST"},{"floor":45,"key":"REST"},{"floor":47,"key":"REST"},{"floor":49,"key":"REST"}],"circlet_count":0,"master_deck":["Strike_R","Strike_R","Strike_R","Strike_R","Defend_R","Defend_R","Defend_R","Defend_R","Bash","Flex","Regret","Heavy Blade+1","Flex","Thunderclap","Demon Form","Rampage","Rupture+1","Flex+1","StuffTheSpire:Ambrosia","Heavy Blade+1"],"relics":["Burning Blood","NeowsBlessing","CCEMRelics:WhiteRose","Replay:Accelerometer","StuffTheSpire:Saxophone","Replay:Baseball","Happy Flower","StuffTheSpire:OldFever","hubris:ScarierMask","hubris:MysteriousPyramids","MealTicket","MutagenicStrength","hubris:Backtick","StuffTheSpire:OccultApparatus","Shuriken","CCEMRelics:SpiritsEdge","infinitespire:CursedDice"],"acts_visited":["Exordium","TheCity","TheBeyond"],"potions_floor_usage":[11,16,16,21,33,33,35,50],"damage_taken":[{"damage":0,"enemies":"2 Louse","floor":1,"turns":1},{"damage":2,"enemies":"conspire:RoseBush","floor":3,"turns":1},{"damage":0,"enemies":"conspire:MimicChest","floor":4,"turns":1},{"damage":13,"enemies":"Jaw Worm","floor":5,"turns":3},{"damage":37,"enemies":"HollowMod:MossKnight","floor":10,"turns":8},{"damage":5,"enemies":"Looter","floor":11,"turns":2},{"damage":8,"enemies":"Gremlin Nob","floor":12,"turns":3},{"damage":2,"enemies":"2 Fungi Beasts","floor":13,"turns":3},{"damage":2,"enemies":"Large Slime","floor":14,"turns":3},{"damage":58,"enemies":"The Guardian","floor":16,"turns":6},{"damage":3,"enemies":"3 Byrds","floor":18,"turns":3},{"damage":34,"enemies":"Spheric Guardian","floor":19,"turns":5},{"damage":18,"enemies":"Snecko","floor":21,"turns":5},{"damage":22,"enemies":"Centurion and Healer","floor":22,"turns":3},{"damage":3,"enemies":"Chosen and Byrds","floor":24,"turns":3},{"damage":5,"enemies":"3 Cultists","floor":30,"turns":4},{"damage":11,"enemies":"Snake Plant","floor":31,"turns":3},{"damage":55,"enemies":"Champ","floor":33,"turns":8},{"damage":26,"enemies":"3 Darklings","floor":35,"turns":4},{"damage":24,"enemies":"3 Shapes","floor":36,"turns":3},{"damage":42,"enemies":"Writhing Mass","floor":38,"turns":4},{"damage":37,"enemies":"Nemesis","floor":40,"turns":3},{"damage":43,"enemies":"Maw","floor":43,"turns":6},{"damage":55,"enemies":"Maw","floor":46,"turns":7},{"damage":141,"enemies":"infinitespire:MassOfShapes","floor":50,"turns":10}],"seed_played":"8960688969549270647","potions_obtained":[{"floor":5,"key":"Block Potion"},{"floor":11,"key":"BloodPotion"},{"floor":12,"key":"Strength Potion"},{"floor":13,"key":"Explosive Potion"},{"floor":16,"key":"EssenceOfSteel"},{"floor":19,"key":"conspire:TimeTravelPotion"},{"floor":21,"key":"Regen Potion"},{"floor":38,"key":"FairyPotion"},{"floor":46,"key":"conspire:TimeTravelPotion"}],"is_trial":false,"path_per_floor":["M","?","M","?","M","R","$","R","T","E","M","E","M","M","R","B",null,"M","M","?","M","M","R","M","$","T","?","?","R","M","M","R","B",null,"M","M","$","M","?","E","R","?","MIM","$","R","M","R","?","R","B",null],"character_chosen":"IRONCLAD","items_purchased":["StuffTheSpire:Saxophone","hubris:MysteriousPyramids","Shuriken"],"campfire_rested":6,"item_purchase_floors":[7,25,37],"current_hp_per_floor":[80,80,80,80,73,73,73,73,73,42,59,57,61,65,65,13,80,80,52,52,40,24,48,51,51,51,51,51,75,76,71,71,37,84,84,70,84,52,52,21,46,67,31,46,71,23,48,48,73,37],"gold":43,"neow_bonus":"THREE_ENEMY_KILL","is_daily":false,"chose_seed":false,"campfire_upgraded":1,"win_rate":0.0,"timestamp":1610220502,"path_taken":["M","?","M","?","M","R","$","R","T","E","M","E","M","?","R","BOSS","M","M","?","M","M","R","M","$","T","?","?","R","M","M","R","BOSS","M","M","$","M","?","E","R","?","MIM","$","R","M","R","?","R","BOSS"],"items_purchased_type":["Relic","Relic","Relic"],"build_version":"2020-12-22","purchased_purges":1,"victory":true,"max_hp_per_floor":[80,80,80,80,80,80,80,80,80,80,80,80,80,80,80,80,80,80,80,80,80,80,80,80,80,80,80,80,80,80,80,80,80,84,84,84,84,84,84,84,84,84,85,85,85,86,86,86,86,87],"card_choices":[{"not_picked":["Carnage","StuffTheSpire:Incineration"],"picked":"Flex","floor":1},{"not_picked":["Sever Soul","infinitespire:OneForAll"],"picked":"Heavy Blade","floor":3},{"not_picked":["Infernal Blade","Perfected Strike"],"picked":"Flex","floor":5},{"not_picked":["Run Through","StuffTheSpire:Resist","Blood for Blood"],"picked":"SKIP","floor":10},{"not_picked":["Iron Wave","Anger"],"picked":"Thunderclap","floor":11},{"not_picked":["Clash","conspire:Charge","Havoc"],"picked":"SKIP","floor":12},{"not_picked":["Disarm","Clash","Shrug It Off"],"picked":"SKIP","floor":13},{"not_picked":["Armaments","True Grit","ReplayTheSpireMod:Strike From Hell"],"picked":"SKIP","floor":14},{"not_picked":["Replay:Many Hands","Berserk"],"picked":"Demon Form","floor":16},{"not_picked":["Iron Wave","Infernal Blade","StuffTheSpire:RockThrow"],"picked":"SKIP","floor":18},{"not_picked":["Shrug It Off+1","StuffTheSpire:RockThrow"],"picked":"Rampage","floor":19},{"not_picked":["Sword Boomerang","Carnage","Armaments"],"picked":"SKIP","floor":21},{"not_picked":["Burning Pact","True Grit","Clash"],"picked":"SKIP","floor":22},{"not_picked":["StuffTheSpire:Slingshot","Uppercut","Reckless Charge"],"picked":"SKIP","floor":24},{"not_picked":["StuffTheSpire:Incineration+1","hubris:ReadiedAction","ReplayTheSpireMod:LeadingStrike"],"picked":"SKIP","floor":30},{"not_picked":["Replay:Undeath\u0027s Touch","Body Slam","StuffTheSpire:RockThrow"],"picked":"SKIP","floor":31},{"not_picked":["Entrench","Headbutt"],"picked":"Rupture+1","floor":35},{"not_picked":["Clothesline","Burning Pact","Thunderclap+1"],"picked":"SKIP","floor":36},{"not_picked":["Clash+1","True Grit"],"picked":"Flex+1","floor":38},{"not_picked":["Sever Soul","Evolve","Dual Wield"],"picked":"SKIP","floor":40},{"not_picked":["Wild Strike+1","Anger"],"picked":"Heavy Blade+1","floor":46}],"player_experience":234035,"relics_obtained":[{"floor":4,"key":"Replay:Accelerometer"},{"floor":9,"key":"Replay:Baseball"},{"floor":10,"key":"Happy Flower"},{"floor":12,"key":"StuffTheSpire:OldFever"},{"floor":26,"key":"MealTicket"},{"floor":40,"key":"CCEMRelics:SpiritsEdge"},{"floor":43,"key":"infinitespire:CursedDice"}],"event_choices":[{"damage_healed":0,"gold_gain":0,"player_choice":"Box","damage_taken":0,"relics_obtained":["CCEMRelics:WhiteRose"],"max_hp_gain":0,"max_hp_loss":0,"event_name":"Big Fish","floor":2,"gold_loss":0,"cards_obtained":["Regret"]},{"cards_removed":["Regret"],"damage_healed":0,"gold_gain":0,"player_choice":"Give","damage_taken":0,"max_hp_gain":0,"max_hp_loss":0,"event_name":"betterNote:BetterNote","floor":20,"gold_loss":0,"cards_obtained":["TheCursedMod:Defend_TheCursed"]},{"damage_healed":0,"gold_gain":0,"player_choice":"Inject Mutagens","damage_taken":0,"relics_obtained":["MutagenicStrength"],"max_hp_gain":0,"max_hp_loss":0,"event_name":"Drug Dealer","floor":27,"gold_loss":0},{"damage_healed":0,"gold_gain":0,"player_choice":"Ignored","damage_taken":0,"max_hp_gain":0,"max_hp_loss":0,"event_name":"Cursed Tome","floor":28,"gold_loss":0},{"damage_healed":21,"gold_gain":0,"player_choice":"Writhe","damage_taken":0,"max_hp_gain":0,"max_hp_loss":0,"event_name":"Winding Halls","floor":42,"gold_loss":0,"cards_obtained":["Writhe"]},{"cards_removed":["Strike_R"],"damage_healed":0,"gold_gain":0,"player_choice":"Offered Basic","damage_taken":0,"max_hp_gain":0,"max_hp_loss":0,"event_name":"Bonfire Elementals","floor":48,"gold_loss":0}],"is_beta":false,"boss_relics":[{"not_picked":["conspire:RoyalGoblet","Kintsugi"],"picked":"hubris:ScarierMask"},{"not_picked":["hubris:Stopwatch","Tiny House"],"picked":"hubris:Backtick"}],"items_purged_floors":[44],"is_endless":false,"potions_floor_spawned":[5,11,12,13,16,19,21,30,31,38,46],"ascension_level":0}}