{"host":"rolltorest","time":1610151481,"event":{"mods":["BaseMod","Minty Spire (QoL Compilation)","Relic Stats","Robot Space Explorer","Slay the Relics Exporter","StSLib"],"gold_per_floor":[112,112,128,128,142,178,178,212,212,212,259,295,334,349,349,349,349],"floor_reached":16,"playtime":487,"items_purged":[],"score":218,"play_id":"158e09ad-81d7-46ff-bc1b-ab25c3cd09bc","local_time":"20210108161801","is_ascension_mode":true,"campfire_choices":[{"floor":7,"key":"REST"},{"floor":10,"key":"REST"},{"data":"RobotSpaceExplorer:Explosion","floor":15,"key":"SMITH"}],"circlet_count":0,"master_deck":["AscendersBane","RobotSpaceExplorer:Strike","RobotSpaceExplorer:Strike","RobotSpaceExplorer:Strike","RobotSpaceExplorer:Strike","RobotSpaceExplorer:Defend","RobotSpaceExplorer:Defend","RobotSpaceExplorer:Defend","RobotSpaceExplorer:Defend","RobotSpaceExplorer:Scan","RobotSpaceExplorer:MiniLasers","RobotSpaceExplorer:ChargingLaser+1","RobotSpaceExplorer:Electropulse","RobotSpaceExplorer:Electroshield","RobotSpaceExplorer:Explosion+1","RobotSpaceExplorer:Blaster","RobotSpaceExplorer:FrostMissile","RobotSpaceExplorer:SlimeMissile","RobotSpaceExplorer:ScrapMissile"],"relics":["RobotSpaceExplorer:RoboCore","Golden Idol","Bird Faced Urn","White Beast Statue","Prayer Wheel","RobotSpaceExplorer:ClockworkSextant","Odd Mushroom","Meat on the Bone"],"acts_visited":["Exordium"],"potions_floor_usage":[8,14,14],"damage_taken":[{"damage":0,"enemies":"2 Louse","floor":1,"turns":3},{"damage":0,"enemies":"Jaw Worm","floor":3,"turns":4},{"damage":0,"enemies":"Cultist","floor":5,"turns":3},{"damage":48,"enemies":"Lagavulin","floor":6,"turns":12},{"damage":19,"enemies":"3 Sentries","floor":8,"turns":7},{"damage":7,"enemies":"The Mushroom Lair","floor":12,"turns":4},{"damage":22,"enemies":"Gremlin Nob","floor":13,"turns":4},{"damage":0,"enemies":"Red Slaver","floor":14,"turns":4},{"damage":2,"enemies":"Slime Boss","floor":16,"turns":5}],"seed_played":"5532458445054380315","potions_obtained":[{"floor":3,"key":"Energy Potion"},{"floor":12,"key":"Swift Potion"},{"floor":13,"key":"GamblersBrew"},{"floor":14,"key":"Weak Potion"}],"is_trial":false,"path_per_floor":["M","?","M","?","M","E","R","E","T","R","T","?","E","M","R","B"],"character_chosen":"RobotSpaceExplorer","items_purchased":[],"campfire_rested":2,"item_purchase_floors":[],"current_hp_per_floor":[64,64,64,64,64,16,35,16,16,35,35,28,6,18,18,16,16],"gold":349,"neow_bonus":"ONE_RANDOM_RARE_CARD","is_daily":false,"chose_seed":false,"campfire_upgraded":1,"win_rate":0.0,"timestamp":1610151481,"path_taken":["M","?","M","?","M","E","R","E","T","R","?","?","E","?","R","BOSS"],"items_purchased_type":[],"build_version":"2020-12-18","purchased_purges":0,"victory":false,"max_hp_per_floor":[71,64,64,64,64,64,64,64,64,64,64,64,64,64,64,64,64],"relic_stats":{"counters":[9,46],"Golden Idol":38,"Bird Faced Urn":[0],"Prayer Wheel":1,"obtain_stats":[{"RobotSpaceExplorer:ClockworkSextant":11,"Golden Idol":2,"Bird Faced Urn":6,"RobotSpaceExplorer:RoboCore":0,"Prayer Wheel":9,"Odd Mushroom":12,"White Beast Statue":8,"Meat on the Bone":13},{"RobotSpaceExplorer:ClockworkSextant":5,"Golden Idol":1,"Bird Faced Urn":4,"RobotSpaceExplorer:RoboCore":0,"Prayer Wheel":5,"Odd Mushroom":6,"White Beast Statue":5,"Meat on the Bone":7},{"RobotSpaceExplorer:ClockworkSextant":29,"Golden Idol":3,"Bird Faced Urn":22,"RobotSpaceExplorer:RoboCore":0,"Prayer Wheel":29,"Odd Mushroom":33,"White Beast Statue":29,"Meat on the Bone":37}],"Meat on the Bone":12},"card_choices":[{"not_picked":["RobotSpaceExplorer:DualCore","RobotSpaceExplorer:Counterblock"],"picked":"RobotSpaceExplorer:Electropulse","floor":1},{"not_picked":["RobotSpaceExplorer:MiniBoosters","RobotSpaceExplorer:FreezeRay","RobotSpaceExplorer:StarDust"],"picked":"SKIP","floor":3},{"not_picked":["RobotSpaceExplorer:Probe","RobotSpaceExplorer:ImprovisedAttack"],"picked":"RobotSpaceExplorer:Electroshield","floor":5},{"not_picked":["RobotSpaceExplorer:SurgingStrike","RobotSpaceExplorer:Pulsar"],"picked":"RobotSpaceExplorer:Explosion","floor":6},{"not_picked":["RobotSpaceExplorer:StarLightning","RobotSpaceExplorer:SurgingStrike"],"picked":"RobotSpaceExplorer:Blaster","floor":8},{"not_picked":["RobotSpaceExplorer:MiniDrones","RobotSpaceExplorer:SurgingShield"],"picked":"RobotSpaceExplorer:FrostMissile","floor":13},{"not_picked":["RobotSpaceExplorer:Counterblock","RobotSpaceExplorer:MetalStrike"],"picked":"RobotSpaceExplorer:SlimeMissile","floor":14},{"not_picked":["RobotSpaceExplorer:Electroshield","RobotSpaceExplorer:Counterblock"],"picked":"RobotSpaceExplorer:ScrapMissile","floor":14}],"player_experience":1786572,"relics_obtained":[{"floor":6,"key":"Bird Faced Urn"},{"floor":8,"key":"White Beast Statue"},{"floor":9,"key":"Prayer Wheel"},{"floor":11,"key":"RobotSpaceExplorer:ClockworkSextant"},{"floor":12,"key":"Odd Mushroom"},{"floor":13,"key":"Meat on the Bone"}],"event_choices":[{"damage_healed":0,"gold_gain":0,"player_choice":"Lose Max HP","damage_taken":0,"relics_obtained":["Golden Idol"],"max_hp_gain":0,"max_hp_loss":7,"event_name":"Golden Idol","floor":2,"gold_loss":0},{"damage_healed":0,"gold_gain":0,"player_choice":"Grow","damage_taken":0,"max_hp_gain":0,"max_hp_loss":0,"event_name":"Living Wall","floor":4,"gold_loss":0,"cards_upgraded":["RobotSpaceExplorer:ChargingLaser"]},{"damage_healed":0,"gold_gain":0,"player_choice":"Fought Mushrooms","damage_taken":0,"max_hp_gain":0,"max_hp_loss":0,"event_name":"Mushrooms","floor":12,"gold_loss":0}],"is_beta":true,"boss_relics":[],"items_purged_floors":[],"is_endless":false,"potions_floor_spawned":[3,12,13,14],"killed_by":"Slime Boss","ascension_level":17}}