{"host":"taazmjmli6ma7loo","time":1610214967,"event":{"mods":["AchievementEnabler","Arknights The Spire","BaseMod","Hermit","Minty Spire (QoL Compilation)","StSLib","The Bug Knight","The Hierophant"],"gold_per_floor":[117,5,5,5,20,54,54,77,77,112,6,75,109,134,134,258,258,276,294,317,330,350,350,180,180,207,55,55,55,89,112,112,242,242,260,593,613,613,488,520,520,536,563,413,413,426,426,445,445,445,445],"floor_reached":50,"playtime":3378,"items_purged":["Defend_G","Strike_G","Concentrate","Strike_G"],"score":587,"play_id":"6e0faea1-fac2-410a-9cd9-3372af919987","local_time":"20210110025607","is_ascension_mode":true,"campfire_choices":[{"data":"Infinite Blades","floor":7,"key":"SMITH"},{"floor":15,"key":"REST"},{"data":"Accuracy","floor":23,"key":"SMITH"},{"data":"Blade Dance","floor":28,"key":"SMITH"},{"floor":32,"key":"REST"},{"floor":45,"key":"REST"},{"floor":47,"key":"REST"},{"floor":49,"key":"REST"}],"circlet_count":0,"master_deck":["Strike_G","Strike_G","Defend_G","Defend_G","Defend_G","Defend_G","Neutralize","Infinite Blades+1","Well Laid Plans","Accuracy+1","Blade Dance+1","Slice","Blade Dance","Burst","Finisher","Prepared","Blade Dance+1","Necronomicurse","Choke","Accuracy"],"relics":["Ring of the Snake","NeowsBlessing","White Beast Statue","PreservedInsect","Akabeko","Tough Bandages","Pen Nib","WristBlade","Happy Flower","Strawberry","Orrery","Necronomicon","Matryoshka","Sozu","Juzu Bracelet","Bag of Marbles"],"acts_visited":["Exordium","TheCity","TheBeyond"],"potions_floor_usage":[10,10,12,16,16,16,31,33,33,33,48],"damage_taken":[{"damage":0,"enemies":"Jaw Worm","floor":1,"turns":1},{"damage":0,"enemies":"2 Louse","floor":5,"turns":1},{"damage":0,"enemies":"Gremlin Nob","floor":6,"turns":1},{"damage":0,"enemies":"Small Slimes","floor":8,"turns":4},{"damage":4,"enemies":"3 Sentries","floor":10,"turns":6},{"damage":7,"enemies":"Lagavulin Event","floor":12,"turns":4},{"damage":21,"enemies":"Lagavulin","floor":13,"turns":5},{"damage":0,"enemies":"Red Slaver","floor":14,"turns":2},{"damage":21,"enemies":"The Guardian","floor":16,"turns":6},{"damage":8,"enemies":"3 Byrds","floor":18,"turns":4},{"damage":0,"enemies":"Chosen","floor":19,"turns":3},{"damage":2,"enemies":"3 Cultists","floor":20,"turns":4},{"damage":10,"enemies":"Cultist and Chosen","floor":21,"turns":4},{"damage":0,"enemies":"Centurion and Healer","floor":22,"turns":3},{"damage":15,"enemies":"HollowMod:Nosk","floor":30,"turns":3},{"damage":21,"enemies":"Snake Plant","floor":31,"turns":3},{"damage":12,"enemies":"Collector","floor":33,"turns":3},{"damage":0,"enemies":"3 Shapes","floor":35,"turns":2},{"damage":0,"enemies":"Orb Walker","floor":37,"turns":2},{"damage":8,"enemies":"HollowMod:StalkingDevout","floor":40,"turns":3},{"damage":53,"enemies":"Writhing Mass","floor":42,"turns":4},{"damage":0,"enemies":"Spire Growth","floor":46,"turns":2},{"damage":21,"enemies":"Writhing Mass","floor":48,"turns":2},{"damage":71,"enemies":"Time Eater","floor":50,"turns":5}],"seed_played":"2860567467667056671","potions_obtained":[{"floor":5,"key":"Weak Potion"},{"floor":6,"key":"DistilledChaos"},{"floor":8,"key":"Fire Potion"},{"floor":10,"key":"CultistPotion"},{"floor":12,"key":"Strength Potion"},{"floor":13,"key":"SkillPotion"},{"floor":14,"key":"FearPotion"},{"floor":16,"key":"Dexterity Potion"},{"floor":18,"key":"DuplicationPotion"},{"floor":19,"key":"Explosive Potion"},{"floor":31,"key":"CunningPotion"},{"floor":33,"key":"SkillPotion"}],"is_trial":false,"path_per_floor":["M","$","?","?","M","E","R","M","T","E","$","?","E","M","R","B",null,"M","M","M","M","M","R","$","?","T","$","R","?","E","M","R","B",null,"M","?","M","?","$","E","?","M","T","$","R","M","R","M","R","B"],"character_chosen":"THE_SILENT","items_purchased":["Infinite Blades","Accuracy","Blade Dance","Finisher","Orrery"],"campfire_rested":5,"item_purchase_floors":[2,11,11,24,27],"current_hp_per_floor":[70,70,53,53,53,53,53,53,53,49,49,42,21,21,42,21,70,62,62,60,50,50,50,50,50,57,57,57,41,26,5,28,16,77,77,77,77,77,77,69,69,16,16,16,39,39,62,41,64,0,0],"gold":445,"neow_bonus":"THREE_ENEMY_KILL","is_daily":false,"chose_seed":false,"campfire_upgraded":3,"win_rate":0.0,"timestamp":1610214967,"path_taken":["M","$","?","?","M","E","R","M","T","E","$","?","E","M","R","BOSS","M","M","M","M","M","R","$","?","T","$","R","?","E","M","R","BOSS","M","?","M","?","$","E","?","M","T","$","R","M","R","M","R","BOSS"],"items_purchased_type":["Card","Card","Card","Card","Relic"],"build_version":"2020-12-22","purchased_purges":4,"victory":false,"max_hp_per_floor":[70,70,70,70,70,70,70,70,70,70,70,70,70,70,70,70,70,70,70,70,70,70,70,70,70,77,77,77,77,77,77,77,77,77,77,77,77,77,77,77,77,77,77,77,77,77,77,77,77,77,77],"card_choices":[{"not_picked":["Quick Slash","Backflip","Calculated Gamble"],"picked":"SKIP","floor":1},{"not_picked":["Dash","Bane"],"picked":"Well Laid Plans","floor":5},{"not_picked":["Predator","Outmaneuver","Tactician"],"picked":"SKIP","floor":6},{"not_picked":["Flying Knee","Deadly Poison","Acrobatics"],"picked":"SKIP","floor":8},{"not_picked":["Dagger Throw","Unload"],"picked":"Concentrate","floor":10},{"not_picked":["Sucker Punch","Concentrate"],"picked":"Slice","floor":12},{"not_picked":["Riddle With Holes","Tactician"],"picked":"Blade Dance","floor":13},{"not_picked":["Prepared","Concentrate","Deflect"],"picked":"SKIP","floor":14},{"not_picked":["Phantasmal Killer","Doppelganger"],"picked":"Burst","floor":16},{"not_picked":["Dagger Throw","Deflect","PiercingWail"],"picked":"SKIP","floor":18},{"not_picked":["Sucker Punch+1","Expertise+1","Well Laid Plans"],"picked":"SKIP","floor":19},{"not_picked":["Eviscerate","Tactician","Backflip"],"picked":"SKIP","floor":20},{"not_picked":["Dodge and Roll","Burst","Cloak And Dagger"],"picked":"SKIP","floor":21},{"not_picked":["PiercingWail","Dodge and Roll+1","Poisoned Stab+1"],"picked":"SKIP","floor":22},{"not_picked":["Bane","All Out Attack"],"picked":"Prepared","floor":27},{"not_picked":["Cloak And Dagger+1","Riddle With Holes"],"picked":"Blade Dance+1","floor":27},{"not_picked":["Envenom","Predator+1"],"picked":"Choke","floor":30},{"not_picked":["Underhanded Strike+1","All Out Attack+1","Prepared+1"],"picked":"SKIP","floor":31},{"not_picked":["Flechettes+1","Underhanded Strike+1","Blur+1"],"picked":"SKIP","floor":35},{"not_picked":["Dodge and Roll","Backstab"],"picked":"Accuracy","floor":37},{"not_picked":["Blur","Acrobatics","Outmaneuver"],"picked":"SKIP","floor":40},{"not_picked":["Catalyst","Sucker Punch+1","Noxious Fumes+1"],"picked":"SKIP","floor":42},{"not_picked":["Leg Sweep+1","All Out Attack+1","Eviscerate+1"],"picked":"SKIP","floor":46},{"not_picked":["Deflect+1","PiercingWail+1","Poisoned Stab"],"picked":"SKIP","floor":48}],"player_experience":459357,"relics_obtained":[{"floor":6,"key":"White Beast Statue"},{"floor":9,"key":"PreservedInsect"},{"floor":10,"key":"Akabeko"},{"floor":12,"key":"Tough Bandages"},{"floor":13,"key":"Pen Nib"},{"floor":26,"key":"Strawberry"},{"floor":29,"key":"Necronomicon"},{"floor":30,"key":"Matryoshka"},{"floor":40,"key":"Juzu Bracelet"},{"floor":43,"key":"Bag of Marbles"}],"event_choices":[{"damage_healed":0,"gold_gain":0,"player_choice":"Take Damage","damage_taken":17,"relics_obtained":["Golden Idol"],"max_hp_gain":0,"max_hp_loss":0,"event_name":"Golden Idol","floor":3,"gold_loss":0},{"cards_removed":["Strike_G"],"damage_healed":0,"gold_gain":0,"player_choice":"Forget","damage_taken":0,"max_hp_gain":0,"max_hp_loss":0,"event_name":"Living Wall","floor":4,"gold_loss":0},{"damage_healed":0,"gold_gain":30,"player_choice":"Searched \u00272\u0027 times","damage_taken":0,"max_hp_gain":0,"max_hp_loss":0,"event_name":"Dead Adventurer","floor":12,"gold_loss":0},{"damage_healed":0,"gold_gain":0,"player_choice":"Opened","damage_taken":0,"relics_obtained":["Happy Flower"],"max_hp_gain":0,"max_hp_loss":0,"event_name":"The Mausoleum","floor":25,"gold_loss":0},{"damage_healed":0,"gold_gain":0,"player_choice":"Obtained Book","damage_taken":16,"max_hp_gain":0,"max_hp_loss":0,"event_name":"Cursed Tome","floor":29,"gold_loss":0},{"damage_healed":0,"gold_gain":333,"player_choice":"Gave Idol","damage_taken":0,"max_hp_gain":0,"max_hp_loss":0,"event_name":"The Moai Head","floor":36,"relics_lost":["Golden Idol"],"gold_loss":0},{"cards_removed":["Survivor"],"damage_healed":0,"gold_gain":0,"player_choice":"Removed Skill","damage_taken":0,"max_hp_gain":0,"max_hp_loss":0,"event_name":"Falling","floor":38,"gold_loss":0},{"damage_healed":0,"gold_gain":0,"player_choice":"Bought 0 Potions","damage_taken":0,"max_hp_gain":0,"max_hp_loss":0,"event_name":"The Woman in Blue","floor":41,"gold_loss":0}],"is_beta":false,"boss_relics":[{"not_picked":["Velvet Choker","Philosopher\u0027s Stone"],"picked":"WristBlade"},{"not_picked":["Ring of the Serpent","Runic Dome"],"picked":"Sozu"}],"items_purged_floors":[2,24,39,44],"is_endless":false,"potions_floor_spawned":[5,6,8,10,12,13,14,16,18,19,20,21,22,30,31,33,35,37,40,42,46,48],"killed_by":"Time Eater","ascension_level":1}}