{"host":"5td1gsj4mnrioltg","time":1610169221,"event":{"mods":["2.2 Compatiblity","AchievementEnabler","Act Like it!","Aspiration","BaseMod","Beaked The Cultist","Better Altar","Better Match","Better Note","Better Sensory Stone","Better Silent Start","Better Skull","Better Third Choice","Better Vampires","BetterRewards","Colored Map","Colored Powertips","Displayed Cursed Tome","Downfall","Emptier Cage","Evolution","Friendly Minions","GifTheSpireLib","Highlight Path","Ironclad Rager","Jedi Mod","JesterMod","Mad Scientist","Menagerie","Minty Spire (QoL Compilation)","Permanent Neow","Quick Restart","Replay The Spire","Reworked Bosses","Shade Mod","Spicy Shops","StSLib","The Blue Laboratory","The Dragon Tamer","The Druid","The Elementalist","The Marked","The Necromancer","The Runesmith","Thieving Mod","Transform Curses","Wandering Minibosses","vexMod"],"gold_per_floor":[110,128,128,128,142,192,208,243,243,243,267,267,267,267],"floor_reached":13,"playtime":1019,"items_purged":[],"score":87,"play_id":"e8f3cd09-d14c-44f2-96a1-50600fecdd82","local_time":"20210108211341","is_ascension_mode":true,"campfire_choices":[{"data":"jesterMod:Flee","floor":9,"key":"SMITH"},{"data":"jesterMod:ExperimentalTreatment","floor":12,"key":"SMITH"}],"circlet_count":0,"master_deck":["jesterMod:Tinker","jesterMod:Sickle","jesterMod:Defend","jesterMod:Defend","jesterMod:Defend","jesterMod:Defend","jesterMod:Dodge","jesterMod:Mending","jesterMod:Flee+1","jesterMod:ExperimentalTreatment+1","Menagerie:Dismember","jesterMod:Prankster"],"relics":["jesterMod:JesterCap","EVO:Axolotl","Replay:PocketPolymizer","aspiration:HiddenCompartment","Orichalcum"],"acts_visited":["Menagerie:Menagerie"],"potions_floor_usage":[13],"damage_taken":[{"damage":0,"enemies":"Menagerie:WhisperingWraith","floor":1,"turns":4},{"damage":0,"enemies":"Menagerie:2_RABBITS","floor":2,"turns":4},{"damage":0,"enemies":"Menagerie:StygianBoar","floor":5,"turns":4},{"damage":2,"enemies":"Menagerie:MeltingSalamander","floor":7,"turns":7},{"damage":12,"enemies":"Menagerie:Hydra","floor":8,"turns":6},{"damage":35,"enemies":"Menagerie:MaskedSummoner","floor":13,"turns":20}],"seed_played":"2047792353800198899","potions_obtained":[{"floor":2,"key":"blueLaboratory:HorrorPotion"},{"floor":5,"key":"blueLaboratory:BubblePotion"},{"floor":8,"key":"ColorlessPotion"}],"is_trial":false,"path_per_floor":["M","M","PTL","PTL","M","?","M","E","R","?","T","R","E"],"character_chosen":"THE_JESTER","items_purchased":[],"campfire_rested":0,"item_purchase_floors":[],"current_hp_per_floor":[49,49,49,49,49,49,47,35,35,35,35,35,0,0],"gold":267,"neow_bonus":"ONE_RARE_RELIC","is_daily":false,"chose_seed":false,"campfire_upgraded":2,"win_rate":0.0,"timestamp":1610169221,"path_taken":["M","M","PTL","PTL","M","?","?","E","R","?","T","R","E"],"items_purchased_type":[],"build_version":"2020-12-22","purchased_purges":0,"victory":false,"max_hp_per_floor":[70,70,70,70,70,70,70,70,70,70,70,70,70,70],"card_choices":[{"not_picked":["jesterMod:SmokeScreen","jesterMod:BouncingKnife","jesterMod:Tinker"],"picked":"SKIP","floor":1},{"not_picked":["jesterMod:Taunt","jesterMod:Illness"],"picked":"jesterMod:Mending","floor":2},{"not_picked":["jesterMod:DancingMad","jesterMod:Schizophrenia","jesterMod:SwiftDodge"],"picked":"SKIP","floor":5},{"not_picked":["jesterMod:Encore","jesterMod:SmokeScreen","jesterMod:Arrythmia"],"picked":"SKIP","floor":7},{"not_picked":["jesterMod:Patience","jesterMod:Rebuff"],"picked":"jesterMod:Flee","floor":8}],"player_experience":1301119,"relics_obtained":[{"floor":8,"key":"aspiration:HiddenCompartment"},{"floor":11,"key":"Orichalcum"}],"event_choices":[{"damage_healed":0,"gold_gain":0,"cards_transformed":["jesterMod:Strike"],"player_choice":"Grasp","damage_taken":0,"max_hp_gain":0,"max_hp_loss":0,"event_name":"Menagerie:MagesHand","floor":10,"gold_loss":0,"cards_obtained":["Menagerie:Dismember"]}],"is_beta":false,"boss_relics":[],"items_purged_floors":[],"is_endless":false,"potions_floor_spawned":[2,5,8],"killed_by":"Menagerie:MaskedSummoner","ascension_level":1}}