{"host":"n900smz9wr3yo27a","time":1610211831,"event":{"mods":["Arknights The Spire","BaseMod","CapriCore","GungeonMod","Hermit","Koishi","Lobotomy","Marisa£¨Ùöéë¡¡Øª×âÞÞ£©","Minty Spire (QoL Compilation)","Prisma Mod","Replay The Spire","StSLib","Td1madao Mod","The Animator","The Bug Knight","The Cursed","The Dragon Tamer","The Gatherer","The Hierophant","The Immortal","The Jungle","The Necromancer","The Poker Player","The Runesmith","WarShipGirlsR/??á´Ò³R mod"],"gold_per_floor":[137,137,137,137,149,149,186,186,186,235,235,280,280,309,309,420,420,431,391,141,141,141,141,141,178,178,178,212,247,272,298,298,399,399,418,437,357,407,307,337,372,372,372,372,372,399,253,285,285,285,285,285,382,45,73,73],"floor_reached":57,"playtime":1628,"items_purged":["rmod:fuelsupply","Shame","Writhe","rmod:tearstotiara","rmod:spoils+1"],"score":1912,"play_id":"30ee788d-f45b-4072-b8ce-bda054bac095","local_time":"20210110020351","daily_mods":["Draft","Vintage","Heirloom","Flight","DeadlyEvents","Elite Swarm"],"is_ascension_mode":false,"campfire_choices":[{"data":"rmod:fletcher","floor":6,"key":"SMITH"},{"data":"rmod:ridicule","floor":8,"key":"SMITH"},{"data":"rmod:salvage","floor":11,"key":"SMITH"},{"data":"rmod:expeditionaryescort","floor":13,"key":"SMITH"},{"floor":15,"key":"RECALL"},{"data":"Mayhem","floor":23,"key":"SMITH"},{"data":"rmod:abidefaith","floor":24,"key":"SMITH"},{"data":"rmod:salvage","floor":27,"key":"SMITH"},{"data":"rmod:luckystar","floor":32,"key":"PURGE"},{"data":"TheCursedMod:Dregs","floor":44,"key":"PURGE"},{"data":"rmod:windflower","floor":45,"key":"SMITH"},{"data":"rmod:tearstotiara","floor":49,"key":"PURGE"}],"circlet_count":0,"master_deck":["rmod:salvage+1","rmod:victimresponsibility","rmod:intelligenceanalysis","rmod:steelsupply+1","rmod:firesupport","rmod:supportaircraftcarrier","rmod:aluminumsupply+1","rmod:firesupport","rmod:overbreakdown","rmod:fletcherpendant","rmod:fletcherpendant","rmod:fletcher+1","rmod:salvage+1","rmod:fletcherpendant","rmod:fletcherpendant","rmod:ridicule+1","rmod:fletcherpendant","rmod:ridicule","rmod:victimresponsibility","rmod:expeditionaryescort+1","rmod:fletcherpendant","rmod:fletcherpendant","rmod:fletcher+1","rmod:acesubmarine","rmod:abidefaith+1","Mayhem+1","rmod:fletcherpendant","rmod:circuitoustactics","rmod:fletcherpendant+1","rmod:fletcherpendant+1","rmod:fletcher+1","rmod:fletcherpendant+1","rmod:ridicule","rmod:windflower+1","rmod:fletcherpendant+1","rmod:ridicule","rmod:fletcherpendant+1","rmod:fletcher+1"],"relics":["rmod:firstchargereward","replay:Trail_Library","DemoMod:AgedBell","Art of War","FossilizedHelix","DemoMod:GundromedaStrain","Replay:Wax Seal","PreservedInsect","Mirror","Turnip","Bag of Marbles","Black Star","Lizard Tail","DemoMod:Relodestone","DemoMod:VorpalBullet","Molten Egg 2","Counterbalance","Onion Ring","Frozen Egg 2","DemoMod:GlassGuonStoneRelic","Runesmith:Locket","DemoMod:RingOfEthereal","Pocketwatch","The Courier","Replay:Ancient Bell","Tiny Chest","Kunai","Gambling Chip","Replay:Bottled Snecko","Replay:Bottled Eggs","Replay:Multitool","DemoMod:SuperHotWatch","White Beast Statue","DemoMod:MonsterBlood","HollowMod:LifeEnderRelic","DemoMod:JetPack","MawBank","Quantum Egg","Replay:Mystery Machine","DemoMod:DecoyRelic","Mummified Hand","CaptainsWheel"],"acts_visited":["Exordium","TheCity","TheBeyond","TheEnding"],"potions_floor_usage":[16,56,56],"damage_taken":[{"damage":7,"enemies":"Jaw Worm","floor":1,"turns":3},{"damage":3,"enemies":"2 Louse","floor":5,"turns":4},{"damage":18,"enemies":"3 Sentries","floor":7,"turns":5},{"damage":0,"enemies":"Gremlin Nob","floor":10,"turns":2},{"damage":0,"enemies":"Lagavulin","floor":12,"turns":2},{"damage":0,"enemies":"3 Sentries","floor":14,"turns":2},{"damage":30,"enemies":"Hexaghost","floor":16,"turns":3},{"damage":0,"enemies":"Spheric Guardian","floor":18,"turns":1},{"damage":0,"enemies":"Book of Stabbing","floor":25,"turns":1},{"damage":15,"enemies":"2 Thieves","floor":28,"turns":3},{"damage":0,"enemies":"Slavers","floor":29,"turns":1},{"damage":0,"enemies":"Gremlin Leader","floor":30,"turns":1},{"damage":0,"enemies":"Slavers","floor":31,"turns":1},{"damage":0,"enemies":"Collector","floor":33,"turns":1},{"damage":0,"enemies":"Orb Walker","floor":35,"turns":1},{"damage":3,"enemies":"3 Shapes","floor":36,"turns":1},{"damage":0,"enemies":"Mind Bloom Boss Battle","floor":38,"turns":1},{"damage":0,"enemies":"Nemesis","floor":40,"turns":1},{"damage":0,"enemies":"Reptomancer","floor":41,"turns":1},{"damage":0,"enemies":"Giant Head","floor":46,"turns":1},{"damage":0,"enemies":"Reptomancer","floor":48,"turns":1},{"damage":0,"enemies":"Donu and Deca","floor":50,"turns":1},{"damage":0,"enemies":"Shield and Spear","floor":55,"turns":1},{"damage":8,"enemies":"The Heart","floor":56,"turns":3}],"seed_played":"1304603766107296322","potions_obtained":[{"floor":5,"key":"SpeedPotion"},{"floor":7,"key":"GamblersBrew"},{"floor":16,"key":"DemoMod:LeadSkinPotion"},{"floor":18,"key":"ColorlessPotion"},{"floor":31,"key":"Elixir"}],"is_trial":true,"path_per_floor":["M","?","?","T","M","R","E","R","T","E","R","E","R","E","R","B",null,"M","?","$","?","?","R","R","E","T","R","M","E","E","E","R","B",null,"M","M","$","?","$","E","E","R","T","R","R","E","$","E","R","B",null,null,"R","$","E","B",null],"character_chosen":"PRAEFECT","items_purchased":["Mayhem","rmod:fletcherpendant+1","DemoMod:DecoyRelic"],"campfire_rested":0,"item_purchase_floors":[20,47,54],"current_hp_per_floor":[68,68,61,61,58,58,40,40,40,40,40,40,40,40,40,10,75,75,75,75,75,75,75,75,75,75,75,60,60,60,60,60,60,75,75,72,72,72,72,72,79,82,82,82,82,82,82,82,82,82,82,82,82,82,82,74],"gold":73,"neow_bonus":"","is_daily":false,"chose_seed":false,"campfire_upgraded":8,"win_rate":0.0,"timestamp":1610211831,"path_taken":["M","?","?","?","?","R","E","R","T","E","R","E","R","?","R","BOSS","M","?","$","?","?","R","R","E","T","R","?","E","E","E","R","BOSS","M","M","$","?","$","E","E","R","T","R","R","E","$","E","R","BOSS","R","$","E","BOSS"],"items_purchased_type":["Card","Card","Relic"],"build_version":"2020-12-22","purchased_purges":5,"victory":true,"max_hp_per_floor":[75,75,75,75,75,75,75,75,75,75,75,75,75,75,75,75,75,75,75,75,75,75,75,75,75,75,75,75,75,75,75,75,75,75,75,75,75,75,75,75,82,82,82,82,82,82,82,82,82,82,82,82,82,82,82,82],"card_choices":[{"not_picked":["rmod:diamondstrike","rmod:firesupport"],"picked":"rmod:tearstotiara","floor":0},{"not_picked":["rmod:fletcherpendant","rmod:aluminumsupply"],"picked":"rmod:salvage","floor":0},{"not_picked":["rmod:combined","rmod:spoils"],"picked":"rmod:tearstotiara","floor":0},{"not_picked":["rmod:fletcherpendant","rmod:circuitoustactics"],"picked":"rmod:victimresponsibility","floor":0},{"not_picked":["rmod:combined","rmod:highspeedshooting"],"picked":"rmod:intelligenceanalysis","floor":0},{"not_picked":["rmod:victimresponsibility","rmod:supportescort"],"picked":"rmod:steelsupply","floor":0},{"not_picked":["rmod:combined","rmod:highspeedshooting"],"picked":"rmod:firesupport","floor":0},{"not_picked":["rmod:ammunitionsupply","rmod:steelsupply"],"picked":"rmod:fuelsupply","floor":0},{"not_picked":["rmod:shuttlebombing","rmod:highspeedshooting"],"picked":"rmod:supportaircraftcarrier","floor":0},{"not_picked":["rmod:circuitoustactics","rmod:supportescort"],"picked":"rmod:spoils","floor":0},{"not_picked":["rmod:intelligenceanalysis","rmod:combined"],"picked":"rmod:aluminumsupply","floor":0},{"not_picked":["rmod:supportescort","rmod:steelsupply"],"picked":"rmod:luckystar","floor":0},{"not_picked":["rmod:steelsupply","rmod:circuitoustactics"],"picked":"rmod:firesupport","floor":0},{"not_picked":["rmod:bulid","rmod:highspeedshooting"],"picked":"rmod:overbreakdown","floor":0},{"not_picked":["rmod:intelligenceanalysis","rmod:capitalist"],"picked":"rmod:fletcherpendant","floor":0},{"not_picked":["rmod:acesubmarine","rmod:saltedfish"],"picked":"rmod:ridicule","floor":7},{"not_picked":["rmod:desperatesituation","rmod:fletcher"],"picked":"rmod:ridicule","floor":10},{"not_picked":["rmod:lastglory","rmod:fletcher"],"picked":"rmod:expeditionaryescort","floor":12},{"not_picked":["rmod:timeschanged","rmod:secretscript"],"picked":"rmod:acesubmarine","floor":14},{"not_picked":["rmod:seals","rmod:highspeedmaneuver"],"picked":"rmod:abidefaith","floor":16},{"not_picked":["rmod:secretscript","rmod:desperatesituation","rmod:timeschanged"],"picked":"SKIP","floor":25},{"not_picked":["rmod:supriseattacks","rmod:auspiciousomen"],"picked":"rmod:fletcher+1","floor":29},{"not_picked":["rmod:supriseattacks","rmod:lastglory+1","rmod:desperatesituation+1"],"picked":"SKIP","floor":30},{"not_picked":["rmod:auspiciousomen","rmod:abidefaith+1","rmod:stealaluminum+1"],"picked":"SKIP","floor":31},{"not_picked":["animator:Curse_GriefSeed","Normality"],"picked":"TheCursedMod:Dregs","floor":34},{"not_picked":["Pain","animator:Curse_Nutcracker"],"picked":"Shame","floor":34},{"not_picked":["Regret","ReplayTheSpireMod:Faulty Equipment"],"picked":"Writhe","floor":34},{"not_picked":["rmod:abidefaith+1","rmod:timeschanged+1"],"picked":"rmod:ridicule","floor":40},{"not_picked":["rmod:seals+1","rmod:abidefaith+1"],"picked":"rmod:windflower","floor":41},{"not_picked":["rmod:desperatesituation+1","rmod:expeditionaryescort+1"],"picked":"rmod:ridicule","floor":46},{"not_picked":["rmod:lastglory+1","rmod:supriseattacks","rmod:windflower"],"picked":"SKIP","floor":48},{"not_picked":["rmod:lastglory+1","rmod:highspeedmaneuver"],"picked":"rmod:fletcher+1","floor":55}],"player_experience":823730,"relics_obtained":[{"floor":1,"key":"Art of War"},{"floor":5,"key":"DemoMod:GundromedaStrain"},{"floor":7,"key":"Replay:Wax Seal"},{"floor":9,"key":"PreservedInsect"},{"floor":10,"key":"Mirror"},{"floor":12,"key":"Turnip"},{"floor":14,"key":"Bag of Marbles"},{"floor":18,"key":"Lizard Tail"},{"floor":25,"key":"DemoMod:Relodestone"},{"floor":25,"key":"DemoMod:VorpalBullet"},{"floor":26,"key":"Molten Egg 2"},{"floor":28,"key":"Counterbalance"},{"floor":29,"key":"Onion Ring"},{"floor":29,"key":"Frozen Egg 2"},{"floor":30,"key":"Runesmith:Locket"},{"floor":30,"key":"DemoMod:RingOfEthereal"},{"floor":31,"key":"Pocketwatch"},{"floor":31,"key":"The Courier"},{"floor":35,"key":"Replay:Bottled Snecko"},{"floor":36,"key":"Replay:Bottled Eggs"},{"floor":38,"key":"Replay:Multitool"},{"floor":40,"key":"DemoMod:SuperHotWatch"},{"floor":40,"key":"White Beast Statue"},{"floor":41,"key":"DemoMod:MonsterBlood"},{"floor":43,"key":"HollowMod:LifeEnderRelic"},{"floor":46,"key":"DemoMod:JetPack"},{"floor":46,"key":"MawBank"},{"floor":48,"key":"Quantum Egg"},{"floor":48,"key":"Replay:Mystery Machine"},{"floor":55,"key":"Mummified Hand"},{"floor":55,"key":"CaptainsWheel"}],"event_choices":[{"damage_healed":0,"gold_gain":0,"player_choice":"Grow","damage_taken":0,"max_hp_gain":0,"max_hp_loss":0,"event_name":"Living Wall","floor":2,"gold_loss":0,"cards_upgraded":["rmod:spoils"]},{"damage_healed":0,"gold_gain":0,"player_choice":"Success","damage_taken":7,"relics_obtained":["FossilizedHelix"],"max_hp_gain":0,"max_hp_loss":0,"event_name":"Scrap Ooze","floor":3,"gold_loss":0},{"damage_healed":0,"gold_gain":0,"player_choice":"Ignored","damage_taken":0,"max_hp_gain":0,"max_hp_loss":0,"event_name":"Vampires","floor":21,"gold_loss":0},{"damage_healed":0,"gold_gain":0,"player_choice":"Fight","damage_taken":0,"max_hp_gain":0,"max_hp_loss":0,"event_name":"MindBloom","floor":38,"gold_loss":0}],"is_beta":false,"boss_relics":[{"not_picked":["Replay:Drink Me","Coffee Dripper"],"picked":"Black Star"},{"not_picked":["Replay:Wanted Poster","Kintsugi"],"picked":"Replay:Ancient Bell"},{"not_picked":["ReplayTheSpireMod:TigerMarble","DemoMod:ClearGuonStone"],"picked":"Tiny Chest"},{"not_picked":["Replay:WaspNest","Mercury Hourglass"],"picked":"Kunai"},{"not_picked":["rmod:quickrepair","Shovel"],"picked":"Gambling Chip"}],"items_purged_floors":[20,37,39,47,54],"is_endless":false,"potions_floor_spawned":[5,7,16,18,30,31,33,35,38,41,46,48,55],"ascension_level":0}}