{"host":"a4s27ghlnr83kbqz","time":1610191527,"event":{"mods":["AchievementEnabler","BaseMod","Colored Map","Minty Spire (QoL Compilation)","Permanent Neow","SuperFastMode"],"gold_per_floor":[110,35,46,61,61,61,77,2,2,2,2,32,62,62,92,92,163,163,181,181,196,471,117,117,127,127,127],"floor_reached":26,"playtime":295,"items_purged":["Shame","Regret"],"score":528,"play_id":"81e2dc6d-6728-47a8-ab5a-9331b1bd8065","local_time":"20210109192527","is_ascension_mode":true,"campfire_choices":[{"data":"Armaments","floor":6,"key":"SMITH"},{"data":"Bash","floor":11,"key":"SMITH"},{"data":"Immolate","floor":14,"key":"SMITH"},{"data":"Hemokinesis","floor":16,"key":"SMITH"},{"data":"Seeing Red","floor":24,"key":"SMITH"}],"circlet_count":0,"master_deck":["AscendersBane","Strike_R","Strike_R","Strike_R+1","Defend_R","Defend_R","Defend_R","Defend_R+1","Bash+1","Cleave","Wild Strike","Hemokinesis+1","Armaments+1","Immolate+1","Flame Barrier","Seeing Red+1","Battle Trance"],"relics":["Burning Blood","CaptainsWheel","Mercury Hourglass","Potion Belt","Pen Nib","Mark of Pain","PreservedInsect"],"acts_visited":["Exordium","TheCity"],"potions_floor_usage":[12,12,25,26],"damage_taken":[{"damage":14,"enemies":"Small Slimes","floor":1,"turns":4},{"damage":7,"enemies":"Jaw Worm","floor":3,"turns":3},{"damage":9,"enemies":"2 Louse","floor":4,"turns":2},{"damage":0,"enemies":"Exordium Wildlife","floor":7,"turns":2},{"damage":9,"enemies":"Gremlin Nob","floor":12,"turns":3},{"damage":2,"enemies":"3 Sentries","floor":15,"turns":2},{"damage":2,"enemies":"Slime Boss","floor":17,"turns":4},{"damage":2,"enemies":"Chosen","floor":19,"turns":3},{"damage":2,"enemies":"Spheric Guardian","floor":21,"turns":3},{"damage":59,"enemies":"Centurion and Healer","floor":25,"turns":11},{"damage":24,"enemies":"Book of Stabbing","floor":26,"turns":1}],"seed_played":"-3186588233929687592","potions_obtained":[{"floor":1,"key":"EssenceOfSteel"},{"floor":3,"key":"Swift Potion"},{"floor":7,"key":"PowerPotion"},{"floor":15,"key":"Regen Potion"},{"floor":21,"key":"Strength Potion"}],"is_trial":false,"path_per_floor":["M","$","M","M","?","R","M","?","?","T","R","E","?","R","E","R","B",null,"M","?","M","?","$","R","M","E"],"character_chosen":"IRONCLAD","items_purchased":["PreservedInsect","Seeing Red"],"campfire_rested":0,"item_purchase_floors":[23,23],"current_hp_per_floor":[60,60,59,56,56,56,62,62,39,39,39,36,36,36,40,40,44,67,71,50,54,54,54,54,16,0,0],"gold":127,"neow_bonus":"ONE_RARE_RELIC","is_daily":false,"chose_seed":false,"campfire_upgraded":5,"win_rate":0.0,"timestamp":1610191527,"path_taken":["M","$","M","M","?","R","M","?","?","T","R","E","?","R","E","R","BOSS","M","?","M","?","$","R","M","E"],"items_purchased_type":["Relic","Card"],"build_version":"2020-12-22","purchased_purges":2,"victory":false,"max_hp_per_floor":[75,75,75,75,75,75,75,75,75,75,75,75,75,75,75,75,75,75,75,80,80,80,80,80,80,80,80],"card_choices":[{"not_picked":["Havoc","Clash"],"picked":"Cleave","floor":1},{"not_picked":["Whirlwind","Pommel Strike"],"picked":"Wild Strike","floor":3},{"not_picked":["Armaments","Anger"],"picked":"Hemokinesis","floor":4},{"not_picked":["Clash","Rampage","Sword Boomerang"],"picked":"SKIP","floor":7},{"not_picked":["Sever Soul","Evolve"],"picked":"Immolate","floor":12},{"not_picked":["Dual Wield","Wild Strike","Sword Boomerang"],"picked":"SKIP","floor":15},{"not_picked":["Hemokinesis","Clash+1"],"picked":"Flame Barrier","floor":19},{"not_picked":["Iron Wave","Flame Barrier","Reckless Charge"],"picked":"SKIP","floor":21},{"not_picked":["Iron Wave","Body Slam"],"picked":"Battle Trance","floor":25}],"player_experience":1099917,"relics_obtained":[{"floor":10,"key":"Mercury Hourglass"},{"floor":12,"key":"Potion Belt"},{"floor":15,"key":"Pen Nib"}],"event_choices":[{"damage_healed":0,"gold_gain":0,"cards_transformed":["Strike_R"],"player_choice":"Change","damage_taken":0,"max_hp_gain":0,"max_hp_loss":0,"event_name":"Living Wall","floor":5,"gold_loss":0,"cards_obtained":["Armaments"]},{"cards_removed":["Strike_R"],"damage_healed":0,"gold_gain":0,"player_choice":"Card Removal","damage_taken":0,"max_hp_gain":0,"max_hp_loss":0,"event_name":"The Cleric","floor":8,"gold_loss":75},{"damage_healed":0,"gold_gain":0,"player_choice":"Entered Light","damage_taken":23,"max_hp_gain":0,"max_hp_loss":0,"event_name":"Shining Light","floor":9,"gold_loss":0,"cards_upgraded":["Defend_R","Strike_R"]},{"damage_healed":0,"gold_gain":30,"player_choice":"Searched \u00272\u0027 times","damage_taken":0,"max_hp_gain":0,"max_hp_loss":0,"event_name":"Dead Adventurer","floor":13,"gold_loss":0},{"damage_healed":0,"gold_gain":0,"player_choice":"Shed Blood","damage_taken":26,"max_hp_gain":5,"max_hp_loss":0,"event_name":"Forgotten Altar","floor":20,"gold_loss":0},{"damage_healed":0,"gold_gain":275,"player_choice":"Desecrate","damage_taken":0,"max_hp_gain":0,"max_hp_loss":0,"event_name":"Golden Shrine","floor":22,"gold_loss":0,"cards_obtained":["Regret"]}],"is_beta":false,"boss_relics":[{"not_picked":["Sozu","Black Star"],"picked":"Mark of Pain"}],"items_purged_floors":[2,23],"is_endless":false,"potions_floor_spawned":[1,3,7,15,21],"killed_by":"Book of Stabbing","ascension_level":20}}