{"host":"l60rmjjsfi0fipmi","time":1610164525,"event":{"mods":["BaseMod","Colored Map","DeckTracker","Highlight Path","Minty Spire (QoL Compilation)"],"gold_per_floor":[114,64,79,79,79,117,117,136,186,224,295,264,264,302,302,427,427,446,304,323,323,323,323,173,192,217,217,255,255,293,312,312,437,437,456,475,475,175,194,194,194,232,232,270,270,270,289,139,139,139],"floor_reached":51,"playtime":2876,"items_purged":[],"score":957,"play_id":"03289851-3e67-4b26-95fc-117b705c72a4","local_time":"20210108225525","daily_mods":["Shiny","Green Cards","Terminal"],"is_ascension_mode":false,"campfire_choices":[{"data":"Vault","floor":7,"key":"SMITH"},{"floor":13,"key":"REST"},{"data":"BattleHymn","floor":15,"key":"SMITH"},{"data":"Wish","floor":23,"key":"SMITH"},{"floor":29,"key":"REST"},{"data":"Ragnarok","floor":32,"key":"SMITH"},{"data":"After Image","floor":40,"key":"SMITH"},{"data":"Doppelganger","floor":45,"key":"SMITH"},{"data":"DevaForm","floor":49,"key":"SMITH"}],"circlet_count":0,"master_deck":["Venomology","Corpse Explosion","Malaise","Phantasmal Killer","Die Die Die","Adrenaline+1","Envenom","Doppelganger+1","Burst+1","Wraith Form v2+1","Tools of the Trade","Night Terror","Unload","After Image+1","Bullet Time","Storm of Steel+1","Glass Knife","A Thousand Cuts","Grand Finale","Judgement+1","ConjureBlade","MasterReality","Brilliance","Devotion","Blasphemy","Ragnarok+1","LessonLearned","Scrawl","Vault+1","Alpha","Wish+1","Omniscience","Establishment","SpiritShield","DevaForm+1","DeusExMachina","Quick Slash","CarveReality","Meditate","BattleHymn+1","Backstab","ThirdEye+1","Parasite"],"relics":["PureWater","Bird Faced Urn","Golden Idol","Letter Opener","Juzu Bracelet","Bronze Scales","Unceasing Top","Snecko Eye","White Beast Statue","MutagenicStrength","ClockworkSouvenir","MealTicket","Gambling Chip","Mango","Busted Crown","War Paint","Happy Flower","Toxic Egg 2","FossilizedHelix","Lantern","Sling"],"acts_visited":["Exordium","TheCity","TheBeyond"],"potions_floor_usage":[10,28,39,42,44,50,50],"damage_taken":[{"damage":3,"enemies":"Small Slimes","floor":1,"turns":3},{"damage":6,"enemies":"2 Louse","floor":3,"turns":3},{"damage":12,"enemies":"3 Sentries","floor":6,"turns":5},{"damage":16,"enemies":"Jaw Worm","floor":8,"turns":5},{"damage":8,"enemies":"Gremlin Nob","floor":10,"turns":3},{"damage":15,"enemies":"3 Sentries","floor":14,"turns":4},{"damage":7,"enemies":"The Guardian","floor":16,"turns":8},{"damage":0,"enemies":"Spheric Guardian","floor":18,"turns":2},{"damage":0,"enemies":"Shell Parasite","floor":20,"turns":2},{"damage":0,"enemies":"Shelled Parasite and Fungi","floor":25,"turns":3},{"damage":22,"enemies":"Book of Stabbing","floor":28,"turns":3},{"damage":0,"enemies":"Gremlin Leader","floor":30,"turns":3},{"damage":0,"enemies":"3 Cultists","floor":31,"turns":3},{"damage":0,"enemies":"Automaton","floor":33,"turns":6},{"damage":5,"enemies":"Orb Walker","floor":35,"turns":2},{"damage":0,"enemies":"3 Darklings","floor":36,"turns":3},{"damage":0,"enemies":"Writhing Mass","floor":39,"turns":5},{"damage":7,"enemies":"Reptomancer","floor":42,"turns":3},{"damage":4,"enemies":"Nemesis","floor":44,"turns":6},{"damage":22,"enemies":"4 Shapes","floor":47,"turns":3},{"damage":10,"enemies":"Donu and Deca","floor":50,"turns":5}],"seed_played":"579003938715623652","potions_obtained":[{"floor":3,"key":"SkillPotion"},{"floor":6,"key":"LiquidMemories"},{"floor":25,"key":"FairyPotion"},{"floor":28,"key":"Energy Potion"},{"floor":42,"key":"BlessingOfTheForge"}],"is_trial":false,"path_per_floor":["M","$","M","?","?","E","R","M","T","E","?","?","R","E","R","B",null,"M","?","M","?","?","R","$","M","T","?","E","R","E","M","R","B",null,"M","M","?","$","M","R","?","E","T","E","R","?","M","$","R","B",null],"character_chosen":"WATCHER","items_purchased":["ColorlessPotion","ClockworkSouvenir","War Paint","Happy Flower","Sling"],"campfire_rested":2,"item_purchase_floors":[2,24,38,38,48],"current_hp_per_floor":[68,68,62,50,50,44,44,36,36,34,34,34,50,37,37,48,49,48,47,46,45,44,43,42,41,40,39,19,30,50,49,48,47,46,41,43,43,42,41,40,39,36,36,36,35,34,16,31,31,21],"gold":139,"neow_bonus":"","is_daily":true,"chose_seed":false,"campfire_upgraded":7,"win_rate":0.0,"timestamp":1610164525,"path_taken":["M","$","M","?","?","E","R","M","T","E","?","?","R","E","R","BOSS","M","?","M","?","?","R","?","M","T","?","E","R","E","M","R","BOSS","M","M","?","$","M","R","?","E","T","E","R","?","M","?","R","BOSS"],"items_purchased_type":["Potion","Relic","Relic","Relic","Relic"],"build_version":"2020-12-22","purchased_purges":0,"victory":true,"max_hp_per_floor":[70,69,68,67,61,60,59,58,57,56,55,54,53,52,51,50,49,48,47,46,45,44,43,42,41,40,39,38,37,50,49,48,47,46,45,44,43,42,41,40,39,38,37,36,35,34,33,32,31,30],"card_choices":[{"not_picked":["Fasting2","Prepared"],"picked":"Quick Slash","floor":1},{"not_picked":["FlyingSleeves","Perseverance"],"picked":"CarveReality","floor":3},{"not_picked":["Dagger Spray","ThirdEye"],"picked":"Meditate","floor":6},{"not_picked":["SignatureMove","Consecrate","Indignation"],"picked":"SKIP","floor":8},{"not_picked":["Prepared","Distraction"],"picked":"BattleHymn","floor":10},{"not_picked":["WindmillStrike","Deflect"],"picked":"Backstab","floor":14},{"not_picked":["WheelKick","EmptyBody+1","Predator"],"picked":"SKIP","floor":18},{"not_picked":["Conclude","Halt"],"picked":"ThirdEye+1","floor":20},{"not_picked":["SashWhip+1","Pray","FearNoEvil+1"],"picked":"SKIP","floor":25},{"not_picked":["Pray","ReachHeaven+1","Concentrate+1"],"picked":"SKIP","floor":28},{"not_picked":["Evaluate","BowlingBash","Crescendo"],"picked":"SKIP","floor":30},{"not_picked":["Predator","SashWhip+1","Choke"],"picked":"SKIP","floor":31},{"not_picked":["Pray"],"picked":"SKIP","floor":35},{"not_picked":["Prepared+1"],"picked":"SKIP","floor":36},{"not_picked":["Outmaneuver+1"],"picked":"SKIP","floor":39},{"not_picked":["PathToVictory+1"],"picked":"SKIP","floor":42},{"not_picked":["Prostrate+1"],"picked":"SKIP","floor":44},{"not_picked":["Underhanded Strike"],"picked":"SKIP","floor":47}],"player_experience":289178,"relics_obtained":[{"floor":6,"key":"Letter Opener"},{"floor":9,"key":"Juzu Bracelet"},{"floor":10,"key":"Bronze Scales"},{"floor":14,"key":"Unceasing Top"},{"floor":26,"key":"MealTicket"},{"floor":28,"key":"Gambling Chip"},{"floor":30,"key":"Mango"},{"floor":42,"key":"Toxic Egg 2"},{"floor":43,"key":"FossilizedHelix"},{"floor":44,"key":"Lantern"}],"event_choices":[{"damage_healed":0,"gold_gain":0,"player_choice":"Success","damage_taken":12,"relics_obtained":["Bird Faced Urn"],"max_hp_gain":0,"max_hp_loss":0,"event_name":"Scrap Ooze","floor":4,"gold_loss":0},{"damage_healed":0,"gold_gain":0,"player_choice":"Lose Max HP","damage_taken":0,"relics_obtained":["Golden Idol"],"max_hp_gain":0,"max_hp_loss":5,"event_name":"Golden Idol","floor":5,"gold_loss":0},{"damage_healed":0,"gold_gain":71,"player_choice":"Gained Gold","damage_taken":0,"max_hp_gain":0,"max_hp_loss":0,"event_name":"Golden Wing","floor":11,"gold_loss":0},{"damage_healed":0,"gold_gain":0,"player_choice":"Left Gold","damage_taken":0,"max_hp_gain":0,"max_hp_loss":0,"event_name":"World of Goop","floor":12,"gold_loss":31},{"damage_healed":0,"gold_gain":0,"player_choice":"Paid Gold","damage_taken":0,"relics_obtained":["White Beast Statue"],"max_hp_gain":0,"max_hp_loss":0,"event_name":"WeMeetAgain","floor":19,"gold_loss":142},{"damage_healed":0,"gold_gain":0,"player_choice":"Ignored","damage_taken":0,"max_hp_gain":0,"max_hp_loss":0,"event_name":"Ghosts","floor":21,"gold_loss":0},{"damage_healed":0,"gold_gain":0,"player_choice":"Inject Mutagens","damage_taken":0,"relics_obtained":["MutagenicStrength"],"max_hp_gain":0,"max_hp_loss":0,"event_name":"Drug Dealer","floor":22,"gold_loss":0},{"damage_healed":0,"gold_gain":0,"player_choice":"Ignored","damage_taken":0,"max_hp_gain":0,"max_hp_loss":0,"event_name":"Vampires","floor":27,"gold_loss":0},{"damage_healed":0,"gold_gain":0,"player_choice":"Ignored","damage_taken":0,"max_hp_gain":0,"max_hp_loss":0,"event_name":"Mysterious Sphere","floor":37,"gold_loss":0},{"damage_healed":0,"gold_gain":0,"player_choice":"Forge","damage_taken":0,"max_hp_gain":0,"max_hp_loss":0,"event_name":"Accursed Blacksmith","floor":41,"gold_loss":0,"cards_upgraded":["Wraith Form v2"]},{"damage_healed":0,"gold_gain":0,"player_choice":"Got Potions","damage_taken":0,"max_hp_gain":0,"max_hp_loss":0,"event_name":"Lab","floor":46,"gold_loss":0}],"is_beta":false,"boss_relics":[{"not_picked":["VioletLotus","Black Star"],"picked":"Snecko Eye"},{"not_picked":["HolyWater","Runic Pyramid"],"picked":"Busted Crown"}],"items_purged_floors":[],"is_endless":false,"potions_floor_spawned":[3,6,16,18,20,25,28,30,31,33,35,36,39,42,44,47],"ascension_level":0}}