{"host":"c97twqu0op5dg8i4","time":1610216488,"event":{"mods":["BaseMod","Minty Spire (QoL Compilation)"],"gold_per_floor":[119,130,51,66,79,79,79,106,130,80,80,135,210,221,221,325,325,343,362,111,128,128,128,162,162,162,162,175,175,189,220,220,323,323,343,357,245,245,262,262,297,297,297,297,323,375,54,68,68,68],"floor_reached":51,"playtime":1305,"items_purged":["Strike_R","Strike_R"],"score":882,"play_id":"8e14df86-b601-4507-a34f-74ab2de8c3f1","local_time":"20210109132128","is_ascension_mode":true,"campfire_choices":[{"data":"Whirlwind","floor":11,"key":"SMITH"},{"data":"Uppercut","floor":15,"key":"SMITH"},{"floor":23,"key":"REST"},{"data":"Flex","floor":25,"key":"SMITH"},{"data":"Flex","floor":27,"key":"SMITH"},{"floor":32,"key":"REST"},{"data":"Cleave","floor":40,"key":"SMITH"},{"data":"Bash","floor":42,"key":"SMITH"},{"floor":44,"key":"REST"},{"data":"Clothesline","floor":49,"key":"SMITH"}],"circlet_count":0,"master_deck":["Strike_R","Strike_R","Strike_R","Defend_R","Defend_R","Defend_R","Defend_R","Bash+1","Clothesline+1","Uppercut+1","Whirlwind+1","Pommel Strike","Flex+1","Flex+1","Double Tap","Whirlwind+1","Cleave+1","Necronomicurse","Shrug It Off+1"],"relics":["Burning Blood","Strawberry","Potion Belt","Art of War","Juzu Bracelet","Busted Crown","DollysMirror","Necronomicon","Orichalcum","Shuriken","Happy Flower","The Courier","Velvet Choker","Vajra","Sundial","HornCleat","Oddly Smooth Stone","Charon\u0027s Ashes","Pen Nib","Ancient Tea Set"],"acts_visited":["Exordium","TheCity","TheBeyond"],"potions_floor_usage":[21,33,48,50,50],"damage_taken":[{"damage":6,"enemies":"Cultist","floor":1,"turns":3},{"damage":4,"enemies":"Small Slimes","floor":2,"turns":4},{"damage":4,"enemies":"Jaw Worm","floor":4,"turns":3},{"damage":8,"enemies":"Blue Slaver","floor":5,"turns":4},{"damage":50,"enemies":"3 Sentries","floor":8,"turns":7},{"damage":0,"enemies":"Large Slime","floor":14,"turns":3},{"damage":55,"enemies":"The Guardian","floor":16,"turns":12},{"damage":0,"enemies":"3 Byrds","floor":18,"turns":1},{"damage":4,"enemies":"Shell Parasite","floor":19,"turns":3},{"damage":32,"enemies":"Shelled Parasite and Fungi","floor":21,"turns":3},{"damage":30,"enemies":"Book of Stabbing","floor":24,"turns":3},{"damage":14,"enemies":"Snake Plant","floor":28,"turns":2},{"damage":5,"enemies":"Sentry and Sphere","floor":30,"turns":3},{"damage":24,"enemies":"Slavers","floor":31,"turns":2},{"damage":21,"enemies":"Champ","floor":33,"turns":4},{"damage":10,"enemies":"Orb Walker","floor":35,"turns":2},{"damage":0,"enemies":"3 Shapes","floor":36,"turns":1},{"damage":13,"enemies":"Transient","floor":39,"turns":5},{"damage":31,"enemies":"Reptomancer","floor":41,"turns":3},{"damage":9,"enemies":"Nemesis","floor":45,"turns":3},{"damage":15,"enemies":"2 Orb Walkers","floor":46,"turns":3},{"damage":2,"enemies":"Jaw Worm Horde","floor":48,"turns":3},{"damage":69,"enemies":"Time Eater","floor":50,"turns":7}],"seed_played":"1736691220231027818","potions_obtained":[{"floor":1,"key":"FairyPotion"},{"floor":8,"key":"Ancient Potion"},{"floor":16,"key":"DistilledChaos"},{"floor":18,"key":"Energy Potion"},{"floor":21,"key":"CultistPotion"},{"floor":30,"key":"ElixirPotion"},{"floor":33,"key":"DuplicationPotion"},{"floor":39,"key":"SpeedPotion"},{"floor":41,"key":"DistilledChaos"},{"floor":45,"key":"Energy Potion"}],"is_trial":false,"path_per_floor":["M","M","$","M","M","?","?","E","T","$","R","T","?","M","R","B",null,"M","M","$","M","?","R","E","R","T","R","M","?","M","E","R","B",null,"M","M","?","?","M","R","E","R","T","R","E","?","$","M","R","B",null],"character_chosen":"IRONCLAD","items_purchased":["Whirlwind","Flex","DollysMirror","Cleave","Pen Nib","Ancient Tea Set"],"campfire_rested":3,"item_purchase_floors":[3,10,20,20,47,47],"current_hp_per_floor":[87,87,87,87,85,85,90,46,46,46,46,46,35,41,41,19,92,92,92,92,66,50,77,53,53,53,53,45,45,46,28,55,40,92,88,92,92,92,85,85,60,60,60,87,84,75,75,79,79,16],"gold":68,"neow_bonus":"RANDOM_COMMON_RELIC","is_daily":false,"chose_seed":false,"campfire_upgraded":7,"win_rate":0.0,"timestamp":1610216488,"path_taken":["M","?","$","M","M","?","?","E","T","$","R","?","?","M","R","BOSS","M","M","$","M","?","R","E","R","T","R","M","?","M","E","R","BOSS","M","M","?","?","M","R","E","R","T","R","E","?","$","M","R","BOSS"],"items_purchased_type":["Card","Card","Relic","Card","Relic","Relic"],"build_version":"2020-12-22","purchased_purges":2,"victory":true,"max_hp_per_floor":[87,87,87,87,87,87,92,92,92,92,92,92,92,92,92,92,92,92,92,92,92,92,92,92,92,92,92,92,92,92,92,92,92,92,92,92,92,92,92,92,92,92,92,92,92,92,92,92,92,92],"card_choices":[{"not_picked":["Fire Breathing","True Grit"],"picked":"Clothesline","floor":1},{"not_picked":["Hemokinesis","Cleave"],"picked":"Uppercut","floor":2},{"not_picked":["Fire Breathing","Heavy Blade"],"picked":"Pommel Strike","floor":4},{"not_picked":["Twin Strike","Sever Soul"],"picked":"Flex","floor":5},{"not_picked":["Bloodletting","Heavy Blade","Twin Strike"],"picked":"SKIP","floor":8},{"not_picked":["Feel No Pain","Dark Embrace","Evolve"],"picked":"SKIP","floor":14},{"not_picked":["Impervious","Brutality"],"picked":"Double Tap","floor":16},{"not_picked":["Iron Wave"],"picked":"SKIP","floor":18},{"not_picked":["Heavy Blade+1"],"picked":"SKIP","floor":19},{"not_picked":["Power Through"],"picked":"SKIP","floor":21},{"not_picked":["Evolve+1"],"picked":"SKIP","floor":24},{"not_picked":["Warcry"],"picked":"SKIP","floor":28},{"not_picked":["Heavy Blade+1"],"picked":"SKIP","floor":30},{"not_picked":["Evolve"],"picked":"SKIP","floor":31},{"not_picked":["Reckless Charge+1"],"picked":"SKIP","floor":35},{"not_picked":["Cleave"],"picked":"SKIP","floor":36},{"not_picked":[],"picked":"Shrug It Off+1","floor":39},{"not_picked":["Iron Wave+1"],"picked":"SKIP","floor":41},{"not_picked":["Blood for Blood"],"picked":"SKIP","floor":45},{"not_picked":["Clash"],"picked":"SKIP","floor":48}],"player_experience":266822,"relics_obtained":[{"floor":8,"key":"Potion Belt"},{"floor":9,"key":"Art of War"},{"floor":12,"key":"Juzu Bracelet"},{"floor":22,"key":"Necronomicon"},{"floor":24,"key":"Orichalcum"},{"floor":26,"key":"Shuriken"},{"floor":31,"key":"The Courier"},{"floor":41,"key":"Sundial"},{"floor":43,"key":"HornCleat"},{"floor":45,"key":"Oddly Smooth Stone"},{"floor":46,"key":"Charon\u0027s Ashes"}],"event_choices":[{"damage_healed":0,"gold_gain":0,"player_choice":"Ignored","damage_taken":0,"max_hp_gain":0,"max_hp_loss":0,"event_name":"Liars Game","floor":6,"gold_loss":0},{"damage_healed":0,"gold_gain":0,"player_choice":"Donut","damage_taken":0,"max_hp_gain":5,"max_hp_loss":0,"event_name":"Big Fish","floor":7,"gold_loss":0},{"damage_healed":0,"gold_gain":75,"player_choice":"Gather Gold","damage_taken":11,"max_hp_gain":0,"max_hp_loss":0,"event_name":"World of Goop","floor":13,"gold_loss":0},{"damage_healed":0,"gold_gain":0,"player_choice":"Obtained Book","damage_taken":16,"max_hp_gain":0,"max_hp_loss":0,"event_name":"Cursed Tome","floor":22,"gold_loss":0},{"damage_healed":0,"gold_gain":0,"player_choice":"Opened","damage_taken":0,"relics_obtained":["Happy Flower"],"max_hp_gain":0,"max_hp_loss":0,"event_name":"The Mausoleum","floor":29,"gold_loss":0},{"damage_healed":0,"gold_gain":0,"player_choice":"Paid Gold","damage_taken":0,"relics_obtained":["Vajra"],"max_hp_gain":0,"max_hp_loss":0,"event_name":"WeMeetAgain","floor":37,"gold_loss":112},{"damage_healed":0,"gold_gain":0,"player_choice":"Ignored","damage_taken":0,"max_hp_gain":0,"max_hp_loss":0,"event_name":"Tomb of Lord Red Mask","floor":38,"gold_loss":0},{"damage_healed":0,"gold_gain":0,"player_choice":"Fight","damage_taken":0,"max_hp_gain":0,"max_hp_loss":0,"event_name":"Mysterious Sphere","floor":46,"gold_loss":0}],"is_beta":false,"boss_relics":[{"not_picked":["Sozu","Tiny House"],"picked":"Busted Crown"},{"not_picked":["Snecko Eye","Black Blood"],"picked":"Velvet Choker"}],"items_purged_floors":[20,47],"is_endless":false,"potions_floor_spawned":[1,8,16,18,21,30,33,39,41,45],"ascension_level":4}}