{"host":"ty2cix8xj6r3ad26","time":1610154482,"event":{"mods":["AchievementEnabler","BaseMod","BetterRewards","Minty Spire (QoL Compilation)","StSLib","SuperFastMode"],"gold_per_floor":[109,129,129,129,144,144,184,199,199,199,223,223,246,261,261,261,261],"floor_reached":16,"playtime":757,"items_purged":["Strike_P","Defend_P","Strike_P"],"score":104,"play_id":"9a0824a4-d4ce-45f3-a6f2-07d3c0deab72","local_time":"20210109030802","is_ascension_mode":false,"campfire_choices":[{"data":"Eruption","floor":6,"key":"SMITH"},{"floor":10,"key":"REST"},{"data":"Vigilance","floor":12,"key":"SMITH"},{"floor":15,"key":"REST"}],"circlet_count":0,"master_deck":["Strike_P","Strike_P","Defend_P","Defend_P","Defend_P","Eruption+1","Vigilance+1","EmptyMind","Consecrate","EmptyMind"],"relics":["PureWater","Blue Candle","Golden Idol","Ancient Tea Set","Juzu Bracelet"],"acts_visited":["Exordium"],"potions_floor_usage":[7,8,16],"damage_taken":[{"damage":0,"enemies":"Small Slimes","floor":1,"turns":3},{"damage":0,"enemies":"Jaw Worm","floor":2,"turns":4},{"damage":0,"enemies":"2 Louse","floor":5,"turns":3},{"damage":45,"enemies":"Gremlin Nob","floor":7,"turns":5},{"damage":0,"enemies":"Lots of Slimes","floor":8,"turns":3},{"damage":0,"enemies":"Exordium Wildlife","floor":11,"turns":2},{"damage":0,"enemies":"Large Slime","floor":13,"turns":3},{"damage":0,"enemies":"2 Fungi Beasts","floor":14,"turns":2},{"damage":55,"enemies":"Hexaghost","floor":16,"turns":11}],"seed_played":"-3713086447744560114","potions_obtained":[{"floor":1,"key":"AttackPotion"},{"floor":7,"key":"Block Potion"},{"floor":14,"key":"GamblersBrew"}],"is_trial":false,"path_per_floor":["M","M","?","?","M","R","E","M","T","R","M","R","M","M","R","B"],"character_chosen":"WATCHER","items_purchased":["EmptyMind","Consecrate","Blue Candle"],"campfire_rested":2,"item_purchase_floors":[0,0,0],"current_hp_per_floor":[40,40,22,46,46,46,1,1,1,22,22,22,22,22,43,0,0],"gold":261,"neow_bonus":"","is_daily":false,"chose_seed":false,"campfire_upgraded":2,"win_rate":0.0,"timestamp":1610154482,"path_taken":["M","M","?","?","M","R","E","M","T","R","M","R","M","M","R","BOSS"],"items_purchased_type":["Card","Card","Relic"],"build_version":"2020-12-22","purchased_purges":3,"victory":false,"max_hp_per_floor":[72,72,72,72,72,72,72,72,72,72,72,72,72,72,72,72,72],"card_choices":[{"not_picked":["Wireheading","Crescendo"],"picked":"EmptyMind","floor":1},{"not_picked":["Collect","PathToVictory","Protect"],"picked":"SKIP","floor":2},{"not_picked":["FlurryOfBlows","Protect","Crescendo"],"picked":"SKIP","floor":5},{"not_picked":["Wireheading","Vault","Prostrate"],"picked":"SKIP","floor":7},{"not_picked":["CutThroughFate","Worship","FlyingSleeves"],"picked":"SKIP","floor":8},{"not_picked":["ClearTheMind","Consecrate","Weave"],"picked":"SKIP","floor":11},{"not_picked":["ForeignInfluence","BowlingBash","SpiritShield"],"picked":"SKIP","floor":13},{"not_picked":["WindmillStrike","CarveReality","Sanctity"],"picked":"SKIP","floor":14}],"player_experience":462677,"relics_obtained":[{"floor":7,"key":"Ancient Tea Set"},{"floor":9,"key":"Juzu Bracelet"}],"event_choices":[{"damage_healed":0,"gold_gain":0,"player_choice":"Take Damage","damage_taken":18,"relics_obtained":["Golden Idol"],"max_hp_gain":0,"max_hp_loss":0,"event_name":"Golden Idol","floor":3,"gold_loss":0},{"damage_healed":24,"gold_gain":0,"player_choice":"Banana","damage_taken":0,"max_hp_gain":0,"max_hp_loss":0,"event_name":"Big Fish","floor":4,"gold_loss":0}],"is_beta":false,"boss_relics":[],"items_purged_floors":[0,0,0],"is_endless":false,"potions_floor_spawned":[1,7,14],"killed_by":"Hexaghost","ascension_level":0}}