{"host":"pno9h1fupbyz205f","time":1610151955,"event":{"mods":["Aspiration","BaseMod","Better Altar","Better Match","Better Note","Better Sensory Stone","Better Skull","Better Third Choice","Colored Map","Colored Powertips","Hubris","Infinite Spire","Jedi Mod","Mad Scientist","Marisa????????","Minty Spire (QoL Compilation)","Permanent Neow","Potionbrewer","Replay The Spire","Shop Mod","StSLib","Td1madao Mod","The Blackbeard","The Gatherer","The Hierophant","The Poker Player","The Runesmith","The Servant 0.9.4","thorton","vexMod"],"gold_per_floor":[114,39,77,77,12,12,12,12,12,25,63,72,97,97,97,97,97],"floor_reached":16,"playtime":481,"items_purged":["MadScienceMod:AntimatterBomb"],"score":96,"play_id":"030d7df0-a1c7-47e7-8a03-4a011737c55d","local_time":"20210108162555","daily_mods":["Draft","Heirloom","Time Dilation","Flight"],"is_ascension_mode":false,"campfire_choices":[{"data":"MadScienceMod:Refuel","floor":6,"key":"SMITH"},{"data":"MadScienceMod:Refuel+1","floor":7,"key":"SMITH"},{"data":"MadScienceMod:Refuel+2","floor":8,"key":"SMITH"},{"data":"MadScienceMod:Browse+1","floor":15,"key":"SMITH"}],"circlet_count":0,"master_deck":["MadScienceMod:Lightbulb","MadScienceMod:ExploreOptions","MadScienceMod:OilDrum","MadScienceMod:ExploreOptions","MadScienceMod:OilDrum","MadScienceMod:FlammableWall","MadScienceMod:Sprocket","MadScienceMod:AutoStrike","MadScienceMod:OilDrum","MadScienceMod:PowerArmor","MadScienceMod:SoftenUp","MadScienceMod:Refuel+3","MadScienceMod:AutoStrike","MadScienceMod:Browse+2","MadScienceMod:AutoStrike","MadScienceMod:FlexibleSpear","MadScienceMod:FlameCannon"],"relics":["MadScienceMod:FuelTank","hubris:MedicalManual","Du-Vu Doll","infinitespire:WardingShard","vexMod:RedPlottingStone","HornCleat","CeramicFish"],"acts_visited":["Exordium"],"potions_floor_usage":[11,16],"damage_taken":[{"damage":5,"enemies":"Cultist","floor":1,"turns":4},{"damage":0,"enemies":"Small Slimes","floor":10,"turns":3},{"damage":3,"enemies":"Gremlin Nob","floor":11,"turns":5},{"damage":4,"enemies":"Jaw Worm","floor":13,"turns":4},{"damage":10,"enemies":"The Guardian","floor":16,"turns":5}],"seed_played":"-1352623925697173683","potions_obtained":[{"floor":1,"key":"jedi:wingpotion"},{"floor":10,"key":"Toxic Potion"},{"floor":13,"key":"MadScienceMod:TrinketPotion"}],"is_trial":true,"path_per_floor":["M","$","?","T","?","R","R","R","T","M","E","?","M","?","R","B"],"character_chosen":"MAD_SCIENTIST","items_purchased":[],"campfire_rested":0,"item_purchase_floors":[],"current_hp_per_floor":[70,70,52,52,52,52,52,52,52,52,49,49,45,45,45,35,35],"gold":97,"neow_bonus":"","is_daily":false,"chose_seed":false,"campfire_upgraded":4,"win_rate":0.0,"timestamp":1610151955,"path_taken":["M","$","?","?","?","R","R","R","T","?","E","?","?","?","R","BOSS"],"items_purchased_type":[],"build_version":"2020-12-22","purchased_purges":1,"victory":false,"max_hp_per_floor":[75,75,75,75,75,75,75,75,75,75,75,75,75,75,75,75,75],"card_choices":[{"not_picked":["MadScienceMod:Refuel","MadScienceMod:AutoStrike"],"picked":"MadScienceMod:Lightbulb","floor":0},{"not_picked":["MadScienceMod:ShrinkRay","MadScienceMod:Tune"],"picked":"MadScienceMod:ExploreOptions","floor":0},{"not_picked":["MadScienceMod:MechanicalClaw","MadScienceMod:BandageBot"],"picked":"MadScienceMod:OilDrum","floor":0},{"not_picked":["MadScienceMod:Strafe","MadScienceMod:Browse"],"picked":"MadScienceMod:ExploreOptions","floor":0},{"not_picked":["MadScienceMod:FlameCannon","MadScienceMod:NowOrNever"],"picked":"MadScienceMod:OilDrum","floor":0},{"not_picked":["MadScienceMod:Weaponize","MadScienceMod:FragmentationGrenade"],"picked":"MadScienceMod:FlammableWall","floor":0},{"not_picked":["MadScienceMod:FlexibleSpear","MadScienceMod:EnergyBarrier"],"picked":"MadScienceMod:Sprocket","floor":0},{"not_picked":["MadScienceMod:Detonate","MadScienceMod:Virus"],"picked":"MadScienceMod:AutoStrike","floor":0},{"not_picked":["MadScienceMod:RadioactiveSword","MadScienceMod:CaptureMomentum"],"picked":"MadScienceMod:Probe","floor":0},{"not_picked":["MadScienceMod:Tune","MadScienceMod:JunkLaser"],"picked":"MadScienceMod:AntimatterBomb","floor":0},{"not_picked":["MadScienceMod:Strafe","MadScienceMod:BandageBot"],"picked":"MadScienceMod:OilDrum","floor":0},{"not_picked":["MadScienceMod:Virus","MadScienceMod:CaptureMomentum"],"picked":"MadScienceMod:PowerArmor","floor":0},{"not_picked":["MadScienceMod:ShrinkRay","MadScienceMod:Detonate"],"picked":"MadScienceMod:SoftenUp","floor":0},{"not_picked":["MadScienceMod:EnergyBarrier","MadScienceMod:FlammableWall"],"picked":"MadScienceMod:Refuel","floor":0},{"not_picked":["MadScienceMod:AntimatterBomb","MadScienceMod:FragmentationGrenade"],"picked":"MadScienceMod:AutoStrike","floor":0},{"not_picked":["MadScienceMod:NowOrNever","MadScienceMod:OilDrum","MadScienceMod:EnergyBarrier"],"picked":"SKIP","floor":1},{"not_picked":["MadScienceMod:CaptureMomentum","MadScienceMod:Strafe"],"picked":"MadScienceMod:Browse","floor":3},{"not_picked":["MadScienceMod:NowOrNever","MadScienceMod:EnergyBarrier","MadScienceMod:Strafe"],"picked":"SKIP","floor":10},{"not_picked":["MadScienceMod:MakeOrBreak","MadScienceMod:NowOrNever"],"picked":"MadScienceMod:AutoStrike","floor":11},{"not_picked":["MadScienceMod:RecyclingStation","MadScienceMod:MinatureWeapons"],"picked":"MadScienceMod:FlameCannon","floor":13}],"player_experience":128951,"relics_obtained":[{"floor":3,"key":"Du-Vu Doll"},{"floor":4,"key":"infinitespire:WardingShard"},{"floor":9,"key":"HornCleat"},{"floor":11,"key":"CeramicFish"}],"event_choices":[{"damage_healed":0,"gold_gain":0,"player_choice":"Paid Gold","damage_taken":0,"relics_obtained":["vexMod:RedPlottingStone"],"max_hp_gain":0,"max_hp_loss":0,"event_name":"WeMeetAgain","floor":5,"gold_loss":65},{"damage_healed":0,"gold_gain":0,"cards_transformed":["MadScienceMod:Probe"],"player_choice":"Transformed","damage_taken":0,"max_hp_gain":0,"max_hp_loss":0,"event_name":"Transmorgrifier","floor":12,"gold_loss":0,"cards_obtained":["MadScienceMod:FlexibleSpear"]},{"damage_healed":0,"gold_gain":0,"player_choice":"Upgraded","damage_taken":0,"max_hp_gain":0,"max_hp_loss":0,"event_name":"Upgrade Shrine","floor":14,"gold_loss":0,"cards_upgraded":["MadScienceMod:Browse"]}],"is_beta":false,"boss_relics":[],"items_purged_floors":[2],"is_endless":false,"potions_floor_spawned":[1,10,13],"killed_by":"The Guardian","ascension_level":0}}