{"host":"64agj841g523yxf2","time":1610205893,"event":{"mods":["BaseMod","ChefMod","Hermit","Minty Spire (QoL Compilation)","Remilia??????","Replay The Spire","StSLib","SuperFastMode","The Bug Knight","The Construct","The Cursed","The Disciple","The Hierophant","The Marked","The Mystic","The Necromancer","The Poker Player","The Senshi","The Servant 0.9.4","Yuyuko"],"gold_per_floor":[119,131,6,16,16,42,42,240,240,240,253,253,269,269,269,395,395,409,409,409,409],"floor_reached":20,"playtime":1520,"items_purged":[],"score":172,"play_id":"a6b17c1c-ec19-47be-9b50-ad89cbbdfde6","local_time":"20210109162453","is_ascension_mode":false,"campfire_choices":[{"data":"chefmod:TodaysSpecial","floor":7,"key":"SMITH"},{"floor":10,"key":"REST"},{"data":"chefmod:Granita","floor":12,"key":"SMITH"},{"data":"chefmod:QuickThaw","floor":15,"key":"SMITH"}],"circlet_count":0,"master_deck":["chefmod:Strike","chefmod:Strike","chefmod:QuickThaw+1","chefmod:Defend","chefmod:Defend","chefmod:Defend","chefmod:Defend","chefmod:TodaysSpecial+1","chefmod:FireUp","chefmod:DoubleChop+1","chefmod:QuickChop","chefmod:ColdSteel","chefmod:QuickChop","chefmod:ColdSteel+1","chefmod:DinoKale","chefmod:Granita+1","chefmod:Fillet+1","Injury","chefmod:SushiPlatter","Envy_TH"],"relics":["chefmod:TrustyPot","Molten Egg 2","ReplayTheSpireMod:Lightbulb","Golden Idol","Replay:Bronze Core"],"acts_visited":["Exordium","TheCity"],"potions_floor_usage":[],"damage_taken":[{"damage":0,"enemies":"Jaw Worm","floor":1,"turns":3},{"damage":0,"enemies":"2 Louse","floor":2,"turns":2},{"damage":0,"enemies":"Cultist","floor":4,"turns":4},{"damage":13,"enemies":"Gremlin Nob","floor":6,"turns":4},{"damage":0,"enemies":"3 Louse","floor":11,"turns":4},{"damage":4,"enemies":"Large Slime","floor":13,"turns":5},{"damage":51,"enemies":"The Guardian","floor":16,"turns":10},{"damage":16,"enemies":"Spheric Guardian","floor":18,"turns":5},{"damage":68,"enemies":"Cultist and Chosen","floor":20,"turns":6}],"seed_played":"-4772153139118605788","potions_obtained":[{"floor":13,"key":"SteroidPotion"},{"floor":16,"key":"Swift Potion"},{"floor":18,"key":"Explosive Potion"}],"is_trial":false,"path_per_floor":["M","M","$","M","?","E","R","?","T","R","M","R","M","?","R","B",null,"M","?","M"],"character_chosen":"THE_CHEF","items_purchased":["chefmod:QuickChop","chefmod:ColdSteel"],"campfire_rested":1,"item_purchase_floors":[3,3],"current_hp_per_floor":[83,83,83,83,83,70,70,37,37,61,61,61,57,57,57,6,83,67,67,0,0],"gold":409,"neow_bonus":"TEN_PERCENT_HP_BONUS","is_daily":false,"chose_seed":false,"campfire_upgraded":3,"win_rate":0.0,"timestamp":1610205893,"path_taken":["M","M","$","M","?","E","R","?","T","R","?","R","M","?","R","BOSS","M","?","M"],"items_purchased_type":["Card","Card"],"build_version":"2020-12-22","purchased_purges":0,"victory":false,"max_hp_per_floor":[83,83,83,83,83,83,83,83,83,83,83,83,83,83,83,83,83,83,83,83,83],"card_choices":[{"not_picked":["chefmod:Fillet","chefmod:Gelato"],"picked":"chefmod:FireUp","floor":1},{"not_picked":["chefmod:HotSoup","chefmod:Chop"],"picked":"chefmod:DoubleChop","floor":2},{"not_picked":["chefmod:FryPan","chefmod:NewMenu"],"picked":"chefmod:QuickChop","floor":4},{"not_picked":["chefmod:SearedScallops","chefmod:PrepCook"],"picked":"chefmod:ColdSteel+1","floor":6},{"not_picked":["chefmod:SaveForLater","chefmod:AlooGobi"],"picked":"chefmod:DinoKale","floor":8},{"not_picked":["chefmod:DimSum","chefmod:Sorbet"],"picked":"chefmod:Granita","floor":11},{"not_picked":["chefmod:DinoKale","chefmod:Canape"],"picked":"chefmod:Fillet+1","floor":13},{"not_picked":["chefmod:FullCourseMeal","chefmod:BananaSplit"],"picked":"chefmod:SushiPlatter","floor":16},{"not_picked":["chefmod:IcePick+1","chefmod:Fillet+1","chefmod:Granita"],"picked":"SKIP","floor":18}],"player_experience":299678,"relics_obtained":[{"floor":6,"key":"Molten Egg 2"},{"floor":9,"key":"ReplayTheSpireMod:Lightbulb"}],"event_choices":[{"damage_healed":0,"gold_gain":0,"player_choice":"Grow","damage_taken":0,"max_hp_gain":0,"max_hp_loss":0,"event_name":"Living Wall","floor":5,"gold_loss":0,"cards_upgraded":["chefmod:DoubleChop"]},{"damage_healed":0,"gold_gain":0,"player_choice":"Take Wound","damage_taken":0,"relics_obtained":["Golden Idol"],"max_hp_gain":0,"max_hp_loss":0,"event_name":"Golden Idol","floor":14,"gold_loss":0,"cards_obtained":["Injury"]}],"is_beta":false,"boss_relics":[{"not_picked":["chefmod:PepperMill","Calling Bell"],"picked":"Replay:Bronze Core"}],"items_purged_floors":[],"is_endless":false,"potions_floor_spawned":[13,16,18],"killed_by":"Cultist and Chosen","ascension_level":0}}