{"host":"a2lvm7nbw6nkrc91","time":1610185718,"event":{"mods":["BaseMod","Friendly Minions","Hermit","Lobotomy","Minty Spire (QoL Compilation)","Replay The Spire","StSLib"],"gold_per_floor":[119,138,158,158,173,173,178,178],"floor_reached":7,"playtime":225,"items_purged":[],"score":43,"play_id":"826fd3c7-cec6-4da6-b096-35f9b84f772c","local_time":"20210109184838","is_ascension_mode":false,"campfire_choices":[{"floor":6,"key":"REST"}],"circlet_count":0,"master_deck":["hermit:Strike_Hermit","hermit:Strike_Hermit","hermit:Strike_Hermit","hermit:Strike_Hermit","hermit:Defend_Hermit","hermit:Defend_Hermit","hermit:Defend_Hermit","hermit:Defend_Hermit","hermit:Snapshot","hermit:Covet","VoidDream","hermit:LowProfile","DreamingCurrent","hermit:Ricochet","Scorched","hermit:Scavenge","PunishingBird","hermit:HoleUp"],"relics":["hermit:Momento","CogitoBucket","GremlinMask"],"acts_visited":["Exordium"],"potions_floor_usage":[7],"damage_taken":[{"damage":5,"enemies":"Small Slimes","floor":1,"turns":3},{"damage":1,"enemies":"Cultist","floor":2,"turns":3},{"damage":0,"enemies":"2 Louse","floor":3,"turns":2},{"damage":30,"enemies":"Lots of Slimes","floor":5,"turns":1},{"damage":76,"enemies":"Replay:BlueRogue","floor":7,"turns":4}],"seed_played":"-3084535810537664836","potions_obtained":[{"floor":2,"key":"Languid Potion"}],"is_trial":false,"path_per_floor":["M","M","M","?","M","R","E"],"character_chosen":"HERMIT","items_purchased":[],"campfire_rested":1,"item_purchase_floors":[],"current_hp_per_floor":[70,69,69,69,39,61,0,0],"gold":178,"neow_bonus":"","is_daily":false,"chose_seed":false,"campfire_upgraded":0,"win_rate":0.0,"timestamp":1610185718,"path_taken":["M","M","M","?","?","R","E"],"items_purchased_type":[],"build_version":"2020-12-22","purchased_purges":0,"victory":false,"max_hp_per_floor":[75,75,75,75,75,75,75,75],"card_choices":[{"not_picked":["LongBird","Bloodbath"],"picked":"VoidDream","floor":1},{"not_picked":["hermit:Coalescence","hermit:Quickdraw"],"picked":"hermit:LowProfile","floor":1},{"not_picked":["ShyLook","LongBird"],"picked":"DreamingCurrent","floor":2},{"not_picked":["hermit:BodyArmor","hermit:ItchyTrigger"],"picked":"hermit:Ricochet","floor":2},{"not_picked":["Wellcheers","ShyLook"],"picked":"Scorched","floor":3},{"not_picked":["hermit:Gestalt","hermit:LuckOfTheDraw"],"picked":"hermit:Scavenge","floor":3},{"not_picked":["Alriune","Murderer"],"picked":"PunishingBird","floor":5},{"not_picked":["hermit:Malice","hermit:Quickdraw"],"picked":"hermit:HoleUp","floor":5}],"player_experience":502161,"relics_obtained":[],"event_choices":[{"damage_healed":0,"gold_gain":0,"player_choice":"Trade","damage_taken":0,"relics_obtained":["GremlinMask"],"max_hp_gain":0,"max_hp_loss":0,"event_name":"FaceTrader","floor":4,"gold_loss":0}],"is_beta":false,"boss_relics":[],"items_purged_floors":[],"is_endless":false,"potions_floor_spawned":[2],"killed_by":"Replay:BlueRogue","ascension_level":0}}