{"host":"14y9n3v2xxmmniak","time":1610211852,"event":{"mods":["Bartender","BaseMod","Colored Map","Colored Powertips","Dark Map","Dio Mod","Minty Spire (QoL Compilation)","Pikachu Mod","Rare Cards Sparkle","Relic Stats","StSLib","The Saiyan","The Vixen","The Wild Card"],"gold_per_floor":[118,128,142,142,162,162,189,189,189,217,227,245,263,263,263,263,263],"floor_reached":16,"playtime":1514,"items_purged":[],"score":114,"play_id":"7bf75cf1-1edd-43e1-b589-1e05559b7b25","local_time":"20210109110412","is_ascension_mode":false,"campfire_choices":[{"data":"Well_Drinks","floor":6,"key":"SMITH"},{"data":"Liquid_Armor","floor":8,"key":"SMITH"},{"data":"Dart","floor":15,"key":"SMITH"}],"circlet_count":0,"master_deck":["Strike_Bartender","Strike_Bartender","Strike_Bartender+1","Strike_Bartender+1","Defend_Bartender","Defend_Bartender","Defend_Bartender","Defend_Bartender","Somersault","Center_Self","Well_Drinks+1","Step_Of_The_Wind","Bloodbath_Bartender","Liquid_Armor+1","Axe_Heel_Kick","Meteodrive","Dancing_Jab","Dart+1"],"relics":["Sneakers","NeowsBlessing","TungstenRod","Mummified Hand","Mercury Hourglass","Whetstone","FossilizedHelix"],"acts_visited":["Exordium"],"potions_floor_usage":[10,16,16],"damage_taken":[{"damage":0,"enemies":"Cultist","floor":1,"turns":1},{"damage":0,"enemies":"2 Louse","floor":2,"turns":1},{"damage":0,"enemies":"Jaw Worm","floor":3,"turns":1},{"damage":0,"enemies":"Exordium Thugs","floor":5,"turns":7},{"damage":3,"enemies":"Lagavulin","floor":7,"turns":6},{"damage":40,"enemies":"Gremlin Nob","floor":10,"turns":7},{"damage":0,"enemies":"Blue Slaver","floor":11,"turns":4},{"damage":5,"enemies":"3 Louse","floor":12,"turns":3},{"damage":9,"enemies":"2 Fungi Beasts","floor":13,"turns":4},{"damage":28,"enemies":"The Guardian","floor":16,"turns":10}],"seed_played":"4183886341769503661","potions_obtained":[{"floor":2,"key":"DuplicationPotion"},{"floor":7,"key":"PowerPotion"},{"floor":11,"key":"AttackPotion"},{"floor":12,"key":"Regen Potion"}],"is_trial":false,"path_per_floor":["M","M","M","?","M","R","E","R","T","E","M","M","M","T","R","B"],"character_chosen":"BARTENDER","items_purchased":[],"campfire_rested":0,"item_purchase_floors":[],"current_hp_per_floor":[70,70,70,70,70,70,67,67,67,27,27,22,13,13,13,0,0],"gold":263,"neow_bonus":"THREE_ENEMY_KILL","is_daily":false,"chose_seed":false,"campfire_upgraded":3,"win_rate":0.0,"timestamp":1610211852,"path_taken":["M","M","?","?","?","R","E","R","T","E","M","M","M","?","R","BOSS"],"items_purchased_type":[],"build_version":"2020-12-22","purchased_purges":0,"victory":false,"max_hp_per_floor":[70,70,70,70,70,70,70,70,70,70,70,70,70,70,70,70,70],"relic_stats":{"counters":[10,41],"Mummified Hand":[6],"Whetstone":["Strike_Bartender","Strike_Bartender"],"obtain_stats":[{"Sneakers":0,"NeowsBlessing":0,"Mummified Hand":7,"Whetstone":10,"TungstenRod":4,"FossilizedHelix":14,"Mercury Hourglass":9},{"Sneakers":0,"NeowsBlessing":0,"Mummified Hand":5,"Whetstone":6,"TungstenRod":3,"FossilizedHelix":9,"Mercury Hourglass":5},{"Sneakers":0,"NeowsBlessing":0,"Mummified Hand":16,"Whetstone":22,"TungstenRod":3,"FossilizedHelix":31,"Mercury Hourglass":16}],"TungstenRod":24,"Mercury Hourglass":[92]},"card_choices":[{"not_picked":["Pony_Shot","Dancing_Jab"],"picked":"Center_Self","floor":1},{"not_picked":["Ball_Of_Ice","Center_Self"],"picked":"Well_Drinks","floor":2},{"not_picked":["Greased_Lightning","Center_Self"],"picked":"Step_Of_The_Wind","floor":3},{"not_picked":["Fight_Dirty","Torment"],"picked":"Bloodbath_Bartender","floor":5},{"not_picked":["Raptor_Form","Dragonkick"],"picked":"Liquid_Armor","floor":7},{"not_picked":["Feint","Snap_Punch"],"picked":"Axe_Heel_Kick","floor":10},{"not_picked":["Bitters","ThreeSidedStar"],"picked":"Meteodrive","floor":11},{"not_picked":["Fading_Blow","On_The_Rocks"],"picked":"Dancing_Jab","floor":12},{"not_picked":["Wall_of_Ice","Stick_and_Move"],"picked":"Dart","floor":13}],"player_experience":10323,"relics_obtained":[{"floor":7,"key":"Mummified Hand"},{"floor":9,"key":"Mercury Hourglass"},{"floor":10,"key":"Whetstone"},{"floor":14,"key":"FossilizedHelix"}],"event_choices":[{"damage_healed":0,"gold_gain":0,"player_choice":"Gave Potion","damage_taken":0,"relics_obtained":["TungstenRod"],"max_hp_gain":0,"max_hp_loss":0,"event_name":"WeMeetAgain","floor":4,"gold_loss":0}],"is_beta":false,"boss_relics":[],"items_purged_floors":[],"is_endless":false,"potions_floor_spawned":[2,7,11,12],"killed_by":"The Guardian","ascension_level":0}}