{"host":"Qube","time":1610222682,"event":{"mods":["AchievementEnabler","BaseMod","Colored Map","Colored Powertips","Minty Spire (QoL Compilation)","Quick Restart","Random Character Button","StSLib"],"gold_per_floor":[13,13,23,34,54,86,86,116,139,139,7,7,20,53,53,132,132,151,170,170,188,15,15,15],"floor_reached":23,"playtime":1020,"items_purged":[],"score":436,"play_id":"ef59f8ea-4900-4aa8-8e8a-6532b79e23fe","local_time":"20210109120442","is_ascension_mode":true,"campfire_choices":[{"floor":7.0,"key":"REST"},{"data":"Zap","floor":10.0,"key":"SMITH"},{"data":"Dualcast","floor":12.0,"key":"SMITH"},{"data":"Lockon","floor":15.0,"key":"SMITH"}],"circlet_count":0,"master_deck":["AscendersBane","Strike_B","Strike_B","Strike_B","Strike_B","Defend_B","Defend_B","Defend_B","Zap+1","Dualcast+1","Coolheaded","Rip and Tear","Lockon+1","Compile Driver","Coolheaded","Coolheaded","Conserve Battery","Swift Strike","Coolheaded","Coolheaded","Ball Lightning","Creative AI","Sunder","Undo"],"relics":["Cracked Core","Turnip","Omamori","Dream Catcher","Ancient Tea Set","Regal Pillow","Fusion Hammer","WarpedTongs","Lee\u0027s Waffle"],"acts_visited":["Exordium","TheCity"],"potions_floor_usage":[21],"damage_taken":[{"damage":12.0,"enemies":"Jaw Worm","floor":1.0,"turns":4.0},{"damage":0.0,"enemies":"Small Slimes","floor":3.0,"turns":2.0},{"damage":0.0,"enemies":"Cultist","floor":4.0,"turns":3.0},{"damage":4.0,"enemies":"3 Louse","floor":5.0,"turns":2.0},{"damage":22.0,"enemies":"3 Sentries","floor":6.0,"turns":7.0},{"damage":6.0,"enemies":"Gremlin Nob","floor":8.0,"turns":3.0},{"damage":0.0,"enemies":"Red Slaver","floor":13.0,"turns":2.0},{"damage":14.0,"enemies":"3 Sentries","floor":14.0,"turns":8.0},{"damage":36.0,"enemies":"Hexaghost","floor":16.0,"turns":10.0},{"damage":1.0,"enemies":"Spheric Guardian","floor":18.0,"turns":4.0},{"damage":12.0,"enemies":"2 Thieves","floor":19.0,"turns":4.0},{"damage":20,"enemies":"Shelled Parasite and Fungi","floor":21,"turns":6},{"damage":46,"enemies":"Book of Stabbing","floor":23,"turns":7}],"seed_played":"7177236166655742897","potions_obtained":[{"floor":1.0,"key":"DistilledChaos"},{"floor":3.0,"key":"EssenceOfDarkness"},{"floor":13.0,"key":"FairyPotion"},{"floor":19.0,"key":"SpeedPotion"},{"floor":21,"key":"Ancient Potion"}],"is_trial":false,"path_per_floor":["M","?","M","M","M","E","R","E","T","R","$","R","M","E","R","B",null,"M","M","?","M","$","E"],"character_chosen":"DEFECT","items_purchased":["Swift Strike","Coolheaded","Lee\u0027s Waffle"],"campfire_rested":1,"item_purchase_floors":[11,11,22],"current_hp_per_floor":[52,52,52,52,48,26,47,41,41,41,41,41,41,27,27,15,57,56,44,44,24,78,32,32],"gold":15,"neow_bonus":"ONE_RARE_RELIC","is_daily":false,"chose_seed":false,"campfire_upgraded":3,"win_rate":0.0,"timestamp":1610222682,"path_taken":["M","?","M","M","M","E","R","E","T","R","$","R","M","E","R","BOSS","M","M","?","M","?","E"],"items_purchased_type":["Card","Card","Relic"],"build_version":"2020-12-18","purchased_purges":0,"victory":false,"max_hp_per_floor":[71,71,71,71,71,71,71,71,71,71,71,71,71,71,71,71,71,71,71,71,71,78,78,78],"card_choices":[{"not_picked":["Aggregate","Gash"],"picked":"Coolheaded","floor":1.0},{"not_picked":["Conserve Battery","Capacitor"],"picked":"Lockon","floor":3.0},{"not_picked":["Lockon","Redo"],"picked":"Compile Driver","floor":4.0},{"not_picked":["BootSequence","Fusion"],"picked":"Coolheaded","floor":5.0},{"not_picked":["Gash","Scrape"],"picked":"Coolheaded","floor":6.0},{"not_picked":["Force Field","Self Repair"],"picked":"Conserve Battery","floor":8.0},{"not_picked":["BootSequence","FTL"],"picked":"Coolheaded","floor":13.0},{"not_picked":["Recycle","Turbo"],"picked":"Ball Lightning","floor":14.0},{"not_picked":["Reboot","Biased Cognition"],"picked":"Creative AI","floor":16.0},{"not_picked":["Sweeping Beam","Rebound","Recycle"],"picked":"SKIP","floor":18.0},{"not_picked":["Redo","Ball Lightning"],"picked":"Sunder","floor":19.0},{"not_picked":["Leap","Ball Lightning"],"picked":"Undo","floor":21}],"player_experience":863279,"relics_obtained":[{"floor":6.0,"key":"Omamori"},{"floor":8.0,"key":"Dream Catcher"},{"floor":9.0,"key":"Ancient Tea Set"},{"floor":14.0,"key":"Regal Pillow"}],"event_choices":[{"damage_healed":0.0,"max_hp_gain":0.0,"max_hp_loss":0.0,"gold_gain":0.0,"cards_transformed":["Defend_B"],"event_name":"Living Wall","player_choice":"Change","floor":2.0,"gold_loss":0.0,"damage_taken":0.0,"cards_obtained":["Rip and Tear"]},{"damage_healed":0.0,"max_hp_gain":0.0,"max_hp_loss":0.0,"gold_gain":0.0,"event_name":"Accursed Blacksmith","player_choice":"Rummage","floor":20.0,"gold_loss":0.0,"damage_taken":0.0,"relics_obtained":["WarpedTongs"],"cards_obtained":["Pain"]}],"is_beta":true,"boss_relics":[{"not_picked":["SlaversCollar","Runic Dome"],"picked":"Fusion Hammer"}],"items_purged_floors":[],"is_endless":false,"potions_floor_spawned":[1,3,13,19,21],"killed_by":"Book of Stabbing","ascension_level":19}}