{"host":"n23juj4d9qam5hh1","time":1610164728,"event":{"mods":["BaseMod","Better Note","BetterRewards","Infinite Spire","Minty Spire (QoL Compilation)","Relic Stats","StSLib"],"gold_per_floor":[212,162,162,16,27,27,27,27,27,42,56,73,91,101,101,205,205,220,200,85,103,103,103,128,128,128,128,141,141,151,171,171,171,171],"floor_reached":33,"playtime":1478,"items_purged":[],"score":371,"play_id":"12cf6697-bc8c-42d2-8111-4454ed4b3693","local_time":"20210108225848","is_ascension_mode":true,"campfire_choices":[{"data":"Dualcast","floor":6.0,"key":"SMITH"},{"data":"Streamline","floor":8.0,"key":"SMITH"},{"data":"Redo","floor":15.0,"key":"SMITH"},{"data":"Static Discharge","floor":23,"key":"SMITH"},{"floor":25,"key":"REST"},{"floor":27,"key":"REST"},{"floor":32,"key":"REST"}],"circlet_count":0,"master_deck":["Strike_B","Defend_B","Defend_B","Zap+1","Dualcast+1","Streamline+1","Self Repair","Coolheaded","Coolheaded","Undo","Redo+1","Rainbow","Leap+1","Scrape+1","Amplify+1","Coolheaded+1","Ball Lightning","Storm","Static Discharge+1","Conserve Battery","Ball Lightning+1","Steam Power+1","infinitespire:Oblivion","Double Energy+1"],"relics":["Cracked Core","MealTicket","infinitespire:WardingShard","Astrolabe","Ancient Tea Set","InkBottle"],"acts_visited":["Exordium","TheCity"],"potions_floor_usage":[18,21],"damage_taken":[{"damage":0.0,"enemies":"Small Slimes","floor":1.0,"turns":2.0},{"damage":0.0,"enemies":"Cultist","floor":5.0,"turns":3.0},{"damage":2.0,"enemies":"2 Louse","floor":10.0,"turns":2.0},{"damage":9.0,"enemies":"Lots of Slimes","floor":11.0,"turns":4.0},{"damage":3.0,"enemies":"2 Fungi Beasts","floor":12.0,"turns":3.0},{"damage":7.0,"enemies":"Blue Slaver","floor":13.0,"turns":3.0},{"damage":18.0,"enemies":"Lots of Slimes","floor":14.0,"turns":5.0},{"damage":0.0,"enemies":"The Guardian","floor":16.0,"turns":13.0},{"damage":16,"enemies":"2 Thieves","floor":18,"turns":4},{"damage":23,"enemies":"Chosen","floor":21,"turns":5},{"damage":39,"enemies":"Gremlin Leader","floor":24,"turns":7},{"damage":17,"enemies":"Sentry and Sphere","floor":28,"turns":3},{"damage":25,"enemies":"Centurion and Healer","floor":30,"turns":7},{"damage":7,"enemies":"Cultist and Chosen","floor":31,"turns":4},{"damage":81,"enemies":"Collector","floor":33,"turns":7}],"seed_played":"-8330578204175212701","potions_obtained":[{"floor":10.0,"key":"Block Potion"},{"floor":12.0,"key":"DistilledChaos"},{"floor":14.0,"key":"Dexterity Potion"},{"floor":19,"key":"Strength Potion"},{"floor":21,"key":"LiquidMemories"}],"is_trial":false,"path_per_floor":["M","?","?","$","M","R","$","R","T","M","M","M","M","M","R","B",null,"M","?","$","M","?","R","E","R","T","R","M","AVR","M","M","R","B"],"character_chosen":"DEFECT","items_purchased":["MealTicket","Ball Lightning","Storm"],"campfire_rested":3,"item_purchase_floors":[4,20,20],"current_hp_per_floor":[75,75,60,60,60,60,75,75,75,73,71,75,75,64,64,71,75,66,66,75,59,59,59,27,49,49,71,68,68,50,43,65,0,0],"gold":171,"neow_bonus":"HUNDRED_GOLD","is_daily":false,"chose_seed":false,"campfire_upgraded":4,"win_rate":0.0,"timestamp":1610164728,"path_taken":["M","?","?","$","M","R","$","R","T","M","M","M","M","M","R","BOSS","M","?","$","?","?","R","E","R","T","R","M","AVR","?","M","R","BOSS"],"items_purchased_type":["Relic","Card","Card"],"build_version":"2020-12-22","purchased_purges":0,"victory":false,"max_hp_per_floor":[75,75,75,75,75,75,75,75,75,75,75,75,75,75,75,75,75,75,75,75,75,75,75,75,75,75,75,75,75,75,75,75,75,75],"relic_stats":{"counters":[15,72],"Astrolabe":["Leap","Scrape","Amplify"],"MealTicket":24,"obtain_stats":[{"infinitespire:WardingShard":9,"Astrolabe":17,"MealTicket":4,"Cracked Core":0,"Ancient Tea Set":24,"InkBottle":26},{"infinitespire:WardingShard":2,"Astrolabe":8,"MealTicket":1,"Cracked Core":0,"Ancient Tea Set":11,"InkBottle":11},{"infinitespire:WardingShard":5,"Astrolabe":35,"MealTicket":2,"Cracked Core":0,"Ancient Tea Set":51,"InkBottle":51}],"InkBottle":[8]},"card_choices":[{"not_picked":["Gash","Hello World"],"picked":"Streamline","floor":1.0},{"not_picked":["Leap","Go for the Eyes"],"picked":"Self Repair","floor":5.0},{"not_picked":["Genetic Algorithm","Stack"],"picked":"Coolheaded","floor":10.0},{"not_picked":["Leap","Stack"],"picked":"Coolheaded","floor":11.0},{"not_picked":["Steam","Gash","Hello World"],"picked":"SKIP","floor":12.0},{"not_picked":["Compile Driver","Hyperbeam"],"picked":"Undo","floor":13.0},{"not_picked":["Steam","Self Repair"],"picked":"Redo","floor":14.0},{"not_picked":["Fission","Meteor Strike"],"picked":"Rainbow","floor":16.0},{"not_picked":["Turbo+1","Leap+1"],"picked":"Coolheaded+1","floor":18},{"not_picked":["Rebound","Stack"],"picked":"Static Discharge","floor":21},{"not_picked":["Beam Cell","Turbo"],"picked":"Ball Lightning+1","floor":24},{"not_picked":["Self Repair","Aggregate"],"picked":"Steam Power+1","floor":28},{"not_picked":["Go for the Eyes+1","Static Discharge+1","Force Field"],"picked":"SKIP","floor":30},{"not_picked":["Rainbow","Hologram"],"picked":"Double Energy+1","floor":31}],"player_experience":234698,"relics_obtained":[{"floor":9.0,"key":"infinitespire:WardingShard"},{"floor":24,"key":"Ancient Tea Set"},{"floor":26,"key":"InkBottle"}],"event_choices":[{"cards_removed":["Strike_B"],"damage_healed":0.0,"max_hp_gain":0.0,"max_hp_loss":0.0,"gold_gain":0.0,"event_name":"The Cleric","player_choice":"Card Removal","floor":2.0,"gold_loss":50.0,"damage_taken":0.0},{"damage_healed":0.0,"max_hp_gain":0.0,"max_hp_loss":0.0,"gold_gain":0.0,"event_name":"Shining Light","player_choice":"Entered Light","floor":3.0,"gold_loss":0.0,"damage_taken":15.0,"cards_upgraded":["Defend_B","Zap"]},{"damage_healed":0,"gold_gain":0,"player_choice":"Bought 1 Potion","damage_taken":0,"max_hp_gain":0,"max_hp_loss":0,"event_name":"The Woman in Blue","floor":19,"gold_loss":0},{"damage_healed":0,"gold_gain":0,"cards_transformed":["Strike_B"],"player_choice":"Transformed","damage_taken":0,"max_hp_gain":0,"max_hp_loss":0,"event_name":"Transmorgrifier","floor":22,"gold_loss":0,"cards_obtained":["Conserve Battery"]}],"is_beta":false,"boss_relics":[{"not_picked":["Ectoplasm","Calling Bell"],"picked":"Astrolabe"}],"items_purged_floors":[],"is_endless":false,"potions_floor_spawned":[10,12,14,21,28],"killed_by":"Collector","ascension_level":4}}