{"host":"scy0o1xotfn36lpl","time":1610194831,"event":{"mods":["AchievementEnabler","Aspiration","BaseMod","Better Altar","Better Note","Better Sensory Stone","Better Skull","Better Third Choice","Colored Map","Curses Come First","Downfall","GifTheSpireLib","Googly Eyes","Highlight Path","Minty Spire (QoL Compilation)","Permanent Neow","Replay The Spire","Spicy Shops","StSLib","everything is the same but u backflip on backflip"],"gold_per_floor":[109,124,199,216,231,264,264,264,264,290,300,300,332,332,332,332,332],"floor_reached":16,"playtime":1235,"items_purged":[],"score":120,"play_id":"69607bc2-f630-4d79-8072-394f08c4262a","local_time":"20210109042031","is_ascension_mode":false,"campfire_choices":[{"floor":8,"key":"REST"},{"floor":15,"key":"REST"}],"circlet_count":0,"master_deck":["Strike_B","Strike_B","Strike_B","Strike_B","Defend_B","Defend_B","Defend_B","Defend_B","Zap+1","Dualcast","Swift Strike","Cold Snap+1","Rebound","Cold Snap","Doubt","Electrodynamics"],"relics":["Cracked Core","Replay:Antivirus Software","Counterbalance","aspiration:DSix","Geode"],"acts_visited":["Exordium"],"potions_floor_usage":[13,16,16],"damage_taken":[{"damage":6,"enemies":"2 Louse","floor":1,"turns":2},{"damage":0,"enemies":"Small Slimes","floor":2,"turns":3},{"damage":4,"enemies":"Cultist","floor":4,"turns":3},{"damage":7,"enemies":"Blue Slaver","floor":5,"turns":3},{"damage":25,"enemies":"Gremlin Nob","floor":6,"turns":4},{"damage":9,"enemies":"3 Sentries","floor":10,"turns":7},{"damage":3,"enemies":"2 Fungi Beasts","floor":11,"turns":3},{"damage":16,"enemies":"Lagavulin","floor":13,"turns":5},{"damage":40,"enemies":"The Guardian","floor":16,"turns":12}],"seed_played":"6618338712532809114","potions_obtained":[{"floor":1,"key":"FocusPotion"},{"floor":6,"key":"Languid Potion"},{"floor":10,"key":"Milkshake"}],"is_trial":false,"path_per_floor":["M","M","?","M","M","E","?","R","T","E","M","?","E","?","R","B"],"character_chosen":"DEFECT","items_purchased":[],"campfire_rested":2,"item_purchase_floors":[],"current_hp_per_floor":[69,69,58,54,47,22,22,44,44,35,32,32,16,16,38,0,0],"gold":332,"neow_bonus":"RANDOM_COLORLESS","is_daily":false,"chose_seed":false,"campfire_upgraded":0,"win_rate":0.0,"timestamp":1610194831,"path_taken":["M","M","?","M","M","E","?","R","T","E","?","?","E","?","R","BOSS"],"items_purchased_type":[],"build_version":"2020-12-22","purchased_purges":0,"victory":false,"max_hp_per_floor":[75,75,75,75,75,75,75,75,75,75,75,75,75,75,75,75,75],"card_choices":[{"not_picked":["expansioncontent:PrepareCrush","Replay:SS_hec_4"],"picked":"Swift Strike","floor":0},{"not_picked":["Turbo","Gash"],"picked":"Cold Snap","floor":1},{"not_picked":["Force Field","Turbo"],"picked":"Rebound","floor":2},{"not_picked":["Streamline","White Noise","ReplayTheSpireMod:GoodbyeWorld"],"picked":"SKIP","floor":4},{"not_picked":["Barrage","Time Bomb","Compile Driver"],"picked":"SKIP","floor":5},{"not_picked":["Scrape","Sweeping Beam"],"picked":"Cold Snap","floor":6},{"not_picked":["Compile Driver","Skim","Go for the Eyes"],"picked":"SKIP","floor":10},{"not_picked":["Reprogram","Amplify","Capacitor"],"picked":"SKIP","floor":11},{"not_picked":["Double Energy","Static Discharge"],"picked":"Electrodynamics","floor":13}],"player_experience":35899,"relics_obtained":[{"floor":6,"key":"Replay:Antivirus Software"},{"floor":9,"key":"Counterbalance"},{"floor":10,"key":"aspiration:DSix"},{"floor":13,"key":"Geode"}],"event_choices":[{"damage_healed":0,"gold_gain":75,"player_choice":"Gold","damage_taken":11,"max_hp_gain":0,"max_hp_loss":0,"event_name":"betterThird:BetterGoop","floor":3,"gold_loss":0},{"damage_healed":0,"gold_gain":0,"player_choice":"Upgraded","damage_taken":0,"max_hp_gain":0,"max_hp_loss":0,"event_name":"Upgrade Shrine","floor":7,"gold_loss":0,"cards_upgraded":["Zap"]}],"is_beta":false,"boss_relics":[],"items_purged_floors":[],"is_endless":false,"potions_floor_spawned":[1,6,10],"killed_by":"The Guardian","ascension_level":0}}