{"host":"uw9bem9glq2czfca","time":1610172521,"event":{"mods":["Act Like it!","BaseMod","Colored Map","Colored Powertips","Downfall","Friendly Minions","Hubris","Minty Spire (QoL Compilation)","Replay The Spire","StSLib","The Construct"],"gold_per_floor":[114,179,179,191,42,42,69,69,69,22,36,36,48,64,64,64,64],"floor_reached":16,"playtime":532,"items_purged":["Defend_G"],"score":100,"play_id":"44df550f-466f-4730-8709-653b55f94111","local_time":"20210108220841","is_ascension_mode":false,"campfire_choices":[{"floor":6,"key":"REST"},{"floor":12,"key":"REST"},{"floor":15,"key":"REST"}],"circlet_count":0,"master_deck":["Strike_G","Strike_G","Strike_G","Strike_G","Defend_G","Defend_G","Defend_G","Survivor","Neutralize","Blade Dance","Blade Dance","Noxious Fumes","Crippling Poison","Blade Dance","Catalyst","Draining Mist"],"relics":["Ring of the Snake","Replay:Baseball","hubris:Towel","Letter Opener","hubris:MysteriousPyramids"],"acts_visited":["Exordium"],"potions_floor_usage":[7,16],"damage_taken":[{"damage":2,"enemies":"Small Slimes","floor":1,"turns":4},{"damage":0,"enemies":"2 Louse","floor":4,"turns":2},{"damage":25,"enemies":"Gremlin Nob","floor":7,"turns":5},{"damage":3,"enemies":"Jaw Worm","floor":11,"turns":2},{"damage":1,"enemies":"Blue Slaver","floor":13,"turns":3},{"damage":14,"enemies":"Exordium Wildlife","floor":14,"turns":3},{"damage":67,"enemies":"Fading Forest","floor":16,"turns":8}],"seed_played":"-7984187402679007552","potions_obtained":[{"floor":2,"key":"AttackPotion"},{"floor":4,"key":"Reflective Coating"},{"floor":7,"key":"Reflective Coating"},{"floor":14,"key":"construct:ShiftPotion"}],"is_trial":false,"path_per_floor":["M","?","?","M","$","R","E","$","T","$","M","R","M","M","R","B"],"character_chosen":"THE_SILENT","items_purchased":["Noxious Fumes","Blade Dance"],"campfire_rested":3,"item_purchase_floors":[5,10],"current_hp_per_floor":[61,36,36,36,36,54,29,29,29,29,26,44,43,29,47,0,0],"gold":64,"neow_bonus":"REMOVE_TWO","is_daily":false,"chose_seed":false,"campfire_upgraded":0,"win_rate":0.0,"timestamp":1610172521,"path_taken":["M","?","?","M","$","R","E","$","T","?","M","R","M","?","R","BOSS"],"items_purchased_type":["Card","Card"],"build_version":"2020-12-22","purchased_purges":1,"victory":false,"max_hp_per_floor":[63,63,63,63,63,63,63,63,63,63,63,63,63,63,63,63,63],"card_choices":[{"not_picked":["Sucker Punch","PiercingWail"],"picked":"Blade Dance","floor":1},{"not_picked":["Caltrops","Backflip"],"picked":"Blade Dance","floor":2},{"not_picked":["Prepared","Dagger Throw","Backflip"],"picked":"SKIP","floor":4},{"not_picked":["Blade Dance","Dodge and Roll"],"picked":"Crippling Poison","floor":7},{"not_picked":["Dagger Spray","All Out Attack"],"picked":"Catalyst","floor":11},{"not_picked":["hubris:Counter","Dagger Spray","Deflect"],"picked":"SKIP","floor":13},{"not_picked":["Bane","Burst"],"picked":"Draining Mist","floor":14}],"player_experience":93632,"relics_obtained":[{"floor":2,"key":"Replay:Baseball"},{"floor":7,"key":"Letter Opener"},{"floor":9,"key":"hubris:MysteriousPyramids"}],"event_choices":[],"is_beta":false,"boss_relics":[],"items_purged_floors":[5],"is_endless":false,"potions_floor_spawned":[4,7,14],"killed_by":"Fading Forest","ascension_level":0}}