{"host":"3kdwm9n4ehf6yd4s","time":1610176654,"event":{"mods":["BaseMod","GifTheSpireLib","Minty Spire (QoL Compilation)","Quick Restart","Replay The Spire","StSLib"],"gold_per_floor":[109,109,109,49,49,49,100,110,178,178,205,205,234,247,247,344,344,354,38,38,56,74,99,119,130,130,130,149,149,177,192,192,297,297,308,321,94,113,113,113,113,127,127,127,127,0,30,47,47,47],"floor_reached":51,"playtime":1834,"items_purged":[],"score":679,"play_id":"459bc7e2-7062-461a-8439-6212bb575f10","local_time":"20210109001734","is_ascension_mode":true,"campfire_choices":[{"data":"Defragment","floor":6,"key":"SMITH"},{"floor":10,"key":"REST"},{"data":"Glacier","floor":15,"key":"SMITH"},{"floor":27,"key":"REST"},{"floor":29,"key":"REST"},{"data":"Echo Form","floor":32,"key":"SMITH"},{"data":"Defragment","floor":40,"key":"SMITH"},{"data":"Echo Form","floor":45,"key":"SMITH"},{"floor":49,"key":"REST"}],"circlet_count":0,"master_deck":["Strike_B","Strike_B","Strike_B","Defend_B","Defend_B","Defend_B+1","Defend_B","Zap","Dualcast","Strike_B","Electrodynamics+1","Defragment+1","Capacitor","Capacitor","Glacier+1","Conserve Battery","Coolheaded","Echo Form+1","CurseOfTheBell","Gash","The Bomb","Tempest","Leap","Defragment+1","Compile Driver+1","Go for the Eyes+1","Hello World+1","Chill+1","Sweeping Beam","Echo Form+1","Ball Lightning+1","Cold Snap+1","Storm","Defragment+1","Normality","BootSequence+1","Parasite","Auto Shields"],"relics":["FrozenCore","Regal Pillow","Sundial","Counterbalance","Replay:Wax Seal","Calling Bell","Blood Vial","HornCleat","Turnip","Bronze Scales","Mercury Hourglass","Carrot","InkBottle","Vajra","Orichalcum","ReplayTheSpireMod:Ring of Exchange","White Beast Statue","Red Mask","Pen Nib"],"acts_visited":["Exordium","TheCity","TheBeyond"],"potions_floor_usage":[13,13,18,22,24,25,47,47,48],"damage_taken":[{"damage":4,"enemies":"2 Louse","floor":1,"turns":3},{"damage":7,"enemies":"Small Slimes","floor":8,"turns":3},{"damage":3,"enemies":"Lagavulin","floor":11,"turns":5},{"damage":14,"enemies":"Gremlin Nob","floor":13,"turns":4},{"damage":6,"enemies":"Cultist","floor":14,"turns":3},{"damage":0,"enemies":"Slime Boss","floor":16,"turns":7},{"damage":27,"enemies":"Chosen","floor":18,"turns":5},{"damage":12,"enemies":"3 Byrds","floor":21,"turns":4},{"damage":0,"enemies":"Cultist and Chosen","floor":22,"turns":4},{"damage":8,"enemies":"Gremlin Leader","floor":23,"turns":7},{"damage":10,"enemies":"Chosen and Byrds","floor":24,"turns":4},{"damage":16,"enemies":"3 Cultists","floor":25,"turns":5},{"damage":19,"enemies":"Snake Plant","floor":28,"turns":5},{"damage":35,"enemies":"Slavers","floor":30,"turns":3},{"damage":0,"enemies":"Cultist and Chosen","floor":31,"turns":4},{"damage":13,"enemies":"Collector","floor":33,"turns":9},{"damage":1,"enemies":"Orb Walker","floor":35,"turns":7},{"damage":13,"enemies":"3 Shapes","floor":36,"turns":4},{"damage":0,"enemies":"3 Darklings","floor":38,"turns":6},{"damage":11,"enemies":"Jaw Worm Horde","floor":42,"turns":3},{"damage":19,"enemies":"Giant Head","floor":47,"turns":10},{"damage":30,"enemies":"Writhing Mass","floor":48,"turns":8},{"damage":9,"enemies":"Replay:Hell Engine","floor":50,"turns":11}],"seed_played":"5148093397218549637","potions_obtained":[{"floor":8,"key":"AttackPotion"},{"floor":11,"key":"Dexterity Potion"},{"floor":16,"key":"LifebloodPotion"},{"floor":21,"key":"DuplicationPotion"},{"floor":23,"key":"Fire Potion"},{"floor":24,"key":"Fire Potion"},{"floor":33,"key":"Elixir"},{"floor":35,"key":"Dexterity Potion"},{"floor":47,"key":"SneckoOil"},{"floor":48,"key":"Doom Potion"}],"is_trial":false,"path_per_floor":["M","?","?","$","?","R","T","M","T","R","E","?","E","M","R","B",null,"M","$","?","M","M","E","M","M","T","R","M","R","E","M","R","B",null,"M","M","$","M","?","R","?","M","T","?","R","?","E","M","R","B",null],"character_chosen":"DEFECT","items_purchased":["Capacitor","Bronze Scales","The Bomb","Orichalcum","Storm"],"campfire_rested":4,"item_purchase_floors":[4,19,19,37,37],"current_hp_per_floor":[71,56,61,61,61,61,61,54,54,80,77,70,56,50,50,50,80,53,53,53,43,45,39,31,17,17,56,39,78,45,47,47,36,80,79,67,67,69,69,69,69,60,60,60,60,60,43,15,54,47],"gold":47,"neow_bonus":"THREE_RARE_CARDS","is_daily":false,"chose_seed":false,"campfire_upgraded":5,"win_rate":0.0,"timestamp":1610176654,"path_taken":["M","?","?","$","?","R","?","M","T","R","E","?","E","M","R","BOSS","M","$","?","?","M","E","M","?","T","R","M","R","E","M","R","BOSS","M","M","$","M","?","R","?","?","T","?","R","?","E","M","R","BOSS"],"items_purchased_type":["Card","Relic","Card","Relic","Card"],"build_version":"2020-12-22","purchased_purges":0,"victory":true,"max_hp_per_floor":[75,75,80,80,80,80,80,80,80,80,80,80,80,80,80,80,80,80,80,80,80,80,80,80,80,80,80,80,80,80,80,80,80,80,80,80,80,80,80,80,80,80,80,80,80,80,80,80,80,80],"card_choices":[{"not_picked":["ReplayTheSpireMod:Omega Cannon","Biased Cognition"],"picked":"Electrodynamics","floor":0},{"not_picked":["Steam","Barrage"],"picked":"Defragment","floor":1},{"not_picked":["Leap","Rebound"],"picked":"Glacier","floor":8},{"not_picked":["Genetic Algorithm","Panic Button"],"picked":"Conserve Battery","floor":11},{"not_picked":["ReplayTheSpireMod:Repulse","Meteor Strike"],"picked":"Heatsinks","floor":13},{"not_picked":["Steam","Hologram"],"picked":"Coolheaded","floor":14},{"not_picked":["Core Surge","Electrodynamics"],"picked":"Echo Form","floor":16},{"not_picked":["Panic Button+1","Stack+1"],"picked":"Gash","floor":18},{"not_picked":["Stack","Go for the Eyes"],"picked":"Tempest","floor":21},{"not_picked":["Undo","Panic Button"],"picked":"Leap","floor":22},{"not_picked":["Conserve Battery","Streamline+1"],"picked":"Defragment","floor":23},{"not_picked":["Scrape","Fission"],"picked":"Compile Driver+1","floor":24},{"not_picked":["ReplaySolidLightProjector","Barrage+1"],"picked":"Go for the Eyes+1","floor":25},{"not_picked":["Compile Driver+1","Leap"],"picked":"Hello World+1","floor":28},{"not_picked":["Conserve Battery","Streamline"],"picked":"Chill+1","floor":30},{"not_picked":["Chill","BootSequence"],"picked":"Sweeping Beam","floor":31},{"not_picked":["Biased Cognition","Amplify"],"picked":"Echo Form","floor":33},{"not_picked":["Double Energy","Reinforced Body"],"picked":"Ball Lightning+1","floor":35},{"not_picked":["Beam Cell","Steam Power"],"picked":"Cold Snap+1","floor":36},{"not_picked":["Redo","Conserve Battery"],"picked":"Defragment+1","floor":38},{"not_picked":["Skim","Streamline","ReplayTheSpireMod:System Scan"],"picked":"SKIP","floor":42},{"not_picked":["Go for the Eyes","ReplayTheSpireMod:Reroute Power"],"picked":"BootSequence+1","floor":47},{"not_picked":["ReplayTheSpireMod:Reroute Power","Rainbow"],"picked":"Auto Shields","floor":48}],"player_experience":140561,"relics_obtained":[{"floor":7,"key":"Regal Pillow"},{"floor":9,"key":"Sundial"},{"floor":11,"key":"Counterbalance"},{"floor":13,"key":"Replay:Wax Seal"},{"floor":17,"key":"Blood Vial"},{"floor":17,"key":"HornCleat"},{"floor":17,"key":"Turnip"},{"floor":23,"key":"Carrot"},{"floor":26,"key":"InkBottle"},{"floor":30,"key":"Vajra"},{"floor":39,"key":"ReplayTheSpireMod:Ring of Exchange"},{"floor":43,"key":"White Beast Statue"},{"floor":47,"key":"Pen Nib"}],"event_choices":[{"damage_healed":0,"gold_gain":0,"player_choice":"Entered Light","damage_taken":15,"max_hp_gain":0,"max_hp_loss":0,"event_name":"Shining Light","floor":2,"gold_loss":0,"cards_upgraded":["Electrodynamics","Defend_B"]},{"damage_healed":0,"gold_gain":0,"player_choice":"Donut","damage_taken":0,"max_hp_gain":5,"max_hp_loss":0,"event_name":"Big Fish","floor":3,"gold_loss":0},{"damage_healed":0,"gold_gain":0,"player_choice":"Leave","damage_taken":0,"max_hp_gain":0,"max_hp_loss":0,"event_name":"The Cleric","floor":5,"gold_loss":0},{"cards_removed":["Defend_P"],"damage_healed":0,"gold_gain":0,"player_choice":"Card Removal","damage_taken":7,"max_hp_gain":0,"max_hp_loss":0,"event_name":"Golden Wing","floor":12,"gold_loss":0},{"cards_removed":["Heatsinks"],"damage_healed":0,"gold_gain":0,"player_choice":"Gave Card","damage_taken":0,"relics_obtained":["Mercury Hourglass"],"max_hp_gain":0,"max_hp_loss":0,"event_name":"WeMeetAgain","floor":20,"gold_loss":0},{"damage_healed":0,"gold_gain":0,"player_choice":"Bought 0 Potions","damage_taken":0,"max_hp_gain":0,"max_hp_loss":0,"event_name":"The Woman in Blue","floor":41,"gold_loss":0},{"cards_removed":["Strike_B"],"damage_healed":0,"gold_gain":0,"player_choice":"Removed Attack","damage_taken":0,"max_hp_gain":0,"max_hp_loss":0,"event_name":"Falling","floor":44,"gold_loss":0},{"damage_healed":0,"gold_gain":0,"player_choice":"Paid","damage_taken":0,"relics_obtained":["Red Mask"],"max_hp_gain":0,"max_hp_loss":0,"event_name":"Tomb of Lord Red Mask","floor":46,"gold_loss":127}],"is_beta":false,"boss_relics":[{"not_picked":["Coffee Dripper","Replay:Grab Bag"],"picked":"Calling Bell"},{"not_picked":["Philosopher\u0027s Stone","SlaversCollar"],"picked":"FrozenCore"}],"items_purged_floors":[],"is_endless":false,"potions_floor_spawned":[8,11,16,21,23,24,33,35,47,48],"ascension_level":1}}