{"host":"k6u7q08ihsmpx7o5","time":1610187996,"event":{"mods":["BaseMod","Bestiary","Filter the Spire","Minty Spire (QoL Compilation)","Permanent Neow","Relic Stats","StSLib"],"gold_per_floor":[115,85,103,114,7,36,36,53,126,126,152,163,174,174,174],"floor_reached":14,"playtime":646,"items_purged":[],"score":204,"play_id":"6900a1ea-88af-4499-a4a9-05268b7ea8e2","local_time":"20210109112636","is_ascension_mode":true,"campfire_choices":[{"data":"Neutralize","floor":7,"key":"SMITH"}],"circlet_count":0,"master_deck":["AscendersBane","Strike_G","Strike_G","Strike_G","Strike_G","Strike_G","Defend_G","Defend_G","Defend_G","Defend_G","Survivor","Neutralize+1","Blade Dance","Calculated Gamble","Poisoned Stab","Dagger Throw","Underhanded Strike","Acrobatics","Bullet Time","Calculated Gamble","Blade Dance","Poisoned Stab"],"relics":["HoveringKite","StoneCalendar","Kunai","Ancient Tea Set"],"acts_visited":["Exordium"],"potions_floor_usage":[4,6,12],"damage_taken":[{"damage":0,"enemies":"Jaw Worm","floor":1,"turns":6},{"damage":3,"enemies":"Cultist","floor":3,"turns":4},{"damage":0,"enemies":"Small Slimes","floor":4,"turns":3},{"damage":42,"enemies":"Lagavulin","floor":6,"turns":8},{"damage":3,"enemies":"3 Louse","floor":8,"turns":4},{"damage":31,"enemies":"3 Sentries","floor":11,"turns":7},{"damage":1,"enemies":"Looter","floor":12,"turns":3},{"damage":0,"enemies":"Exordium Thugs","floor":13,"turns":3},{"damage":12,"enemies":"Lagavulin","floor":14,"turns":2}],"seed_played":"-7001594923531882295","potions_obtained":[{"floor":1,"key":"ColorlessPotion"},{"floor":2,"key":"FairyPotion"},{"floor":2,"key":"BlessingOfTheForge"},{"floor":3,"key":"AttackPotion"},{"floor":11,"key":"SkillPotion"},{"floor":13,"key":"LiquidBronze"}],"is_trial":false,"path_per_floor":["M","?","M","M","$","E","R","M","T","?","E","M","M","E"],"character_chosen":"THE_SILENT","items_purchased":["Dagger Throw","Block Potion"],"campfire_rested":0,"item_purchase_floors":[5,5],"current_hp_per_floor":[59,59,56,56,56,14,14,11,11,11,3,2,2,0,0],"gold":174,"neow_bonus":"BOSS_RELIC","is_daily":false,"chose_seed":false,"campfire_upgraded":1,"win_rate":0.0,"timestamp":1610187996,"path_taken":["M","?","M","M","?","E","R","M","T","?","E","M","M","E"],"items_purchased_type":["Card","Potion"],"build_version":"2020-12-22","purchased_purges":0,"victory":false,"max_hp_per_floor":[66,66,66,66,66,66,66,66,66,66,66,66,66,66,66],"relic_stats":{"counters":[9,40],"HoveringKite":[15],"StoneCalendar":[30],"Kunai":[11],"obtain_stats":[{"HoveringKite":0,"StoneCalendar":6,"Kunai":9,"Ancient Tea Set":11,"Ring of the Snake":0},{"HoveringKite":0,"StoneCalendar":4,"Kunai":5,"Ancient Tea Set":6,"Ring of the Snake":0},{"HoveringKite":0,"StoneCalendar":21,"Kunai":25,"Ancient Tea Set":32,"Ring of the Snake":0}]},"card_choices":[{"not_picked":["Setup","Sucker Punch"],"picked":"Blade Dance","floor":1},{"not_picked":["Bouncing Flask","Slice"],"picked":"Calculated Gamble","floor":3},{"not_picked":["Sucker Punch","Deadly Poison"],"picked":"Poisoned Stab","floor":4},{"not_picked":["Heel Hook","Poisoned Stab"],"picked":"Underhanded Strike","floor":6},{"not_picked":["Noxious Fumes","Slice"],"picked":"Acrobatics","floor":8},{"not_picked":["Cloak And Dagger","Night Terror"],"picked":"Calculated Gamble","floor":11},{"not_picked":["Accuracy","Deadly Poison"],"picked":"Blade Dance","floor":12},{"not_picked":["Heel Hook","All Out Attack"],"picked":"Poisoned Stab","floor":13}],"player_experience":1975365,"relics_obtained":[{"floor":6,"key":"StoneCalendar"},{"floor":9,"key":"Kunai"},{"floor":11,"key":"Ancient Tea Set"}],"event_choices":[{"damage_healed":0,"gold_gain":0,"player_choice":"Bought 2 Potions","damage_taken":0,"max_hp_gain":0,"max_hp_loss":0,"event_name":"The Woman in Blue","floor":2,"gold_loss":0},{"damage_healed":0,"gold_gain":0,"cards_transformed":["Defend_G"],"player_choice":"Change","damage_taken":0,"max_hp_gain":0,"max_hp_loss":0,"event_name":"Living Wall","floor":10,"gold_loss":0,"cards_obtained":["Bullet Time"]}],"is_beta":false,"boss_relics":[],"items_purged_floors":[],"is_endless":false,"potions_floor_spawned":[1,3,11,13],"killed_by":"Lagavulin","ascension_level":20}}