{"host":"m5bsg12zcyqnofur","time":1610183628,"event":{"mods":["BaseMod","BetterRewards","Colored Powertips","Downfall","Highlight Path","Minty Spire (QoL Compilation)","Quick Restart","Replay The Spire","Shop Mod","StSLib"],"gold_per_floor":[113,43,43,43,43,67,67,67,101,121,121,21,55,78,78,56,56,56,56],"floor_reached":18,"playtime":1030,"items_purged":["Strike_R","Strike_R"],"score":203,"play_id":"18e3e727-0c98-434c-ae16-5f0c6d87d00c","local_time":"20210109031348","is_ascension_mode":true,"campfire_choices":[{"data":"Rupture","floor":8,"key":"SMITH"},{"data":"Dual Wield","floor":15,"key":"SMITH"},{"data":"Flex","floor":17,"key":"SMITH"}],"circlet_count":0,"master_deck":["Strike_R","Strike_R","Strike_R","Defend_R","Defend_R","Defend_R","Defend_R","Bash","Heavy Blade+1","Sword Boomerang","ReplayTheSpireMod:Muscle Training","Rupture+1","Dual Wield+1","Hemokinesis","Flex+1"],"relics":["Burning Blood","Golden Idol","Replay:Bottled Eggs","HornCleat","Gambling Chip"],"acts_visited":["Exordium"],"potions_floor_usage":[9,10,13],"damage_taken":[{"damage":0,"enemies":"2 Louse","floor":1,"turns":2},{"damage":7,"enemies":"Jaw Worm","floor":6,"turns":3},{"damage":17,"enemies":"3 Sentries","floor":9,"turns":5},{"damage":7,"enemies":"Small Slimes","floor":10,"turns":3},{"damage":0,"enemies":"Gremlin Nob","floor":13,"turns":3},{"damage":13,"enemies":"3 Louse","floor":14,"turns":2},{"damage":27,"enemies":"Slime Boss","floor":18,"turns":7}],"seed_played":"24521144949906924","potions_obtained":[{"floor":6,"key":"BlessingOfTheForge"},{"floor":9,"key":"PowerPotion"},{"floor":10,"key":"PowerPotion"}],"is_trial":false,"path_per_floor":["M","$","?","PTL","PTL","M","?","R","E","M","T","$","E","M","R","$","R","B"],"character_chosen":"IRONCLAD","items_purchased":["Heavy Blade","ReplayTheSpireMod:Muscle Training","Flex"],"campfire_rested":0,"item_purchase_floors":[0,2,16],"current_hp_per_floor":[73,73,53,53,53,52,40,40,29,28,28,28,34,27,27,27,27,0,0],"gold":56,"neow_bonus":"","is_daily":false,"chose_seed":false,"campfire_upgraded":3,"win_rate":0.0,"timestamp":1610183628,"path_taken":["M","$","?","PTL","PTL","M","?","R","E","M","T","$","E","M","R","$","R","BOSS"],"items_purchased_type":["Card","Card","Card"],"build_version":"2020-12-22","purchased_purges":2,"victory":false,"max_hp_per_floor":[80,80,80,80,80,80,80,80,80,80,80,80,80,80,80,80,80,80,80],"card_choices":[{"not_picked":["Anger","Blood for Blood"],"picked":"Sword Boomerang","floor":1},{"not_picked":["Power Through","Sword Boomerang"],"picked":"Rupture","floor":6},{"not_picked":["Bludgeon","Disarm","ReplayTheSpireMod:Strike From Hell"],"picked":"SKIP","floor":9},{"not_picked":["Hemokinesis","ReplayReversal"],"picked":"Dual Wield","floor":10},{"not_picked":["Thunderclap","Anger"],"picked":"Hemokinesis","floor":13},{"not_picked":["Shrug It Off","Iron Wave","Clothesline"],"picked":"SKIP","floor":14},{"not_picked":["Shrug It Off","Iron Wave","Clothesline"],"picked":"SKIP","floor":14}],"player_experience":107732,"relics_obtained":[{"floor":9,"key":"HornCleat"},{"floor":13,"key":"Gambling Chip"}],"event_choices":[{"damage_healed":0,"gold_gain":0,"player_choice":"Take Damage","damage_taken":20,"relics_obtained":["Golden Idol"],"max_hp_gain":0,"max_hp_loss":0,"event_name":"Golden Idol","floor":3,"gold_loss":0},{"damage_healed":0,"gold_gain":0,"player_choice":"Success","damage_taken":12,"relics_obtained":["Replay:Bottled Eggs"],"max_hp_gain":0,"max_hp_loss":0,"event_name":"Scrap Ooze","floor":7,"gold_loss":0}],"is_beta":false,"boss_relics":[],"items_purged_floors":[0,12],"is_endless":false,"potions_floor_spawned":[6,9,10],"killed_by":"Slime Boss","ascension_level":1}}