{"host":"92108ef2q9tm8rod","time":1610186277,"event":{"mods":["BaseMod","Defuse TimeMaze Blight","Minty Spire (QoL Compilation)","StSLib","The Jungle"],"gold_per_floor":[112,112,125,140,157,157,168,182,182,35,50,65,94,94,94,192,192,206,218,232,249,268,268,287,287,287,287,302,302,329,340,340,443,443,454,470,470,470],"floor_reached":37,"playtime":2114,"items_purged":[],"score":476,"play_id":"937af480-423f-4c7a-98e6-b13d937bc178","local_time":"20210109095757","daily_mods":["SealedDeck","Purple Cards","Heirloom"],"is_ascension_mode":false,"campfire_choices":[{"data":"SandsOfTime","floor":6.0,"key":"SMITH"},{"data":"Weave","floor":15.0,"key":"SMITH"},{"data":"Prostrate","floor":23.0,"key":"SMITH"},{"data":"Prostrate","floor":25.0,"key":"SMITH"},{"floor":32,"key":"REST"}],"circlet_count":0,"master_deck":["ThirdEye","Wireheading","Weave+1","Consecrate","Prostrate+1","Genetic Algorithm","Coolheaded","Protect","Prostrate+1","PathToVictory+1","SandsOfTime+1","Establishment","SandsOfTime+1","Gash+1","Defragment"],"relics":["Cracked Core","Turnip","Eternal Feather","Omamori","Strawberry","Nuclear Battery","TungstenRod","Du-Vu Doll"],"acts_visited":["Exordium","Exordium","TheBeyond"],"potions_floor_usage":[30],"damage_taken":[{"damage":0.0,"enemies":"Small Slimes","floor":1.0,"turns":4.0},{"damage":0.0,"enemies":"Cultist","floor":3.0,"turns":3.0},{"damage":0.0,"enemies":"2 Louse","floor":4.0,"turns":2.0},{"damage":0.0,"enemies":"Blue Slaver","floor":5.0,"turns":4.0},{"damage":2.0,"enemies":"Gremlin Gang","floor":7.0,"turns":3.0},{"damage":0.0,"enemies":"Looter","floor":8.0,"turns":3.0},{"damage":0.0,"enemies":"Large Slime","floor":11.0,"turns":4.0},{"damage":0.0,"enemies":"2 Fungi Beasts","floor":12.0,"turns":3.0},{"damage":6.0,"enemies":"3 Sentries","floor":13.0,"turns":6.0},{"damage":9.0,"enemies":"The Guardian","floor":16.0,"turns":7.0},{"damage":5.0,"enemies":"Shell Parasite","floor":18.0,"turns":4.0},{"damage":0.0,"enemies":"theJungle:5_Spyders","floor":19.0,"turns":4.0},{"damage":0.0,"enemies":"theJungle:JungleHuntersEncounter","floor":20.0,"turns":5.0},{"damage":3.0,"enemies":"Snake Plant","floor":21.0,"turns":4.0},{"damage":14.0,"enemies":"theJungle:2_Flameangoes","floor":22.0,"turns":6.0},{"damage":11.0,"enemies":"theJungle:SlimyTreeVines","floor":24.0,"turns":5.0},{"damage":6,"enemies":"Snake Plant","floor":28,"turns":4},{"damage":0,"enemies":"theJungle:MamaSnecko","floor":30,"turns":4},{"damage":2,"enemies":"theJungle:Snecko_Cultist_And_Trap","floor":31,"turns":5},{"damage":0,"enemies":"theJungle:QueenSpyder","floor":33,"turns":7},{"damage":9,"enemies":"3 Darklings","floor":35,"turns":4},{"damage":6,"enemies":"3 Shapes","floor":36,"turns":4},{"damage":79,"enemies":"2 Orb Walkers","floor":37,"turns":5}],"seed_played":"5735099332245316238","potions_obtained":[{"floor":3.0,"key":"SteroidPotion"},{"floor":5.0,"key":"SkillPotion"},{"floor":8.0,"key":"SmokeBomb"},{"floor":12.0,"key":"LiquidBronze"},{"floor":16.0,"key":"FocusPotion"},{"floor":18.0,"key":"SkillPotion"},{"floor":19.0,"key":"EssenceOfSteel"},{"floor":24.0,"key":"CultistPotion"},{"floor":31,"key":"Energy Potion"},{"floor":35,"key":"Ancient Potion"}],"is_trial":true,"path_per_floor":["M","?","M","M","M","R","M","M","T","$","M","M","E","?","R","B",null,"M","M","M","M","M","R","M","R","T","?","M","$","E","M","R","B",null,"M","M","?"],"character_chosen":"DEFECT","items_purchased":["Omamori"],"campfire_rested":1,"item_purchase_floors":[10],"current_hp_per_floor":[75,75,75,75,75,75,73,73,73,73,73,73,74,74,80,71,82,77,77,77,74,60,66,61,67,67,67,61,61,61,59,82,82,82,73,67,0,0],"gold":470,"neow_bonus":"","is_daily":false,"chose_seed":false,"campfire_upgraded":4,"win_rate":0.0,"timestamp":1610186277,"path_taken":["M","?","M","M","M","R","M","M","T","$","M","?","E","?","R","BOSS","M","M","M","M","M","R","M","R","T","?","M","$","E","M","R","BOSS","M","?","?"],"items_purchased_type":["Relic"],"build_version":"2020-12-22","purchased_purges":0,"victory":false,"max_hp_per_floor":[75,75,75,75,75,75,75,75,75,75,75,75,82,82,82,82,82,82,82,82,82,82,82,82,82,82,82,82,82,82,82,82,82,82,82,82,82,82],"card_choices":[{"not_picked":["Leap","Hologram","Glacier"],"picked":"SKIP","floor":1.0},{"not_picked":["BattleHymn","Cold Snap","Consecrate"],"picked":"SKIP","floor":3.0},{"not_picked":["Steam Power","EmptyBody","Storm"],"picked":"SKIP","floor":4.0},{"not_picked":["Go for the Eyes","Sweeping Beam"],"picked":"SandsOfTime","floor":5.0},{"not_picked":["Evaluate","Cold Snap","Rebound"],"picked":"SKIP","floor":7.0},{"not_picked":["Consume","Protect"],"picked":"Establishment","floor":8.0},{"not_picked":["Scrape","Tantrum","Steam Power"],"picked":"SKIP","floor":11.0},{"not_picked":["Turbo","Sanctity","CrushJoints"],"picked":"SKIP","floor":12.0},{"not_picked":["Go for the Eyes","WaveOfTheHand","Barrage"],"picked":"SKIP","floor":13.0},{"not_picked":["Halt","Stack"],"picked":"SandsOfTime+1","floor":18.0},{"not_picked":["Steam Power","Streamline+1","JustLucky+1"],"picked":"SKIP","floor":19.0},{"not_picked":["EmptyBody","EmptyMind+1"],"picked":"Gash+1","floor":20.0},{"not_picked":["Prostrate","FlyingSleeves+1","Redo+1"],"picked":"SKIP","floor":21.0},{"not_picked":["ClearTheMind","Hologram","FlurryOfBlows"],"picked":"SKIP","floor":22.0},{"not_picked":["ThirdEye","Crescendo","Gash"],"picked":"SKIP","floor":24.0},{"not_picked":["Multi-Cast","Redo"],"picked":"Defragment","floor":28},{"not_picked":["JustLucky","Auto Shields","WreathOfFlame"],"picked":"SKIP","floor":30},{"not_picked":["CutThroughFate+1","Go for the Eyes+1","Crescendo"],"picked":"SKIP","floor":31},{"not_picked":["Halt+1","Gash+1","JustLucky"],"picked":"SKIP","floor":35},{"not_picked":["Beam Cell","Loop","Crescendo+1"],"picked":"SKIP","floor":36}],"player_experience":3257811,"relics_obtained":[{"floor":9.0,"key":"Eternal Feather"},{"floor":13.0,"key":"Strawberry"},{"floor":26.0,"key":"TungstenRod"},{"floor":30,"key":"Du-Vu Doll"}],"event_choices":[{"damage_healed":0.0,"max_hp_gain":0.0,"max_hp_loss":0.0,"gold_gain":0.0,"event_name":"Accursed Blacksmith","player_choice":"Forge","floor":2.0,"gold_loss":0.0,"damage_taken":0.0,"cards_upgraded":["PathToVictory"]},{"damage_healed":0.0,"max_hp_gain":0.0,"max_hp_loss":0.0,"gold_gain":0.0,"event_name":"The Cleric","player_choice":"Leave","floor":14.0,"gold_loss":0.0,"damage_taken":0.0},{"damage_healed":0,"gold_gain":0,"player_choice":"Ignored","damage_taken":0,"max_hp_gain":0,"max_hp_loss":0,"event_name":"Purifier","floor":27,"gold_loss":0},{"damage_healed":0,"gold_gain":0,"player_choice":"Fight","damage_taken":0,"max_hp_gain":0,"max_hp_loss":0,"event_name":"Mysterious Sphere","floor":37,"gold_loss":0}],"is_beta":false,"boss_relics":[{"not_picked":["Inserter","Philosopher\u0027s Stone"],"picked":"Nuclear Battery"},{"not_picked":["Empty Cage","Snecko Eye","Runic Dome"]}],"items_purged_floors":[],"is_endless":false,"potions_floor_spawned":[3,5,8,12,16,18,19,24,28,31,35,36],"killed_by":"2 Orb Walkers","ascension_level":0}}