{"host":"msa0wxqjs3jv1k3j","time":1610206606,"event":{"mods":["BaseMod","BetterRewards","Colored Map","Highlight Path","KOR Keyword Fix","Keyboard Shortcuts","Minty Spire (QoL Compilation)","Quick Restart","SuperFastMode","everything is the same but u backflip on backflip"],"gold_per_floor":[110,110,33,43,43,43,43,76,76,76,101,101,101,54,54,185,185,201,215,72,72,72,72,0,0,70,70,70,88,63,82,82,210,210,230,0,0,16,16,16,29,72,72,405,437,437,50,61,61,61],"floor_reached":51,"playtime":1451,"items_purged":["Strike_G"],"score":730,"play_id":"93181461-04ca-4b5e-92fa-01587390436f","local_time":"20210110003646","is_ascension_mode":false,"campfire_choices":[{"data":"Blade Dance","floor":6,"key":"SMITH"},{"data":"Cloak And Dagger","floor":10,"key":"SMITH"},{"data":"Accuracy","floor":13,"key":"SMITH"},{"data":"Cloak And Dagger","floor":15,"key":"SMITH"},{"data":"Infinite Blades","floor":23,"key":"SMITH"},{"data":"Adrenaline","floor":25,"key":"SMITH"},{"data":"Finisher","floor":27,"key":"SMITH"},{"data":"Backflip","floor":32,"key":"SMITH"},{"floor":40,"key":"REST"},{"floor":46,"key":"REST"},{"floor":49,"key":"REST"}],"circlet_count":0,"master_deck":["Strike_G","Strike_G","Strike_G","Defend_G","Defend_G","Defend_G","Survivor","Neutralize","Blade Dance+1","Accuracy+1","All Out Attack","Infinite Blades+1","Cloak And Dagger+1","Dash","Dagger Spray","Cloak And Dagger+1","Slice","Adrenaline+1","Backflip+1","Finisher+1","Infinite Blades+1","Outmaneuver+1","Blade Dance+1","Cloak And Dagger+1","Outmaneuver+1","After Image","PiercingWail+1"],"relics":["Ring of the Serpent","Incense Burner","ClockworkSouvenir","Oddly Smooth Stone","Turnip","Ancient Tea Set","Question Card","Mango","Omamori","Toxic Egg 2","Nunchaku","WristBlade","PreservedInsect","The Specimen","HornCleat","Boot","Letter Opener","Strawberry"],"acts_visited":["Exordium","TheCity","TheBeyond"],"potions_floor_usage":[16,33,33,38,45,50,50],"damage_taken":[{"damage":1,"enemies":"Jaw Worm","floor":1,"turns":4},{"damage":0,"enemies":"Cultist","floor":4,"turns":3},{"damage":5,"enemies":"3 Sentries","floor":8,"turns":4},{"damage":18,"enemies":"Lagavulin","floor":11,"turns":4},{"damage":6,"enemies":"Hexaghost","floor":16,"turns":8},{"damage":0,"enemies":"3 Byrds","floor":18,"turns":4},{"damage":0,"enemies":"Shell Parasite","floor":19,"turns":3},{"damage":2,"enemies":"Snecko","floor":29,"turns":3},{"damage":12,"enemies":"Shelled Parasite and Fungi","floor":31,"turns":4},{"damage":36,"enemies":"Champ","floor":33,"turns":8},{"damage":25,"enemies":"3 Darklings","floor":35,"turns":3},{"damage":20,"enemies":"3 Shapes","floor":38,"turns":2},{"damage":0,"enemies":"Spire Growth","floor":41,"turns":2},{"damage":12,"enemies":"Reptomancer","floor":42,"turns":2},{"damage":18,"enemies":"Nemesis","floor":45,"turns":3},{"damage":0,"enemies":"Maw","floor":48,"turns":4},{"damage":27,"enemies":"Awakened One","floor":50,"turns":8}],"seed_played":"-47511545745575852","potions_obtained":[{"floor":4,"key":"EssenceOfSteel"},{"floor":19,"key":"SkillPotion"},{"floor":29,"key":"SpeedPotion"},{"floor":33,"key":"Fire Potion"},{"floor":41,"key":"SpeedPotion"},{"floor":42,"key":"Poison Potion"},{"floor":45,"key":"Strength Potion"}],"is_trial":false,"path_per_floor":["M","?","$","M","?","R","$","E","T","R","E","?","R","$","R","B",null,"M","M","$","?","$","R","?","R","T","R","?","M","$","M","R","B",null,"M","$","?","M","$","R","M","E","T","?","E","R","$","M","R","B",null],"character_chosen":"THE_SILENT","items_purchased":["ClockworkSouvenir","Oddly Smooth Stone","Turnip","Blade Dance","Accuracy","Infinite Blades","Slice","Omamori","Outmaneuver+1","PreservedInsect","Letter Opener","Strawberry"],"campfire_rested":3,"item_purchase_floors":[0,0,0,0,0,3,14,20,30,36,47,47],"current_hp_per_floor":[69,69,69,69,69,69,69,64,64,64,60,60,60,60,60,54,78,78,78,78,78,78,78,78,78,78,78,78,76,76,64,64,28,78,53,53,53,33,33,56,56,44,44,44,26,49,56,56,81,54],"gold":61,"neow_bonus":"","is_daily":false,"chose_seed":false,"campfire_upgraded":8,"win_rate":0.0,"timestamp":1610206606,"path_taken":["M","?","$","?","?","R","$","E","T","R","E","?","R","?","R","BOSS","M","M","$","?","$","R","?","R","T","R","?","M","?","?","R","BOSS","M","$","?","M","$","R","?","E","T","?","E","R","?","M","R","BOSS"],"items_purchased_type":["Relic","Relic","Relic","Card","Card","Card","Card","Relic","Card","Relic","Relic","Relic"],"build_version":"2020-12-22","purchased_purges":1,"victory":true,"max_hp_per_floor":[70,70,70,70,70,70,70,70,70,70,84,78,78,78,78,78,78,78,78,78,78,78,78,78,78,78,78,78,78,78,78,78,78,78,78,78,78,78,78,78,78,78,78,78,78,78,85,85,85,85],"card_choices":[{"not_picked":["Terror","Dodge and Roll"],"picked":"All Out Attack","floor":1},{"not_picked":["Acrobatics","Outmaneuver"],"picked":"Cloak And Dagger","floor":4},{"not_picked":["Prepared","Flying Knee"],"picked":"Dagger Spray","floor":8},{"not_picked":["Bane","Eviscerate","Deadly Poison"],"picked":"Cloak And Dagger","floor":11},{"not_picked":["Tools of the Trade","Malaise","Storm of Steel"],"picked":"Adrenaline","floor":16},{"not_picked":["Catalyst","Poisoned Stab+1","Flechettes"],"picked":"Backflip","floor":18},{"not_picked":["Poisoned Stab+1","Endless Agony+1","Masterful Stab"],"picked":"Finisher","floor":19},{"not_picked":["Dodge and Roll+1","Backflip+1","Cloak And Dagger+1"],"picked":"Infinite Blades+1","floor":29},{"not_picked":["Terror+1","Flying Knee+1","Caltrops"],"picked":"Blade Dance+1","floor":31},{"not_picked":["Prepared+1","Slice","Choke+1"],"picked":"Cloak And Dagger+1","floor":35},{"not_picked":["Heel Hook","Choke","Predator+1","Acrobatics+1"],"picked":"SKIP","floor":38},{"not_picked":["Deflect+1","Heel Hook+1","Catalyst+1"],"picked":"Outmaneuver+1","floor":41},{"not_picked":["Heel Hook+1","Storm of Steel+1","Quick Slash+1"],"picked":"After Image","floor":42},{"not_picked":["Dagger Spray+1","Poisoned Stab+1","Expertise+1","Quick Slash+1"],"picked":"SKIP","floor":45},{"not_picked":["Flying Knee+1","Riddle With Holes+1","Blur+1"],"picked":"PiercingWail+1","floor":48}],"player_experience":60539,"relics_obtained":[{"floor":8,"key":"Ancient Tea Set"},{"floor":9,"key":"Question Card"},{"floor":11,"key":"Mango"},{"floor":26,"key":"Toxic Egg 2"},{"floor":42,"key":"The Specimen"},{"floor":43,"key":"HornCleat"},{"floor":45,"key":"Boot"}],"event_choices":[{"damage_healed":0,"gold_gain":0,"player_choice":"Bought 0 Potions","damage_taken":0,"max_hp_gain":0,"max_hp_loss":0,"event_name":"The Woman in Blue","floor":2,"gold_loss":0},{"damage_healed":0,"gold_gain":0,"cards_transformed":["Strike_G"],"player_choice":"Change","damage_taken":0,"max_hp_gain":0,"max_hp_loss":0,"event_name":"Living Wall","floor":5,"gold_loss":0,"cards_obtained":["Dash"]},{"damage_healed":0,"gold_gain":0,"player_choice":"Lose Max HP","damage_taken":0,"relics_obtained":["Golden Idol"],"max_hp_gain":0,"max_hp_loss":6,"event_name":"Golden Idol","floor":12,"gold_loss":0},{"cards_removed":["Defend_G"],"damage_healed":0,"gold_gain":0,"player_choice":"Elegance","damage_taken":0,"max_hp_gain":0,"max_hp_loss":0,"event_name":"Back to Basics","floor":21,"gold_loss":0},{"damage_healed":0,"gold_gain":0,"player_choice":"Paid Fearfully","damage_taken":0,"max_hp_gain":0,"max_hp_loss":0,"event_name":"Masked Bandits","floor":24,"gold_loss":72},{"damage_healed":0,"gold_gain":0,"player_choice":"Opened","damage_taken":0,"relics_obtained":["Nunchaku"],"max_hp_gain":0,"max_hp_loss":0,"event_name":"The Mausoleum","floor":28,"gold_loss":0,"cards_obtained":["Writhe"]},{"cards_removed":["Defend_G"],"damage_healed":0,"gold_gain":0,"player_choice":"Offered Basic","damage_taken":0,"max_hp_gain":0,"max_hp_loss":0,"event_name":"Bonfire Elementals","floor":37,"gold_loss":0},{"damage_healed":0,"gold_gain":333,"player_choice":"Gave Idol","damage_taken":0,"max_hp_gain":0,"max_hp_loss":0,"event_name":"The Moai Head","floor":44,"relics_lost":["Golden Idol"],"gold_loss":0}],"is_beta":false,"boss_relics":[{"not_picked":["SacredBark","Coffee Dripper"],"picked":"Ring of the Serpent"},{"not_picked":["Runic Dome","Sozu"],"picked":"WristBlade"}],"items_purged_floors":[36],"is_endless":false,"potions_floor_spawned":[4,19,29,33,41,42,45],"ascension_level":0}}