{"host":"2zw05eexjythz74b","time":1610158488,"event":{"mods":["AchievementEnabler","BaseMod","Better Altar","Colored Map","Minty Spire (QoL Compilation)","StSLib","everything is the same but u backflip on backflip"],"gold_per_floor":[10,26,26,46,60,93,93,125,125,125,125],"floor_reached":10,"playtime":538,"items_purged":[],"score":86,"play_id":"4f66ffaa-017d-4a92-87d0-3a9e746fd749","local_time":"20210108201448","is_ascension_mode":true,"campfire_choices":[{"data":"Whirlwind","floor":7,"key":"SMITH"}],"circlet_count":0,"master_deck":["Strike_R","Strike_R","Strike_R","Strike_R","Strike_R","Defend_R","Defend_R","Defend_R","Defend_R","Bash","Reaper","Armaments+1","Warcry","Whirlwind","Whirlwind+1","Limit Break","Demon Form"],"relics":["Burning Blood","Smiling Mask","Boot","Omamori"],"acts_visited":["Exordium"],"potions_floor_usage":[8],"damage_taken":[{"damage":4,"enemies":"2 Louse","floor":1,"turns":4},{"damage":6,"enemies":"Jaw Worm","floor":2,"turns":5},{"damage":6,"enemies":"Cultist","floor":4,"turns":3},{"damage":16,"enemies":"Blue Slaver","floor":5,"turns":5},{"damage":47,"enemies":"Gremlin Nob","floor":6,"turns":5},{"damage":36,"enemies":"Lagavulin","floor":8,"turns":8},{"damage":27,"enemies":"3 Sentries","floor":10,"turns":2}],"seed_played":"8226251752339730753","potions_obtained":[{"floor":6,"key":"Energy Potion"},{"floor":8,"key":"ElixirPotion"}],"is_trial":false,"path_per_floor":["M","M","?","M","M","E","R","E","T","E"],"character_chosen":"IRONCLAD","items_purchased":[],"campfire_rested":0,"item_purchase_floors":[],"current_hp_per_floor":[80,80,80,80,77,42,42,19,19,0,0],"gold":125,"neow_bonus":"THREE_RARE_CARDS","is_daily":false,"chose_seed":false,"campfire_upgraded":1,"win_rate":0.0,"timestamp":1610158488,"path_taken":["M","M","?","M","M","E","R","E","T","E"],"items_purchased_type":[],"build_version":"2020-12-22","purchased_purges":0,"victory":false,"max_hp_per_floor":[80,80,80,80,80,80,80,80,80,80,80],"card_choices":[{"not_picked":["Juggernaut","Bludgeon"],"picked":"Reaper","floor":0},{"not_picked":["Anger","Burning Pact"],"picked":"Armaments","floor":1},{"not_picked":["Shrug It Off","Wild Strike"],"picked":"Warcry","floor":2},{"not_picked":["Twin Strike","Clothesline"],"picked":"Whirlwind","floor":4},{"not_picked":["Heavy Blade","Headbutt"],"picked":"Whirlwind","floor":5},{"not_picked":["Feel No Pain","Flame Barrier"],"picked":"Limit Break","floor":6},{"not_picked":["Reckless Charge","Pommel Strike"],"picked":"Demon Form","floor":8}],"player_experience":203237,"relics_obtained":[{"floor":6,"key":"Smiling Mask"},{"floor":8,"key":"Boot"},{"floor":9,"key":"Omamori"}],"event_choices":[{"damage_healed":0,"gold_gain":0,"player_choice":"Grow","damage_taken":0,"max_hp_gain":0,"max_hp_loss":0,"event_name":"Living Wall","floor":3,"gold_loss":0,"cards_upgraded":["Armaments"]}],"is_beta":false,"boss_relics":[],"items_purged_floors":[],"is_endless":false,"potions_floor_spawned":[6,8],"killed_by":"3 Sentries","ascension_level":2}}