{"host":"1ql62c9o0mvto073","time":1610221776,"event":{"mods":["BaseMod","Minty Spire (QoL Compilation)","Replay The Spire","StSLib"],"gold_per_floor":[111,161,194,369,369,369,369,63,63,127,143,143,171,203,203,308,308,326,73,73,26,37,68,68,68,68,68,94,94,107,107,107,207,207,239,251,263,286,310,322,353,365,403,415,438,450,87,130,130,130,130,130,30,30,30],"floor_reached":54,"playtime":2612,"items_purged":["Doubt","Overencumbered","Doubt"],"score":776,"play_id":"eeda14a4-2eb7-4009-b5a5-6729acb5c0dd","local_time":"20210109144936","is_ascension_mode":false,"campfire_choices":[{"floor":6,"key":"RECALL"},{"data":"Zap","floor":12,"key":"SMITH"},{"data":"Dualcast","floor":15,"key":"SMITH"},{"data":"Steam Power","floor":24,"key":"SMITH"},{"floor":27,"key":"REST"},{"floor":29,"key":"REST"},{"floor":32,"key":"REST"},{"floor":40,"key":"REST"},{"floor":44,"key":"REST"},{"floor":46,"key":"REST"},{"data":"Skim","floor":52,"key":"SMITH"}],"circlet_count":0,"master_deck":["Strike_B+1","Defend_B","Defend_B","Defend_B","Zap+1","Dualcast+1","Go for the Eyes+1","Parasite","Tempest","Loop+1","Gash+1","Melter+1","FTL","Steam Power+1","Biased Cognition+1","Core Surge+1","Ball Lightning+1","Sweeping Beam+1","Chaos+1","ReplayTheSpireMod:Splinters","RitualDagger+1","Rip and Tear+1","Streamline","ReplayTheSpireMod:Splinters","ReplayTheSpireMod:System Scan+1","Lockon","CurseOfTheBell","Double Energy+1","ReplayTheSpireMod:Splinters","Turbo+1","Gash","Hallucinations","Ball Lightning","ReplayGash","Skim+1","Delirium"],"relics":["Cracked Core","NeowsBlessing","Ring of Greed","MealTicket","Golden Egg","ReplayTheSpireMod:Ring of Challenge","Geode","Happy Flower","Replay:PocketPolymizer","Oddly Smooth Stone","Divine Protection","SacredBark","Potion Belt","Gremlin Food","Pocketwatch","Calling Bell","MawBank","Mirror","FossilizedHelix","Vajra","Kunai","Counterbalance"],"acts_visited":["Exordium","TheCity","TheBeyond","TheEnding"],"potions_floor_usage":[28,28,33,33,50,50,50,50,54,54],"damage_taken":[{"damage":0,"enemies":"Small Slimes","floor":1,"turns":1},{"damage":0,"enemies":"2 Louse","floor":3,"turns":1},{"damage":0,"enemies":"3 Sentries","floor":10,"turns":1},{"damage":0,"enemies":"Jaw Worm","floor":11,"turns":2},{"damage":12,"enemies":"Lagavulin","floor":13,"turns":5},{"damage":0,"enemies":"2 Fungi Beasts","floor":14,"turns":3},{"damage":28,"enemies":"Hexaghost","floor":16,"turns":7},{"damage":17,"enemies":"3 Byrds","floor":18,"turns":3},{"damage":0,"enemies":"Spheric Guardian","floor":22,"turns":1},{"damage":34,"enemies":"Gremlin Leader","floor":23,"turns":5},{"damage":7,"enemies":"Shelled Parasite and Fungi","floor":28,"turns":4},{"damage":1,"enemies":"Snecko","floor":30,"turns":3},{"damage":74,"enemies":"Automaton","floor":33,"turns":11},{"damage":12,"enemies":"3 Shapes","floor":35,"turns":5},{"damage":16,"enemies":"Orb Walker","floor":38,"turns":4},{"damage":49,"enemies":"Writhing Mass","floor":39,"turns":6},{"damage":0,"enemies":"Sphere and 2 Shapes","floor":41,"turns":3},{"damage":26,"enemies":"Jaw Worm Horde","floor":45,"turns":4},{"damage":58,"enemies":"Awakened One","floor":50,"turns":8},{"damage":84,"enemies":"Shield and Spear","floor":54,"turns":3}],"seed_played":"-377115834252304983","potions_obtained":[{"floor":14,"key":"SpeedPotion"},{"floor":16,"key":"Energy Potion"},{"floor":18,"key":"SpeedPotion"},{"floor":23,"key":"EssenceOfSteel"},{"floor":35,"key":"SpeedPotion"},{"floor":38,"key":"Cursed Concoction"},{"floor":41,"key":"SteroidPotion"},{"floor":49,"key":"EssenceOfDarkness"},{"floor":49,"key":"PotionOfCapacity"}],"is_trial":false,"path_per_floor":["M","?","M","?","?","R","$","$","T","?","M","R","E","M","R","B",null,"M","$","?","$","M","E","R","?","T","R","M","R","M","?","R","B",null,"M","?","?","M","M","R","M","?","T","R","M","R","$","?","R","B",null,"R","$","E"],"character_chosen":"DEFECT","items_purchased":["Happy Flower","Loop","Potion Belt","Ball Lightning","Kunai","Swift Potion","Weak Potion"],"campfire_rested":6,"item_purchase_floors":[8,8,19,21,47,53,53],"current_hp_per_floor":[75,75,75,75,68,68,75,75,75,75,75,75,63,63,63,35,75,58,73,73,75,75,41,41,35,35,57,50,72,71,57,80,6,80,68,68,68,52,3,27,27,27,27,51,25,49,64,64,64,6,80,80,80,0,0],"gold":30,"neow_bonus":"THREE_ENEMY_KILL","is_daily":false,"chose_seed":false,"campfire_upgraded":4,"win_rate":0.0,"timestamp":1610221776,"path_taken":["M","?","M","?","?","R","?","$","T","?","M","R","E","M","R","BOSS","M","$","?","$","M","E","R","?","T","R","M","R","M","?","R","BOSS","M","?","?","M","?","R","M","?","T","R","M","R","$","?","R","BOSS","R","$","E"],"items_purchased_type":["Relic","Card","Relic","Card","Relic","Potion","Potion"],"build_version":"2020-12-22","purchased_purges":3,"victory":false,"max_hp_per_floor":[75,75,75,75,75,75,75,75,75,75,75,75,75,75,75,75,75,75,75,75,75,75,75,75,75,75,75,75,75,75,80,80,80,80,80,80,80,80,80,80,80,80,80,80,80,80,80,80,80,80,80,80,80,80,80],"card_choices":[{"not_picked":["Rebound","Steam"],"picked":"Go for the Eyes","floor":1},{"not_picked":["ReplaySort","Blizzard"],"picked":"Tempest","floor":3},{"not_picked":["Fission","Sweeping Beam"],"picked":"Gash","floor":10},{"not_picked":["ReplayTheSpireMod:Calculation Training","Sweeping Beam"],"picked":"Melter","floor":11},{"not_picked":["Crystallizer","Capacitor"],"picked":"FTL","floor":13},{"not_picked":["Redo","Steam"],"picked":"Steam Power","floor":14},{"not_picked":["ReplayTheSpireMod:Omega Cannon","Thunder Strike"],"picked":"Core Surge","floor":16},{"not_picked":["FTL","Hologram"],"picked":"Hello World","floor":18},{"not_picked":["Go for the Eyes","Steam"],"picked":"Sweeping Beam+1","floor":22},{"not_picked":["Reinforced Body","BasicCrystalCard+1"],"picked":"Chaos+1","floor":23},{"not_picked":["BasicCrystalCard","ReplayTheSpireMod:Repulse"],"picked":"Rip and Tear+1","floor":28},{"not_picked":["Stack+1","Hologram"],"picked":"ReplayTheSpireMod:System Scan+1","floor":30},{"not_picked":["Cold Snap","Genetic Algorithm"],"picked":"Double Energy+1","floor":35},{"not_picked":["Genetic Algorithm+1","Rip and Tear"],"picked":"Turbo","floor":38},{"not_picked":["Sweeping Beam+1","Sunder+1","Compile Driver"],"picked":"SKIP","floor":39},{"not_picked":["Scrape+1","FIFO Queue"],"picked":"Gash","floor":41},{"not_picked":["Sweeping Beam","Heatsinks+1"],"picked":"Ball Lightning","floor":45},{"not_picked":["Rip and Tear+1","BasicCrystalCard+1"],"picked":"Skim","floor":48}],"player_experience":398966,"relics_obtained":[{"floor":2,"key":"Ring of Greed"},{"floor":2,"key":"MealTicket"},{"floor":2,"key":"Golden Egg"},{"floor":2,"key":"ReplayTheSpireMod:Ring of Challenge"},{"floor":9,"key":"Replay:PocketPolymizer"},{"floor":13,"key":"Divine Protection"},{"floor":23,"key":"Pocketwatch"},{"floor":34,"key":"MawBank"},{"floor":34,"key":"Mirror"},{"floor":34,"key":"FossilizedHelix"},{"floor":43,"key":"Vajra"},{"floor":48,"key":"Counterbalance"}],"event_choices":[{"damage_healed":0,"gold_gain":175,"player_choice":"AGREE","damage_taken":0,"max_hp_gain":0,"max_hp_loss":0,"event_name":"Liars Game","floor":4,"gold_loss":0,"cards_obtained":["Doubt"]},{"damage_healed":0,"gold_gain":0,"player_choice":"Success","damage_taken":7,"relics_obtained":["Geode"],"max_hp_gain":0,"max_hp_loss":0,"event_name":"Scrap Ooze","floor":5,"gold_loss":0},{"damage_healed":0,"gold_gain":0,"player_choice":"Searched \u00272\u0027 times","damage_taken":0,"relics_obtained":["Oddly Smooth Stone"],"max_hp_gain":0,"max_hp_loss":0,"event_name":"Dead Adventurer","floor":10,"gold_loss":0},{"damage_healed":0,"gold_gain":0,"player_choice":"Stole Relic","damage_taken":0,"relics_obtained":["Gremlin Food"],"max_hp_gain":0,"max_hp_loss":0,"event_name":"Addict","floor":20,"gold_loss":0,"cards_obtained":["Shame"]},{"damage_healed":0,"gold_gain":0,"player_choice":"Joined the Cult","damage_taken":6,"max_hp_gain":0,"max_hp_loss":0,"event_name":"Nest","floor":25,"gold_loss":0,"cards_obtained":["RitualDagger"]},{"damage_healed":0,"gold_gain":0,"player_choice":"Shed Blood","damage_taken":19,"max_hp_gain":5,"max_hp_loss":0,"event_name":"Forgotten Altar","floor":31,"gold_loss":0},{"cards_removed":["Glacier"],"damage_healed":0,"gold_gain":0,"player_choice":"Removed Skill","damage_taken":0,"max_hp_gain":0,"max_hp_loss":0,"event_name":"Falling","floor":36,"gold_loss":0},{"damage_healed":0,"gold_gain":0,"player_choice":"Ignored","damage_taken":0,"max_hp_gain":0,"max_hp_loss":0,"event_name":"SecretPortal","floor":37,"gold_loss":0},{"damage_healed":0,"gold_gain":0,"player_choice":"Ignored","damage_taken":0,"max_hp_gain":0,"max_hp_loss":0,"event_name":"The Moai Head","floor":42,"gold_loss":0}],"is_beta":false,"boss_relics":[{"not_picked":["Replay:Wanted Poster","Velvet Choker"],"picked":"SacredBark"},{"not_picked":["FrozenCore","Snecko Eye"],"picked":"Calling Bell"}],"items_purged_floors":[8,19,47],"is_endless":false,"potions_floor_spawned":[14,16,18,23,35,38,41],"killed_by":"Shield and Spear","ascension_level":0}}