{"host":"7k2a2omxz3voj5ax","time":1610173957,"event":{"mods":["BaseMod","Marisa£¨ìFÓê¡¡Ä§ÀíÉ³£©","Minty Spire (QoL Compilation)","Quick Restart","Spicy Shops","StSLib","Starting Relic: Pandora\u0027s Box","óô»ðÖ¸ÄÏ"],"gold_per_floor":[118,132,132,146,160,160,192,192,243,243,1556,1583,1595,1614,1614,1685,1685,1685,1685,1625,1625,1625,1625,1625,1625,1625,1242,1242,1242,894,894,894,894,894,894,894,894,607,607,607,607,607,607,607,607,607,607,607,607,607,607,607,607,252,252,252],"floor_reached":57,"playtime":2570,"items_purged":["OneTimeOff","NonDirectionalLaser","ManaConvection","EventHorizon","UpSweep+1"],"score":3230,"play_id":"312be361-d4cf-4d65-8fb2-87744f4c412f","local_time":"20210109153237","is_ascension_mode":true,"campfire_choices":[{"data":"AsteroidBelt","floor":6.0,"key":"SMITH"},{"data":"UpSweep","floor":8.0,"key":"SMITH"},{"data":"BlazeAway","floor":15.0,"key":"SMITH"},{"data":"EarthLightRay","floor":32.0,"key":"SMITH"},{"data":"OortCloud","floor":41.0,"key":"SMITH"},{"data":"UltimateShortwave","floor":47.0,"key":"SMITH"},{"floor":49.0,"key":"RECALL"}],"circlet_count":0,"master_deck":["AscendersBane","StarBarrage+1","6A+1","AsteroidBelt+1","PowerUp+1","OortCloud+1","BlazeAway+1","Acceleration","Singularity+1","EarthLightRay+1","UltimateShortwave+1","EnergyRecoil+1","MilkyWay","Singularity+1"],"relics":["MiniHakkero","StrikeDummy","SimpleLauncher","Art of War","War Paint","Ectoplasm","Juzu Bracelet","Shovel","Bag of Preparation","Frozen Egg 2","Membership Card","MealTicket","Sozu","Vajra","Sling","Nunchaku","Lantern","Kunai","Calipers","FossilizedHelix","TheAbacus","Whetstone","Akabeko","Orrery"],"acts_visited":["Exordium","TheCity","TheBeyond","TheEnding"],"potions_floor_usage":[],"damage_taken":[{"damage":1.0,"enemies":"2 Louse","floor":1.0,"turns":2.0},{"damage":0.0,"enemies":"Cultist","floor":2.0,"turns":2.0},{"damage":5.0,"enemies":"Small Slimes","floor":4.0,"turns":2.0},{"damage":2.0,"enemies":"Gremlin Gang","floor":5.0,"turns":3.0},{"damage":3.0,"enemies":"Gremlin Nob","floor":7.0,"turns":3.0},{"damage":1.0,"enemies":"Lagavulin","floor":12.0,"turns":5.0},{"damage":10.0,"enemies":"3 Louse","floor":13.0,"turns":4.0},{"damage":7.0,"enemies":"Looter","floor":14.0,"turns":3.0},{"damage":27.0,"enemies":"Slime Boss","floor":16.0,"turns":4.0},{"damage":0.0,"enemies":"Spheric Guardian","floor":18.0,"turns":3.0},{"damage":11.0,"enemies":"2 Thieves","floor":20.0,"turns":3.0},{"damage":0.0,"enemies":"Centurion and Healer","floor":21.0,"turns":3.0},{"damage":0.0,"enemies":"3 Cultists","floor":22.0,"turns":3.0},{"damage":0.0,"enemies":"Book of Stabbing","floor":23.0,"turns":4.0},{"damage":8.0,"enemies":"Snake Plant","floor":24.0,"turns":3.0},{"damage":13.0,"enemies":"Slavers","floor":25.0,"turns":4.0},{"damage":3.0,"enemies":"Centurion and Healer","floor":31.0,"turns":4.0},{"damage":4.0,"enemies":"Automaton","floor":33.0,"turns":4.0},{"damage":13.0,"enemies":"3 Shapes","floor":35.0,"turns":3.0},{"damage":34.0,"enemies":"3 Darklings","floor":36.0,"turns":4.0},{"damage":0.0,"enemies":"Nemesis","floor":40.0,"turns":3.0},{"damage":0.0,"enemies":"Reptomancer","floor":42.0,"turns":3.0},{"damage":0.0,"enemies":"Nemesis","floor":44.0,"turns":5.0},{"damage":0.0,"enemies":"4 Shapes","floor":46.0,"turns":4.0},{"damage":0.0,"enemies":"Mind Bloom Boss Battle","floor":48.0,"turns":3.0},{"damage":0.0,"enemies":"Donu and Deca","floor":50.0,"turns":8.0},{"damage":0.0,"enemies":"Awakened One","floor":51.0,"turns":5.0},{"damage":0.0,"enemies":"Shield and Spear","floor":55.0,"turns":4.0},{"damage":65,"enemies":"The Heart","floor":56,"turns":8}],"seed_played":"6084285583107570148","potions_obtained":[{"floor":2.0,"key":"PowerPotion"},{"floor":4.0,"key":"SteroidPotion"},{"floor":16.0,"key":"AttackPotion"},{"floor":21.0,"key":"DistilledChaos"},{"floor":22.0,"key":"Swift Potion"},{"floor":31.0,"key":"Block Potion"}],"is_trial":false,"path_per_floor":["M","M","?","M","M","R","E","R","T","?","$","E","M","M","R","B",null,"M","?","M","M","M","E","M","E","T","R","?","?","R","M","R","B",null,"M","M","?","$","?","E","R","E","T","E","?","M","R","?","R","B","B",null,"R","$","E","B",null],"character_chosen":"MARISA","items_purchased":["OortCloud","SimpleLauncher","Art of War","Frozen Egg 2","Membership Card","Singularity+1","MealTicket","Vajra","Sling","MilkyWay","TheAbacus","Whetstone","Akabeko","Orrery"],"campfire_rested":0,"item_purchase_floors":[11,11,11,27,30,30,30,38,38,54,54,54,54,54],"current_hp_per_floor":[62,62,62,57,55,55,52,52,52,52,52,51,41,34,34,7,54,54,54,43,43,43,43,35,22,22,22,22,22,22,19,19,21,58,51,23,23,38,38,44,44,50,50,56,56,62,62,68,68,70,70,70,70,70,70,9],"gold":252,"neow_bonus":"REMOVE_CARD","is_daily":false,"chose_seed":false,"campfire_upgraded":6,"win_rate":0.0,"timestamp":1610173957,"path_taken":["M","M","?","M","?","R","E","R","T","?","$","E","M","M","R","BOSS","M","?","?","M","M","E","M","E","T","R","?","?","R","M","R","BOSS","M","M","?","?","?","E","R","E","T","E","?","M","R","?","R","BOSS","BOSS","R","$","E","BOSS"],"items_purchased_type":["Card","Relic","Relic","Relic","Relic","Card","Relic","Relic","Relic","Card","Relic","Relic","Relic","Relic"],"build_version":"2020-12-22","purchased_purges":5,"victory":true,"max_hp_per_floor":[70,70,70,70,70,70,70,70,70,70,70,70,70,70,70,70,70,70,70,70,70,70,70,70,70,70,70,70,70,70,70,70,70,70,70,70,70,70,70,70,70,70,70,70,70,70,70,70,70,70,70,70,70,70,70,70],"card_choices":[{"not_picked":["WitchLeyline","NonDirectionalLaser"],"picked":"PowerUp","floor":1.0},{"not_picked":["EnergyRecoil","DC","WitchOfGreed"],"picked":"SKIP","floor":2.0},{"not_picked":["NonDirectionalLaser","6A"],"picked":"EventHorizon","floor":4.0},{"not_picked":["DC","StarBarrage","GravityBeat"],"picked":"SKIP","floor":5.0},{"not_picked":["GalacticHalo","SatelliteIllusion","LuminesStrike"],"picked":"SKIP","floor":7.0},{"not_picked":["EnergyFlow","ManaRampage","LuminesStrike"],"picked":"SKIP","floor":12.0},{"not_picked":["DoubleSpark","6A"],"picked":"BlazeAway","floor":13.0},{"not_picked":["GalacticHalo","OrrerysSun"],"picked":"Acceleration","floor":14.0},{"not_picked":["StarlightTyphoon","GrandCross"],"picked":"ManaConvection","floor":18.0},{"not_picked":["MilkyWay","GasGiant","BlazeAway"],"picked":"SKIP","floor":20.0},{"not_picked":["DC","DarkSpark","ShootingEcho"],"picked":"SKIP","floor":21.0},{"not_picked":["DC","DoubleSpark","MagicAbsorber"],"picked":"SKIP","floor":22.0},{"not_picked":["CollectingQuirk","DC","StarlightTyphoon+1"],"picked":"SKIP","floor":23.0},{"not_picked":["Robbery","IllusionStar","UnstableBomb+1"],"picked":"SKIP","floor":24.0},{"not_picked":["UnstableBomb","ShootingEcho","AlicesGift"],"picked":"SKIP","floor":25.0},{"not_picked":["DC","StarlightTyphoon"],"picked":"EarthLightRay","floor":31.0},{"not_picked":["Acceleration+1","LuminesStrike","ShootTheMoon"],"picked":"SKIP","floor":35.0},{"not_picked":["AsteroidBelt","GalacticHalo+1","MysteriousBeam+1"],"picked":"SKIP","floor":36.0},{"not_picked":["DC","NonDirectionalLaser","DeepEcoloBomb+1"],"picked":"SKIP","floor":40.0},{"not_picked":["GrandCross","6A"],"picked":"UltimateShortwave","floor":42.0},{"not_picked":["BinaryStars","FairyDestructionRay","BlazingStar"],"picked":"SKIP","floor":44.0},{"not_picked":["MagicAbsorber","GalacticHalo","StarlightTyphoon"],"picked":"SKIP","floor":46.0},{"not_picked":["LuminesStrike","DC"],"picked":"EnergyRecoil+1","floor":48.0},{"not_picked":["DragonMeteor+1","MysteriousBeam"],"picked":"Singularity+1","floor":54.0},{"not_picked":["GalacticHalo","PowerUp","GravityBeat"],"picked":"SKIP","floor":55.0}],"player_experience":414932,"relics_obtained":[{"floor":7.0,"key":"StrikeDummy"},{"floor":12.0,"key":"War Paint"},{"floor":23.0,"key":"Juzu Bracelet"},{"floor":25.0,"key":"Shovel"},{"floor":26.0,"key":"Bag of Preparation"},{"floor":40.0,"key":"Nunchaku"},{"floor":42.0,"key":"Lantern"},{"floor":43.0,"key":"Kunai"},{"floor":44.0,"key":"Calipers"},{"floor":48.0,"key":"FossilizedHelix"}],"event_choices":[{"cards_removed":["LuminesStrike"],"damage_healed":0.0,"max_hp_gain":0.0,"max_hp_loss":0.0,"gold_gain":0.0,"event_name":"Wheel of Change","player_choice":"Card Removal","floor":3.0,"gold_loss":0.0,"damage_taken":0.0},{"damage_healed":0.0,"max_hp_gain":0.0,"max_hp_loss":0.0,"gold_gain":0.0,"cards_transformed":["NonDirectionalLaser"],"event_name":"Living Wall","player_choice":"Change","floor":10.0,"gold_loss":0.0,"damage_taken":0.0,"cards_obtained":["OrrerysSun"]},{"damage_healed":0.0,"max_hp_gain":0.0,"max_hp_loss":0.0,"gold_gain":0.0,"event_name":"Lab","player_choice":"Got Potions","floor":19.0,"gold_loss":0.0,"damage_taken":0.0},{"damage_healed":0.0,"max_hp_gain":0.0,"max_hp_loss":0.0,"gold_gain":0.0,"event_name":"Ghosts","player_choice":"Ignored","floor":28.0,"gold_loss":0.0,"damage_taken":0.0},{"damage_healed":0.0,"max_hp_gain":0.0,"max_hp_loss":0.0,"gold_gain":0.0,"event_name":"Cursed Tome","player_choice":"Ignored","floor":29.0,"gold_loss":0.0,"damage_taken":0.0},{"damage_healed":0.0,"max_hp_gain":0.0,"max_hp_loss":0.0,"gold_gain":0.0,"event_name":"Tomb of Lord Red Mask","player_choice":"Ignored","floor":37.0,"gold_loss":0.0,"damage_taken":0.0},{"cards_removed":["OrrerysSun"],"damage_healed":0.0,"max_hp_gain":0.0,"max_hp_loss":0.0,"gold_gain":0.0,"event_name":"Falling","player_choice":"Removed Power","floor":39.0,"gold_loss":0.0,"damage_taken":0.0},{"cards_removed":["SporeBomb"],"damage_healed":0.0,"max_hp_gain":0.0,"max_hp_loss":0.0,"gold_gain":0.0,"event_name":"Purifier","player_choice":"Purged","floor":45.0,"gold_loss":0.0,"damage_taken":0.0},{"damage_healed":0.0,"max_hp_gain":0.0,"max_hp_loss":0.0,"gold_gain":0.0,"event_name":"MindBloom","player_choice":"Fight","floor":48.0,"gold_loss":0.0,"damage_taken":0.0}],"is_beta":false,"boss_relics":[{"not_picked":["SlaversCollar","Tiny House"],"picked":"Ectoplasm"},{"not_picked":["Snecko Eye","Fusion Hammer"],"picked":"Sozu"}],"items_purged_floors":[11,27,30,38,38],"is_endless":false,"potions_floor_spawned":[2,4,5,16,18,21,22,31,35,40,42,48],"ascension_level":20}}