{"host":"og6lam4kt3nibbw0","time":1610211101,"event":{"mods":["AchievementEnabler","BaseMod","Colored Map","DeckTracker","Highlight Path","Keyboard Shortcuts","Minty Spire (QoL Compilation)","Permanent Neow","Quick Restart","StSLib","SuperFastMode"],"gold_per_floor":[117,127,42,42,42,42,72,129,129,28,46,46,101,137,137,222,222,251,260,185,235,260,260,260,260],"floor_reached":24,"playtime":497,"items_purged":[],"score":380,"play_id":"750dd44e-6790-432c-b632-84ae4339ccdf","local_time":"20210110015141","is_ascension_mode":true,"campfire_choices":[{"data":"Storm","floor":6.0,"key":"SMITH"},{"floor":12.0,"key":"REST"},{"floor":15.0,"key":"REST"},{"floor":23,"key":"REST"}],"circlet_count":0,"master_deck":["AscendersBane","Strike_B","Strike_B","Defend_B","Defend_B","Zap","Dualcast","Ball Lightning","FTL","Storm+1","Sunder","Static Discharge","Ball Lightning","Glacier","Thunder Strike","Leap","Decay","Chill"],"relics":["FrozenCore","Odd Mushroom","Singing Bowl","CeramicFish","White Beast Statue"],"acts_visited":["Exordium","TheCity"],"potions_floor_usage":[],"damage_taken":[{"damage":1.0,"enemies":"Cultist","floor":1.0,"turns":3.0},{"damage":7.0,"enemies":"Jaw Worm","floor":2.0,"turns":3.0},{"damage":25.0,"enemies":"The Mushroom Lair","floor":7.0,"turns":4.0},{"damage":1.0,"enemies":"2 Louse","floor":11.0,"turns":2.0},{"damage":35.0,"enemies":"3 Sentries","floor":14.0,"turns":5.0},{"damage":25.0,"enemies":"Hexaghost","floor":16.0,"turns":8.0},{"damage":32.0,"enemies":"Shell Parasite","floor":18.0,"turns":6.0},{"damage":17,"enemies":"Chosen","floor":22,"turns":6},{"damage":64,"enemies":"Gremlin Leader","floor":24,"turns":4}],"seed_played":"6363329021427165710","potions_obtained":[{"floor":1.0,"key":"Weak Potion"},{"floor":7.0,"key":"Strength Potion"},{"floor":16.0,"key":"Energy Potion"},{"floor":18.0,"key":"FairyPotion"},{"floor":22,"key":"FearPotion"}],"is_trial":false,"path_per_floor":["M","M","$","?","?","R","?","?","T","$","M","R","T","E","R","B",null,"M","?","?","?","M","R","E"],"character_chosen":"DEFECT","items_purchased":["Storm","Static Discharge","Ball Lightning"],"campfire_rested":3,"item_purchase_floors":[3,10,10],"current_hp_per_floor":[45,38,38,43,43,43,18,18,18,18,19,42,42,7,30,5,60,28,28,28,28,11,34,0,0],"gold":260,"neow_bonus":"REMOVE_TWO","is_daily":false,"chose_seed":false,"campfire_upgraded":1,"win_rate":0.0,"timestamp":1610211101,"path_taken":["M","M","$","?","?","R","?","?","T","$","M","R","?","E","R","BOSS","M","?","?","?","?","R","E"],"items_purchased_type":["Card","Card","Card"],"build_version":"2020-12-22","purchased_purges":0,"victory":false,"max_hp_per_floor":[71,71,71,76,76,76,76,76,76,76,78,78,78,78,78,78,78,78,78,78,78,78,78,78,78],"card_choices":[{"not_picked":["Steam Power","Leap"],"picked":"Ball Lightning","floor":1.0},{"not_picked":["Steam Power","Turbo"],"picked":"FTL","floor":2.0},{"not_picked":["Go for the Eyes","Compile Driver"],"picked":"Sunder","floor":7.0},{"not_picked":["Turbo","Streamline","Gash"],"picked":"Singing Bowl","floor":11.0},{"not_picked":["Meteor Strike","Capacitor"],"picked":"Glacier","floor":14.0},{"not_picked":["Multi-Cast","Creative AI"],"picked":"Thunder Strike","floor":16.0},{"not_picked":["Turbo","Streamline"],"picked":"Leap","floor":18.0},{"not_picked":["Skim","Auto Shields"],"picked":"Chill","floor":22}],"player_experience":837414,"relics_obtained":[{"floor":7.0,"key":"Odd Mushroom"},{"floor":9.0,"key":"Singing Bowl"},{"floor":13.0,"key":"CeramicFish"},{"floor":14.0,"key":"White Beast Statue"}],"event_choices":[{"damage_healed":0.0,"max_hp_gain":5.0,"max_hp_loss":0.0,"gold_gain":0.0,"event_name":"Big Fish","player_choice":"Donut","floor":4.0,"gold_loss":0.0,"damage_taken":0.0},{"cards_removed":["Strike_B"],"damage_healed":0.0,"max_hp_gain":0.0,"max_hp_loss":0.0,"gold_gain":0.0,"event_name":"Living Wall","player_choice":"Forget","floor":5.0,"gold_loss":0.0,"damage_taken":0.0},{"damage_healed":0.0,"max_hp_gain":0.0,"max_hp_loss":0.0,"gold_gain":0.0,"event_name":"Mushrooms","player_choice":"Fought Mushrooms","floor":7.0,"gold_loss":0.0,"damage_taken":0.0},{"damage_healed":0.0,"max_hp_gain":0.0,"max_hp_loss":0.0,"gold_gain":57.0,"event_name":"Golden Wing","player_choice":"Gained Gold","floor":8.0,"gold_loss":0.0,"damage_taken":0.0},{"damage_healed":0.0,"max_hp_gain":0.0,"max_hp_loss":0.0,"gold_gain":0.0,"event_name":"Forgotten Altar","player_choice":"Smashed Altar","floor":19.0,"gold_loss":0.0,"damage_taken":0.0,"cards_obtained":["Decay"]},{"cards_removed":["Defend_B"],"damage_healed":0.0,"max_hp_gain":0.0,"max_hp_loss":0.0,"gold_gain":0.0,"event_name":"Beggar","player_choice":"Gave Gold","floor":20.0,"gold_loss":75.0,"damage_taken":0.0},{"damage_healed":0,"gold_gain":100,"player_choice":"Bet on Murderer","damage_taken":0,"max_hp_gain":0,"max_hp_loss":0,"event_name":"The Joust","floor":21,"gold_loss":50}],"is_beta":false,"boss_relics":[{"not_picked":["Philosopher\u0027s Stone","Busted Crown"],"picked":"FrozenCore"}],"items_purged_floors":[],"is_endless":false,"potions_floor_spawned":[1,7,16,18,22],"killed_by":"Gremlin Leader","ascension_level":20}}