{"host":"dltylvoep9h5hx7e","time":1610234903,"event":{"mods":["AchievementEnabler","BaseMod","Colored Map","Downfall","Minty Spire (QoL Compilation)","StSLib"],"gold_per_floor":[359,7,182,197,197,228,228,246,272,282,307,79,107,120,120,220,220,236,236,16,32,43,73,73,73,153,179,179,199,214,243,243,339,339,353,8,19,37,48,48,83,14,14,14,43,43,43,53,53,53],"floor_reached":51,"playtime":3275,"items_purged":["Strike_R","Shame","Doubt"],"score":900,"play_id":"4ce7116e-b70f-4796-bf14-dc0509d5471e","local_time":"20210109232823","is_ascension_mode":false,"campfire_choices":[{"floor":7.0,"key":"REST"},{"data":"Infernal Blade","floor":15.0,"key":"SMITH"},{"floor":25.0,"key":"REST"},{"data":"Demon Form","floor":28.0,"key":"SMITH"},{"data":"Fire Breathing","floor":32.0,"key":"SMITH"},{"floor":40.0,"key":"REST"},{"floor":44,"key":"REST"},{"data":"Metallicize","floor":46,"key":"SMITH"},{"floor":49,"key":"REST"}],"circlet_count":0,"master_deck":["Strike_R+1","Strike_R+1","Strike_R+1","Strike_R+1","Defend_R+1","Defend_R+1","Defend_R+1","Defend_R+1","Bash","Thunderclap","Metallicize+1","Ghostly Armor","Sword Boomerang","Flex","Anger","Infernal Blade+1","Sword Boomerang","Double Tap+1","Bludgeon","Iron Wave","Demon Form+1","Flex+1","expansioncontent:DonusPower+1","Pummel","Cleave+1","Pommel Strike+1","Bludgeon","Fire Breathing+1","Pommel Strike+1","expansioncontent:DarkVoid","Flame Barrier+1","Flex+1","Shrug It Off+1","Thunderclap","Metallicize","Infernal Blade+1","Panacea+1","Apotheosis+1","expansioncontent:DecasProtection+1","Parasite"],"relics":["Burning Blood","Membership Card","Meat on the Bone","FaceOfCleric","Regal Pillow","Potion Belt","Odd Mushroom","Toxic Egg 2","Bottled Tornado","SacredBark","Pear","Shuriken","Boot","Letter Opener","InkBottle","Bottled Lightning","Black Star","Gremlin Horn","Ancient Tea Set","Toy Ornithopter","Pocketwatch","HornCleat","Pen Nib","Magic Flower"],"acts_visited":["Exordium","TheCity","TheBeyond"],"potions_floor_usage":[45,50],"damage_taken":[{"damage":7.0,"enemies":"Small Slimes","floor":1.0,"turns":5.0},{"damage":1.0,"enemies":"Cultist","floor":4.0,"turns":3.0},{"damage":54.0,"enemies":"Gremlin Nob","floor":6.0,"turns":6.0},{"damage":0.0,"enemies":"Jaw Worm","floor":8.0,"turns":4.0},{"damage":8.0,"enemies":"Blue Slaver","floor":10.0,"turns":5.0},{"damage":13.0,"enemies":"The Mushroom Lair","floor":11.0,"turns":5.0},{"damage":23.0,"enemies":"3 Sentries","floor":13.0,"turns":8.0},{"damage":2.0,"enemies":"Looter","floor":14.0,"turns":3.0},{"damage":51.0,"enemies":"The Guardian","floor":16.0,"turns":9.0},{"damage":25.0,"enemies":"Chosen","floor":18.0,"turns":6.0},{"damage":7.0,"enemies":"2 Thieves","floor":21.0,"turns":3.0},{"damage":42.0,"enemies":"Snake Plant","floor":22.0,"turns":4.0},{"damage":27.0,"enemies":"Gremlin Leader","floor":23.0,"turns":7.0},{"damage":49.0,"enemies":"Slavers","floor":27.0,"turns":4.0},{"damage":9.0,"enemies":"3 Cultists","floor":29.0,"turns":4.0},{"damage":3.0,"enemies":"Centurion and Healer","floor":30.0,"turns":3.0},{"damage":20.0,"enemies":"Book of Stabbing","floor":31.0,"turns":6.0},{"damage":35.0,"enemies":"Champ","floor":33.0,"turns":8.0},{"damage":0.0,"enemies":"Orb Walker","floor":35.0,"turns":3.0},{"damage":13.0,"enemies":"3 Darklings","floor":37.0,"turns":3.0},{"damage":41.0,"enemies":"Transient","floor":38.0,"turns":5.0},{"damage":40.0,"enemies":"Spire Growth","floor":39.0,"turns":5.0},{"damage":90.0,"enemies":"Giant Head","floor":41.0,"turns":9.0},{"damage":0,"enemies":"Reptomancer","floor":45,"turns":3},{"damage":14,"enemies":"Writhing Mass","floor":48,"turns":5},{"damage":72,"enemies":"Awakened One","floor":50,"turns":10}],"seed_played":"-4251637129872504859","potions_obtained":[{"floor":1.0,"key":"sneckomod:MuddlingPotion"},{"floor":8.0,"key":"CultistPotion"},{"floor":13.0,"key":"DistilledChaos"},{"floor":14.0,"key":"champ:CounterPotion"},{"floor":18.0,"key":"AttackPotion"},{"floor":22.0,"key":"GamblersBrew"},{"floor":27.0,"key":"EssenceOfSteel"},{"floor":31.0,"key":"sneckomod:MuddlingPotion"},{"floor":35.0,"key":"LiquidBronze"},{"floor":38.0,"key":"Fire Potion"},{"floor":39.0,"key":"Fruit Juice"}],"is_trial":false,"path_per_floor":["M","$","?","M","?","E","R","M","T","M","?","$","E","M","R","B",null,"M","?","$","M","M","E","?","R","T","E","R","M","M","E","R","B",null,"M","$","M","M","M","R","E","$","T","R","E","R","?","M","R","B",null],"character_chosen":"IRONCLAD","items_purchased":["Membership Card","Metallicize","Ghostly Armor","Meat on the Bone","Toxic Egg 2","Double Tap+1","Shuriken","expansioncontent:DonusPower+1","Gremlin Horn","Ancient Tea Set","expansioncontent:DarkVoid","Flame Barrier+1","Metallicize","Infernal Blade+1"],"campfire_rested":5,"item_purchase_floors":[2,2,2,2,12,12,20,20,36,36,36,36,42,42],"current_hp_per_floor":[71,71,71,72,72,37,73,74,74,73,67,67,51,56,56,24,79,61,71,71,71,48,40,40,82,82,52,52,62,66,65,65,49,98,99,99,93,59,38,93,22,22,22,70,82,82,72,69,115,72],"gold":53,"neow_bonus":"TWO_FIFTY_GOLD","is_daily":false,"chose_seed":false,"campfire_upgraded":4,"win_rate":0.0,"timestamp":1610234903,"path_taken":["M","$","?","M","?","E","R","?","T","M","?","$","E","M","R","BOSS","M","?","$","M","M","E","?","R","T","E","R","M","M","E","R","BOSS","M","$","M","M","M","R","E","$","T","R","E","R","?","M","R","BOSS"],"items_purchased_type":["Relic","Card","Card","Relic","Relic","Card","Relic","Card","Relic","Relic","Card","Card","Card","Card"],"build_version":"2020-12-22","purchased_purges":3,"victory":true,"max_hp_per_floor":[72,72,72,72,72,73,73,74,74,75,76,76,77,78,78,79,79,80,90,90,91,92,93,93,93,93,94,94,95,96,97,97,98,98,99,99,100,101,102,112,113,113,113,113,114,114,114,115,115,116],"card_choices":[{"not_picked":["Carnage","Perfected Strike"],"picked":"Thunderclap","floor":1.0},{"not_picked":["Body Slam","Entrench"],"picked":"Sword Boomerang","floor":4.0},{"not_picked":["Shockwave","Clothesline"],"picked":"Flex","floor":6.0},{"not_picked":["Sever Soul","Spot Weakness"],"picked":"Anger","floor":8.0},{"not_picked":["Clothesline","Warcry"],"picked":"Infernal Blade","floor":10.0},{"not_picked":["Sever Soul","Thunderclap"],"picked":"Sword Boomerang","floor":11.0},{"not_picked":["Heavy Blade","Clash"],"picked":"Bludgeon","floor":13.0},{"not_picked":["Searing Blow","Warcry+1"],"picked":"Iron Wave","floor":14.0},{"not_picked":["Feed","Brutality"],"picked":"Demon Form","floor":16.0},{"not_picked":["Thunderclap","Searing Blow"],"picked":"Flex+1","floor":18.0},{"not_picked":["Twin Strike","Heavy Blade+1"],"picked":"Pummel","floor":21.0},{"not_picked":["Reckless Charge","Body Slam"],"picked":"Cleave+1","floor":22.0},{"not_picked":["Hemokinesis","Cleave"],"picked":"Pommel Strike+1","floor":23.0},{"not_picked":["Twin Strike","Heavy Blade","Cleave"],"picked":"SKIP","floor":27.0},{"not_picked":["Iron Wave","Clash"],"picked":"Bludgeon","floor":29.0},{"not_picked":["Rupture","Entrench+1","Blood for Blood+1"],"picked":"SKIP","floor":30.0},{"not_picked":["Feed","Entrench+1"],"picked":"Fire Breathing","floor":31.0},{"not_picked":["Headbutt","Sword Boomerang"],"picked":"Pommel Strike+1","floor":35.0},{"not_picked":["Pommel Strike","Heavy Blade","Clash"],"picked":"SKIP","floor":37.0},{"not_picked":["Warcry+1","True Grit+1"],"picked":"Flex+1","floor":38.0},{"not_picked":["Body Slam+1","Iron Wave+1"],"picked":"Shrug It Off+1","floor":39.0},{"not_picked":["Clash","Searing Blow"],"picked":"Thunderclap","floor":41},{"not_picked":["Clash+1","Brutality","True Grit+1"],"picked":"SKIP","floor":45},{"not_picked":["PanicButton+1","expansioncontent:BronzeBeam"],"picked":"Panacea+1","floor":47},{"not_picked":["Magnetism","Madness+1"],"picked":"Apotheosis+1","floor":47},{"not_picked":["expansioncontent:Torchfire","Swift Strike"],"picked":"expansioncontent:DecasProtection+1","floor":47},{"not_picked":["Perfected Strike","Reckless Charge","Dark Embrace+1"],"picked":"SKIP","floor":48}],"player_experience":3841,"relics_obtained":[{"floor":6.0,"key":"Regal Pillow"},{"floor":9.0,"key":"Potion Belt"},{"floor":11.0,"key":"Odd Mushroom"},{"floor":13.0,"key":"Bottled Tornado"},{"floor":23.0,"key":"Boot"},{"floor":26.0,"key":"Letter Opener"},{"floor":27.0,"key":"InkBottle"},{"floor":31.0,"key":"Bottled Lightning"},{"floor":41,"key":"Toy Ornithopter"},{"floor":41,"key":"Pocketwatch"},{"floor":43,"key":"HornCleat"},{"floor":45,"key":"Pen Nib"},{"floor":45,"key":"Magic Flower"}],"event_choices":[{"damage_healed":0.0,"max_hp_gain":0.0,"max_hp_loss":0.0,"gold_gain":175.0,"event_name":"Liars Game","player_choice":"AGREE","floor":3.0,"gold_loss":0.0,"damage_taken":0.0,"cards_obtained":["Doubt"]},{"damage_healed":0.0,"max_hp_gain":0.0,"max_hp_loss":0.0,"gold_gain":0.0,"event_name":"FaceTrader","player_choice":"Trade","floor":5.0,"gold_loss":0.0,"damage_taken":0.0,"relics_obtained":["FaceOfCleric"]},{"damage_healed":0.0,"max_hp_gain":0.0,"max_hp_loss":0.0,"gold_gain":0.0,"event_name":"Mushrooms","player_choice":"Fought Mushrooms","floor":11.0,"gold_loss":0.0,"damage_taken":0.0},{"damage_healed":0.0,"max_hp_gain":0.0,"max_hp_loss":0.0,"gold_gain":0.0,"event_name":"Addict","player_choice":"Stole Relic","floor":19.0,"gold_loss":0.0,"damage_taken":0.0,"relics_obtained":["Pear"],"cards_obtained":["Shame"]},{"damage_healed":0.0,"max_hp_gain":0.0,"max_hp_loss":0.0,"gold_gain":0.0,"event_name":"Back to Basics","player_choice":"Simplicity","floor":24.0,"gold_loss":0.0,"damage_taken":0.0,"cards_upgraded":["Strike_R","Strike_R","Strike_R","Strike_R","Defend_R","Defend_R","Defend_R","Defend_R"]},{"damage_healed":0,"gold_gain":0,"player_choice":"Memory 3","damage_taken":10,"max_hp_gain":0,"max_hp_loss":0,"event_name":"SensoryStone","floor":47,"gold_loss":0}],"is_beta":false,"boss_relics":[{"not_picked":["Snecko Eye","Fusion Hammer"],"picked":"SacredBark"},{"not_picked":["Mark of Pain","Philosopher\u0027s Stone"],"picked":"Black Star"}],"items_purged_floors":[12,20,36],"is_endless":false,"potions_floor_spawned":[1,8,13,14,18,22,27,31,35,38,39],"ascension_level":0}}