{"host":"pno9h1fupbyz205f","time":1610236581,"event":{"mods":["Aspiration","BaseMod","Better Altar","Better Match","Better Note","Better Sensory Stone","Better Skull","Better Third Choice","Colored Map","Colored Powertips","Hubris","Infinite Spire","Jedi Mod","Mad Scientist","Marisa????????","Minty Spire (QoL Compilation)","Permanent Neow","Potionbrewer","Replay The Spire","Shop Mod","Spicy Shops","StSLib","Td1madao Mod","The Blackbeard","The Gatherer","The Hierophant","The Poker Player","The Runesmith","The Servant 0.9.4","thorton","vexMod"],"gold_per_floor":[119,144,94,94,104,130,145,164,164,175,195,210,210,228,228,323,323,311,311,327,373,440,440,497,497,497,497,563,629,700,178,178,331,331,386,452,452,514,514,514,574,638,665,780,807,807,66,143,143,293,293,298,353,353,353,386,386,386,418,443,443,488,530,530,558,617,711,711,746,746,230,230,267,327,95,135,160,186,223,223,246,259,259,370,370,414,421,545,282,320,320,379,379,379,500,500,541,537,525,525,497,497,486,66,55,25,25,25,59,101,101,101,30,30,30,30,30,141,141,169,169,16,16,73,73,73,101,101,133,133,133,133,165,165,288,288,325,325,325,52,52,52,108,108,132,169,169,0,0,55,55,209,209,209,9,81,241],"floor_reached":158,"playtime":6081,"items_purged":["blackbeard:BlackbeardStrike","blackbeard:BlackbeardStrike","blackbeard:BlackbeardStrike","Wraith","blackbeard:BlackbeardDefend","blackbeard:BlackbeardDefend","Decay","blackbeard:Cutlass","Parasite","Doubt","Injury","Normality"],"score":4206,"play_id":"eaedaf5d-21f5-463d-971b-40718bcd4b9e","local_time":"20210109155621","is_ascension_mode":false,"campfire_choices":[{"floor":13.0,"key":"REST"},{"data":"Apotheosis","floor":15.0,"key":"SMITH"},{"floor":23.0,"key":"REST"},{"floor":27.0,"key":"REST"},{"floor":32.0,"key":"DIG"},{"floor":40.0,"key":"REST"},{"floor":46.0,"key":"REST"},{"data":"blackbeard:BlackbeardDefend","floor":49.0,"key":"PURGE"},{"data":"hubris:Rewind","floor":57.0,"key":"SMITH"},{"data":"hubris:InfiniteBlow","floor":80.0,"key":"SMITH"},{"data":"blackbeard:IntimidatingStrike","floor":83.0,"key":"PURGE"},{"data":"hubris:InfiniteBlow+1","floor":91.0,"key":"SMITH"},{"data":"hubris:InfiniteBlow+2","floor":93.0,"key":"SMITH"},{"data":"hubris:InfiniteBlow+3","floor":100,"key":"SMITH"},{"data":"hubris:InfiniteBlow+4","floor":108,"key":"SMITH"},{"data":"hubris:InfiniteBlow+5","floor":112,"key":"SMITH"},{"data":"hubris:InfiniteBlow+6","floor":114,"key":"SMITH"},{"floor":117,"key":"REST"},{"data":"hubris:InfiniteBlow+7","floor":142,"key":"SMITH"},{"data":"hubris:InfiniteBlow+8","floor":144,"key":"SMITH"},{"data":"hubris:InfiniteBlow+9","floor":147,"key":"SMITH"},{"data":"hubris:InfiniteBlow+10","floor":151,"key":"SMITH"},{"data":"hubris:InfiniteBlow+11","floor":154,"key":"SMITH"}],"circlet_count":0,"master_deck":["blackbeard:GoldenStrike","Apotheosis+1","Prepared+1","blackbeard:WeaponProficiency","blackbeard:PirateEarring+1","blackbeard:PirateStrength+1","blackbeard:PowerHungry+1","blackbeard:Bandana","blackbeard:Shrapnel","infinitespire:NeuralNetwork+1","hubris:Rewind+1","blackbeard:GoldenStrike","blackbeard:Halberd","blackbeard:GoldenDefense","jedi:LeechingStrike","blackbeard:ReapersScythe+1","blackbeard:Salvager","hubris:InfiniteBlow+12","blackbeard:BrownPants","blackbeard:GoldenStrike","blackbeard:Rum","blackbeard:Parrot","infinitespire:FutureSight","Mayhem","infinitespire:FutureSight","hubris:DuctTapeCard"],"relics":["blackbeard:LoadTheCannons","m_SnakeCloak","Replay:Mystery Machine","ReplayTheSpireMod:TigerMarble","thethorton:BottledFunds","InkBottle","infinitespire:Cupcake","Shuriken","infinitespire:Lucky Rock","MerchantsRug","Nunchaku","Runic Pyramid","Centennial Puzzle","Replay:Baseball","Membership Card","jedi:cryingmask","Medical Kit","Bag of Marbles","Black Star","Toy Ornithopter","jedi:windupbox","Meat on the Bone","Singing Bowl","blackbeard:PoorMathSkills","vexMod:Spyglass","Potion Belt","infinitespire:ShieldingShard","Mummified Hand","Blue Doll","aspiration:TomeofQuesting","potionbrewer:ToyAutogyro","Vajra","infinitespire:Beetle Shell","ClockworkSouvenir","Pen Nib","jedi:shrinkray","Bottled Flame","Garlic","infinitespire:Golems Mask","aspiration:Lifesprig","Bottled Tornado","Juzu Bracelet","jedi:ominousloannote","blackbeard:BloodOrange","Replay:Rubber Ducky","Replay:Wax Seal","vexMod:TanglingVine","hubris:Potato","Sling","Calipers","blackbeard:TreasureChest","blackbeard:WhitePearl","hubris:SphereOfDissonance","hubris:MysteriousPyramids","blackbeard:CrossedSwords","hubris:EvacipatedBox","PreservedInsect","hubris:FruitBowl","Thread and Needle","aspiration:Nostalgia","m_ScarletBlood","Happy Flower","hubris:TinFlute","aspiration:ArtOfWarUpgrade","blackbeard:Karategi","WingedGreaves","Kunai","Lantern","aspiration:HummingbirdHeart","Omamori","Ancient Tea Set","thethorton:CrushedCigarette","hubris:Towel","hubris:CrystalStatue","Tiny Chest","OrangePellets","infinitespire:PuzzleCube","hubris:DuctTape","Runesmith:AutoHammer","Red Mask","Ginger","vexMod:DeviousBotling","infinitespire:Bottled Soul","vexMod:PaidLearning","vexMod:BerryBomb","Replay:Bandana"],"acts_visited":["Exordium","TheCity","TheBeyond","Exordium","TheCity","TheBeyond","Exordium","TheCity","TheBeyond","TheEnding"],"potions_floor_usage":[101,152,152,152,152,157,157],"damage_taken":[{"damage":1.0,"enemies":"Cultist","floor":1.0,"turns":3.0},{"damage":0.0,"enemies":"Small Slimes","floor":5.0,"turns":3.0},{"damage":21.0,"enemies":"3 Sentries","floor":6.0,"turns":6.0},{"damage":0.0,"enemies":"2 Louse","floor":7.0,"turns":2.0},{"damage":0.0,"enemies":"Blue Slaver","floor":8.0,"turns":3.0},{"damage":2.0,"enemies":"Red Slaver","floor":10.0,"turns":3.0},{"damage":14.0,"enemies":"Exordium Wildlife","floor":11.0,"turns":4.0},{"damage":0.0,"enemies":"Large Slime","floor":12.0,"turns":5.0},{"damage":20.0,"enemies":"Gremlin Gang","floor":14.0,"turns":4.0},{"damage":27.0,"enemies":"The Guardian","floor":16.0,"turns":10.0},{"damage":13.0,"enemies":"2 Thieves","floor":18.0,"turns":4.0},{"damage":3.0,"enemies":"Spheric Guardian","floor":20.0,"turns":4.0},{"damage":10.0,"enemies":"3 Cultists","floor":21.0,"turns":4.0},{"damage":0.0,"enemies":"Snecko","floor":22.0,"turns":5.0},{"damage":26.0,"enemies":"Snake Plant","floor":24.0,"turns":4.0},{"damage":0.0,"enemies":"3 Cultists","floor":28.0,"turns":3.0},{"damage":0.0,"enemies":"Snecko","floor":29.0,"turns":3.0},{"damage":0.0,"enemies":"Nightmare","floor":30.0,"turns":4.0},{"damage":10.0,"enemies":"Champ","floor":33.0,"turns":7.0},{"damage":12.0,"enemies":"Orb Walker","floor":35.0,"turns":3.0},{"damage":4.0,"enemies":"3 Darklings","floor":36.0,"turns":3.0},{"damage":0.0,"enemies":"Transient","floor":38.0,"turns":5.0},{"damage":0.0,"enemies":"Maw","floor":41.0,"turns":5.0},{"damage":6.0,"enemies":"Spire Growth","floor":42.0,"turns":3.0},{"damage":0.0,"enemies":"Transient","floor":44.0,"turns":5.0},{"damage":0.0,"enemies":"Jaw Worm Horde","floor":48.0,"turns":2.0},{"damage":33.0,"enemies":"Donu and Deca","floor":50.0,"turns":5.0},{"damage":0.0,"enemies":"2 Louse","floor":52.0,"turns":1.0},{"damage":0.0,"enemies":"Small Slimes","floor":56.0,"turns":2.0},{"damage":0.0,"enemies":"Cultist","floor":59.0,"turns":2.0},{"damage":6.0,"enemies":"Gremlin Gang","floor":62.0,"turns":2.0},{"damage":0.0,"enemies":"Lots of Slimes","floor":63.0,"turns":2.0},{"damage":2.0,"enemies":"Red Slaver","floor":65.0,"turns":2.0},{"damage":7.0,"enemies":"Fading Forest","floor":67.0,"turns":8.0},{"damage":0.0,"enemies":"Spheric Guardian","floor":69.0,"turns":1.0},{"damage":3.0,"enemies":"Shell Parasite","floor":73.0,"turns":2.0},{"damage":0.0,"enemies":"Gremlin Leader","floor":74.0,"turns":4.0},{"damage":0.0,"enemies":"Chosen and Byrds","floor":76.0,"turns":3.0},{"damage":0.0,"enemies":"Slavers","floor":78.0,"turns":1.0},{"damage":0.0,"enemies":"Snecko","floor":79.0,"turns":1.0},{"damage":0.0,"enemies":"3 Cultists","floor":81.0,"turns":1.0},{"damage":0.0,"enemies":"Shelled Parasite and Fungi","floor":82.0,"turns":1.0},{"damage":0.0,"enemies":"hubris:MusketHawk","floor":84.0,"turns":1.0},{"damage":0.0,"enemies":"3 Shapes","floor":86.0,"turns":3.0},{"damage":0.0,"enemies":"Orb Walker","floor":87.0,"turns":1.0},{"damage":36.0,"enemies":"Maw","floor":90.0,"turns":4.0},{"damage":0.0,"enemies":"R_Hoarder","floor":92.0,"turns":2.0},{"damage":0.0,"enemies":"infinitespire:Three Voidlings","floor":95.0,"turns":2.0},{"damage":45.0,"enemies":"Nightmare_Alpha","floor":95.0,"turns":4.0},{"damage":0,"enemies":"3 Darklings","floor":97,"turns":2},{"damage":0,"enemies":"Nemesis","floor":99,"turns":1},{"damage":23,"enemies":"infinitespire:MassOfShapes","floor":101,"turns":4},{"damage":0,"enemies":"Small Slimes","floor":103,"turns":1},{"damage":0,"enemies":"2 Louse","floor":105,"turns":1},{"damage":0,"enemies":"Jaw Worm","floor":109,"turns":1},{"damage":0,"enemies":"Gremlin Nob","floor":110,"turns":1},{"damage":0,"enemies":"Slime Boss","floor":118,"turns":1},{"damage":0,"enemies":"Chosen","floor":120,"turns":1},{"damage":0,"enemies":"3 Byrds","floor":124,"turns":2},{"damage":0,"enemies":"Shelled Parasite and Fungi","floor":127,"turns":1},{"damage":0,"enemies":"Centurion and Healer","floor":129,"turns":1},{"damage":0,"enemies":"Collector","floor":135,"turns":2},{"damage":0,"enemies":"3 Darklings","floor":137,"turns":1},{"damage":0,"enemies":"3 Shapes","floor":143,"turns":2},{"damage":0,"enemies":"R_Hoarder","floor":146,"turns":2},{"damage":0,"enemies":"Jaw Worm Horde","floor":150,"turns":2},{"damage":0,"enemies":"infinitespire:LordOfFortification","floor":152,"turns":5},{"damage":0,"enemies":"Shield and Spear","floor":156,"turns":1},{"damage":0,"enemies":"The Heart","floor":157,"turns":5}],"seed_played":"-2485961226765410793","potions_obtained":[{"floor":5.0,"key":"SkillPotion"},{"floor":6.0,"key":"EssenceOfSteel"},{"floor":14.0,"key":"LiquidMemories"},{"floor":16.0,"key":"Fruit Juice"},{"floor":18.0,"key":"Explosive Potion"},{"floor":20.0,"key":"DuplicationPotion"},{"floor":24.0,"key":"Dexterity Potion"},{"floor":29.0,"key":"Block Potion"},{"floor":30.0,"key":"BlessingOfTheForge"},{"floor":35.0,"key":"Block Potion"},{"floor":41.0,"key":"jedi:tentaclejuice"},{"floor":42.0,"key":"PowerPotion"},{"floor":44.0,"key":"jedi:StrikingPotion"},{"floor":52.0,"key":"Block Potion"},{"floor":56.0,"key":"PowerPotion"},{"floor":63.0,"key":"PowerPotion"},{"floor":74.0,"key":"potionbrewer:DiscountPotion"},{"floor":78.0,"key":"DistilledChaos"},{"floor":79.0,"key":"Swift Potion"},{"floor":84.0,"key":"SteroidPotion"},{"floor":86.0,"key":"Venom Potion"},{"floor":87.0,"key":"CultistPotion"},{"floor":90.0,"key":"Doom Potion"},{"floor":101,"key":"SkillPotion"},{"floor":110,"key":"Languid Potion"},{"floor":115,"key":"Explosive Potion"},{"floor":115,"key":"Milkshake"},{"floor":120,"key":"jedi:StrikingPotion"},{"floor":146,"key":"potionbrewer:MidasPotion"},{"floor":150,"key":"Reflective Coating"},{"floor":152,"key":"SkillPotion"},{"floor":157,"key":"Explosive Potion"}],"is_trial":false,"path_per_floor":["M","T","?","?","M","E","M","M","T","M","M","M","R","M","R","B",null,"M","?","M","M","M","R","M","AVR","T","R","M","M","NM","$","R_BF","B",null,"M","M","?","M","?","R","M","M","T","M","T","R","$","M","R_BF","B",null,"M","?","?","?","M","R","AVR","M","T","?","M","M","T","M","R_BF","B",null,"M","?","$","AVR","M","E","$","M","T","E","M","R","M","M","R_BF","B",null,"M","M","$","$","M","R","E","R","T","?","?","M","$","E","R","B",null,"M","$","M","$","?","R","M","E","T","R","$","R","?","$","R","B",null,"M","AVR","$","?","M","R","R","M","T","M","R","?","T","$","R_BF","B",null,"M","?","?","$","?","R","M","R","T","E","R","?","AVR","M","R","B",null,"R","$","E","B",null],"character_chosen":"BLACKBEARD_CLASS","items_purchased":["infinitespire:Lucky Rock","Tingsha","MerchantsRug","Membership Card","jedi:cryingmask","Boot","Medical Kit","jedi:LeechingStrike","Bag of Marbles","Singing Bowl","blackbeard:PoorMathSkills","vexMod:Spyglass","blackbeard:BrownPants","blackbeard:GoldenStrike","Potion Belt","Mummified Hand","blackbeard:Rum","Blue Doll","Elixir","Guide Book","potionbrewer:ToyAutogyro","Vajra","infinitespire:Beetle Shell","ClockworkSouvenir","Pen Nib","DuplicationPotion","aspiration:Lifesprig","Bottled Tornado","blackbeard:OrangeJuicePotion","Juzu Bracelet","jedi:ominousloannote","blackbeard:BloodOrange","Adrenaline Potion","hubris:Potato","blackbeard:PowderCan","ReplayTheSpireMod:ShopPack","Sling","Calipers","blackbeard:TreasureChest","blackbeard:CrossedSwords","hubris:EvacipatedBox","PreservedInsect","hubris:FruitBowl","Thread and Needle","aspiration:Nostalgia","Happy Flower","hubris:TinFlute","Art of War","Mayhem","Kunai","Energy Potion","hubris:CrystalStatue","Tiny Chest","OrangePellets","infinitespire:Bottled Soul","vexMod:PaidLearning"],"campfire_rested":6,"item_purchase_floors":[31,31,31,47,47,47,47,47,47,71,71,71,71,71,71,75,75,75,75,75,88,88,89,89,89,89,98,98,98,98,98,98,98,104,104,104,104,106,106,113,116,116,116,116,116,116,116,116,122,122,133,140,140,140,155,155],"current_hp_per_floor":[74,74,74,74,74,53,53,53,53,51,37,37,59,39,39,12,75,67,67,64,54,54,78,52,52,52,76,80,80,80,80,80,70,80,68,64,64,64,67,83,83,77,77,77,77,83,83,83,83,50,83,83,63,63,63,83,83,83,83,83,83,83,83,83,81,81,83,83,83,83,83,83,82,84,84,86,86,91,93,93,95,97,97,99,129,131,133,130,130,132,132,134,134,134,126,126,128,128,130,130,112,142,144,150,152,152,152,152,154,156,156,156,156,156,156,42,88,91,159,162,162,162,147,150,150,150,168,168,171,171,171,171,171,171,174,174,177,177,177,177,177,177,180,180,180,183,183,183,183,186,186,189,189,189,189,201,204],"gold":241,"neow_bonus":"NOSTALGIA","is_daily":false,"chose_seed":false,"campfire_upgraded":14,"win_rate":0.0,"timestamp":1610236581,"path_taken":["M","?","?","?","?","E","M","M","T","M","M","M","R","M","R","BOSS","M","?","M","M","M","R","M","AVR","T","R","M","M","NM","$","R_BF","BOSS","M","?","?","?","?","R","M","M","T","M","?","R","$","M","R_BF","BOSS","M","?","?","?","?","R","AVR","M","T","?","M","?","?","M","R_BF","BOSS","M","?","?","AVR","M","E","$","M","T","E","?","R","M","?","R_BF","BOSS","M","M","$","?","M","R","E","R","T","?","?","?","?","E","R","BOSS","M","$","M","?","?","R","M","E","T","R","$","R","?","?","R","BOSS","M","AVR","?","?","M","R","R","?","T","M","R","?","?","?","R_BF","BOSS","M","?","?","?","?","R","M","R","T","E","R","?","AVR","M","R","BOSS","R","$","E","BOSS"],"items_purchased_type":["Relic","Relic","Relic","Relic","Relic","Relic","Relic","Card","Relic","Relic","Relic","Relic","Card","Card","Relic","Relic","Card","Relic","Potion","Relic","Relic","Relic","Relic","Relic","Relic","Potion","Relic","Relic","Potion","Relic","Relic","Relic","Potion","Relic","Relic","Relic","Relic","Relic","Relic","Relic","Relic","Relic","Relic","Relic","Relic","Relic","Relic","Relic","Card","Relic","Potion","Relic","Relic","Relic","Relic","Relic"],"build_version":"2020-12-22","purchased_purges":12,"victory":true,"max_hp_per_floor":[75,75,75,75,75,75,75,75,75,75,75,75,75,75,75,75,75,80,80,80,80,80,80,80,80,80,80,80,80,80,80,80,80,80,80,80,80,80,83,83,83,83,83,83,83,83,83,83,83,83,83,83,83,83,83,83,83,83,83,83,83,83,83,83,83,83,83,83,83,83,83,83,85,87,87,89,89,91,93,93,95,97,97,99,129,131,133,130,130,132,132,134,134,134,138,138,140,140,142,142,142,142,144,150,152,152,152,152,154,156,156,156,156,156,156,156,156,159,159,162,162,162,162,165,165,165,168,168,171,171,171,171,171,171,174,174,177,177,177,177,177,177,180,180,180,183,183,183,183,186,186,189,189,189,189,201,204],"card_choices":[{"not_picked":["blackbeard:ArmorUp","blackbeard:JollyRoger"],"picked":"blackbeard:Dagger","floor":1.0},{"not_picked":["Metamorphosis","Good Instincts"],"picked":"Apotheosis","floor":4.0},{"not_picked":["blackbeard:Sharpening","blackbeard:Fencing"],"picked":"Prepared","floor":5.0},{"not_picked":["blackbeard:Lifeboat","blackbeard:DeadlyArsenal"],"picked":"blackbeard:WeaponProficiency","floor":6.0},{"not_picked":["blackbeard:Sword","blackbeard:GhostInTheRum","blackbeard:DoubleBottom"],"picked":"SKIP","floor":7.0},{"not_picked":["blackbeard:CannonballSupply","blackbeard:DeadlyArsenal"],"picked":"blackbeard:PirateEarring","floor":8.0},{"not_picked":["blackbeard:SwordDance","Masterful Stab","blackbeard:AgileStrike"],"picked":"SKIP","floor":10.0},{"not_picked":["blackbeard:DeadlyArsenal","blackbeard:ChaoticDefense"],"picked":"blackbeard:PirateStrength","floor":11.0},{"not_picked":["blackbeard:Provisioning","blackbeard:SwordDance","blackbeard:JollyRoger"],"picked":"SKIP","floor":12.0},{"not_picked":["blackbeard:Spear","blackbeard:ChaoticDefense","blackbeard:GoldenStrike"],"picked":"SKIP","floor":14.0},{"not_picked":["blackbeard:MegaUpgrade","blackbeard:UndeadForm"],"picked":"blackbeard:PowerHungry","floor":16.0},{"not_picked":["blackbeard:VengefulSpirit","blackbeard:GoldenCannonball","blackbeard:CloakAndCannonball"],"picked":"SKIP","floor":18.0},{"not_picked":["blackbeard:Shrapnel+1","blackbeard:GoldenDefense"],"picked":"blackbeard:Bandana","floor":20.0},{"not_picked":["blackbeard:DoubleCannonball","blackbeard:GoldenCannonball","blackbeard:FieryDefense+1"],"picked":"SKIP","floor":21.0},{"not_picked":["blackbeard:BlindAttacks","blackbeard:PiratesWill"],"picked":"blackbeard:BuriedTreasure+1","floor":22.0},{"not_picked":["blackbeard:DoubleBottom","blackbeard:GoldenDefense"],"picked":"blackbeard:Shrapnel","floor":24.0},{"not_picked":["blackbeard:InfiniteBarrage+1","blackbeard:PowderKeg","blackbeard:BlindAttacks"],"picked":"SKIP","floor":28.0},{"not_picked":["blackbeard:BeatUp","blackbeard:GoldenRain","blackbeard:SwordDance"],"picked":"SKIP","floor":29.0},{"not_picked":["blackbeard:JollyRoger","blackbeard:BlindAttacks"],"picked":"blackbeard:GoldenStrike","floor":30.0},{"not_picked":["blackbeard:BoostMorale","blackbeard:Intoxication"],"picked":"blackbeard:Halberd","floor":33.0},{"not_picked":["blackbeard:WeaponProficiency+1","blackbeard:Sword"],"picked":"blackbeard:Anchor+1","floor":35.0},{"not_picked":["blackbeard:DeadlyArsenal+1","blackbeard:GoldenDefense","blackbeard:FieryDefense"],"picked":"SKIP","floor":36.0},{"not_picked":["blackbeard:RearmingStrike+1","blackbeard:JollyRoger+1"],"picked":"blackbeard:WiseDefense+1","floor":38.0},{"not_picked":["blackbeard:PirateEarring+1","blackbeard:BeatUp+1","blackbeard:DeadlyArsenal"],"picked":"SKIP","floor":41.0},{"not_picked":["blackbeard:Dagger+1","blackbeard:CaptainsCabin+1"],"picked":"blackbeard:GoldenDefense","floor":42.0},{"not_picked":["blackbeard:CannonballSupply+1","blackbeard:Sword+1","blackbeard:DelayedPain"],"picked":"SKIP","floor":44.0},{"not_picked":["blackbeard:Eyepatch+1","blackbeard:FieryDefense+1","blackbeard:Sharpening+1"],"picked":"SKIP","floor":48.0},{"not_picked":["blackbeard:TacticalRetreat","blackbeard:DeadlyArsenal","blackbeard:CloakAndCannonball"],"picked":"SKIP","floor":52.0},{"not_picked":["blackbeard:SmithingHammer","blackbeard:TacticalRetreat","blackbeard:PiratesWill"],"picked":"SKIP","floor":56.0},{"not_picked":["blackbeard:WiseDefense","blackbeard:PiratesWill","blackbeard:Sharpening"],"picked":"SKIP","floor":59.0},{"not_picked":["blackbeard:RearmingStrike","blackbeard:Dagger","blackbeard:BlindAttacks"],"picked":"SKIP","floor":62.0},{"not_picked":["blackbeard:BlindAttacks","blackbeard:Sword"],"picked":"blackbeard:ReapersScythe","floor":63.0},{"not_picked":["blackbeard:DangerousBlow","blackbeard:DeadlyArsenal","blackbeard:CloakAndCannonball"],"picked":"SKIP","floor":65.0},{"not_picked":["blackbeard:MegaUpgrade","blackbeard:GoldenRain"],"picked":"blackbeard:Salvager","floor":67.0},{"not_picked":["infinitespire:NeuralNetwork","infinitespire:Gouge"],"picked":"hubris:InfiniteBlow","floor":69.0},{"not_picked":["blackbeard:RemoveScurvy+1","blackbeard:WiseDefense","blackbeard:RearmingStrike"],"picked":"SKIP","floor":69.0},{"not_picked":["blackbeard:Provisioning+1","blackbeard:BlindAttacks","blackbeard:TerrorOfTheSeas"],"picked":"Singing Bowl","floor":73.0},{"not_picked":["blackbeard:GoldenStrike","blackbeard:GoldenGuillotine","blackbeard:PowderKeg"],"picked":"Singing Bowl","floor":74.0},{"not_picked":["blackbeard:Toast+1","blackbeard:PiratesWill+1","blackbeard:Sword"],"picked":"Singing Bowl","floor":76.0},{"not_picked":["blackbeard:Toast","blackbeard:CloakAndCannonball","blackbeard:Shrapnel"],"picked":"Singing Bowl","floor":78.0},{"not_picked":["blackbeard:Toast","blackbeard:Shrapnel","blackbeard:Scrap"],"picked":"Singing Bowl","floor":79.0},{"not_picked":["blackbeard:DoubleBottom","blackbeard:DeadlyArsenal+1","blackbeard:Fencing"],"picked":"Singing Bowl","floor":81.0},{"not_picked":["blackbeard:PiratesWill","blackbeard:Dagger","blackbeard:TheDrunkenSailor"],"picked":"Singing Bowl","floor":82.0},{"not_picked":["blackbeard:Lifeboat","blackbeard:BountyHunter","blackbeard:WeaponMastery"],"picked":"Singing Bowl","floor":84.0},{"not_picked":["blackbeard:CaptainsCabin","blackbeard:Anchor+1","blackbeard:VengefulSpirit+1"],"picked":"Singing Bowl","floor":86.0},{"not_picked":["blackbeard:Toast+1","blackbeard:Sword+1","blackbeard:CannonBarrage"],"picked":"Singing Bowl","floor":87.0},{"not_picked":["blackbeard:Shrapnel+1","blackbeard:WiseDefense","blackbeard:InfiniteBarrage+1"],"picked":"Singing Bowl","floor":90.0},{"not_picked":["blackbeard:GoldenDefense","blackbeard:Shrapnel","blackbeard:BlindAttacks+1"],"picked":"Singing Bowl","floor":92.0},{"not_picked":["infinitespire:DeathsTouch","infinitespire:Menacing","ReplayTheSpireMod:Chaos Vortex"],"picked":"Singing Bowl","floor":95},{"not_picked":["blackbeard:DelayedPain+1","blackbeard:GoldenStrike","blackbeard:FieryDefense+1"],"picked":"Singing Bowl","floor":95},{"not_picked":["blackbeard:Provisioning","blackbeard:Revenge+1","blackbeard:Dagger"],"picked":"Singing Bowl","floor":97},{"not_picked":["blackbeard:Bandana+1","blackbeard:WiseDefense+1","blackbeard:PiratesWill"],"picked":"Singing Bowl","floor":99},{"not_picked":["blackbeard:GoldenRain","blackbeard:PowerHungry"],"picked":"blackbeard:Parrot","floor":101},{"not_picked":["blackbeard:GoldenCannonball","blackbeard:Sword","blackbeard:BeatUp"],"picked":"Singing Bowl","floor":103},{"not_picked":["jedi:RedIncense","Replay:Dark Deal","vexMod:StairwayStrike"],"picked":"Singing Bowl","floor":104},{"not_picked":["vexMod:EmailVexCard","ReplayTheSpireMod:Uncanny Aura","Panacea"],"picked":"Singing Bowl","floor":104},{"not_picked":["Bandage Up","PanicButton","Replay:Parry"],"picked":"Singing Bowl","floor":104},{"not_picked":["blackbeard:BeatUp","blackbeard:Bandana","blackbeard:DelayedPain"],"picked":"Singing Bowl","floor":105},{"not_picked":["blackbeard:Shrapnel","blackbeard:BlindAttacks","blackbeard:FishingNets"],"picked":"Singing Bowl","floor":109},{"not_picked":["blackbeard:CaptainsCabin","blackbeard:ArmorUp","blackbeard:CloakAndCannonball"],"picked":"Singing Bowl","floor":110},{"not_picked":["blackbeard:MegaUpgrade","blackbeard:ReapersScythe","blackbeard:Salvager"],"picked":"Singing Bowl","floor":118},{"not_picked":["blackbeard:BeatUp","blackbeard:RearmingStrike","blackbeard:PiratesWill"],"picked":"Singing Bowl","floor":120},{"not_picked":["blackbeard:DoubleBottom+1","blackbeard:Spear","blackbeard:BrownPants"],"picked":"Singing Bowl","floor":124},{"not_picked":["blackbeard:SwordDance+1","blackbeard:CloakAndCannonball","blackbeard:PiratesWill"],"picked":"Singing Bowl","floor":127},{"not_picked":["blackbeard:DelayedPain+1","blackbeard:DeadlyArsenal","blackbeard:BlindAttacks+1"],"picked":"Singing Bowl","floor":129},{"not_picked":["blackbeard:Salvager","blackbeard:Intoxication","blackbeard:Halberd"],"picked":"Singing Bowl","floor":135},{"not_picked":["blackbeard:Sharpening+1","blackbeard:SwordDance","blackbeard:DangerousBlow+1"],"picked":"Singing Bowl","floor":137},{"not_picked":["blackbeard:ChaoticDefense+1","blackbeard:Sharpening","blackbeard:Recklessness+1"],"picked":"Singing Bowl","floor":143},{"not_picked":["blackbeard:CloakAndCannonball+1","blackbeard:PirateEarring","blackbeard:PiratesWill"],"picked":"Singing Bowl","floor":146},{"not_picked":["blackbeard:Scrap","blackbeard:Toast","blackbeard:BuriedTreasure+1"],"picked":"Singing Bowl","floor":150},{"not_picked":["blackbeard:CaptainsHat","blackbeard:BountyHunter","blackbeard:Murder"],"picked":"Singing Bowl","floor":152},{"not_picked":["blackbeard:PowerHungry","blackbeard:Shrapnel","blackbeard:TacticalRetreat"],"picked":"Singing Bowl","floor":156},{"not_picked":["blackbeard:FinalBarrage","blackbeard:WeaponMastery","blackbeard:Parrot"],"picked":"Singing Bowl","floor":157}],"player_experience":140281,"relics_obtained":[{"floor":2.0,"key":"Replay:Mystery Machine"},{"floor":6.0,"key":"hubris:CrystalStatue"},{"floor":9.0,"key":"ReplayTheSpireMod:TigerMarble"},{"floor":26.0,"key":"infinitespire:CheckeredPen"},{"floor":30.0,"key":"Shuriken"},{"floor":32.0,"key":"Nunchaku"},{"floor":43.0,"key":"Centennial Puzzle"},{"floor":45.0,"key":"Replay:Baseball"},{"floor":53.0,"key":"potionbrewer:WarMedal"},{"floor":60.0,"key":"infinitespire:Satchel"},{"floor":64.0,"key":"Meat on the Bone"},{"floor":74.0,"key":"jedi:arcanewood"},{"floor":74.0,"key":"infinitespire:ShieldingShard"},{"floor":77.0,"key":"aspiration:TomeofQuesting"},{"floor":78.0,"key":"blackbeard:CannonballsOfSteel"},{"floor":78.0,"key":"Iron Hammer"},{"floor":92.0,"key":"jedi:shrinkray"},{"floor":92.0,"key":"Bottled Flame"},{"floor":94.0,"key":"Garlic"},{"floor":95,"key":"infinitespire:Golems Mask"},{"floor":99,"key":"Replay:Rubber Ducky"},{"floor":99,"key":"Replay:Wax Seal"},{"floor":110,"key":"blackbeard:WhitePearl"},{"floor":110,"key":"hubris:SphereOfDissonance"},{"floor":111,"key":"hubris:MysteriousPyramids"},{"floor":128,"key":"aspiration:HummingbirdHeart"},{"floor":131,"key":"Omamori"},{"floor":132,"key":"Ancient Tea Set"},{"floor":145,"key":"infinitespire:PuzzleCube"},{"floor":146,"key":"hubris:DuctTape"},{"floor":146,"key":"Runesmith:AutoHammer"},{"floor":156,"key":"vexMod:BerryBomb"},{"floor":156,"key":"Replay:Bandana"}],"event_choices":[{"damage_healed":0.0,"max_hp_gain":0.0,"max_hp_loss":0.0,"gold_gain":0.0,"event_name":"blackbeard:GoldsmithEvent","player_choice":"blackbeard:GoldenStrike","floor":3.0,"gold_loss":0.0,"damage_taken":0.0,"cards_obtained":["blackbeard:GoldenStrike"]},{"damage_healed":0.0,"max_hp_gain":0.0,"max_hp_loss":0.0,"gold_gain":1.0,"event_name":"betterStone:BetterStone","player_choice":"1","floor":4.0,"gold_loss":0.0,"damage_taken":0.0},{"damage_healed":0.0,"max_hp_gain":0.0,"max_hp_loss":0.0,"gold_gain":0.0,"event_name":"Upgrade Shrine","player_choice":"Upgraded","floor":19.0,"gold_loss":0.0,"damage_taken":0.0,"cards_upgraded":["Prepared"]},{"damage_healed":0.0,"max_hp_gain":0.0,"max_hp_loss":0.0,"gold_gain":0.0,"event_name":"OrinTheCat","player_choice":"Ignored","floor":37.0,"gold_loss":0.0,"damage_taken":0.0},{"cards_removed":["blackbeard:BlackbeardDefend"],"damage_healed":0.0,"max_hp_gain":0.0,"max_hp_loss":0.0,"gold_gain":0.0,"event_name":"Living Wall","player_choice":"Forget","floor":54.0,"gold_loss":0.0,"damage_taken":0.0},{"cards_removed":["blackbeard:Dagger"],"damage_healed":0.0,"max_hp_gain":0.0,"max_hp_loss":0.0,"gold_gain":0.0,"event_name":"WeMeetAgain","player_choice":"Gave Card","floor":55.0,"gold_loss":0.0,"damage_taken":0.0,"relics_obtained":["Toy Ornithopter"]},{"damage_healed":0.0,"max_hp_gain":0.0,"max_hp_loss":0.0,"gold_gain":0.0,"event_name":"Accursed Blacksmith","player_choice":"Forge","floor":61.0,"gold_loss":0.0,"damage_taken":0.0,"cards_upgraded":["infinitespire:NeuralNetwork"]},{"damage_healed":0.0,"max_hp_gain":0.0,"max_hp_loss":0.0,"gold_gain":0.0,"event_name":"Ghosts","player_choice":"Ignored","floor":70.0,"gold_loss":0.0,"damage_taken":0.0},{"damage_healed":0,"gold_gain":0,"player_choice":"Ignored","damage_taken":0,"max_hp_gain":0,"max_hp_loss":0,"event_name":"Tomb of Lord Red Mask","floor":96,"gold_loss":0},{"damage_healed":0,"gold_gain":0,"player_choice":"Got Potions","damage_taken":0,"max_hp_gain":0,"max_hp_loss":0,"event_name":"Lab","floor":115,"gold_loss":0},{"damage_healed":0,"gold_gain":0,"player_choice":"Ignored","damage_taken":0,"max_hp_gain":0,"max_hp_loss":0,"event_name":"Ghosts","floor":134,"gold_loss":0},{"damage_healed":0,"gold_gain":0,"player_choice":"Copied","damage_taken":0,"max_hp_gain":0,"max_hp_loss":0,"event_name":"Duplicator","floor":138,"gold_loss":0,"cards_obtained":["infinitespire:FutureSight"]},{"cards_removed":["blackbeard:WiseDefense"],"damage_healed":0,"gold_gain":0,"player_choice":"Removed Skill","damage_taken":0,"max_hp_gain":0,"max_hp_loss":0,"event_name":"Falling","floor":141,"gold_loss":0},{"damage_healed":0,"gold_gain":0,"player_choice":"Paid","damage_taken":0,"relics_obtained":["Red Mask"],"max_hp_gain":0,"max_hp_loss":0,"event_name":"Tomb of Lord Red Mask","floor":148,"gold_loss":169}],"is_beta":false,"boss_relics":[{"not_picked":["vexMod:TanglingVine","vexMod:MysteryBossChallenge"],"picked":"thethorton:BottledFunds"},{"not_picked":["Honey Jar","Kintsugi"],"picked":"Runic Pyramid"},{"not_picked":["ReplayTheSpireMod:SealedPack","blackbeard:SoberMinded"],"picked":"Black Star"},{"not_picked":["Pandora\u0027s Box","ReplayTheSpireMod:SealedPack"],"picked":"vexMod:MysteryBossChallenge"},{"not_picked":["vexMod:EndlessSickness","aspiration:RunicSpoon"],"picked":"vexMod:BigBerry"},{"not_picked":["aspiration:SecretTechniqueScroll","blackbeard:LoadTheGoldenCannons"],"picked":"vexMod:TanglingVine"},{"not_picked":["hubris:TerracottaHorce","Pandora\u0027s Box","SacredBark"],"picked":"blackbeard:Karategi"},{"not_picked":["hubris:VirtuousBlindfold","hubris:GrandSneckoEye","aspiration:RunicSpoon"],"picked":"thethorton:CrushedCigarette"},{"not_picked":["Painkiller Herb","vexMod:MysteryBossChallenge","hubris:RunicObelisk"],"picked":"vexMod:DeviousBotling"}],"items_purged_floors":[25,31,31,47,47,58,75,88,88,98,104,113],"is_endless":true,"potions_floor_spawned":[5,6,14,16,18,20,24,29,30,35,41,42,44,52,56,63,74,78,79,81,84,86,87,90,95,101,103,110,120,129,146,150,152,157],"ascension_level":0}}