{"host":"qjv9b7mze4c73keh","time":1610198544,"event":{"mods":["BaseMod","Minty Spire (QoL Compilation)"],"gold_per_floor":[110,110,130,130,7,7,35,35,35,46,46,46,65,75,75,75,75],"floor_reached":16,"playtime":1015,"items_purged":["Strike_R"],"score":100,"play_id":"d0fafdb1-ed34-4191-b847-28de05b897a3","local_time":"20210109182224","is_ascension_mode":false,"campfire_choices":[{"data":"Armaments","floor":6,"key":"SMITH"},{"floor":8,"key":"DIG"},{"floor":11,"key":"REST"},{"data":"Entrench","floor":15,"key":"SMITH"}],"circlet_count":0,"master_deck":["Strike_R","Strike_R+1","Strike_R","Defend_R+1","Defend_R","Defend_R","Defend_R","Bash","Iron Wave","Armaments+1","Flex","Entrench+1","Body Slam","Flame Barrier"],"relics":["Burning Blood","Shovel","Pen Nib","FossilizedHelix"],"acts_visited":["Exordium"],"potions_floor_usage":[16,16],"damage_taken":[{"damage":17,"enemies":"Jaw Worm","floor":1,"turns":7},{"damage":5,"enemies":"Small Slimes","floor":3,"turns":6},{"damage":37,"enemies":"Gremlin Nob","floor":7,"turns":5},{"damage":0,"enemies":"Cultist","floor":10,"turns":4},{"damage":0,"enemies":"Large Slime","floor":13,"turns":6},{"damage":0,"enemies":"2 Fungi Beasts","floor":14,"turns":4},{"damage":77,"enemies":"Slime Boss","floor":16,"turns":16}],"seed_played":"-3550593860319111059","potions_obtained":[{"floor":10,"key":"EssenceOfSteel"},{"floor":13,"key":"Block Potion"}],"is_trial":false,"path_per_floor":["M","?","M","?","$","R","E","R","T","M","R","?","M","M","R","B"],"character_chosen":"IRONCLAD","items_purchased":["Flex"],"campfire_rested":1,"item_purchase_floors":[5],"current_hp_per_floor":[77,59,60,60,60,60,29,29,29,35,61,61,67,73,73,0,0],"gold":75,"neow_bonus":"TEN_PERCENT_HP_BONUS","is_daily":false,"chose_seed":false,"campfire_upgraded":2,"win_rate":0.0,"timestamp":1610198544,"path_taken":["M","?","M","?","?","R","E","R","T","M","R","?","?","M","R","BOSS"],"items_purchased_type":["Card"],"build_version":"2020-12-22","purchased_purges":1,"victory":false,"max_hp_per_floor":[88,88,88,88,88,88,88,88,88,88,88,88,88,88,88,88,88],"card_choices":[{"not_picked":["Wild Strike","Clothesline"],"picked":"Iron Wave","floor":1},{"not_picked":["Flex","Clash"],"picked":"Armaments","floor":3},{"not_picked":["Seeing Red","Spot Weakness"],"picked":"Entrench","floor":7},{"not_picked":["Blood for Blood","Perfected Strike","Feel No Pain"],"picked":"SKIP","floor":10},{"not_picked":["Thunderclap","Warcry"],"picked":"Body Slam","floor":13},{"not_picked":["Sword Boomerang","Rupture"],"picked":"Flame Barrier","floor":14}],"player_experience":53882,"relics_obtained":[{"floor":7,"key":"Shovel"},{"floor":8,"key":"Pen Nib"},{"floor":9,"key":"FossilizedHelix"}],"event_choices":[{"damage_healed":0,"gold_gain":0,"player_choice":"Entered Light","damage_taken":18,"max_hp_gain":0,"max_hp_loss":0,"event_name":"Shining Light","floor":2,"gold_loss":0,"cards_upgraded":["Strike_R","Defend_R"]},{"damage_healed":0,"gold_gain":0,"player_choice":"Ignored","damage_taken":0,"max_hp_gain":0,"max_hp_loss":0,"event_name":"Liars Game","floor":4,"gold_loss":0},{"cards_removed":["Strike_R"],"damage_healed":0,"gold_gain":0,"player_choice":"Purged","damage_taken":0,"max_hp_gain":0,"max_hp_loss":0,"event_name":"Purifier","floor":12,"gold_loss":0}],"is_beta":false,"boss_relics":[],"items_purged_floors":[5],"is_endless":false,"potions_floor_spawned":[10,13],"killed_by":"Slime Boss","ascension_level":0}}