{"host":"vk3oecxhswhylj4a","time":1610210444,"event":{"mods":["Act Like it!","Aspiration","BaseMod","Colored Powertips","Decade(王小明)","Downfall","Gensokyo","Hallownest","KinomotoSakuraMod(木之本樱)","Marisa（F雨　魔理沙）","Minty Spire (QoL Compilation)","Relic Stats","Replay The Spire","RumiaBox-露米娅的神秘盒子","Spicy Shops","StSLib","TestMod","The Bug Knight","UnlockEverythingMod","Waifu the Spire","WarShipGirlsR/战舰少女R mod","Youmu（魂魄妖梦）","[IsaacMod]以撒尖塔","vexMod","【遗物卡牌】REMEMod"],"gold_per_floor":[116,0,14,24,34,69,69,115,115,143,154,154,171,185,185,200,200],"floor_reached":16,"playtime":1342,"items_purged":[],"score":174,"play_id":"5306e8f4-803f-465e-956f-82a9d63a5f35","local_time":"20210110004044","is_ascension_mode":false,"campfire_choices":[{"data":"ClowCardTheFirey","floor":7,"key":"SMITH"},{"floor":12,"key":"RECALL"}],"circlet_count":0,"master_deck":["SakuraCardTheDark+","ClowCardTheSword","ClowCardTheSword","ClowCardTheSword","ClowCardTheSword","ClowCardTheShield","ClowCardTheShield","ClowCardTheShield","ClowCardTheShield","SpellCardSeal","SpellCardRelease","BettingIsNotGood","ClowCardTheMove","ClowCardTheRain","ClowCardTheFirey+1","ClowCardTheTime+1","ClowCardTheShield+1","ClowCardTheIllusion+1","ClowCardTheCreate"],"relics":["KSMOD_SealedBook","KSMOD_SealedWand","testmod-TestBox","HushsDoor","REME_ComplimentaryCards","GuppysPaw","testmod-NegativeEmotionEnhancer","NeowsBlessing","KSMOD_TouyasBicycle","Diplopia","REME_HandOfSuture","Toxic Egg 2","testmod-ConstraintPeriapt"],"acts_visited":["Hallownest:Greenpath"],"potions_floor_usage":[6,8,16,16,16],"damage_taken":[{"damage":0,"enemies":"Hallownest:monsterHuskWarrior","floor":1,"turns":1},{"damage":0,"enemies":"Hallownest:monsterHuskGuard","floor":3,"turns":1},{"damage":0,"enemies":"Hallownest:2_Baldur","floor":4,"turns":1},{"damage":33,"enemies":"Hallownest:1_Ooma_and_2_Uuma","floor":5,"turns":6},{"damage":0,"enemies":"Hallownest:eliteMossKnight","floor":6,"turns":7},{"damage":0,"enemies":"Hallownest:eliteCrystalGuardian","floor":8,"turns":5},{"damage":5,"enemies":"Hallownest:eliteVengeflyKing","floor":10,"turns":4},{"damage":0,"enemies":"Hallownest:1_Baldur_1_Crawlid_1_Warrior","floor":11,"turns":1},{"damage":6,"enemies":"Hallownest:monsterMossCharger","floor":13,"turns":4},{"damage":0,"enemies":"Hallownest:monsterAspidMother","floor":14,"turns":2},{"damage":81,"enemies":"Hallownest:BossHornet","floor":16,"turns":5}],"seed_played":"-8645971711543185854","potions_obtained":[{"floor":3,"key":"DistilledChaos"},{"floor":6,"key":"PowerPotion"},{"floor":8,"key":"Reflective Coating"},{"floor":10,"key":"Weak Potion"},{"floor":13,"key":"FearPotion"}],"is_trial":false,"path_per_floor":["M","?","M","M","M","E","R","E","T","E","M","R","M","M","R","B"],"character_chosen":"KINOMOTOSAKURA","items_purchased":[],"campfire_rested":0,"item_purchase_floors":[],"current_hp_per_floor":[71,71,72,73,44,51,51,53,53,56,60,60,65,69,69,0,0],"gold":200,"neow_bonus":"THREE_ENEMY_KILL","is_daily":false,"chose_seed":false,"campfire_upgraded":1,"win_rate":0.0,"timestamp":1610210444,"path_taken":["M","?","M","M","M","E","R","E","T","E","M","R","?","M","R","BOSS"],"items_purchased_type":[],"build_version":"2020-12-22","purchased_purges":0,"victory":false,"max_hp_per_floor":[71,71,72,73,74,69,69,70,70,71,72,72,73,74,74,74,74],"relic_stats":{"counters":[11,37],"obtain_stats":[{"KeepersGift":0,"testmod-TestBox":0,"NeowsBlessing":0,"KSMOD_SealedBook":0,"GuppysPaw":0,"testmod-NegativeEmotionEnhancer":0,"testmod-ConstraintPeriapt":10,"KSMOD_SealedWand":0,"Diplopia":6,"REME_HandOfSuture":8,"KSMOD_TouyasBicycle":2,"Toxic Egg 2":9,"HushsDoor":0,"REME_ComplimentaryCards":0},{"KeepersGift":0,"testmod-TestBox":0,"NeowsBlessing":0,"KSMOD_SealedBook":0,"GuppysPaw":0,"testmod-NegativeEmotionEnhancer":0,"testmod-ConstraintPeriapt":7,"KSMOD_SealedWand":0,"Diplopia":5,"REME_HandOfSuture":6,"KSMOD_TouyasBicycle":1,"Toxic Egg 2":6,"HushsDoor":0,"REME_ComplimentaryCards":0},{"KeepersGift":0,"testmod-TestBox":0,"NeowsBlessing":0,"KSMOD_SealedBook":0,"GuppysPaw":0,"testmod-NegativeEmotionEnhancer":0,"testmod-ConstraintPeriapt":25,"KSMOD_SealedWand":0,"Diplopia":16,"REME_HandOfSuture":21,"KSMOD_TouyasBicycle":1,"Toxic Egg 2":21,"HushsDoor":0,"REME_ComplimentaryCards":0}]},"card_choices":[{"not_picked":[],"picked":"BettingIsNotGood","floor":0},{"not_picked":["ClowCardTheMove","ClowCardTheShot"],"picked":"ClowCardTheDark","floor":1},{"not_picked":["ClowCardTheFirey","ClowCardTheLibra"],"picked":"ClowCardTheMove","floor":3},{"not_picked":["ClowCardTheBig","ClowCardTheSilent","ClowCardTheWood"],"picked":"SKIP","floor":4},{"not_picked":["ClowCardTheCloud","ClowCardTheVoice"],"picked":"ClowCardTheRain","floor":5},{"not_picked":["ClowCardTheVoice","ClowCardTheSong"],"picked":"ClowCardTheFirey","floor":6},{"not_picked":["ClowCardTheErase","ClowCardTheMirror","ClowCardTheLibra"],"picked":"SKIP","floor":8},{"not_picked":["ClowCardTheMaze+1","ClowCardTheShot"],"picked":"ClowCardTheTime+1","floor":10},{"not_picked":["ClowCardTheDream+1","ClowCardTheWindy+1","ClowCardTheErase"],"picked":"SKIP","floor":11},{"not_picked":["ClowCardTheShot","ClowCardTheArrow","ClowCardThePower"],"picked":"SKIP","floor":13},{"not_picked":["ClowCardTheChange+1","ClowCardTheSnow"],"picked":"ClowCardTheIllusion+1","floor":14},{"not_picked":["ClowCardTheMaze+1","ClowCardTheSleep+1"],"picked":"ClowCardTheCreate","floor":15}],"player_experience":118080,"relics_obtained":[{"floor":6,"key":"Diplopia"},{"floor":8,"key":"REME_HandOfSuture"},{"floor":9,"key":"Toxic Egg 2"},{"floor":10,"key":"testmod-ConstraintPeriapt"}],"event_choices":[],"is_beta":false,"boss_relics":[],"items_purged_floors":[],"is_endless":false,"potions_floor_spawned":[3,6,8,10,13],"killed_by":"Hallownest:BossHornet","ascension_level":0}}