{"host":"y087t2reloz9bi43","time":1610215284,"event":{"mods":["2.2 Compatiblity","AchievementEnabler","Aspiration","BaseMod","Beaked The Cultist","Bestiary","Better Note","Better Vampires","BetterRewards","ChefMod","Colored Map","Colored Powertips","Conspire","Downfall","Ekko","Fireblade Mod","Friendly Minions","GifTheSpireLib","Halation","Hermit","Hubris","Infinite Spire","Jedi Mod","JesterMod","Jorbs\u0027s Wanderer Trilogy","Mad Scientist","Marisa????????","Mimic Mod","Minty Spire (QoL Compilation)","Permanent Neow","Rare Cards Sparkle","Relic Stats","Replay The Spire","Robot Space Explorer","Shade Mod","Shop Mod","StSLib","The Blackbeard","The Bug Knight","The Construct","The Cursed","The Hierophant","The Jungle","The Marked","The Mystic","The Necromancer","The Runesmith","The Servant 0.9.4","TheHeartMod","TheHero","TheVacant","Uncapped","everything is the same but u backflip on backflip","vexMod"],"gold_per_floor":[109,121,70,85,85,119,119,131,154,174,174,174,204,214,214,310,310,330,330,344,358,369,369,369,369,401,411,424,16,42,61,61,164,164,183,228,246,246,246,246,252,252,252,252],"floor_reached":43,"playtime":4203,"items_purged":["theMarked:SoldierForm"],"score":512,"play_id":"2a654f6e-2925-470f-971b-279bc48e44f1","local_time":"20210109180124","is_ascension_mode":false,"campfire_choices":[{"data":"theMarked:PowerFlow","floor":7.0,"key":"SMITH"},{"data":"theMarked:Static","floor":12.0,"key":"SMITH"},{"floor":15.0,"key":"REST"},{"floor":23.0,"key":"REST"},{"floor":32,"key":"REST"},{"floor":42,"key":"RECALL"}],"circlet_count":0,"master_deck":["theMarked:Static","theMarked:Static+1","theMarked:PowerFlow+1","theMarked:Static","theMarked:Static","theMarked:Levitate","theMarked:PowerFlow","theMarked:WardOff","theMarked:TwofoldDefense","theMarked:ComboAttacks","theMarked:HeightenedSenses","ReplayTheSpireMod:Necrogeddon","Enlightenment","Magnetism","theMarked:GodGivenPower","theMarked:Static","theMarked:ThrowWeapon","theMarked:ReduceFriction","theMarked:Panic+1"],"relics":["theMarked:ArtifactOfAir","aspiration:EmptySkull","halation:EternalFortune","vexMod:FocusSash","MerchantsRug","halation:OrihimeAndHikoboshiSamaAndTears","conspire:SlowCooker","vexMod:DeviousBotling"],"acts_visited":["Exordium","TheCity","TheBeyond"],"potions_floor_usage":[33,33,37,37,43,43],"damage_taken":[{"damage":1.0,"enemies":"Cultist","floor":1.0,"turns":4.0},{"damage":6.0,"enemies":"Jaw Worm","floor":2.0,"turns":4.0},{"damage":1.0,"enemies":"2 Louse","floor":4.0,"turns":2.0},{"damage":21.0,"enemies":"Lagavulin","floor":6.0,"turns":5.0},{"damage":0.0,"enemies":"2 Fungi Beasts","floor":8.0,"turns":3.0},{"damage":5.0,"enemies":"Gremlin Gang","floor":10.0,"turns":4.0},{"damage":20.0,"enemies":"Gremlin Nob","floor":13.0,"turns":3.0},{"damage":0.0,"enemies":"Lots of Slimes","floor":14.0,"turns":3.0},{"damage":30.0,"enemies":"Fading Forest","floor":16.0,"turns":11.0},{"damage":5.0,"enemies":"Spheric Guardian","floor":18.0,"turns":3.0},{"damage":27.0,"enemies":"3 Byrds","floor":20.0,"turns":4.0},{"damage":14.0,"enemies":"3 Cultists","floor":21.0,"turns":3.0},{"damage":31.0,"enemies":"Shelled Parasite and Fungi","floor":22.0,"turns":3.0},{"damage":6,"enemies":"Centurion and Healer","floor":26,"turns":3},{"damage":0,"enemies":"Centurion and Healer","floor":27,"turns":1},{"damage":8,"enemies":"Snecko","floor":28,"turns":3},{"damage":0,"enemies":"Gremlin Leader","floor":30,"turns":4},{"damage":0,"enemies":"3 Cultists","floor":31,"turns":3},{"damage":30,"enemies":"hubris:MusketHawk","floor":33,"turns":4},{"damage":15,"enemies":"Orb Walker","floor":35,"turns":4},{"damage":14,"enemies":"3 Darklings","floor":37,"turns":3},{"damage":5,"enemies":"Maw","floor":41,"turns":4},{"damage":60,"enemies":"Reptomancer","floor":43,"turns":3}],"seed_played":"-2468794279114655333","potions_obtained":[{"floor":4.0,"key":"Strength Potion"},{"floor":8.0,"key":"ColorlessPotion"},{"floor":14.0,"key":"Regen Potion"},{"floor":16.0,"key":"Slimebound:ThreeZeroPotion"},{"floor":18.0,"key":"EssenceOfSteel"},{"floor":27,"key":"Toxic Potion"},{"floor":28,"key":"LiquidMemories"},{"floor":30,"key":"champ:CounterPotion"},{"floor":37,"key":"PowerPotion"},{"floor":41,"key":"jedi:holywater"}],"is_trial":false,"path_per_floor":["M","M","$","M","?","E","R","M","T","M","?","R","E","M","R","B",null,"M","?","M","M","M","R","AVR","?","MIM","M","M","$","E","M","R","B",null,"M","$","M","HB","PTL","PTL","M","R","E"],"character_chosen":"THE_DEFAULT","items_purchased":["theMarked:Static","MerchantsRug","ReplayTheSpireMod:ShopPack","halation:OrihimeAndHikoboshiSamaAndTears","Energy Potion"],"campfire_rested":3,"item_purchase_floors":[3,29,29,29,36],"current_hp_per_floor":[69,63,63,62,62,41,41,41,41,36,39,39,25,25,48,43,79,74,74,47,33,2,25,25,25,19,19,11,11,11,11,34,4,79,64,64,53,53,53,53,48,48,0,0],"gold":252,"neow_bonus":"TRANSFORM_CARD","is_daily":false,"chose_seed":false,"campfire_upgraded":2,"win_rate":0.0,"timestamp":1610215284,"path_taken":["M","?","$","M","?","E","R","M","T","M","?","R","E","M","R","BOSS","M","?","M","M","M","R","AVR","?","MIM","M","M","$","E","?","R","BOSS","M","$","M","HB","PTL","PTL","M","R","E"],"items_purchased_type":["Card","Relic","Relic","Relic","Potion"],"build_version":"2020-12-22","purchased_purges":1,"victory":false,"max_hp_per_floor":[70,70,70,70,70,70,70,70,70,70,73,73,79,79,79,79,79,79,79,79,79,79,79,79,79,79,79,79,79,79,79,79,79,79,79,79,82,82,82,82,82,82,82,82],"relic_stats":{"counters":[23,84],"obtain_stats":[{"MerchantsRug":29,"halation:OrihimeAndHikoboshiSamaAndTears":29,"hubris:CrystalStatue":30,"halation:CatFaceCupcake":17,"vexMod:BerryBomb":13,"conspire:SlowCooker":34,"vexMod:FocusSash":24,"theMarked:ArtifactOfAir":0,"aspiration:EmptySkull":9,"halation:EternalFortune":11,"vexMod:DeviousBotling":38,"halation:KoshaPiece":6,"ReplayTheSpireMod:ShopPack":29},{"MerchantsRug":16,"halation:OrihimeAndHikoboshiSamaAndTears":16,"hubris:CrystalStatue":17,"halation:CatFaceCupcake":9,"vexMod:BerryBomb":7,"conspire:SlowCooker":19,"vexMod:FocusSash":13,"theMarked:ArtifactOfAir":0,"aspiration:EmptySkull":5,"halation:EternalFortune":6,"vexMod:DeviousBotling":21,"halation:KoshaPiece":4,"ReplayTheSpireMod:ShopPack":16},{"MerchantsRug":59,"halation:OrihimeAndHikoboshiSamaAndTears":59,"hubris:CrystalStatue":63,"halation:CatFaceCupcake":39,"vexMod:BerryBomb":25,"conspire:SlowCooker":70,"vexMod:FocusSash":52,"theMarked:ArtifactOfAir":0,"aspiration:EmptySkull":18,"halation:EternalFortune":22,"vexMod:DeviousBotling":77,"halation:KoshaPiece":15,"ReplayTheSpireMod:ShopPack":59}]},"card_choices":[{"not_picked":["theMarked:ResourceFulStrike","theMarked:TwofoldDefense"],"picked":"theMarked:Electrocute","floor":1.0},{"not_picked":["theMarked:HeightenedSenses","theMarked:SelfDefenseTraining"],"picked":"theMarked:Static","floor":2.0},{"not_picked":["theMarked:Frustration","theMarked:WardOff"],"picked":"theMarked:RepellingDischarge","floor":4.0},{"not_picked":["theMarked:BanishingStrike","theMarked:TakeCover"],"picked":"theMarked:PowerFlow","floor":6.0},{"not_picked":["theMarked:Frustration","theMarked:TwofoldDefense"],"picked":"theMarked:Aftermath","floor":8.0},{"not_picked":["theMarked:HeightenedSenses","theMarked:ElectricStrings"],"picked":"theMarked:ShockingTouch","floor":10.0},{"not_picked":["theMarked:ChainLightning","theMarked:SuspiciousRaven"],"picked":"theMarked:Static","floor":13.0},{"not_picked":["theMarked:BanishingStrike","theMarked:HeightenedSenses"],"picked":"theMarked:Static","floor":14.0},{"not_picked":["theMarked:Challenge","theMarked:Abjuration"],"picked":"theMarked:Levitate","floor":16.0},{"not_picked":["theMarked:ComboAttacks","theMarked:ResourceFulStrike"],"picked":"theMarked:SwordAndMagic+1","floor":18.0},{"not_picked":["theMarked:ResourceFulStrike","theMarked:RepellingDischarge"],"picked":"theMarked:PowerFlow","floor":20.0},{"not_picked":["theMarked:SwordAndMagic","theMarked:Frustration"],"picked":"theMarked:CreepingChasm","floor":21.0},{"not_picked":["theMarked:EmpowerWeapon+1","theMarked:WastefulAttack+1"],"picked":"theMarked:WardOff","floor":22.0},{"not_picked":["theMarked:Aftermath","theMarked:Frustration+1"],"picked":"theMarked:TwofoldDefense","floor":26},{"not_picked":["theMarked:EmpowerWeapon","theMarked:ElectricStrings"],"picked":"theMarked:ComboAttacks","floor":27},{"not_picked":["theMarked:RogueSparks","theMarked:ResourceFulStrike"],"picked":"theMarked:HeightenedSenses","floor":28},{"not_picked":["Mayhem","Thinking Ahead"],"picked":"ReplayTheSpireMod:Necrogeddon","floor":29},{"not_picked":["Replay:Sssssssssstrike","Thinking Ahead"],"picked":"Enlightenment","floor":29},{"not_picked":["Enlightenment","expansioncontent:DonusPower"],"picked":"Magnetism","floor":29},{"not_picked":["theMarked:MaelstromOfLightning+1","theMarked:Frustration"],"picked":"theMarked:GodGivenPower","floor":30},{"not_picked":["theMarked:ContemptForTheProud","theMarked:CreepingChasm"],"picked":"theMarked:Static","floor":31},{"not_picked":["theMarked:TurnInvisible","theMarked:Abjuration"],"picked":"theMarked:ThrowWeapon","floor":33},{"not_picked":["theMarked:CreepingChasm+1","theMarked:Parry","theMarked:BanishingStrike"],"picked":"SKIP","floor":35},{"not_picked":["theMarked:BanishingStrike+1","theMarked:Improvise"],"picked":"theMarked:ReduceFriction","floor":37},{"not_picked":["theMarked:Frustration","theMarked:BanishingStrike"],"picked":"theMarked:Panic+1","floor":41}],"player_experience":386666,"relics_obtained":[{"floor":6.0,"key":"halation:KoshaPiece"},{"floor":9.0,"key":"aspiration:EmptySkull"},{"floor":13.0,"key":"vexMod:BerryBomb"},{"floor":30,"key":"hubris:CrystalStatue"},{"floor":37,"key":"halation:EternalFortune"}],"event_choices":[{"cards_removed":["theMarked:Levitate"],"damage_healed":0.0,"max_hp_gain":0.0,"max_hp_loss":0.0,"gold_gain":0.0,"event_name":"betterNote:BetterNote","player_choice":"Take \u0026 Give","floor":19.0,"gold_loss":0.0,"damage_taken":0.0,"cards_obtained":["stsjorbsmod:TrueStrike"]}],"is_beta":false,"boss_relics":[{"not_picked":["Runesmith:UraniumAnvil","ReplayTheSpireMod:SealedPack"],"picked":"halation:CatFaceCupcake"},{"not_picked":["Replay:Drink Me","Astrolabe"],"picked":"conspire:SlowCooker"}],"items_purged_floors":[24],"is_endless":false,"potions_floor_spawned":[4,8,14,16,18,27,28,30,37,41],"killed_by":"Reptomancer","ascension_level":0}}