{"host":"g01l53quoe6lrer0","time":1610204723,"event":{"mods":["2.2 Compatiblity","AchievementEnabler","BaseMod","Colored Map","Highlight Path","Keyboard Shortcuts","Minty Spire (QoL Compilation)","Permanent Neow","StSLib","SuperFastMode","everything is the same but u backflip on backflip"],"gold_per_floor":[369,369,134,284,302,336,336,261,284,284,311,327,327,344,344,421,421,434,116,130,145,157,157,175,206,230,230,9,9,9],"floor_reached":29,"playtime":596,"items_purged":["Regret","Strike_R"],"score":462,"play_id":"3423d885-fd95-456d-9986-79d5d2f7f898","local_time":"20210110000523","is_ascension_mode":true,"campfire_choices":[{"data":"Whirlwind","floor":7.0,"key":"SMITH"},{"data":"Inflame","floor":10.0,"key":"SMITH"},{"data":"Inflame","floor":13.0,"key":"SMITH"},{"data":"Sword Boomerang","floor":15.0,"key":"SMITH"},{"data":"Bloodletting","floor":23.0,"key":"SMITH"}],"circlet_count":0,"master_deck":["AscendersBane","Strike_R+1","Strike_R","Strike_R+1","Defend_R","Defend_R","Defend_R","Defend_R","Bash","Whirlwind+1","Inflame+1","Bloodletting","Flex+1","Inflame+1","Warcry+1","Sword Boomerang+1","Double Tap","Heavy Blade+1","Disarm+1","Shrug It Off","Rupture","Bloodletting+1","Parasite","Thunderclap"],"relics":["Burning Blood","Omamori","Strawberry","Toy Ornithopter","Whetstone","Cursed Key","Orrery","Centennial Puzzle","War Paint","Toxic Egg 2","Chemical X"],"acts_visited":["Exordium","TheCity"],"potions_floor_usage":[25,25],"damage_taken":[{"damage":4.0,"enemies":"2 Louse","floor":1.0,"turns":3.0},{"damage":0.0,"enemies":"Small Slimes","floor":5.0,"turns":2.0},{"damage":40.0,"enemies":"3 Sentries","floor":6.0,"turns":6.0},{"damage":1.0,"enemies":"Cultist","floor":12.0,"turns":3.0},{"damage":13.0,"enemies":"Red Slaver","floor":14.0,"turns":3.0},{"damage":37.0,"enemies":"Hexaghost","floor":16.0,"turns":6.0},{"damage":20.0,"enemies":"Chosen","floor":18.0,"turns":5.0},{"damage":0.0,"enemies":"3 Byrds","floor":20.0,"turns":3.0},{"damage":3.0,"enemies":"Cultist and Chosen","floor":21.0,"turns":3.0},{"damage":24.0,"enemies":"Centurion and Healer","floor":22.0,"turns":4.0},{"damage":28.0,"enemies":"Snake Plant","floor":24.0,"turns":3.0},{"damage":21,"enemies":"Gremlin Leader","floor":25,"turns":4},{"damage":16,"enemies":"Sentry and Sphere","floor":29,"turns":2}],"seed_played":"-3689956223634206232","potions_obtained":[{"floor":1.0,"key":"Swift Potion"},{"floor":14.0,"key":"CultistPotion"},{"floor":20.0,"key":"Explosive Potion"},{"floor":24.0,"key":"Block Potion"}],"is_trial":false,"path_per_floor":["M","?","$","?","M","E","R","?","T","R","T","M","R","M","R","B",null,"M","$","M","M","M","R","M","E","T","T","$","M"],"character_chosen":"IRONCLAD","items_purchased":["Inflame","Bloodletting","Orrery","PowerPotion","Chemical X","Thunderclap"],"campfire_rested":0,"item_purchase_floors":[3,3,19,19,28,28],"current_hp_per_floor":[68,68,68,68,68,41,41,41,41,41,41,46,46,39,39,13,60,46,46,52,60,42,42,20,15,15,15,15,0,0],"gold":9,"neow_bonus":"TWO_FIFTY_GOLD","is_daily":false,"chose_seed":false,"campfire_upgraded":5,"win_rate":0.0,"timestamp":1610204723,"path_taken":["M","?","$","?","M","E","R","?","T","R","?","M","R","?","R","BOSS","M","$","M","M","M","R","M","E","T","?","$","M"],"items_purchased_type":["Card","Card","Relic","Potion","Relic","Card"],"build_version":"2020-12-22","purchased_purges":2,"victory":false,"max_hp_per_floor":[68,68,68,68,68,75,75,75,75,75,75,75,75,75,75,75,75,75,75,75,75,75,75,75,75,75,75,75,75,75],"card_choices":[{"not_picked":["Flame Barrier","Thunderclap"],"picked":"Whirlwind","floor":1.0},{"not_picked":["Wild Strike","Anger"],"picked":"Flex","floor":5.0},{"not_picked":["Rage","Shrug It Off"],"picked":"Inflame","floor":6.0},{"not_picked":["Body Slam","Cleave"],"picked":"Warcry","floor":12.0},{"not_picked":["Shrug It Off","Brutality"],"picked":"Sword Boomerang","floor":14.0},{"not_picked":["Limit Break","Impervious"],"picked":"Double Tap","floor":16.0},{"not_picked":["Clash","Iron Wave+1"],"picked":"Heavy Blade+1","floor":18.0},{"not_picked":["Twin Strike","Infernal Blade"],"picked":"Disarm+1","floor":19.0},{"not_picked":["Flex","Armaments"],"picked":"Shrug It Off","floor":19.0},{"not_picked":["Armaments","Cleave"],"picked":"Rupture","floor":20.0},{"not_picked":["Dark Embrace","Perfected Strike+1"],"picked":"Bloodletting","floor":21.0},{"not_picked":["Reckless Charge","True Grit","Metallicize"],"picked":"SKIP","floor":22.0},{"not_picked":["Cleave+1","Anger","Warcry"],"picked":"SKIP","floor":24.0},{"not_picked":["Bludgeon","Power Through","Cleave"],"picked":"SKIP","floor":25}],"player_experience":107752,"relics_obtained":[{"floor":6.0,"key":"Strawberry"},{"floor":9.0,"key":"Toy Ornithopter"},{"floor":11.0,"key":"Whetstone"},{"floor":25,"key":"Centennial Puzzle"},{"floor":26,"key":"War Paint"},{"floor":27,"key":"Toxic Egg 2"}],"event_choices":[{"damage_healed":0.0,"max_hp_gain":0.0,"max_hp_loss":0.0,"gold_gain":0.0,"event_name":"Big Fish","player_choice":"Box","floor":2.0,"gold_loss":0.0,"damage_taken":0.0,"relics_obtained":["Omamori"],"cards_obtained":["Regret"]},{"damage_healed":0.0,"max_hp_gain":0.0,"max_hp_loss":0.0,"gold_gain":150.0,"event_name":"Liars Game","player_choice":"AGREE","floor":4.0,"gold_loss":0.0,"damage_taken":0.0,"cards_obtained":["Doubt"]},{"cards_removed":["Strike_R"],"damage_healed":0.0,"max_hp_gain":0.0,"max_hp_loss":0.0,"gold_gain":0.0,"event_name":"The Cleric","player_choice":"Card Removal","floor":8.0,"gold_loss":75.0,"damage_taken":0.0}],"is_beta":false,"boss_relics":[{"not_picked":["Philosopher\u0027s Stone","SlaversCollar"],"picked":"Cursed Key"}],"items_purged_floors":[3,19],"is_endless":false,"potions_floor_spawned":[1,14,20,24],"killed_by":"Sentry and Sphere","ascension_level":18}}