{"host":"idmgg8r816nmas40","time":1610155931,"event":{"mods":["AchievementEnabler","AlwaysNeverKeys","BaseMod","BetterRewards","Block Reminder","Colored Map","Colored Powertips","DeckTracker","Googly Eyes","Highlight Path","Hubris","Infinite Spire","Minty Spire (QoL Compilation)","Quick Restart","Relic Stats","Replay The Spire","Shop Mod","StSLib","SuperFastMode","Synergy Search","Transform Curses"],"gold_per_floor":[114,114,133,133,143,169,169,202,202,216,186,197,217,234,234,310,310,322,106,116,116,116,116,141,141,212,212,212],"floor_reached":27,"playtime":1005,"items_purged":[],"score":486,"play_id":"f611d57b-5e1e-4c1a-bfc2-9ef5f00bb92c","local_time":"20210108183211","is_ascension_mode":true,"campfire_choices":[{"data":"Fire Breathing","floor":7,"key":"SMITH"},{"floor":15,"key":"REST"},{"floor":23,"key":"REST"},{"floor":25,"key":"REST"}],"circlet_count":0,"master_deck":["AscendersBane","Strike_R+1","Strike_R+1","Strike_R+1","Strike_R+1","Strike_R+1","Defend_R+1","Defend_R+1","Defend_R+1","Defend_R+1","Bash+1","Dual Wield+1","Fire Breathing+1","Headbutt","Sword Boomerang","Pommel Strike","Thunderclap","Combust","Spot Weakness","Fiend Fire","Replay:Undeath\u0027s Touch","Sword Boomerang","Demonic Infusion","Immolate","Delirium","Eruption","Offering+1","ReplayTheSpireMod:Private Reserves","infinitespire:FinalStrike","Hemokinesis+1","Replay:Undeath\u0027s Touch","Twin Strike","Replay:Undeath\u0027s Touch"],"relics":["Burning Blood","hubris:GlazedTorus","Lee\u0027s Waffle","infinitespire:PuzzleCube","hubris:ChampionShield","Pet Ghost","Question Card","Replay:Accelerometer","Replay:Grab Bag","Mark of Pain","ChewingGum","ReplayTheSpireMod:SealedPack","SacredBark","Brimstone","Pantograph","Iron Hammer"],"acts_visited":["Exordium","TheCity"],"potions_floor_usage":[6,8,16,27,27],"damage_taken":[{"damage":2,"enemies":"2 Louse","floor":1,"turns":4},{"damage":12,"enemies":"Jaw Worm","floor":3,"turns":2},{"damage":1,"enemies":"Cultist","floor":5,"turns":3},{"damage":35,"enemies":"3 Sentries","floor":6,"turns":8},{"damage":18,"enemies":"Gremlin Nob","floor":8,"turns":3},{"damage":8,"enemies":"2 Fungi Beasts","floor":10,"turns":3},{"damage":20,"enemies":"Lots of Slimes","floor":12,"turns":2},{"damage":3,"enemies":"Blue Slaver","floor":13,"turns":2},{"damage":2,"enemies":"Exordium Wildlife","floor":14,"turns":2},{"damage":50,"enemies":"Hexaghost","floor":16,"turns":8},{"damage":21,"enemies":"Shell Parasite","floor":18,"turns":2},{"damage":43,"enemies":"3 Byrds","floor":20,"turns":3},{"damage":28,"enemies":"Gremlin Leader","floor":24,"turns":4},{"damage":40,"enemies":"Nightmare","floor":27,"turns":3}],"seed_played":"6408682527628908483","potions_obtained":[{"floor":1,"key":"PowerPotion"},{"floor":6,"key":"SkillPotion"},{"floor":11,"key":"LifebloodPotion"},{"floor":11,"key":"LifebloodPotion"},{"floor":16,"key":"CultistPotion"}],"is_trial":false,"path_per_floor":["M","?","M","T","M","E","R","E","T","M","?","M","M","M","R","B",null,"M","$","M","?","?","R","E","R","T","NM"],"character_chosen":"IRONCLAD","items_purchased":["hubris:GlazedTorus","Lee\u0027s Waffle","infinitespire:PuzzleCube","Dual Wield+1","Fire Breathing","Brimstone","Replay:Undeath\u0027s Touch"],"campfire_rested":3,"item_purchase_floors":[0,0,0,0,0,19,19],"current_hp_per_floor":[82,82,76,76,81,52,52,40,40,38,38,24,27,31,55,11,64,49,49,12,12,12,36,14,38,38,0,0],"gold":212,"neow_bonus":"","is_daily":false,"chose_seed":false,"campfire_upgraded":1,"win_rate":0.0,"timestamp":1610155931,"path_taken":["M","?","M","?","?","E","R","E","T","M","?","M","M","M","R","BOSS","M","?","M","?","?","R","E","R","T","NM"],"items_purchased_type":["Relic","Relic","Relic","Card","Card","Relic","Card"],"build_version":"2020-12-22","purchased_purges":0,"victory":false,"max_hp_per_floor":[82,82,82,82,82,82,82,82,82,82,82,82,82,82,82,82,82,82,82,82,82,82,82,82,82,82,82,82],"relic_stats":{"Lee\u0027s Waffle":14,"counters":[53,190],"Pantograph":0,"Question Card":15,"obtain_stats":[{"Replay:Accelerometer":9,"Vajra":6,"Sling":0,"hubris:TerracottaHorce":17,"Replay:Ringing Soul":0,"Centennial Puzzle":25,"Strawberry":0,"MealTicket":26,"Iron Hammer":26,"HandDrill":22,"hubris:MobiusCoin":9,"Counterbalance":0,"Replay:Grab Bag":0,"hubris:SphereOfDissonance":9,"Ring of Chaos":34,"ReplayTheSpireMod:SealedPack":17,"Question Card":8,"OrangePellets":0,"infinitespire:Broken Mirror":0,"Brimstone":19,"MutagenicStrength":21,"CultistMask":2,"Mark of Pain":17,"ReplayTheSpireMod:TigerMarble":22,"StrikeDummy":0,"Unceasing Top":24,"infinitespire:PuzzleCube":0,"Regal Pillow":29,"Lantern":28,"SacredBark":17,"Pet Ghost":7,"Replay:Bandana":0,"hubris:Backtick":17,"hubris:Icosahedron":2,"Mummified Hand":0,"Pantograph":24,"Replay:Antivirus Software":7,"hubris:ChampionShield":4,"infinitespire:Chaos":0,"hubris:GlazedTorus":0,"Lee\u0027s Waffle":0,"infinitespire:EmptyRelic":0,"PreservedInsect":14,"infinitespire:CheckeredPen":19,"infinitespire:Lucky Rock":26,"hubris:Towel":4,"DataDisk":9,"infinitespire:DarkRift":0,"Orrery":25,"infinitespire:Satchel":4,"ChewingGum":17,"Bag of Marbles":23,"Snack Pack":25,"Membership Card":17,"PureWater":0,"hubris:Potato":12},{"Replay:Accelerometer":44,"Vajra":4,"Sling":0,"hubris:TerracottaHorce":8,"Replay:Ringing Soul":0,"Centennial Puzzle":11,"Strawberry":35,"MealTicket":11,"Iron Hammer":52,"HandDrill":32,"hubris:MobiusCoin":4,"Counterbalance":20,"Replay:Grab Bag":35,"hubris:SphereOfDissonance":38,"Ring of Chaos":15,"ReplayTheSpireMod:SealedPack":49,"Question Card":44,"OrangePellets":0,"infinitespire:Broken Mirror":35,"Brimstone":50,"MutagenicStrength":10,"CultistMask":21,"Mark of Pain":49,"ReplayTheSpireMod:TigerMarble":32,"StrikeDummy":35,"Unceasing Top":11,"infinitespire:PuzzleCube":39,"Regal Pillow":13,"Lantern":34,"SacredBark":49,"Pet Ghost":4,"Replay:Bandana":0,"hubris:Backtick":29,"hubris:Icosahedron":36,"Mummified Hand":20,"Pantograph":52,"Replay:Antivirus Software":24,"hubris:ChampionShield":41,"infinitespire:Chaos":35,"hubris:GlazedTorus":39,"Lee\u0027s Waffle":35,"infinitespire:EmptyRelic":35,"PreservedInsect":7,"infinitespire:CheckeredPen":9,"infinitespire:Lucky Rock":34,"hubris:Towel":22,"DataDisk":25,"infinitespire:DarkRift":35,"Orrery":11,"infinitespire:Satchel":37,"ChewingGum":49,"Bag of Marbles":33,"Snack Pack":34,"Membership Card":29,"PureWater":0,"hubris:Potato":6},{"Replay:Accelerometer":161,"Vajra":16,"Sling":0,"hubris:TerracottaHorce":37,"Replay:Ringing Soul":0,"Centennial Puzzle":49,"Strawberry":126,"MealTicket":49,"Iron Hammer":187,"HandDrill":114,"hubris:MobiusCoin":16,"Counterbalance":75,"Replay:Grab Bag":126,"hubris:SphereOfDissonance":140,"Ring of Chaos":60,"ReplayTheSpireMod:SealedPack":178,"Question Card":161,"OrangePellets":0,"infinitespire:Broken Mirror":126,"Brimstone":180,"MutagenicStrength":45,"CultistMask":77,"Mark of Pain":178,"ReplayTheSpireMod:TigerMarble":114,"StrikeDummy":126,"Unceasing Top":49,"infinitespire:PuzzleCube":141,"Regal Pillow":53,"Lantern":122,"SacredBark":178,"Pet Ghost":16,"Replay:Bandana":0,"hubris:Backtick":103,"hubris:Icosahedron":132,"Mummified Hand":75,"Pantograph":187,"Replay:Antivirus Software":86,"hubris:ChampionShield":147,"infinitespire:Chaos":126,"hubris:GlazedTorus":141,"Lee\u0027s Waffle":126,"infinitespire:EmptyRelic":126,"PreservedInsect":27,"infinitespire:CheckeredPen":42,"infinitespire:Lucky Rock":122,"hubris:Towel":80,"DataDisk":88,"infinitespire:DarkRift":126,"Orrery":49,"infinitespire:Satchel":135,"ChewingGum":178,"Bag of Marbles":118,"Snack Pack":122,"Membership Card":103,"PureWater":0,"hubris:Potato":24}],"Burning Blood":74},"card_choices":[{"not_picked":["Iron Wave","Clothesline"],"picked":"Sword Boomerang","floor":1},{"not_picked":["ReplayReversal","ReplayTheSpireMod:Stacked"],"picked":"Pommel Strike","floor":3},{"not_picked":["Life Link","Clothesline"],"picked":"Thunderclap","floor":5},{"not_picked":["ReplayTheSpireMod:Muscle Training","Rage"],"picked":"Combust","floor":6},{"not_picked":["Warcry","Feel No Pain"],"picked":"Spot Weakness","floor":8},{"not_picked":["True Grit","Shrug It Off","Anger"],"picked":"Fiend Fire","floor":10},{"not_picked":["Headbutt","Iron Wave","Pommel Strike"],"picked":"Replay:Undeath\u0027s Touch","floor":12},{"not_picked":["Perfected Strike","Clash","Rage"],"picked":"Sword Boomerang","floor":13},{"not_picked":["True Grit","Abandon","Pummel"],"picked":"Demonic Infusion","floor":14},{"not_picked":["Impervious","Demonic Infusion","Juggernaut"],"picked":"Immolate","floor":16},{"not_picked":["Dualcast","hubris:MerchantsHand","Survivor"],"picked":"Eruption","floor":17},{"not_picked":["Barricade","Bludgeon","Fiend Fire"],"picked":"Offering","floor":17},{"not_picked":["Replay:Bootleg Shield Generator","ReplayTheSpireMod:Trickstab","Blind"],"picked":"ReplayTheSpireMod:Private Reserves","floor":17},{"not_picked":["infinitespire:Execution","infinitespire:FutureSight","infinitespire:TheBestDefense"],"picked":"infinitespire:FinalStrike","floor":17},{"not_picked":["Cleave","ReplayTheSpireMod:LeadingStrike","Feel No Pain"],"picked":"Hemokinesis+1","floor":18},{"not_picked":["Wild Strike","Inflame","Havoc"],"picked":"Twin Strike","floor":20},{"not_picked":["Eclipse","Twin Strike","Clothesline"],"picked":"Replay:Undeath\u0027s Touch","floor":24}],"player_experience":1067660,"relics_obtained":[{"floor":4,"key":"hubris:ChampionShield"},{"floor":6,"key":"Pet Ghost"},{"floor":8,"key":"Question Card"},{"floor":9,"key":"Replay:Accelerometer"},{"floor":24,"key":"Pantograph"},{"floor":26,"key":"Iron Hammer"}],"event_choices":[{"damage_healed":0,"gold_gain":0,"player_choice":"Grow","damage_taken":0,"max_hp_gain":0,"max_hp_loss":0,"event_name":"Living Wall","floor":2,"gold_loss":0,"cards_upgraded":["Bash"]},{"damage_healed":0,"gold_gain":0,"player_choice":"Bought 2 Potions","damage_taken":0,"max_hp_gain":0,"max_hp_loss":0,"event_name":"The Woman in Blue","floor":11,"gold_loss":0},{"damage_healed":0,"gold_gain":0,"player_choice":"Simplicity","damage_taken":0,"max_hp_gain":0,"max_hp_loss":0,"event_name":"Back to Basics","floor":21,"gold_loss":0,"cards_upgraded":["Strike_R","Strike_R","Strike_R","Strike_R","Strike_R","Defend_R","Defend_R","Defend_R","Defend_R"]},{"damage_healed":0,"gold_gain":0,"player_choice":"Upgraded","damage_taken":0,"max_hp_gain":0,"max_hp_loss":0,"event_name":"Upgrade Shrine","floor":22,"gold_loss":0,"cards_upgraded":["Offering"]}],"is_beta":false,"boss_relics":[{"not_picked":["Velvet Choker","hubris:BlackHole"],"picked":"Replay:Grab Bag"},{"not_picked":["Replay:Bronze Core","Coffee Dripper"],"picked":"Mark of Pain"},{"not_picked":["Runic Dome","Busted Crown"],"picked":"ChewingGum"},{"not_picked":["Astrolabe","Kintsugi"],"picked":"ReplayTheSpireMod:SealedPack"},{"not_picked":["Pandora\u0027s Box","Runic Pyramid"],"picked":"SacredBark"}],"items_purged_floors":[],"is_endless":false,"potions_floor_spawned":[1,6,12,14,16,24],"killed_by":"Nightmare","ascension_level":20}}