{"host":"vzygucmp2u9s1xuv","time":1610231535,"event":{"mods":["BaseMod","Colored Map","DeckTracker","Keyboard Shortcuts","Minty Spire (QoL Compilation)","Quick Restart","StSLib","SuperFastMode"],"gold_per_floor":[110,75,75,225,244,244,273,273,273,291,52,65,76,108,108,108,108],"floor_reached":16,"playtime":885,"items_purged":[],"score":236,"play_id":"08eda6b8-1d4c-4fdb-9e8d-22a75141ecaa","local_time":"20210110073215","is_ascension_mode":true,"campfire_choices":[{"data":"Choke","floor":6,"key":"SMITH"},{"data":"Blur","floor":8,"key":"SMITH"},{"floor":15,"key":"REST"}],"circlet_count":0,"master_deck":["AscendersBane","Strike_G","Strike_G","Strike_G","Strike_G","Strike_G","Defend_G+1","Defend_G","Defend_G","Defend_G","Defend_G+1","Survivor","Neutralize","Endless Agony","Doubt","Choke+1","Blur+1","Acrobatics","Poisoned Stab","Backstab","Cloak And Dagger","Accuracy","Endless Agony"],"relics":["Ring of the Snake","NeowsBlessing","InkBottle","MealTicket","Matryoshka","Akabeko","War Paint"],"acts_visited":["Exordium"],"potions_floor_usage":[14,16],"damage_taken":[{"damage":0,"enemies":"Jaw Worm","floor":1,"turns":1},{"damage":0,"enemies":"Small Slimes","floor":5,"turns":1},{"damage":0,"enemies":"Gremlin Nob","floor":7,"turns":1},{"damage":0,"enemies":"Cultist","floor":10,"turns":3},{"damage":8,"enemies":"Large Slime","floor":12,"turns":5},{"damage":0,"enemies":"Gremlin Gang","floor":13,"turns":6},{"damage":34,"enemies":"Lagavulin","floor":14,"turns":6},{"damage":48,"enemies":"Hexaghost","floor":16,"turns":16}],"seed_played":"-3121509325918496867","potions_obtained":[{"floor":1,"key":"Dexterity Potion"},{"floor":13,"key":"Fire Potion"}],"is_trial":false,"path_per_floor":["M","?","?","?","M","R","E","R","T","M","$","M","M","E","R","B"],"character_chosen":"THE_SILENT","items_purchased":["Poisoned Stab","Akabeko","Backstab"],"campfire_rested":1,"item_purchase_floors":[11,11,11],"current_hp_per_floor":[59,66,61,61,61,61,61,61,61,61,66,58,58,24,43,0,0],"gold":108,"neow_bonus":"THREE_ENEMY_KILL","is_daily":false,"chose_seed":false,"campfire_upgraded":2,"win_rate":0.0,"timestamp":1610231535,"path_taken":["M","?","?","?","?","R","E","R","T","M","$","?","M","E","R","BOSS"],"items_purchased_type":["Card","Relic","Card"],"build_version":"2020-12-22","purchased_purges":0,"victory":false,"max_hp_per_floor":[66,66,66,66,66,66,66,66,66,66,66,66,66,66,66,66,66],"card_choices":[{"not_picked":["PiercingWail","Bane"],"picked":"Endless Agony","floor":1},{"not_picked":["Heel Hook","PiercingWail"],"picked":"Choke","floor":5},{"not_picked":["Bane","Deadly Poison"],"picked":"Blur","floor":7},{"not_picked":["Flying Knee","PiercingWail"],"picked":"Acrobatics","floor":10},{"not_picked":["Blur","Escape Plan"],"picked":"Cloak And Dagger","floor":12},{"not_picked":["Poisoned Stab","Expertise"],"picked":"Accuracy","floor":13},{"not_picked":["Tactician","Accuracy"],"picked":"Endless Agony","floor":14}],"player_experience":648664,"relics_obtained":[{"floor":7,"key":"MealTicket"},{"floor":9,"key":"Matryoshka"},{"floor":14,"key":"War Paint"}],"event_choices":[{"damage_healed":16,"gold_gain":0,"player_choice":"Healed","damage_taken":0,"max_hp_gain":0,"max_hp_loss":0,"event_name":"The Cleric","floor":2,"gold_loss":35},{"damage_healed":0,"gold_gain":0,"player_choice":"Success","damage_taken":5,"relics_obtained":["InkBottle"],"max_hp_gain":0,"max_hp_loss":0,"event_name":"Scrap Ooze","floor":3,"gold_loss":0},{"damage_healed":0,"gold_gain":150,"player_choice":"AGREE","damage_taken":0,"max_hp_gain":0,"max_hp_loss":0,"event_name":"Liars Game","floor":4,"gold_loss":0,"cards_obtained":["Doubt"]}],"is_beta":false,"boss_relics":[],"items_purged_floors":[],"is_endless":false,"potions_floor_spawned":[1,13],"killed_by":"Hexaghost","ascension_level":15}}