{"host":"ig7tc0uedzltt2sr","time":1610236271,"event":{"mods":["BaseMod","Better Twitch Integration","Block Reminder","Colored Map","Colored Powertips","Communication Mod","Current Relic Mod","GifTheSpireLib","HexUI Lib","Minty Spire (QoL Compilation)","Quick Restart","Random Character Button","Rare Cards Sparkle","Relic Sorter","Relic Stats","Slay the Relics Exporter","StSLib","SuperFastMode","Synergy Search","Twitch Decklist","Twitch Utils","everything is the same but u backflip on backflip","slay the spire mod where everything is the same but ironclad has a cowboy hat"],"gold_per_floor":[112,72,87,102,121,91,91,91,91,56,67,67,67],"floor_reached":12,"playtime":46,"items_purged":[],"score":70,"play_id":"04c5691e-dcd5-4822-99aa-4df32a8e8473","local_time":"20210109155111","is_ascension_mode":false,"campfire_choices":[{"floor":7,"key":"RECALL"}],"circlet_count":0,"master_deck":["Strike_R","Strike_R","Strike_R","Strike_R","Defend_R","Defend_R","Defend_R","Defend_R","Bash","Twin Strike","Wild Strike","Combust"],"relics":["Burning Blood","NeowsBlessing"],"acts_visited":["Exordium"],"potions_floor_usage":[],"damage_taken":[{"damage":0,"enemies":"Jaw Worm","floor":1,"turns":1},{"damage":0,"enemies":"Cultist","floor":3,"turns":1},{"damage":0,"enemies":"Small Slimes","floor":4,"turns":1},{"damage":24,"enemies":"Blue Slaver","floor":5,"turns":3},{"damage":15,"enemies":"Looter","floor":6,"turns":4},{"damage":33,"enemies":"Red Slaver","floor":11,"turns":5},{"damage":54,"enemies":"3 Sentries","floor":12,"turns":4}],"seed_played":"-44578452312622046","potions_obtained":[{"floor":2,"key":"CultistPotion"},{"floor":2,"key":"CultistPotion"},{"floor":2,"key":"Swift Potion"},{"floor":5,"key":"LiquidBronze"},{"floor":11,"key":"AttackPotion"}],"is_trial":false,"path_per_floor":["M","?","M","M","M","M","R","?","T","?","M","E"],"character_chosen":"IRONCLAD","items_purchased":[],"campfire_rested":0,"item_purchase_floors":[],"current_hp_per_floor":[80,80,80,80,62,53,53,53,53,73,46,0,0],"gold":67,"neow_bonus":"THREE_ENEMY_KILL","is_daily":false,"chose_seed":false,"campfire_upgraded":0,"win_rate":0.0,"timestamp":1610236271,"path_taken":["M","?","M","?","M","M","R","?","T","?","M","E"],"items_purchased_type":[],"build_version":"2020-12-22","purchased_purges":0,"victory":false,"max_hp_per_floor":[80,80,80,80,80,80,80,80,80,80,80,80,80],"relic_stats":{"counters":[7,19],"obtain_stats":[{"NeowsBlessing":0,"Burning Blood":0},{"NeowsBlessing":0,"Burning Blood":0},{"NeowsBlessing":0,"Burning Blood":0}],"Burning Blood":18},"card_choices":[{"not_picked":["Sword Boomerang","Thunderclap","Cleave"],"picked":"SKIP","floor":1},{"not_picked":["Anger","Combust"],"picked":"Twin Strike","floor":3},{"not_picked":["Perfected Strike","Body Slam","Twin Strike"],"picked":"SKIP","floor":4},{"not_picked":["Armaments","True Grit","Heavy Blade"],"picked":"SKIP","floor":5},{"not_picked":["Second Wind","Havoc"],"picked":"Wild Strike","floor":6},{"not_picked":["Cleave","Seeing Red","Power Through"],"picked":"SKIP","floor":11}],"player_experience":1475242,"relics_obtained":[],"event_choices":[{"damage_healed":0,"gold_gain":0,"player_choice":"Bought 3 Potions","damage_taken":0,"max_hp_gain":0,"max_hp_loss":0,"event_name":"The Woman in Blue","floor":2,"gold_loss":0},{"damage_healed":0,"gold_gain":0,"cards_transformed":["Strike_R"],"player_choice":"Change","damage_taken":0,"max_hp_gain":0,"max_hp_loss":0,"event_name":"Living Wall","floor":8,"gold_loss":0,"cards_obtained":["Combust"]},{"damage_healed":20,"gold_gain":0,"player_choice":"Healed","damage_taken":0,"max_hp_gain":0,"max_hp_loss":0,"event_name":"The Cleric","floor":10,"gold_loss":35}],"is_beta":false,"boss_relics":[],"items_purged_floors":[],"is_endless":false,"potions_floor_spawned":[5,11],"killed_by":"3 Sentries","ascension_level":0}}