{"host":"0nfdmr2b19ur4mbc","time":1610209579,"event":{"mods":["2.2 Compatiblity","AchievementEnabler","Aspiration","BaseMod","Better Match","Better Note","Better Third Choice","Better Vampires","Disable Question Mark Monsters","Hubris","Infinite Spire","Minty Spire (QoL Compilation)","Quick Restart","Rare Cards Sparkle","Replay The Spire","StSLib"],"gold_per_floor":[116,132,132,132,132,157,157,192,192,192,192,117,161,180,180,293,293,293],"floor_reached":17,"playtime":331,"items_purged":["Decay"],"score":332,"play_id":"b114e1ee-27de-4d9d-a598-a825817398d7","local_time":"20210109172619","is_ascension_mode":true,"campfire_choices":[{"data":"Perfected Strike","floor":7.0,"key":"SMITH"},{"data":"Blood for Blood","floor":11,"key":"SMITH"},{"floor":15,"key":"REST"}],"circlet_count":0,"master_deck":["AscendersBane","Strike_R","Strike_R","Strike_R","Strike_R","Strike_R","Defend_R","Defend_R","Defend_R","Defend_R","Bash","Shrug It Off","Shrug It Off","Perfected Strike+1","Blood for Blood+1","Injury","Cleave+1","Reaper+1","Barricade"],"relics":["Burning Blood","NeowsBlessing","ReplayTheSpireMod:Spearhead","Mango","Counterbalance","aspiration:FetidBarrel","Molten Egg 2","CeramicFish","Velvet Choker"],"acts_visited":["Exordium","TheCity"],"potions_floor_usage":[16],"damage_taken":[{"damage":0.0,"enemies":"2 Louse","floor":1.0,"turns":1.0},{"damage":0.0,"enemies":"Cultist","floor":2.0,"turns":1.0},{"damage":0.0,"enemies":"Gremlin Nob","floor":6.0,"turns":1.0},{"damage":50.0,"enemies":"Lagavulin","floor":8.0,"turns":7.0},{"damage":34,"enemies":"3 Sentries","floor":13,"turns":7},{"damage":0,"enemies":"Small Slimes","floor":14,"turns":2},{"damage":59,"enemies":"Hexaghost","floor":16,"turns":11}],"seed_played":"3249443218086217058","potions_obtained":[{"floor":1.0,"key":"FearPotion"},{"floor":4.0,"key":"infinitespire:BlackPotion"},{"floor":4.0,"key":"Doom Potion"},{"floor":6.0,"key":"LifebloodPotion"},{"floor":16,"key":"BlessingOfTheForge"}],"is_trial":false,"path_per_floor":["M","M","?","?","T","E","R","E","T","?","R","$","E","M","R","B",null],"character_chosen":"IRONCLAD","items_purchased":[],"campfire_rested":1,"item_purchase_floors":[],"current_hp_per_floor":[78,80,80,80,80,94,94,50,50,50,50,50,22,28,56,8,73,73],"gold":293,"neow_bonus":"THREE_ENEMY_KILL","is_daily":false,"chose_seed":false,"campfire_upgraded":2,"win_rate":0.0,"timestamp":1610209579,"path_taken":["M","M","?","?","?","E","R","E","T","?","R","?","E","M","R","BOSS"],"items_purchased_type":[],"build_version":"2020-12-22","purchased_purges":1,"victory":false,"max_hp_per_floor":[80,80,80,80,80,94,94,94,94,94,94,94,94,94,94,94,94,94],"card_choices":[{"not_picked":["Second Wind","hubris:ReadiedAction"],"picked":"Shrug It Off","floor":1.0},{"not_picked":["hubris:SharpeningStone","Warcry"],"picked":"Shrug It Off","floor":2.0},{"not_picked":["Run Through","Fire Breathing"],"picked":"Perfected Strike","floor":6.0},{"not_picked":["Thunderclap","Warcry"],"picked":"Blood for Blood","floor":8.0},{"not_picked":["Armaments","Clothesline+1"],"picked":"Cleave+1","floor":13},{"not_picked":["ReplayTheSpireMod:Strike From Hell+1","Sword Boomerang+1"],"picked":"Reaper+1","floor":14},{"not_picked":["Exhume","Corruption"],"picked":"Barricade","floor":16}],"player_experience":163976,"relics_obtained":[{"floor":5.0,"key":"ReplayTheSpireMod:Spearhead"},{"floor":6.0,"key":"Mango"},{"floor":8.0,"key":"Counterbalance"},{"floor":9.0,"key":"aspiration:FetidBarrel"},{"floor":13,"key":"CeramicFish"}],"event_choices":[{"damage_healed":0.0,"max_hp_gain":0.0,"max_hp_loss":0.0,"gold_gain":0.0,"event_name":"Wheel of Change","player_choice":"Cursed","floor":3.0,"gold_loss":0.0,"damage_taken":0.0,"cards_obtained":["Decay"]},{"damage_healed":0.0,"max_hp_gain":0.0,"max_hp_loss":0.0,"gold_gain":0.0,"event_name":"Lab","player_choice":"Got Potions","floor":4.0,"gold_loss":0.0,"damage_taken":0.0}],"is_beta":false,"boss_relics":[{"not_picked":["aspiration:RitualDagger","Replay:Bronze Core"],"picked":"Velvet Choker"}],"items_purged_floors":[12],"is_endless":false,"potions_floor_spawned":[1,6,16],"ascension_level":10}}