{"host":"i9h64q9gphvrup4n","time":1610166208,"event":{"mods":["2.2 Compatiblity","AchievementEnabler","Aspiration","Astrologer","Bard","BaseMod","Beaked The Cultist","BetterRewards","Colored Powertips","Conspire","Downfall","Gremlin Mod","Hermit","Hubris","Infinite Spire","Jorbs\u0027s Wanderer Trilogy","Minty Spire (QoL Compilation)","Replay The Spire","Shop Mod","StSLib","SuperFastMode","The Blackbeard","The Bladedancer","The Bug Knight","The Construct","The Cursed","The Disciple","The Hierophant","The Jungle","The Necromancer","The Runesmith","The Wild Card","slay the spire mod where everything is the same but ironclad has a cowboy hat","vexMod"],"gold_per_floor":[115,128,98,113,124,154,154,124,147,158,185,135,100,118,118,201,201,212,212,229,229,229,229,229],"floor_reached":23,"playtime":1097,"items_purged":[],"score":382,"play_id":"3dabb5ee-28dc-4847-ae29-aa96c2687414","local_time":"20210108222328","is_ascension_mode":true,"campfire_choices":[{"floor":7,"key":"REST"},{"data":"Summon_Death_Knight","floor":15,"key":"SMITH"}],"circlet_count":0,"master_deck":["AscendersBane","Strike_W","Strike_W","Strike_W","Strike_W","Defend_W","Defend_W","Defend_W","Defend_W","Negative_Energy_Arrows+1","Bone_Wall","Bone_Shift","Bones_to_Steel","Negative_Energy_Mist","Summon_Death_Knight+1","Bone_Shift","Spectral_Walk","conspire:SpireCoStock","Cloudkill","Summon_Death_Knight","Summon_Lich"],"relics":["Vampire_Amulet","Orichalcum","Iron Hammer","vexMod:BigBerry","Nloth\u0027s Gift"],"acts_visited":["Exordium","TheCity"],"potions_floor_usage":[8,11,16,23],"damage_taken":[{"damage":0,"enemies":"2 Louse","floor":1,"turns":3},{"damage":4,"enemies":"Cultist","floor":2,"turns":4},{"damage":3,"enemies":"Small Slimes","floor":4,"turns":5},{"damage":14,"enemies":"3 Louse","floor":5,"turns":5},{"damage":19,"enemies":"Lagavulin","floor":6,"turns":14},{"damage":1,"enemies":"Looter","floor":8,"turns":4},{"damage":21,"enemies":"Gremlin Gang","floor":10,"turns":7},{"damage":11,"enemies":"Gremlin Nob","floor":11,"turns":6},{"damage":8,"enemies":"Exordium Wildlife","floor":14,"turns":9},{"damage":2,"enemies":"Fading Forest","floor":16,"turns":11},{"damage":3,"enemies":"Shell Parasite","floor":18,"turns":6},{"damage":1,"enemies":"3 Byrds","floor":20,"turns":4},{"damage":109,"enemies":"Book of Stabbing","floor":23,"turns":10}],"seed_played":"-7833148346503618975","potions_obtained":[{"floor":3,"key":"Explosive Potion"},{"floor":3,"key":"LifebloodPotion"},{"floor":10,"key":"Regen Potion"},{"floor":16,"key":"GamblersBrew"},{"floor":20,"key":"Strength Potion"}],"is_trial":false,"path_per_floor":["M","M","?","M","M","E","R","M","T","M","E","?","?","M","R","B",null,"M","?","M","$","?","E"],"character_chosen":"NECROMANCER","items_purchased":[],"campfire_rested":1,"item_purchase_floors":[],"current_hp_per_floor":[72,70,70,71,63,46,68,67,67,54,45,45,63,59,59,75,105,104,105,105,105,105,0,0],"gold":229,"neow_bonus":"UPGRADE_CARD","is_daily":false,"chose_seed":false,"campfire_upgraded":1,"win_rate":0.0,"timestamp":1610166208,"path_taken":["M","M","?","M","M","E","R","M","T","?","E","?","?","M","R","BOSS","M","?","?","$","?","E"],"items_purchased_type":[],"build_version":"2020-12-22","purchased_purges":0,"victory":false,"max_hp_per_floor":[75,75,75,75,75,75,75,75,75,75,75,75,75,75,75,75,105,105,105,105,105,105,105,105],"card_choices":[{"not_picked":["Blood_Curse","Blood_Whip"],"picked":"Bone_Shift","floor":1},{"not_picked":["Toxic_Smoke_Screen","Detonate_Bones"],"picked":"Bones_to_Steel","floor":2},{"not_picked":["Death_Coil","Scare"],"picked":"Negative_Energy_Mist","floor":4},{"not_picked":["Death_March_Dance","Negative_Energy_Sphere"],"picked":"Summon_Death_Knight","floor":5},{"not_picked":["Vampiric_Strike","Finger_Of_Death","Chill_Blood"],"picked":"SKIP","floor":6},{"not_picked":["Vampiric_Strike","Whirlwind_of_Bones"],"picked":"Bone_Shift","floor":8},{"not_picked":["Blood_Curse","Corrupt","Plague_Bolt"],"picked":"SKIP","floor":10},{"not_picked":["Bone_Bullets","Scare"],"picked":"Spectral_Walk","floor":11},{"not_picked":["Death_Coil","Shackles_Of_Pain"],"picked":"Cloudkill","floor":14},{"not_picked":["Summon_Vampire_Lady","Grasp_Heart"],"picked":"Summon_Death_Knight","floor":16},{"not_picked":["Blood_Whip","Life_Tap"],"picked":"Bones_to_Steel","floor":18},{"not_picked":["Blood_for_Blood+1","Shade_Step"],"picked":"Summon_Lich","floor":20}],"player_experience":707598,"relics_obtained":[{"floor":6,"key":"hubris:ToyBattleship"},{"floor":9,"key":"Orichalcum"},{"floor":11,"key":"Iron Hammer"}],"event_choices":[{"damage_healed":0,"gold_gain":0,"player_choice":"Bought 2 Potions","damage_taken":0,"max_hp_gain":0,"max_hp_loss":0,"event_name":"The Woman in Blue","floor":3,"gold_loss":0},{"damage_healed":0,"gold_gain":0,"player_choice":"Invest 1","damage_taken":0,"max_hp_gain":0,"max_hp_loss":0,"event_name":"conspire:Investor","floor":12,"gold_loss":0},{"damage_healed":18,"gold_gain":0,"player_choice":"Healed","damage_taken":0,"max_hp_gain":0,"max_hp_loss":0,"event_name":"The Cleric","floor":13,"gold_loss":35},{"cards_removed":["Bones_to_Steel"],"damage_healed":5,"gold_gain":0,"player_choice":"Offered Common","damage_taken":0,"max_hp_gain":0,"max_hp_loss":0,"event_name":"Bonfire Elementals","floor":19,"gold_loss":0},{"cards_removed":["Bones_to_Steel"],"damage_healed":5,"gold_gain":0,"player_choice":"Offered Special","damage_taken":0,"max_hp_gain":0,"max_hp_loss":0,"event_name":"Bonfire Elementals","floor":19,"gold_loss":0},{"damage_healed":0,"gold_gain":0,"player_choice":"Traded Relic","damage_taken":0,"relics_obtained":["Nloth\u0027s Gift"],"max_hp_gain":0,"max_hp_loss":0,"event_name":"N\u0027loth","floor":22,"relics_lost":["hubris:ToyBattleship"],"gold_loss":0}],"is_beta":false,"boss_relics":[{"not_picked":["Replay:Grab Bag","Replay:Bronze Core"],"picked":"vexMod:BigBerry"}],"items_purged_floors":[],"is_endless":false,"potions_floor_spawned":[4,10,16,20],"killed_by":"Book of Stabbing","ascension_level":13}}