{"host":"o7j6aatxjwpw1421","time":1610201921,"event":{"mods":["2.2 Compatiblity","AchievementEnabler","BaseMod","Colored Map","DeckTracker","Highlight Path","Keyboard Shortcuts","Minty Spire (QoL Compilation)","Permanent Neow","Quick Restart","StSLib","SuperFastMode","everything is the same but u backflip on backflip"],"gold_per_floor":[18,28,46,63,82,82,106,134,134,144,158,158,83,83,83,176,176,197,122,138,138,159,159,174,174,212,224,236,282,294,330,342,449,461,486,75,93,93,93,129,129,129,129,129,462,482,482,56,56,56],"floor_reached":51,"playtime":3541,"items_purged":["Strike_G","Dash","Die Die Die"],"score":1454,"play_id":"dc70b9d6-a5c3-4c3f-8e62-cb507cd90e7f","local_time":"20210109231841","is_ascension_mode":true,"campfire_choices":[{"data":"Noxious Fumes","floor":6.0,"key":"SMITH"},{"data":"Venomology","floor":12.0,"key":"SMITH"},{"floor":15.0,"key":"REST"},{"floor":23.0,"key":"REST"},{"floor":25.0,"key":"DIG"},{"floor":28.0,"key":"REST"},{"floor":32.0,"key":"DIG"},{"floor":41,"key":"DIG"},{"floor":42,"key":"DIG"},{"floor":44,"key":"DIG"},{"data":"Acrobatics","floor":47,"key":"SMITH"},{"floor":49,"key":"DIG"}],"circlet_count":0,"master_deck":["AscendersBane","Survivor","Neutralize","Noxious Fumes+1","Deadly Poison","Venomology+1","Footwork","Calculated Gamble","Unload","Acrobatics+1","Adrenaline","Backflip","Blur+1","Cloak And Dagger+1","Backstab","Dodge and Roll","Footwork","Grand Finale","Footwork","Reflex+1","Flash of Steel","Caltrops"],"relics":["Ring of the Snake","Odd Mushroom","Shovel","Mummified Hand","Pandora\u0027s Box","MawBank","Anchor","WingedGreaves","Pantograph","Orichalcum","Runic Pyramid","Question Card","War Paint","Ancient Tea Set","Girya","White Beast Statue","MealTicket","Lee\u0027s Waffle","Ginger"],"acts_visited":["Exordium","TheCity","TheBeyond"],"potions_floor_usage":[37,40,46,50,50],"damage_taken":[{"damage":3.0,"enemies":"Jaw Worm","floor":1.0,"turns":7.0},{"damage":1.0,"enemies":"Small Slimes","floor":2.0,"turns":4.0},{"damage":4.0,"enemies":"2 Louse","floor":3.0,"turns":3.0},{"damage":0.0,"enemies":"Exordium Wildlife","floor":4.0,"turns":3.0},{"damage":4.0,"enemies":"2 Fungi Beasts","floor":5.0,"turns":4.0},{"damage":0.0,"enemies":"The Mushroom Lair","floor":7.0,"turns":3.0},{"damage":46.0,"enemies":"Gremlin Nob","floor":8.0,"turns":5.0},{"damage":1.0,"enemies":"Looter","floor":10.0,"turns":3.0},{"damage":0.0,"enemies":"Red Slaver","floor":11.0,"turns":4.0},{"damage":27.0,"enemies":"The Guardian","floor":16.0,"turns":11.0},{"damage":24.0,"enemies":"Shell Parasite","floor":18.0,"turns":5.0},{"damage":19.0,"enemies":"2 Thieves","floor":20.0,"turns":3.0},{"damage":2.0,"enemies":"Snecko","floor":22.0,"turns":5.0},{"damage":0.0,"enemies":"Shelled Parasite and Fungi","floor":24.0,"turns":7.0},{"damage":4.0,"enemies":"Gremlin Leader","floor":29.0,"turns":8.0},{"damage":0.0,"enemies":"Snake Plant","floor":31.0,"turns":4.0},{"damage":41.0,"enemies":"Champ","floor":33.0,"turns":20.0},{"damage":4.0,"enemies":"Orb Walker","floor":35.0,"turns":4.0},{"damage":0,"enemies":"3 Shapes","floor":37,"turns":4},{"damage":0,"enemies":"Giant Head","floor":40,"turns":6},{"damage":0,"enemies":"Jaw Worm Horde","floor":46,"turns":2},{"damage":0,"enemies":"Time Eater","floor":50,"turns":10}],"seed_played":"-4440515083199538258","potions_obtained":[{"floor":3.0,"key":"Block Potion"},{"floor":5.0,"key":"BlessingOfTheForge"},{"floor":7.0,"key":"EssenceOfSteel"},{"floor":11.0,"key":"SpeedPotion"},{"floor":18.0,"key":"Poison Potion"},{"floor":20.0,"key":"AttackPotion"}],"is_trial":false,"path_per_floor":["M","M","M","M","M","R","?","E","T","M","M","R","$","?","R","B",null,"M","?","M","?","M","R","M","R","T","?","R","E","T","M","R","B",null,"M","$","M","?","?","E","R","R","T","R","?","M","R","$","R","B",null],"character_chosen":"THE_SILENT","items_purchased":["Footwork","Question Card","Lee\u0027s Waffle","BlessingOfTheForge","Caltrops"],"campfire_rested":3,"item_purchase_floors":[36,36,48,48,48],"current_hp_per_floor":[56,55,51,51,47,47,47,16,16,15,15,15,15,15,33,6,47,23,23,4,4,2,20,20,20,20,11,29,25,25,25,25,9,47,43,43,43,33,33,33,33,33,33,33,33,33,33,67,67,67],"gold":56,"neow_bonus":"REMOVE_TWO","is_daily":false,"chose_seed":false,"campfire_upgraded":3,"win_rate":0.0,"timestamp":1610201921,"path_taken":["M","M","M","M","M","R","?","E","T","M","M","R","$","?","R","BOSS","M","?","M","?","M","R","M","R","T","?","R","E","?","?","R","BOSS","M","$","M","?","?","E","R","R","T","R","?","M","R","$","R","BOSS"],"items_purchased_type":["Card","Relic","Relic","Potion","Card"],"build_version":"2020-12-22","purchased_purges":3,"victory":true,"max_hp_per_floor":[66,66,66,66,66,66,66,66,66,66,66,66,66,60,60,60,60,60,60,60,60,60,60,60,60,60,60,60,60,60,60,60,60,60,60,60,60,60,60,60,60,60,60,60,60,60,60,67,67,67],"card_choices":[{"not_picked":["Prepared","Backflip"],"picked":"Dagger Spray","floor":1.0},{"not_picked":["PiercingWail","Poisoned Stab"],"picked":"Noxious Fumes","floor":2.0},{"not_picked":["Flying Knee","Backflip","Expertise"],"picked":"SKIP","floor":3.0},{"not_picked":["Dagger Spray","Backstab"],"picked":"Deadly Poison","floor":4.0},{"not_picked":["Flechettes","Tactician"],"picked":"Venomology","floor":5.0},{"not_picked":["Prepared","Predator"],"picked":"Footwork","floor":7.0},{"not_picked":["Bouncing Flask","Deadly Poison"],"picked":"Die Die Die","floor":8.0},{"not_picked":["Sucker Punch","Cloak And Dagger"],"picked":"Calculated Gamble","floor":10.0},{"not_picked":["Poisoned Stab","Dodge and Roll","Sucker Punch"],"picked":"SKIP","floor":11.0},{"not_picked":["Prepared","Leg Sweep"],"picked":"Backflip","floor":18.0},{"not_picked":["Dagger Throw","Deflect"],"picked":"Blur","floor":20.0},{"not_picked":["Finisher","Backstab"],"picked":"Dodge and Roll","floor":22.0},{"not_picked":["Deadly Poison","Poisoned Stab"],"picked":"Footwork","floor":24.0},{"not_picked":["Distraction","Sucker Punch+1","Cloak And Dagger"],"picked":"SKIP","floor":29.0},{"not_picked":["Quick Slash","Choke","Sucker Punch"],"picked":"SKIP","floor":31.0},{"not_picked":["Bullet Time","After Image"],"picked":"Grand Finale","floor":33.0},{"not_picked":["Blur","Flying Knee","Slice"],"picked":"SKIP","floor":35.0},{"not_picked":["Setup","PiercingWail","Accuracy"],"picked":"Reflex+1","floor":37},{"not_picked":["Deep Breath","Transmutation","Impatience"],"picked":"Flash of Steel","floor":38},{"not_picked":["Choke","Blade Dance","All Out Attack","Outmaneuver"],"picked":"SKIP","floor":40},{"not_picked":["Deadly Poison+1","Finisher","Choke","Cloak And Dagger"],"picked":"SKIP","floor":46}],"player_experience":460800,"relics_obtained":[{"floor":7.0,"key":"Odd Mushroom"},{"floor":8.0,"key":"Shovel"},{"floor":9.0,"key":"Mummified Hand"},{"floor":25.0,"key":"MawBank"},{"floor":26.0,"key":"Anchor"},{"floor":29.0,"key":"WingedGreaves"},{"floor":30.0,"key":"Pantograph"},{"floor":32.0,"key":"Orichalcum"},{"floor":40,"key":"War Paint"},{"floor":41,"key":"Ancient Tea Set"},{"floor":42,"key":"Girya"},{"floor":43,"key":"White Beast Statue"},{"floor":44,"key":"MealTicket"},{"floor":49,"key":"Ginger"}],"event_choices":[{"damage_healed":0.0,"max_hp_gain":0.0,"max_hp_loss":0.0,"gold_gain":0.0,"event_name":"Mushrooms","player_choice":"Fought Mushrooms","floor":7.0,"gold_loss":0.0,"damage_taken":0.0},{"damage_healed":0.0,"max_hp_gain":0.0,"max_hp_loss":6.0,"gold_gain":0.0,"event_name":"Golden Idol","player_choice":"Lose Max HP","floor":14.0,"gold_loss":0.0,"damage_taken":0.0,"relics_obtained":["Golden Idol"]},{"cards_removed":["Outmaneuver"],"damage_healed":0.0,"max_hp_gain":0.0,"max_hp_loss":0.0,"gold_gain":0.0,"event_name":"Beggar","player_choice":"Gave Gold","floor":19.0,"gold_loss":75.0,"damage_taken":0.0},{"damage_healed":0.0,"max_hp_gain":0.0,"max_hp_loss":0.0,"gold_gain":0.0,"cards_transformed":["Accuracy","Dagger Spray"],"event_name":"Drug Dealer","player_choice":"Became Test Subject","floor":21.0,"gold_loss":0.0,"damage_taken":0.0,"cards_obtained":["Cloak And Dagger","Backstab"]},{"damage_healed":0.0,"max_hp_gain":0.0,"max_hp_loss":0.0,"gold_gain":0.0,"event_name":"Cursed Tome","player_choice":"Stopped","floor":27.0,"gold_loss":0.0,"damage_taken":9.0},{"damage_healed":0,"gold_gain":0,"player_choice":"Memory 3","damage_taken":10,"max_hp_gain":0,"max_hp_loss":0,"event_name":"SensoryStone","floor":38,"gold_loss":0},{"cards_removed":["Tools of the Trade"],"damage_healed":0,"gold_gain":0,"player_choice":"Removed Power","damage_taken":0,"max_hp_gain":0,"max_hp_loss":0,"event_name":"Falling","floor":39,"gold_loss":0},{"damage_healed":0,"gold_gain":333,"player_choice":"Gave Idol","damage_taken":0,"max_hp_gain":0,"max_hp_loss":0,"event_name":"The Moai Head","floor":45,"relics_lost":["Golden Idol"],"gold_loss":0}],"is_beta":false,"boss_relics":[{"not_picked":["HoveringKite","Empty Cage"],"picked":"Pandora\u0027s Box"},{"not_picked":["Snecko Eye","Black Star"],"picked":"Runic Pyramid"}],"items_purged_floors":[13,36,48],"is_endless":false,"potions_floor_spawned":[3,5,7,11,18,20,29,46],"ascension_level":19}}