{"host":"6pgtslebjnyv5xmi","time":1610212844,"event":{"mods":["AchievementEnabler","BaseMod","Colored Map","Minty Spire (QoL Compilation)","Rare Cards Sparkle","StSLib","SuperFastMode","The Hierophant","everything is the same but u backflip on backflip"],"gold_per_floor":[118,118,193,205,132,132,85,115,115,141,91,110,9,309,309,404,404,415,415,431,431,444,444,454,454,454,136,151,251,251,268,268,372,372,388,407,462,481,95,95,126,126,126,126,126,26,44,62,62,62],"floor_reached":51,"playtime":2450,"items_purged":["Strike_B","Strike_B"],"score":1165,"play_id":"055b9246-f019-473e-9fa4-a4e773f6e9a4","local_time":"20210110022044","is_ascension_mode":true,"campfire_choices":[{"data":"Core Surge","floor":6,"key":"SMITH"},{"floor":15,"key":"REST"},{"floor":23,"key":"REST"},{"floor":30,"key":"REST"},{"floor":32,"key":"REST"},{"floor":40,"key":"REST"},{"floor":45,"key":"REST"},{"floor":49,"key":"REST"}],"circlet_count":0,"master_deck":["Defend_B","Defend_B","Defend_B","Defend_B","Zap+1","Dualcast","Ball Lightning","Gash","Core Surge+1","Go for the Eyes","Skim","Reinforced Body","Gash","Stack","All For One","Hologram","Steam+1","Echo Form","Ghostly","Ghostly","Ghostly","Ghostly","Ghostly","Biased Cognition","Go for the Eyes","Gash","Go for the Eyes","Stack+1","Beam Cell+1","Self Repair","Turbo+1","Steam+1","Gash","Madness","Madness","Dark Shackles","Scrape+1"],"relics":["Cracked Core","NeowsBlessing","Letter Opener","Cables","Incense Burner","Old Coin","SacredBark","Mango","StoneCalendar","Meat on the Bone","Fusion Hammer","FossilizedHelix","Mercury Hourglass","Medical Kit","White Beast Statue","Prayer Wheel"],"acts_visited":["Exordium","TheCity","TheBeyond"],"potions_floor_usage":[16,20,28,29,33,35,35,36,38,50,50,50],"damage_taken":[{"damage":0,"enemies":"2 Louse","floor":1,"turns":1},{"damage":0,"enemies":"Jaw Worm","floor":4,"turns":1},{"damage":0,"enemies":"Gremlin Nob","floor":8,"turns":1},{"damage":30,"enemies":"3 Sentries","floor":10,"turns":5},{"damage":7,"enemies":"Small Slimes","floor":12,"turns":2},{"damage":0,"enemies":"Slime Boss","floor":16,"turns":7},{"damage":12,"enemies":"Chosen","floor":18,"turns":3},{"damage":13,"enemies":"Shell Parasite","floor":20,"turns":3},{"damage":7,"enemies":"Snecko","floor":22,"turns":5},{"damage":39,"enemies":"Snake Plant","floor":24,"turns":4},{"damage":3,"enemies":"3 Cultists","floor":28,"turns":5},{"damage":4,"enemies":"Colosseum Slavers","floor":29,"turns":4},{"damage":5,"enemies":"Colosseum Nobs","floor":29,"turns":6},{"damage":1,"enemies":"Snecko","floor":31,"turns":6},{"damage":1,"enemies":"Champ","floor":33,"turns":10},{"damage":12,"enemies":"Orb Walker","floor":35,"turns":5},{"damage":47,"enemies":"3 Darklings","floor":36,"turns":7},{"damage":19,"enemies":"2 Orb Walkers","floor":37,"turns":6},{"damage":0,"enemies":"Sphere and 2 Shapes","floor":38,"turns":7},{"damage":0,"enemies":"Giant Head","floor":41,"turns":9},{"damage":2,"enemies":"4 Shapes","floor":47,"turns":4},{"damage":13,"enemies":"Maw","floor":48,"turns":7},{"damage":2,"enemies":"Time Eater","floor":50,"turns":9}],"seed_played":"-7082545750854471493","potions_obtained":[{"floor":1,"key":"PotionOfCapacity"},{"floor":10,"key":"CultistPotion"},{"floor":18,"key":"LiquidMemories"},{"floor":24,"key":"BlessingOfTheForge"},{"floor":28,"key":"Swift Potion"},{"floor":29,"key":"Regen Potion"},{"floor":31,"key":"Regen Potion"},{"floor":33,"key":"Swift Potion"},{"floor":37,"key":"SkillPotion"},{"floor":38,"key":"Weak Potion"},{"floor":47,"key":"DuplicationPotion"},{"floor":48,"key":"SteroidPotion"}],"is_trial":false,"path_per_floor":["M","?","?","M","$","R","$","E","T","E","?","M","$","T","R","B",null,"M","?","M","?","M","R","M","?","T","$","M","?","R","M","R","B",null,"M","M","?","M","$","R","E","?","T","?","R","$","M","M","R","B",null],"character_chosen":"DEFECT","items_purchased":["Core Surge","Go for the Eyes","Gash","Stack","Biased Cognition","Go for the Eyes","Gash","Mercury Hourglass","Medical Kit"],"campfire_rested":7,"item_purchase_floors":[5,7,13,13,27,27,27,39,39],"current_hp_per_floor":[68,68,57,57,57,57,57,57,57,27,27,20,20,20,42,42,67,55,55,42,42,35,57,18,18,32,32,29,20,35,34,49,48,50,41,41,48,51,51,51,51,45,45,45,51,51,49,43,51,49],"gold":62,"neow_bonus":"THREE_ENEMY_KILL","is_daily":false,"chose_seed":false,"campfire_upgraded":1,"win_rate":0.0,"timestamp":1610212844,"path_taken":["M","?","?","M","$","R","$","E","T","E","?","M","?","?","R","BOSS","M","?","?","?","M","R","M","?","T","$","M","?","R","M","R","BOSS","M","M","?","M","$","R","E","?","T","?","R","?","M","?","R","BOSS"],"items_purchased_type":["Card","Card","Card","Card","Card","Card","Card","Relic","Relic"],"build_version":"2020-12-22","purchased_purges":2,"victory":true,"max_hp_per_floor":[75,75,75,75,75,75,75,75,75,75,75,75,75,75,75,75,75,75,75,75,75,75,75,75,37,51,51,51,51,51,51,51,51,51,51,51,51,51,51,51,51,51,51,51,51,51,51,51,51,51],"card_choices":[{"not_picked":["Redo","Conserve Battery"],"picked":"Ball Lightning","floor":1},{"not_picked":["Coolheaded","Rebound"],"picked":"Gash","floor":4},{"not_picked":["Fusion","Compile Driver"],"picked":"Skim","floor":8},{"not_picked":["Coolheaded","Compile Driver","Darkness"],"picked":"SKIP","floor":10},{"not_picked":["Steam Power","Steam"],"picked":"Reinforced Body","floor":12},{"not_picked":["Thunder Strike","Seek"],"picked":"All For One","floor":16},{"not_picked":["Barrage","Auto Shields"],"picked":"Hologram","floor":18},{"not_picked":["Turbo","Defragment"],"picked":"Steam+1","floor":20},{"not_picked":["Hologram","Streamline","Leap+1"],"picked":"SKIP","floor":22},{"not_picked":["Chill","Leap+1","Skim"],"picked":"SKIP","floor":24},{"not_picked":["Hello World","Sweeping Beam"],"picked":"Go for the Eyes","floor":28},{"not_picked":["Turbo","Ball Lightning"],"picked":"Stack+1","floor":29},{"not_picked":["Redo","Sweeping Beam+1"],"picked":"Beam Cell+1","floor":31},{"not_picked":["Conserve Battery","Lockon+1"],"picked":"Self Repair","floor":35},{"not_picked":["Rebound+1","Consume"],"picked":"Turbo+1","floor":36},{"not_picked":["Glacier","Recycle"],"picked":"Steam+1","floor":37},{"not_picked":["Tempest","Rebound+1"],"picked":"Gash","floor":38},{"not_picked":["Leap+1","Turbo","Force Field"],"picked":"SKIP","floor":41},{"not_picked":["HandOfGreed","Purity"],"picked":"Dark Shackles","floor":44},{"not_picked":["Streamline","Doom and Gloom","Steam"],"picked":"SKIP","floor":47},{"not_picked":["Rebound+1","Turbo+1","Sweeping Beam"],"picked":"SKIP","floor":47},{"not_picked":["Double Energy+1","Leap"],"picked":"Scrape+1","floor":48},{"not_picked":["Glacier+1","Compile Driver","Ball Lightning"],"picked":"SKIP","floor":48}],"player_experience":935181,"relics_obtained":[{"floor":8,"key":"Letter Opener"},{"floor":9,"key":"Cables"},{"floor":10,"key":"Incense Burner"},{"floor":14,"key":"Old Coin"},{"floor":26,"key":"Mango"},{"floor":29,"key":"StoneCalendar"},{"floor":29,"key":"Meat on the Bone"},{"floor":37,"key":"FossilizedHelix"},{"floor":41,"key":"White Beast Statue"},{"floor":43,"key":"Prayer Wheel"}],"event_choices":[{"damage_healed":0,"gold_gain":0,"player_choice":"Grow","damage_taken":0,"max_hp_gain":0,"max_hp_loss":0,"event_name":"Living Wall","floor":2,"gold_loss":0,"cards_upgraded":["Zap"]},{"damage_healed":0,"gold_gain":75,"player_choice":"Gather Gold","damage_taken":11,"max_hp_gain":0,"max_hp_loss":0,"event_name":"World of Goop","floor":3,"gold_loss":0},{"cards_removed":["Strike_B"],"damage_healed":0,"gold_gain":0,"player_choice":"Card Removal","damage_taken":0,"max_hp_gain":0,"max_hp_loss":0,"event_name":"The Cleric","floor":11,"gold_loss":50},{"cards_removed":["Strike_B"],"damage_healed":0,"gold_gain":0,"player_choice":"Purged","damage_taken":0,"max_hp_gain":0,"max_hp_loss":0,"event_name":"Purifier","floor":19,"gold_loss":0},{"damage_healed":0,"gold_gain":0,"player_choice":"Read","damage_taken":0,"max_hp_gain":0,"max_hp_loss":0,"event_name":"The Library","floor":21,"gold_loss":0,"cards_obtained":["Echo Form"]},{"damage_healed":0,"gold_gain":0,"player_choice":"Became a Ghost","damage_taken":0,"max_hp_gain":0,"max_hp_loss":38,"event_name":"Ghosts","floor":25,"gold_loss":0,"cards_obtained":["Ghostly","Ghostly","Ghostly","Ghostly","Ghostly"]},{"damage_healed":0,"gold_gain":0,"player_choice":"Fight","damage_taken":0,"max_hp_gain":0,"max_hp_loss":0,"event_name":"Colosseum","floor":29,"gold_loss":0},{"damage_healed":0,"gold_gain":0,"player_choice":"Fought Nobs","damage_taken":0,"max_hp_gain":0,"max_hp_loss":0,"event_name":"Colosseum","floor":29,"gold_loss":0},{"damage_healed":0,"gold_gain":0,"player_choice":"Fight","damage_taken":0,"max_hp_gain":0,"max_hp_loss":0,"event_name":"Mysterious Sphere","floor":37,"gold_loss":0},{"damage_healed":0,"gold_gain":0,"player_choice":"Embrace Madness","damage_taken":6,"max_hp_gain":0,"max_hp_loss":0,"event_name":"Winding Halls","floor":42,"gold_loss":0,"cards_obtained":["Madness","Madness"]},{"damage_healed":0,"gold_gain":0,"player_choice":"Memory 1","damage_taken":0,"max_hp_gain":0,"max_hp_loss":0,"event_name":"SensoryStone","floor":44,"gold_loss":0}],"is_beta":false,"boss_relics":[{"not_picked":["Black Star","Runic Dome"],"picked":"SacredBark"},{"not_picked":["Sozu","Snecko Eye"],"picked":"Fusion Hammer"}],"items_purged_floors":[27,46],"is_endless":false,"potions_floor_spawned":[1,10,18,24,28,29,31,33,37,38,47,48],"ascension_level":7}}