{"host":"q8niu1x2pgv94o1d","time":1610213793,"event":{"mods":["AchievementEnabler","BaseMod","Colored Map","Colored Powertips","Minty Spire (QoL Compilation)","StSLib"],"gold_per_floor":[113,127,138,138,63,63,94,94,94,94,94,94,129,149,149,253,253,272,272,29,39,39,66,66,101,101,101,114,114,132,143,143,248,248,260,113,133,133,133,159,159,190,270,290,303,329,329,329,329,329],"floor_reached":51,"playtime":3352,"items_purged":["Strike_R","Defend_R"],"score":969,"play_id":"bef1e5d0-046c-4ec5-89cb-3df0b29328e4","local_time":"20210109183633","is_ascension_mode":true,"campfire_choices":[{"data":"Bash","floor":6.0,"key":"SMITH"},{"data":"Flame Barrier","floor":8.0,"key":"SMITH"},{"data":"Defend_R","floor":11.0,"key":"PURGE"},{"data":"Strike_R","floor":15.0,"key":"PURGE"},{"data":"Strike_R","floor":24.0,"key":"PURGE"},{"floor":27.0,"key":"REST"},{"data":"Shrug It Off","floor":32.0,"key":"SMITH"},{"data":"Battle Trance","floor":41.0,"key":"PURGE"},{"data":"Dropkick","floor":49,"key":"SMITH"}],"circlet_count":0,"master_deck":["Strike_R","Strike_R","Bash+1","Flame Barrier+1","Dropkick+1"],"relics":["Burning Blood","Gremlin Horn","Peace Pipe","Paper Frog","Black Star","Brimstone","Regal Pillow","InkBottle","Akabeko","Turnip","Nunchaku","MutagenicStrength","Philosopher\u0027s Stone","TheAbacus","Letter Opener","Red Skull","Ornamental Fan","Blue Candle","Bottled Flame","Vajra","StrikeDummy"],"acts_visited":["Exordium","TheCity","TheBeyond"],"potions_floor_usage":[46,46,46,46,46,46,50,50],"damage_taken":[{"damage":7.0,"enemies":"2 Louse","floor":1.0,"turns":3.0},{"damage":3.0,"enemies":"Small Slimes","floor":2.0,"turns":3.0},{"damage":0.0,"enemies":"Cultist","floor":3.0,"turns":4.0},{"damage":31.0,"enemies":"3 Sentries","floor":7.0,"turns":12.0},{"damage":14.0,"enemies":"Gremlin Nob","floor":13.0,"turns":3.0},{"damage":2.0,"enemies":"Exordium Thugs","floor":14.0,"turns":7.0},{"damage":21.0,"enemies":"The Guardian","floor":16.0,"turns":11.0},{"damage":18.0,"enemies":"Spheric Guardian","floor":18.0,"turns":12.0},{"damage":0.0,"enemies":"Shell Parasite","floor":21.0,"turns":6.0},{"damage":19.0,"enemies":"Gremlin Leader","floor":23.0,"turns":5.0},{"damage":37.0,"enemies":"Slavers","floor":25.0,"turns":5.0},{"damage":3.0,"enemies":"Snecko","floor":28.0,"turns":4.0},{"damage":2.0,"enemies":"Shelled Parasite and Fungi","floor":30.0,"turns":6.0},{"damage":22.0,"enemies":"Sentry and Sphere","floor":31.0,"turns":7.0},{"damage":40.0,"enemies":"Champ","floor":33.0,"turns":10.0},{"damage":5.0,"enemies":"3 Shapes","floor":35.0,"turns":2.0},{"damage":6.0,"enemies":"3 Darklings","floor":37.0,"turns":3.0},{"damage":33.0,"enemies":"Nemesis","floor":40.0,"turns":7.0},{"damage":0,"enemies":"Reptomancer","floor":42,"turns":5},{"damage":0,"enemies":"Spire Growth","floor":44,"turns":3},{"damage":12,"enemies":"Writhing Mass","floor":45,"turns":3},{"damage":28,"enemies":"Nemesis","floor":46,"turns":5},{"damage":63,"enemies":"Donu and Deca","floor":50,"turns":8}],"seed_played":"-1138266134777399465","potions_obtained":[{"floor":1.0,"key":"AttackPotion"},{"floor":7.0,"key":"DuplicationPotion"},{"floor":13.0,"key":"LiquidBronze"},{"floor":18.0,"key":"AttackPotion"},{"floor":25.0,"key":"CultistPotion"},{"floor":28.0,"key":"FearPotion"},{"floor":42,"key":"SkillPotion"},{"floor":44,"key":"Ancient Potion"},{"floor":45,"key":"EntropicBrew"}],"is_trial":false,"path_per_floor":["M","M","M","?","$","R","E","R","T","?","R","?","E","M","R","B",null,"M","?","$","M","?","E","R","E","T","R","M","?","M","M","R","B",null,"M","$","M","?","?","E","R","E","T","M","M","E","?","?","R","B",null],"character_chosen":"IRONCLAD","items_purchased":["Brimstone","TheAbacus"],"campfire_rested":1,"item_purchase_floors":[20,36],"current_hp_per_floor":[79,80,80,80,80,80,55,55,55,60,60,60,52,56,56,41,85,73,65,65,71,71,58,58,27,27,67,70,70,74,58,58,24,85,85,85,85,85,85,58,58,64,64,70,64,42,42,74,74,17],"gold":329,"neow_bonus":"REMOVE_CARD","is_daily":false,"chose_seed":false,"campfire_upgraded":4,"win_rate":0.0,"timestamp":1610213793,"path_taken":["M","M","M","?","$","R","E","R","T","?","R","?","E","?","R","BOSS","M","?","$","?","?","E","R","E","T","R","M","?","M","M","R","BOSS","M","$","M","?","?","E","R","E","T","M","?","E","?","?","R","BOSS"],"items_purchased_type":["Relic","Relic"],"build_version":"2020-12-22","purchased_purges":2,"victory":true,"max_hp_per_floor":[80,80,80,80,80,80,80,80,80,85,85,85,85,85,85,85,85,85,85,85,85,85,85,85,85,85,85,85,85,85,85,85,85,85,85,85,85,85,85,85,85,85,85,85,85,85,85,74,74,74],"card_choices":[{"not_picked":["Searing Blow","Heavy Blade"],"picked":"Flame Barrier","floor":1.0},{"not_picked":["Dark Embrace","Wild Strike"],"picked":"Shrug It Off","floor":2.0},{"not_picked":["Battle Trance","Heavy Blade","Carnage"],"picked":"SKIP","floor":3.0},{"not_picked":["Battle Trance","Heavy Blade","Carnage"],"picked":"SKIP","floor":3.0},{"not_picked":["Heavy Blade","Carnage"],"picked":"Battle Trance","floor":3.0},{"not_picked":["Headbutt","Anger","Sword Boomerang"],"picked":"SKIP","floor":7.0},{"not_picked":["Offering","Uppercut","Armaments"],"picked":"SKIP","floor":13.0},{"not_picked":["Flex","Ghostly Armor","Inflame"],"picked":"SKIP","floor":14.0},{"not_picked":["Flex","Wild Strike","Thunderclap"],"picked":"SKIP","floor":18.0},{"not_picked":["Fire Breathing","Twin Strike","Pummel"],"picked":"SKIP","floor":21.0},{"not_picked":["Warcry+1","Headbutt+1","Ghostly Armor+1"],"picked":"SKIP","floor":23.0},{"not_picked":["Warcry+1","Headbutt+1","Ghostly Armor+1"],"picked":"SKIP","floor":23.0},{"not_picked":["Havoc","Reckless Charge+1","Shrug It Off"],"picked":"SKIP","floor":25.0},{"not_picked":["Uppercut+1","Thunderclap","Body Slam"],"picked":"SKIP","floor":28.0},{"not_picked":["Feel No Pain","Body Slam","Metallicize"],"picked":"SKIP","floor":30.0},{"not_picked":["Hemokinesis+1","Bloodletting","Pummel"],"picked":"SKIP","floor":31.0},{"not_picked":["Shockwave","Clothesline","Pommel Strike"],"picked":"SKIP","floor":35.0},{"not_picked":["Metallicize+1","Wild Strike","True Grit+1"],"picked":"SKIP","floor":37.0},{"not_picked":["Evolve","Wild Strike+1"],"picked":"Dropkick","floor":40.0},{"not_picked":["Bludgeon","Entrench+1","Headbutt"],"picked":"SKIP","floor":42},{"not_picked":["Fire Breathing+1","Armaments","Clothesline"],"picked":"SKIP","floor":44},{"not_picked":["Evolve+1","Combust","Twin Strike"],"picked":"SKIP","floor":45},{"not_picked":["Havoc","Rage+1","Warcry+1"],"picked":"SKIP","floor":46},{"not_picked":["Havoc","Rage+1","Warcry+1"],"picked":"SKIP","floor":46}],"player_experience":1772088,"relics_obtained":[{"floor":7.0,"key":"Gremlin Horn"},{"floor":9.0,"key":"Peace Pipe"},{"floor":13.0,"key":"Paper Frog"},{"floor":23.0,"key":"Regal Pillow"},{"floor":23.0,"key":"InkBottle"},{"floor":25.0,"key":"Akabeko"},{"floor":25.0,"key":"Turnip"},{"floor":26.0,"key":"Nunchaku"},{"floor":40.0,"key":"Letter Opener"},{"floor":40.0,"key":"Red Skull"},{"floor":42,"key":"Ornamental Fan"},{"floor":42,"key":"Blue Candle"},{"floor":43,"key":"Bottled Flame"},{"floor":46,"key":"Vajra"},{"floor":46,"key":"StrikeDummy"}],"event_choices":[{"cards_removed":["Defend_R"],"damage_healed":0.0,"max_hp_gain":0.0,"max_hp_loss":0.0,"gold_gain":0.0,"event_name":"Living Wall","player_choice":"Forget","floor":4.0,"gold_loss":0.0,"damage_taken":0.0},{"damage_healed":0.0,"max_hp_gain":5.0,"max_hp_loss":0.0,"gold_gain":0.0,"event_name":"Big Fish","player_choice":"Donut","floor":10.0,"gold_loss":0.0,"damage_taken":0.0},{"damage_healed":0.0,"max_hp_gain":0.0,"max_hp_loss":0.0,"gold_gain":0.0,"event_name":"Match and Keep!","player_choice":"0 cards matched","floor":12.0,"gold_loss":0.0,"damage_taken":0.0,"cards_obtained":[]},{"damage_healed":0.0,"max_hp_gain":0.0,"max_hp_loss":0.0,"gold_gain":0.0,"event_name":"Wheel of Change","player_choice":"Damaged","floor":19.0,"gold_loss":0.0,"damage_taken":8.0},{"damage_healed":0.0,"max_hp_gain":0.0,"max_hp_loss":0.0,"gold_gain":0.0,"event_name":"The Mausoleum","player_choice":"Ignored","floor":22.0,"gold_loss":0.0,"damage_taken":0.0},{"damage_healed":0.0,"max_hp_gain":0.0,"max_hp_loss":0.0,"gold_gain":0.0,"event_name":"Drug Dealer","player_choice":"Inject Mutagens","floor":29.0,"gold_loss":0.0,"damage_taken":0.0,"relics_obtained":["MutagenicStrength"]},{"cards_removed":["Shrug It Off"],"damage_healed":0.0,"max_hp_gain":0.0,"max_hp_loss":0.0,"gold_gain":0.0,"event_name":"Falling","player_choice":"Removed Skill","floor":38.0,"gold_loss":0.0,"damage_taken":0.0},{"damage_healed":0.0,"max_hp_gain":0.0,"max_hp_loss":0.0,"gold_gain":0.0,"event_name":"Purifier","player_choice":"Ignored","floor":39.0,"gold_loss":0.0,"damage_taken":0.0},{"damage_healed":0,"gold_gain":0,"player_choice":"Ignored","damage_taken":0,"max_hp_gain":0,"max_hp_loss":0,"event_name":"Mysterious Sphere","floor":47,"gold_loss":0},{"damage_healed":74,"gold_gain":0,"player_choice":"Heal","damage_taken":0,"max_hp_gain":0,"max_hp_loss":11,"event_name":"The Moai Head","floor":48,"gold_loss":0}],"is_beta":false,"boss_relics":[{"not_picked":["SacredBark","Runic Cube"],"picked":"Black Star"},{"not_picked":["Tiny House","Mark of Pain"],"picked":"Philosopher\u0027s Stone"}],"items_purged_floors":[5,20],"is_endless":false,"potions_floor_spawned":[1,7,13,18,25,28,42,44,45],"ascension_level":1}}