{"host":"gzrx8rm2nhta4pjr","time":1610205300,"event":{"mods":["2.2 Compatiblity","Act Like it!","AlwaysNeverKeys","BaseMod","Better Altar","Better Sensory Stone","Better Silent Start","Block Reminder","Curses Come First","Defuse TimeMaze Blight","Disable Question Mark Monsters","Emptier Cage","GifTheSpireLib","Infinite Spire","Marked Mod","Minty Spire (QoL Compilation)","Potionbrewer","Rare Cards Sparkle","Remove Card Discount Mod","Reorder Act Four","SCP261 Mod","Shop Mod","StSLib","Stuff the Spire","Swap Starting Deck Mod","The Bug Knight","The Senshi","The Servant 0.9.4","Transform Curses"],"gold_per_floor":[111,121,22,37,37,72,83,83,83,14,14,43,61,395,395,498,498,512,512,530,530,556,588,588,618,700,100,100,111,26,26,26,26,26],"floor_reached":33,"playtime":1824,"items_purged":[],"score":526,"play_id":"2ad0ae95-b7ac-4ff3-89da-3c2e73fba112","local_time":"20210109101500","is_ascension_mode":true,"campfire_choices":[{"floor":11,"key":"REST"},{"floor":15,"key":"REST"},{"floor":24,"key":"REST"},{"floor":32,"key":"REST"}],"circlet_count":0,"master_deck":["Iron Wave+1","Iron Wave","Iron Wave","Iron Wave","Iron Wave","Entrench","Entrench","Entrench","Entrench","Barricade+1","Disarm","StuffTheSpire:Incineration","Second Wind","Double Tap","infinitespire:OneForAll","Disarm","Shockwave","Uppercut","Demon Form","Impervious","Cleave+1","StuffTheSpire:Pyroclast","Metallicize","Metallicize","StuffTheSpire:Recharge","Metallicize","Apotheosis","Clothesline","Panacea"],"relics":["Burning Blood","Tiny Chest","Mercury Hourglass","FossilizedHelix","Philosopher\u0027s Stone","Juzu Bracelet","Self Forming Clay","MerchantsRug"],"acts_visited":["Exordium","TheCity"],"potions_floor_usage":[6,6,12,12,20,21,23,25,29,33],"damage_taken":[{"damage":0,"enemies":"Small Slimes","floor":1,"turns":5},{"damage":1,"enemies":"2 Louse","floor":2,"turns":3},{"damage":0,"enemies":"Cultist","floor":4,"turns":4},{"damage":10,"enemies":"Lagavulin","floor":6,"turns":13},{"damage":5,"enemies":"Looter","floor":7,"turns":4},{"damage":20,"enemies":"3 Sentries","floor":12,"turns":8},{"damage":10,"enemies":"3 Louse","floor":13,"turns":2},{"damage":0,"enemies":"Lagavulin","floor":14,"turns":10},{"damage":0,"enemies":"The Guardian","floor":16,"turns":10},{"damage":27,"enemies":"2 Thieves","floor":18,"turns":5},{"damage":0,"enemies":"Spheric Guardian","floor":20,"turns":4},{"damage":70,"enemies":"Slavers","floor":23,"turns":7},{"damage":16,"enemies":"Gremlin Leader","floor":25,"turns":9},{"damage":0,"enemies":"3 Cultists","floor":29,"turns":6},{"damage":71,"enemies":"Automaton","floor":33,"turns":6}],"seed_played":"-1332420019691088727","potions_obtained":[{"floor":1,"key":"SCP261:GirlTearsPotion"},{"floor":7,"key":"Block Potion"},{"floor":12,"key":"GamblersBrew"},{"floor":18,"key":"Fire Potion"},{"floor":21,"key":"EntropicBrew"},{"floor":21,"key":"SCP261:ThunderBarPotion"},{"floor":21,"key":"SmokeBomb"},{"floor":23,"key":"potionbrewer:DiscountPotion"}],"is_trial":false,"path_per_floor":["M","M","$","M","?","E","M","?","T","$","R","E","M","E","R","B",null,"M","?","M","?","T","E","R","E","T","$","?","M","$","?","R","B"],"character_chosen":"IRONCLAD","items_purchased":["PowerPotion","SteroidPotion","Disarm","MerchantsRug","StuffTheSpire:DullRazor","Metallicize","Swift Potion","Fire Potion","StuffTheSpire:Recharge","Apotheosis"],"campfire_rested":4,"item_purchase_floors":[3,3,10,27,27,27,27,27,27,30],"current_hp_per_floor":[46,51,51,57,57,53,54,54,54,54,78,64,60,66,80,80,80,59,80,80,80,80,16,40,30,30,30,30,36,36,36,60,0,0],"gold":26,"neow_bonus":"","is_daily":false,"chose_seed":false,"campfire_upgraded":0,"win_rate":0.0,"timestamp":1610205300,"path_taken":["M","M","$","M","?","E","M","?","T","$","R","E","M","E","R","BOSS","M","?","M","?","?","E","R","E","T","$","?","M","$","?","R","BOSS"],"items_purchased_type":["Potion","Potion","Card","Relic","Relic","Card","Potion","Potion","Card","Card"],"build_version":"2020-12-22","purchased_purges":0,"victory":false,"max_hp_per_floor":[80,80,80,80,80,80,80,80,80,80,80,80,80,80,80,80,80,80,80,80,80,80,80,80,80,80,80,80,80,80,80,80,80,80],"card_choices":[{"not_picked":["Cleave","Havoc"],"picked":"Disarm","floor":1},{"not_picked":["Burning Pact","Wild Strike"],"picked":"StuffTheSpire:Incineration","floor":2},{"not_picked":["Flex","StuffTheSpire:Slingshot"],"picked":"Second Wind","floor":4},{"not_picked":["Heavy Blade","Shockwave"],"picked":"Double Tap","floor":6},{"not_picked":["Wild Strike","True Grit"],"picked":"infinitespire:OneForAll","floor":7},{"not_picked":["Flex","Rage"],"picked":"Shockwave","floor":12},{"not_picked":["Sword Boomerang","Rupture"],"picked":"Uppercut","floor":13},{"not_picked":["Rage","Evolve"],"picked":"Demon Form","floor":14},{"not_picked":["Barricade","Demon Form"],"picked":"Impervious","floor":16},{"not_picked":["Anger","Clash"],"picked":"Cleave","floor":18},{"not_picked":["Sword Boomerang+1","Perfected Strike","Clothesline"],"picked":"SKIP","floor":20},{"not_picked":["Anger","Pommel Strike+1"],"picked":"StuffTheSpire:Pyroclast","floor":23},{"not_picked":["Iron Wave","Dark Embrace"],"picked":"Metallicize","floor":25},{"not_picked":["Seeing Red","StuffTheSpire:Incineration"],"picked":"Metallicize","floor":29}],"player_experience":1388228,"relics_obtained":[{"floor":6,"key":"Tiny Chest"},{"floor":9,"key":"Mercury Hourglass"},{"floor":12,"key":"FossilizedHelix"},{"floor":14,"key":"Old Coin"},{"floor":22,"key":"Juzu Bracelet"},{"floor":23,"key":"Whetstone"},{"floor":25,"key":"Self Forming Clay"},{"floor":26,"key":"potionbrewer:BottledElixir"}],"event_choices":[{"damage_healed":0,"gold_gain":0,"player_choice":"Grow","damage_taken":0,"max_hp_gain":0,"max_hp_loss":0,"event_name":"Living Wall","floor":8,"gold_loss":0,"cards_upgraded":["Barricade"]},{"damage_healed":26,"gold_gain":0,"player_choice":"Heal","damage_taken":0,"max_hp_gain":0,"max_hp_loss":0,"event_name":"The Library","floor":19,"gold_loss":0},{"damage_healed":0,"gold_gain":0,"player_choice":"Got Potions","damage_taken":0,"max_hp_gain":0,"max_hp_loss":0,"event_name":"Lab","floor":21,"gold_loss":0},{"damage_healed":0,"gold_gain":0,"player_choice":"2 cards matched","damage_taken":0,"max_hp_gain":0,"max_hp_loss":0,"event_name":"Match and Keep!","floor":31,"gold_loss":0,"cards_obtained":["Clothesline","Panacea"]}],"is_beta":false,"boss_relics":[{"not_picked":["StuffTheSpire:RunicConfusion","infinitespire:Cupcake"],"picked":"Philosopher\u0027s Stone"}],"items_purged_floors":[],"is_endless":false,"potions_floor_spawned":[1,7,12,18,23],"killed_by":"Automaton","ascension_level":4}}