{"host":"1bmpebsu0h6jmm2g","time":1610177848,"event":{"mods":["BaseMod","Colored Map","DeckTracker","Highlight Path","Keyboard Shortcuts","Minty Spire (QoL Compilation)","Permanent Neow","Quick Restart","Relic Stats","Slay the Relics Exporter","StSLib","SuperFastMode"],"gold_per_floor":[116,116,130,130,140,140,156,156,156,156,171,96,106,35,35,109,109,125,125,25,43,43,43,58,70,94,94,94],"floor_reached":27,"playtime":584,"items_purged":["Strike_B","Strike_B"],"score":338,"play_id":"9b7e4732-0f6c-48f1-83d6-32f3fa5ddc78","local_time":"20210109163728","is_ascension_mode":true,"campfire_choices":[{"data":"Dualcast","floor":6.0,"key":"SMITH"},{"data":"Zap","floor":8.0,"key":"SMITH"},{"data":"Storm","floor":10.0,"key":"SMITH"},{"data":"Defragment","floor":15.0,"key":"SMITH"},{"floor":23.0,"key":"REST"}],"circlet_count":0,"master_deck":["AscendersBane","Strike_B+1","Defend_B","Defend_B","Defend_B","Defend_B","Zap+1","Dualcast+1","Good Instincts","Cold Snap+1","Storm+1","Compile Driver","Defragment+1","Creative AI","Hello World","Defragment"],"relics":["Cracked Core","TungstenRod","Cables","Snecko Eye","Bag of Marbles"],"acts_visited":["Exordium","TheCity"],"potions_floor_usage":[],"damage_taken":[{"damage":1.0,"enemies":"Small Slimes","floor":1.0,"turns":3.0},{"damage":0.0,"enemies":"2 Louse","floor":3.0,"turns":2.0},{"damage":0.0,"enemies":"Jaw Worm","floor":5.0,"turns":3.0},{"damage":9.0,"enemies":"Exordium Wildlife","floor":7.0,"turns":5.0},{"damage":3.0,"enemies":"Red Slaver","floor":11.0,"turns":2.0},{"damage":0.0,"enemies":"2 Fungi Beasts","floor":13.0,"turns":3.0},{"damage":8.0,"enemies":"Slime Boss","floor":16.0,"turns":7.0},{"damage":0.0,"enemies":"Chosen","floor":18.0,"turns":5.0},{"damage":9.0,"enemies":"Spheric Guardian","floor":21.0,"turns":4.0},{"damage":29.0,"enemies":"Cultist and Chosen","floor":24.0,"turns":6.0},{"damage":20.0,"enemies":"Centurion and Healer","floor":25.0,"turns":5.0},{"damage":0,"enemies":"Book of Stabbing","floor":27,"turns":1}],"seed_played":"747265425066212518","potions_obtained":[{"floor":7.0,"key":"Strength Potion"},{"floor":16.0,"key":"AttackPotion"},{"floor":21.0,"key":"Energy Potion"}],"is_trial":false,"path_per_floor":["M","?","M","?","M","R","M","R","T","R","M","$","M","$","R","B",null,"M","?","$","M","?","R","M","M","T","E"],"character_chosen":"DEFECT","items_purchased":["Defragment"],"campfire_rested":1,"item_purchase_floors":[14],"current_hp_per_floor":[67,52,52,49,49,49,40,40,40,40,37,37,37,37,37,29,64,64,64,64,55,55,75,46,26,26,26,26],"gold":94,"neow_bonus":"RANDOM_COLORLESS","is_daily":false,"chose_seed":false,"campfire_upgraded":4,"win_rate":0.0,"timestamp":1610177848,"path_taken":["M","?","M","?","M","R","M","R","T","R","M","?","?","?","R","BOSS","M","?","$","?","?","R","M","M","T","E"],"items_purchased_type":["Card"],"build_version":"2020-12-22","purchased_purges":2,"victory":false,"max_hp_per_floor":[75,75,75,75,75,75,75,75,75,75,75,75,75,75,75,75,75,75,75,75,75,75,75,75,75,75,75,75],"relic_stats":{"counters":[12,46],"Snecko Eye":[29,40,34,40],"obtain_stats":[{"Snecko Eye":17,"Bag of Marbles":26,"Cracked Core":0,"TungstenRod":4,"Cables":9},{"Snecko Eye":7,"Bag of Marbles":11,"Cracked Core":0,"TungstenRod":2,"Cables":4},{"Snecko Eye":25,"Bag of Marbles":45,"Cracked Core":0,"TungstenRod":5,"Cables":13}],"TungstenRod":17,"Cables":[29,23,4,0,2]},"card_choices":[{"not_picked":["Trip","Mind Blast"],"picked":"Good Instincts","floor":0.0},{"not_picked":["Compile Driver","Hologram"],"picked":"Cold Snap","floor":1.0},{"not_picked":["BootSequence","Aggregate","Auto Shields"],"picked":"SKIP","floor":3.0},{"not_picked":["Storm","Fusion","Steam"],"picked":"SKIP","floor":5.0},{"not_picked":["Fusion","Steam"],"picked":"Storm","floor":5.0},{"not_picked":["Ball Lightning","Rebound","Chill"],"picked":"SKIP","floor":7.0},{"not_picked":["Stack","Beam Cell"],"picked":"Compile Driver","floor":11.0},{"not_picked":["Multi-Cast","Hologram","Compile Driver"],"picked":"SKIP","floor":13.0},{"not_picked":["Biased Cognition","Rainbow"],"picked":"Creative AI","floor":16.0},{"not_picked":["Double Energy","Lockon","Rebound"],"picked":"SKIP","floor":18.0},{"not_picked":["Go for the Eyes","Cold Snap","Ball Lightning"],"picked":"SKIP","floor":21.0},{"not_picked":["Force Field","Cold Snap","Hologram"],"picked":"SKIP","floor":24.0},{"not_picked":["White Noise","Coolheaded"],"picked":"Defragment","floor":25.0}],"player_experience":486297,"relics_obtained":[{"floor":9.0,"key":"Cables"},{"floor":26.0,"key":"Bag of Marbles"}],"event_choices":[{"damage_healed":0.0,"max_hp_gain":0.0,"max_hp_loss":0.0,"gold_gain":0.0,"event_name":"Shining Light","player_choice":"Entered Light","floor":2.0,"gold_loss":0.0,"damage_taken":15.0,"cards_upgraded":["Cold Snap","Strike_B"]},{"damage_healed":0.0,"max_hp_gain":0.0,"max_hp_loss":0.0,"gold_gain":0.0,"event_name":"Scrap Ooze","player_choice":"Success","floor":4.0,"gold_loss":0.0,"damage_taken":3.0,"relics_obtained":["TungstenRod"]},{"cards_removed":["Strike_B"],"damage_healed":0.0,"max_hp_gain":0.0,"max_hp_loss":0.0,"gold_gain":0.0,"event_name":"Purifier","player_choice":"Purged","floor":19.0,"gold_loss":0.0,"damage_taken":0.0},{"damage_healed":0.0,"max_hp_gain":0.0,"max_hp_loss":0.0,"gold_gain":0.0,"event_name":"The Library","player_choice":"Read","floor":22.0,"gold_loss":0.0,"damage_taken":0.0,"cards_obtained":["Hello World"]}],"is_beta":false,"boss_relics":[{"not_picked":["Ectoplasm","Calling Bell"],"picked":"Snecko Eye"}],"items_purged_floors":[12,20],"is_endless":false,"potions_floor_spawned":[7,16,21],"killed_by":"Book of Stabbing","ascension_level":13}}