{"host":"djfsqftupta9xgss","time":1610188059,"event":{"mods":["ATMod(阿瑾Mod)","Act Like it!","BaseMod","Gensokyo","Minty Spire (QoL Compilation)","MostiFishMod","Pale of the Ancients","Replay The Spire","Spicy Shops","StSLib","TestMod"],"gold_per_floor":[113,24,24,24,41,69,83,83,83,100,127,171,188,218,218,297,297,311,323,185,206,206,534,756,706,731,762,762,808,688,708,708,797,797,813,454,454,454,482,514,514,538,564,52,78,477,477,477,477,477,477,477,477,60,92,92],"floor_reached":57,"playtime":2948,"items_purged":["Strike_R"],"score":3382,"play_id":"68de4add-ff06-4672-a9a6-778394227ce4","local_time":"20210109182739","is_ascension_mode":true,"campfire_choices":[{"floor":15.0,"key":"RECALL"},{"data":"Gensokyo:FourOfAKind","floor":32,"key":"SMITH"},{"data":"Gensokyo:FourOfAKind","floor":47,"key":"SMITH"},{"data":"Armaments","floor":49,"key":"PURGE"},{"data":"Feel No Pain","floor":53,"key":"SMITH"}],"circlet_count":0,"master_deck":["AscendersBane","Defend_R+2","Defend_R+1","Defend_R+1","Defend_R+1","Bash","AT_KingSlayer","AT_ShrugMaster","Burning Pact","AT_BodySlamDance","Burning Pact","Pommel Strike","AT_CaressingTears","Power Through","Dual Wield+1","Shockwave","Seeing Red","Gensokyo:FourOfAKind+1","Gensokyo:FourOfAKind","Gensokyo:FourOfAKind","Gensokyo:FourOfAKind+1","Dark Embrace","Barricade+1","Shrug It Off","Feel No Pain+1","Parasite","Offering+1","AT_KingSlayer+1","AT_ShrugMaster+1"],"relics":["Burning Blood","AT_ATBox","JellyFishMachine","testmod-TurbochargingSystem","NeowsBlessing","SynthV:TestCard","Golden Egg","Pen Nib","testmod-TheFather","Simple Rune","Unceasing Top","GuanYuAspect","Mirror","testmod-AssaultLearning","testmod-Acrobat","Akabeko","Replay:Bottled Eggs","testmod-IndustrialRevolution","Juzu Bracelet","Gensokyo:LionMask","Mark of Pain","Ying","Lizard Tail","testmod-Charity","Singing Bowl","AT_SpeedBoots","Anchor","Nunchaku","DaveBox","White Beast Statue","Counterbalance","DollysMirror","Lee\u0027s Waffle","Bronze Scales"],"acts_visited":["Exordium","Gensokyo:Gensokyo","Gensokyo:Gensokyoer","TheEnding"],"potions_floor_usage":[],"damage_taken":[{"damage":0.0,"enemies":"Gensokyo:2_Kodama","floor":1.0,"turns":2.0},{"damage":0.0,"enemies":"Gensokyo:3_Fairies","floor":5.0,"turns":1.0},{"damage":0.0,"enemies":"Gensokyo:Cirno","floor":6.0,"turns":2.0},{"damage":0.0,"enemies":"Gensokyo:Gryphon","floor":7.0,"turns":3.0},{"damage":1.0,"enemies":"Gensokyo:3_Kodama","floor":10.0,"turns":5.0},{"damage":0.0,"enemies":"Gensokyo:Aya","floor":11.0,"turns":3.0},{"damage":0.0,"enemies":"Gensokyo:Cirno","floor":12.0,"turns":4.0},{"damage":0.0,"enemies":"Gensokyo:Kitsune","floor":13.0,"turns":2.0},{"damage":0.0,"enemies":"Gensokyo:Mamizou","floor":14.0,"turns":5.0},{"damage":8.0,"enemies":"Gensokyo:Yukari","floor":16.0,"turns":8.0},{"damage":5.0,"enemies":"Gensokyo:AngelMirror","floor":18.0,"turns":2.0},{"damage":0.0,"enemies":"Gensokyo:CosmicMonolith","floor":19.0,"turns":1.0},{"damage":4.0,"enemies":"Gensokyo:3_Gloops","floor":21.0,"turns":5.0},{"damage":0.0,"enemies":"Gensokyo:Reisen","floor":23.0,"turns":4.0},{"damage":0,"enemies":"Gensokyo:Monolith_and_Dog","floor":24,"turns":3},{"damage":0,"enemies":"Gensokyo:Koishi","floor":27,"turns":3},{"damage":12,"enemies":"Gensokyo:Reisen","floor":29,"turns":3},{"damage":4,"enemies":"Gensokyo:Slime_Group","floor":31,"turns":2},{"damage":20,"enemies":"Gensokyo:Kaguya","floor":33,"turns":5},{"damage":0,"enemies":"Gensokyo:AncientGuardian","floor":35,"turns":2},{"damage":26,"enemies":"Gensokyo:3_Boulders","floor":39,"turns":5},{"damage":0,"enemies":"Gensokyo:Marisa","floor":40,"turns":1},{"damage":6,"enemies":"Gensokyo:Sharpion","floor":42,"turns":4},{"damage":0,"enemies":"Gensokyo:Doremy","floor":45,"turns":4},{"damage":0,"enemies":"Gensokyo:Yuyuko","floor":50,"turns":1},{"damage":6,"enemies":"Gensokyo:Shinki","floor":51,"turns":4},{"damage":6,"enemies":"Shield and Spear","floor":55,"turns":3},{"damage":61,"enemies":"The Heart","floor":56,"turns":6}],"seed_played":"7341198537709675858","potions_obtained":[{"floor":1.0,"key":"Block Potion"},{"floor":7.0,"key":"Explosive Potion"},{"floor":11.0,"key":"ElixirPotion"}],"is_trial":false,"path_per_floor":["M","$","?","?","M","E","M","?","T","M","E","?","M","E","R","B",null,"M","M","COS","M","?","E","M","?","T","E","?","E","?","M","R","B",null,"M","COS","?","?","M","E","?","M","T","$","E","?","R","?","R","B","B",null,"R","$","E","B",null],"character_chosen":"IRONCLAD","items_purchased":["AT_ShrugMaster","testmod-Charity","Singing Bowl","AT_SpeedBoots","DollysMirror","AT_ShrugMaster","Lee\u0027s Waffle"],"campfire_rested":0,"item_purchase_floors":[2,44,44,44,54,54,54],"current_hp_per_floor":[74,74,74,74,75,75,75,39,39,44,50,56,62,71,71,69,38,37,38,38,38,35,35,35,39,39,42,28,25,25,28,28,28,28,28,28,28,28,13,20,15,28,28,28,43,44,44,44,44,46,64,64,64,71,82,101],"gold":92,"neow_bonus":"THREE_ENEMY_KILL","is_daily":false,"chose_seed":false,"campfire_upgraded":3,"win_rate":0.0,"timestamp":1610188059,"path_taken":["M","?","?","?","M","E","M","?","T","M","E","?","M","E","R","BOSS","M","M","COS","M","?","E","M","?","T","E","?","E","?","M","R","BOSS","M","COS","?","?","M","E","?","M","T","$","E","?","R","?","R","BOSS","BOSS","R","$","E","BOSS"],"items_purchased_type":["Card","Relic","Relic","Relic","Relic","Card","Relic"],"build_version":"2020-12-22","purchased_purges":1,"victory":true,"max_hp_per_floor":[75,75,75,75,75,75,75,75,75,75,75,75,75,75,75,75,38,38,38,38,38,35,35,35,42,42,42,28,28,28,28,28,28,28,28,28,28,28,28,28,28,28,28,28,43,44,44,44,44,46,64,64,64,71,83,101],"card_choices":[{"not_picked":["Sever Soul","Iron Wave"],"picked":"Armaments","floor":1.0},{"not_picked":["Twin Strike","Cleave","Searing Blow","Clothesline"],"picked":"Burning Pact","floor":3.0},{"not_picked":["AT_IchimonjiDouble","Clothesline","Infernal Blade","Twin Strike"],"picked":"AT_BodySlamDance","floor":3.0},{"not_picked":["AT_BodySlamDance","Body Slam","Sword Boomerang","Spot Weakness","Wild Strike"],"picked":"SKIP","floor":5.0},{"not_picked":["Entrench","Anger","Double Tap","Warcry","Rampage"],"picked":"SKIP","floor":6.0},{"not_picked":["Anger","Spot Weakness","Thunderclap","Havoc"],"picked":"Burning Pact","floor":7.0},{"not_picked":["Body Slam","Sword Boomerang","Clash","Thunderclap","MostiFishMod:WingOfPhoenix"],"picked":"SKIP","floor":10.0},{"not_picked":["Seeing Red","Perfected Strike","Anger","Rampage"],"picked":"Pommel Strike","floor":11.0},{"not_picked":["Armaments","Headbutt","Sword Boomerang","Double Tap","Spot Weakness"],"picked":"SKIP","floor":12.0},{"not_picked":["Hemokinesis","Wild Strike","Clothesline","Armaments"],"picked":"AT_CaressingTears","floor":13.0},{"not_picked":["Anger","Carnage","Clothesline","Twin Strike"],"picked":"Power Through","floor":14.0},{"not_picked":["AT_BodySlamDance","Perfected Strike","Wild Strike","Thunderclap"],"picked":"Dual Wield+1","floor":18.0},{"not_picked":["Anger","Perfected Strike","Thunderclap","Warcry","Sword Boomerang"],"picked":"SKIP","floor":19.0},{"not_picked":["Pommel Strike","Sword Boomerang","Thunderclap","Warcry","Iron Wave"],"picked":"SKIP","floor":21.0},{"not_picked":["Double Tap","Perfected Strike","AT_IchimonjiDouble","Searing Blow"],"picked":"Shockwave","floor":23.0},{"not_picked":["AT_DrawKnifeCut","Dual Wield","Wild Strike","Thunderclap","Metallicize"],"picked":"SKIP","floor":24},{"not_picked":["Sword Boomerang","MostiFishMod:NewArrival","Entrench","Iron Wave"],"picked":"Seeing Red","floor":27},{"not_picked":["Warcry","Perfected Strike","Limit Break","Twin Strike+1"],"picked":"Dark Embrace","floor":29},{"not_picked":["Perfected Strike","Thunderclap","Sword Boomerang","Havoc+1","Body Slam"],"picked":"SKIP","floor":31},{"not_picked":["MostiFishMod:FireWorks","Corruption","Brutality","Berserk"],"picked":"Barricade","floor":33},{"not_picked":["Anger","Perfected Strike","Reckless Charge+1","Wild Strike"],"picked":"Shrug It Off","floor":35},{"not_picked":["Body Slam+1","Immolate+1","Headbutt+1","Shrug It Off+1","Infernal Blade+1"],"picked":"SKIP","floor":39},{"not_picked":["Iron Wave","Dark Embrace","Spot Weakness","Rampage","Intimidate+1"],"picked":"SKIP","floor":39},{"not_picked":["Searing Blow","Warcry+1","Havoc","Armaments+1"],"picked":"Feel No Pain","floor":40},{"not_picked":["MostiFishMod:PerfectStrikeMKII","MostiFishMod:Mania","MostiFishMod:404NotFound","MostiFishMod:HellRitual","MostiFishMod:FireWorks"],"picked":"SKIP","floor":40},{"not_picked":["Disarm","Pommel Strike+1","Havoc","Twin Strike","Flex"],"picked":"SKIP","floor":42},{"not_picked":["AT_ShrugMaster","Shrug It Off","Thunderclap","Sword Boomerang"],"picked":"Offering","floor":45},{"not_picked":["AT_BodySlamDance","Combust","Shrug It Off","Flex+1","Thunderclap"],"picked":"Singing Bowl","floor":55}],"player_experience":370949,"relics_obtained":[{"floor":1.0,"key":"SynthV:TestCard"},{"floor":6.0,"key":"Golden Egg"},{"floor":9.0,"key":"Pen Nib"},{"floor":11.0,"key":"testmod-TheFather"},{"floor":12.0,"key":"Simple Rune"},{"floor":14.0,"key":"Unceasing Top"},{"floor":23.0,"key":"testmod-Acrobat"},{"floor":26,"key":"Akabeko"},{"floor":27,"key":"Replay:Bottled Eggs"},{"floor":29,"key":"Juzu Bracelet"},{"floor":40,"key":"Lizard Tail"},{"floor":45,"key":"Nunchaku"},{"floor":55,"key":"Bronze Scales"}],"event_choices":[{"damage_healed":0,"gold_gain":400,"player_choice":"Sell","damage_taken":0,"max_hp_gain":0,"max_hp_loss":0,"event_name":"恩洛斯的盘子","floor":46,"relics_lost":["testmod-TestBox"],"gold_loss":0},{"damage_healed":0,"gold_gain":0,"player_choice":"Swap Relic","damage_taken":0,"relics_obtained":["DaveBox"],"max_hp_gain":0,"max_hp_loss":0,"event_name":"给自己的盒子","floor":48,"relics_lost":["DaveBox"],"gold_loss":0}],"is_beta":false,"boss_relics":[{"not_picked":["testmod-StringDisintegrator","FixedStarFall"],"picked":"GuanYuAspect"},{"not_picked":["GreenFoldingFan","HaiYi:Twilight"],"picked":"Mark of Pain"}],"items_purged_floors":[44],"is_endless":false,"potions_floor_spawned":[1,7,10,11,18,29,31,42,55],"ascension_level":20}}