{"host":"6pgtslebjnyv5xmi","time":1610202454,"event":{"mods":["AchievementEnabler","BaseMod","Colored Map","Minty Spire (QoL Compilation)","Rare Cards Sparkle","StSLib","SuperFastMode","The Hierophant","everything is the same but u backflip on backflip"],"gold_per_floor":[116,116,116,131,131,131,158,158,158,158,158,170,180,199,199,274,274,286,211,221,221,234,234,267,247,247,247,266,281,40,140,140,218,218,229,282,294,314,314,314,342,81,158,175,175,201,215,232,232,232],"floor_reached":51,"playtime":2210,"items_purged":["Strike_R"],"score":1371,"play_id":"fcde21bf-b787-493e-8d4b-f55f68446764","local_time":"20210109232734","is_ascension_mode":true,"campfire_choices":[{"data":"Heavy Blade","floor":6.0,"key":"SMITH"},{"data":"Bash","floor":8.0,"key":"SMITH"},{"data":"Defend_R","floor":11.0,"key":"SMITH"},{"data":"Whirlwind","floor":15.0,"key":"SMITH"},{"data":"Limit Break","floor":23.0,"key":"SMITH"},{"data":"Flex","floor":27.0,"key":"SMITH"},{"data":"Panacea","floor":32.0,"key":"SMITH"},{"data":"Demon Form","floor":40,"key":"SMITH"},{"data":"Spot Weakness","floor":45,"key":"SMITH"},{"data":"Seeing Red","floor":49,"key":"SMITH"}],"circlet_count":0,"master_deck":["AscendersBane","Strike_R","Strike_R","Strike_R+1","Strike_R+1","Defend_R","Defend_R+1","Defend_R+1","Defend_R+1","Bash+1","Heavy Blade+1","Whirlwind+1","Flex+1","Offering","Limit Break+1","Whirlwind+1","Shockwave","Impervious","Spot Weakness+1","Panacea+1","Demon Form+1","Twin Strike+1","Seeing Red+1","Battle Trance"],"relics":["Burning Blood","NeowsBlessing","Matryoshka","Gremlin Horn","War Paint","FossilizedHelix","Whetstone","Mummified Hand","Mark of Pain","Paper Frog","White Beast Statue","Potion Belt","CaptainsWheel","Meat on the Bone","SlaversCollar","Prayer Wheel","Singing Bowl","Sundial","HornCleat","Orichalcum"],"acts_visited":["Exordium","TheCity","TheBeyond"],"potions_floor_usage":[38,38,41,44,44,47,50,50,50],"damage_taken":[{"damage":0.0,"enemies":"Jaw Worm","floor":1.0,"turns":1.0},{"damage":0.0,"enemies":"2 Louse","floor":4.0,"turns":1.0},{"damage":0.0,"enemies":"3 Sentries","floor":7.0,"turns":2.0},{"damage":0.0,"enemies":"Small Slimes","floor":12.0,"turns":3.0},{"damage":0.0,"enemies":"Gremlin Gang","floor":13.0,"turns":1.0},{"damage":0.0,"enemies":"Looter","floor":14.0,"turns":4.0},{"damage":62.0,"enemies":"The Guardian","floor":16.0,"turns":11.0},{"damage":0.0,"enemies":"Chosen","floor":18.0,"turns":3.0},{"damage":0.0,"enemies":"3 Byrds","floor":20.0,"turns":2.0},{"damage":12.0,"enemies":"Snake Plant","floor":22.0,"turns":3.0},{"damage":9.0,"enemies":"Slavers","floor":24.0,"turns":2.0},{"damage":6.0,"enemies":"Shelled Parasite and Fungi","floor":28.0,"turns":3.0},{"damage":0.0,"enemies":"Snecko","floor":29.0,"turns":2.0},{"damage":13.0,"enemies":"Colosseum Slavers","floor":31.0,"turns":3.0},{"damage":6.0,"enemies":"Colosseum Nobs","floor":31.0,"turns":2.0},{"damage":29.0,"enemies":"Collector","floor":33.0,"turns":6.0},{"damage":14.0,"enemies":"3 Darklings","floor":35.0,"turns":5.0},{"damage":51.0,"enemies":"2 Orb Walkers","floor":36.0,"turns":5.0},{"damage":0.0,"enemies":"Orb Walker","floor":37.0,"turns":2.0},{"damage":0,"enemies":"Transient","floor":38,"turns":5},{"damage":0,"enemies":"Giant Head","floor":41,"turns":7},{"damage":6,"enemies":"Sphere and 2 Shapes","floor":44,"turns":3},{"damage":0,"enemies":"Reptomancer","floor":46,"turns":4},{"damage":0,"enemies":"Maw","floor":47,"turns":2},{"damage":0,"enemies":"Spire Growth","floor":48,"turns":4},{"damage":39,"enemies":"Time Eater","floor":50,"turns":4}],"seed_played":"-3692651143615596331","potions_obtained":[{"floor":7.0,"key":"LiquidMemories"},{"floor":14.0,"key":"Weak Potion"},{"floor":16.0,"key":"ElixirPotion"},{"floor":18.0,"key":"ColorlessPotion"},{"floor":22.0,"key":"Weak Potion"},{"floor":25.0,"key":"SpeedPotion"},{"floor":28.0,"key":"Regen Potion"},{"floor":29.0,"key":"SkillPotion"},{"floor":31.0,"key":"Fire Potion"},{"floor":33.0,"key":"FearPotion"},{"floor":35.0,"key":"SneckoOil"},{"floor":36.0,"key":"EssenceOfSteel"},{"floor":37.0,"key":"Energy Potion"},{"floor":38,"key":"Block Potion"},{"floor":41,"key":"EssenceOfSteel"},{"floor":44,"key":"ElixirPotion"},{"floor":46,"key":"Ancient Potion"},{"floor":47,"key":"SkillPotion"},{"floor":48,"key":"LiquidMemories"}],"is_trial":false,"path_per_floor":["M","?","?","M","$","R","E","R","T","T","R","M","M","M","R","B",null,"M","$","M","?","M","R","E","?","T","R","M","M","$","?","R","B",null,"M","?","M","M","$","R","E","$","T","M","R","E","M","M","R","B",null],"character_chosen":"IRONCLAD","items_purchased":["Panacea","Potion Belt","Sundial"],"campfire_rested":0,"item_purchase_floors":[30,30,42],"current_hp_per_floor":[74,74,74,75,75,75,75,75,75,75,75,75,75,75,75,19,61,67,67,73,73,67,67,64,64,64,64,64,70,70,68,68,45,68,60,27,45,51,51,51,59,59,59,63,63,71,79,87,87,54],"gold":232,"neow_bonus":"THREE_ENEMY_KILL","is_daily":false,"chose_seed":false,"campfire_upgraded":10,"win_rate":0.0,"timestamp":1610202454,"path_taken":["M","?","?","M","?","R","E","R","T","?","R","M","?","M","R","BOSS","M","$","M","?","M","R","E","?","T","R","M","?","$","?","R","BOSS","M","?","M","M","$","R","E","$","T","M","R","E","M","M","R","BOSS"],"items_purchased_type":["Card","Relic","Relic"],"build_version":"2020-12-22","purchased_purges":1,"victory":true,"max_hp_per_floor":[75,75,75,75,75,75,75,75,75,75,75,75,75,75,75,75,75,75,75,75,75,75,75,75,75,75,75,75,75,75,75,75,75,75,75,75,75,75,75,75,77,77,77,81,81,83,85,87,87,87],"card_choices":[{"not_picked":["Twin Strike","Shrug It Off"],"picked":"Heavy Blade","floor":1.0},{"not_picked":["Thunderclap","Reckless Charge","Clothesline"],"picked":"SKIP","floor":4.0},{"not_picked":["Thunderclap","Brutality","Havoc"],"picked":"SKIP","floor":7.0},{"not_picked":["Wild Strike","Combust"],"picked":"Whirlwind","floor":12.0},{"not_picked":["Sword Boomerang","Heavy Blade"],"picked":"Flex","floor":13.0},{"not_picked":["Pommel Strike","Sword Boomerang"],"picked":"Offering","floor":14.0},{"not_picked":["Brutality","Exhume"],"picked":"Limit Break","floor":16.0},{"not_picked":["Uppercut","Headbutt"],"picked":"Whirlwind+1","floor":18.0},{"not_picked":["Body Slam","Ghostly Armor"],"picked":"Shockwave","floor":20.0},{"not_picked":["Anger","Whirlwind","Sword Boomerang"],"picked":"SKIP","floor":22.0},{"not_picked":["Shockwave","Iron Wave"],"picked":"Impervious","floor":24.0},{"not_picked":["Heavy Blade","True Grit","Searing Blow"],"picked":"SKIP","floor":28.0},{"not_picked":["Reckless Charge","Rupture"],"picked":"Spot Weakness","floor":29.0},{"not_picked":["Offering","Feed"],"picked":"Demon Form","floor":33.0},{"not_picked":["Body Slam","Warcry","Headbutt"],"picked":"SKIP","floor":35.0},{"not_picked":["Immolate","Searing Blow+1"],"picked":"Twin Strike+1","floor":36.0},{"not_picked":["Dropkick","Cleave+1","Perfected Strike"],"picked":"SKIP","floor":37.0},{"not_picked":["Shrug It Off","Fire Breathing","True Grit"],"picked":"SKIP","floor":37.0},{"not_picked":["Pommel Strike","Metallicize+1","Anger"],"picked":"SKIP","floor":38},{"not_picked":["Shrug It Off","Thunderclap","Anger"],"picked":"SKIP","floor":38},{"not_picked":["Dropkick","Twin Strike+1","Shockwave"],"picked":"Singing Bowl","floor":41},{"not_picked":["Power Through","Flex","Burning Pact"],"picked":"Singing Bowl","floor":44},{"not_picked":["Shrug It Off","Bloodletting","Warcry"],"picked":"Singing Bowl","floor":44},{"not_picked":["Corruption","Headbutt","Twin Strike"],"picked":"Singing Bowl","floor":46},{"not_picked":["Wild Strike+1","Body Slam"],"picked":"Seeing Red","floor":47},{"not_picked":["Uppercut","Cleave+1","Clash"],"picked":"Singing Bowl","floor":47},{"not_picked":["Feel No Pain","Shrug It Off"],"picked":"Battle Trance","floor":48},{"not_picked":["Brutality","Iron Wave","Shrug It Off"],"picked":"Singing Bowl","floor":48}],"player_experience":925371,"relics_obtained":[{"floor":7.0,"key":"Gremlin Horn"},{"floor":9.0,"key":"War Paint"},{"floor":9.0,"key":"FossilizedHelix"},{"floor":10.0,"key":"Whetstone"},{"floor":10.0,"key":"Mummified Hand"},{"floor":24.0,"key":"Paper Frog"},{"floor":26.0,"key":"White Beast Statue"},{"floor":31.0,"key":"CaptainsWheel"},{"floor":31.0,"key":"Meat on the Bone"},{"floor":36.0,"key":"Prayer Wheel"},{"floor":41,"key":"Singing Bowl"},{"floor":43,"key":"HornCleat"},{"floor":46,"key":"Orichalcum"}],"event_choices":[{"damage_healed":0.0,"max_hp_gain":0.0,"max_hp_loss":0.0,"gold_gain":0.0,"event_name":"Big Fish","player_choice":"Box","floor":2.0,"gold_loss":0.0,"damage_taken":0.0,"relics_obtained":["Matryoshka"],"cards_obtained":["Regret"]},{"cards_removed":["Regret"],"damage_healed":0.0,"max_hp_gain":0.0,"max_hp_loss":0.0,"gold_gain":0.0,"event_name":"Living Wall","player_choice":"Forget","floor":3.0,"gold_loss":0.0,"damage_taken":0.0},{"damage_healed":0.0,"max_hp_gain":0.0,"max_hp_loss":0.0,"gold_gain":0.0,"event_name":"Ghosts","player_choice":"Ignored","floor":21.0,"gold_loss":0.0,"damage_taken":0.0},{"damage_healed":0.0,"max_hp_gain":0.0,"max_hp_loss":0.0,"gold_gain":0.0,"event_name":"The Woman in Blue","player_choice":"Bought 1 Potion","floor":25.0,"gold_loss":0.0,"damage_taken":0.0},{"damage_healed":0.0,"max_hp_gain":0.0,"max_hp_loss":0.0,"gold_gain":0.0,"event_name":"Colosseum","player_choice":"Fight","floor":31.0,"gold_loss":0.0,"damage_taken":0.0},{"damage_healed":0.0,"max_hp_gain":0.0,"max_hp_loss":0.0,"gold_gain":0.0,"event_name":"Colosseum","player_choice":"Fought Nobs","floor":31.0,"gold_loss":0.0,"damage_taken":0.0},{"damage_healed":0.0,"max_hp_gain":0.0,"max_hp_loss":0.0,"gold_gain":0.0,"event_name":"Mysterious Sphere","player_choice":"Fight","floor":36.0,"gold_loss":0.0,"damage_taken":0.0}],"is_beta":false,"boss_relics":[{"not_picked":["Ectoplasm","Philosopher\u0027s Stone"],"picked":"Mark of Pain"},{"not_picked":["Runic Dome","Black Blood"],"picked":"SlaversCollar"}],"items_purged_floors":[19],"is_endless":false,"potions_floor_spawned":[7,14,16,18,22,28,29,31,31,33,35,36,37,38,41,44,46,47,48],"ascension_level":14}}