{"host":"bxn2em57qlx5u4i0","time":1610236116,"event":{"mods":["BaseMod","Colored Map","Colored Powertips","Highlight Path","Minty Spire (QoL Compilation)","Random Character Button","Relic Sorter","Relic Stats","StSLib","SuperFastMode"],"gold_per_floor":[115,128,203,39,89,124,135,135,158,188,206,68,68,102,102,179,179,194,194,194,194,37,71,89,114,160,160,160,187,187,200,200,275,275,293,125,145,196,196,221,221,250,275,310,324,344,344,133,133,133,133,133,133,26,52,52,52],"floor_reached":58,"playtime":2409,"items_purged":["Strike_G","Strike_G","Strike_G","Defend_G","Defend_G"],"score":3034,"play_id":"8379d476-bc96-4d2e-8e4b-877c3e2e87e9","local_time":"20210109184836","is_ascension_mode":true,"campfire_choices":[{"data":"Corpse Explosion","floor":8.0,"key":"SMITH"},{"data":"Footwork","floor":15.0,"key":"SMITH"},{"floor":28.0,"key":"REST"},{"floor":30.0,"key":"REST"},{"data":"Catalyst","floor":32.0,"key":"SMITH"},{"floor":41.0,"key":"RECALL"},{"data":"Malaise","floor":49,"key":"SMITH"},{"data":"Leg Sweep","floor":53,"key":"SMITH"}],"circlet_count":0,"master_deck":["AscendersBane","Defend_G","Defend_G","Defend_G+1","Survivor","Neutralize","Deadly Poison","Corpse Explosion+1","Catalyst+1","Poisoned Stab","Footwork+1","Well Laid Plans","Catalyst+1","Adrenaline","Noxious Fumes+1","Bandage Up","Footwork+1","Escape Plan","Calculated Gamble","After Image+1","Leg Sweep+1","Noxious Fumes+1","Dodge and Roll","Master of Strategy","Bandage Up","Malaise+1"],"relics":["Ring of the Snake","NeowsBlessing","War Paint","Smiling Mask","Juzu Bracelet","Frozen Egg 2","Bottled Tornado","Runic Pyramid","Nilry\u0027s Codex","Blood Vial","Boot","Mummified Hand","Empty Cage","Akabeko","Bag of Preparation","Art of War","Darkstone Periapt","Lee\u0027s Waffle","Lantern"],"acts_visited":["Exordium","TheCity","TheBeyond","TheEnding"],"potions_floor_usage":[50,57],"damage_taken":[{"damage":0.0,"enemies":"2 Louse","floor":1.0,"turns":1.0},{"damage":0.0,"enemies":"Cultist","floor":2.0,"turns":1.0},{"damage":0.0,"enemies":"Lagavulin","floor":6.0,"turns":1.0},{"damage":0.0,"enemies":"Jaw Worm","floor":7.0,"turns":4.0},{"damage":8.0,"enemies":"3 Sentries","floor":10.0,"turns":4.0},{"damage":15.0,"enemies":"Large Slime","floor":11.0,"turns":5.0},{"damage":3.0,"enemies":"Lagavulin","floor":14.0,"turns":5.0},{"damage":2.0,"enemies":"Hexaghost","floor":16.0,"turns":6.0},{"damage":9.0,"enemies":"2 Thieves","floor":18.0,"turns":3.0},{"damage":29.0,"enemies":"Slavers","floor":23.0,"turns":3.0},{"damage":4.0,"enemies":"Shell Parasite","floor":24.0,"turns":6.0},{"damage":6.0,"enemies":"Book of Stabbing","floor":25.0,"turns":6.0},{"damage":23.0,"enemies":"Gremlin Leader","floor":29.0,"turns":6.0},{"damage":0.0,"enemies":"Centurion and Healer","floor":31.0,"turns":5.0},{"damage":0.0,"enemies":"Automaton","floor":33.0,"turns":10.0},{"damage":0.0,"enemies":"3 Shapes","floor":35.0,"turns":3.0},{"damage":1.0,"enemies":"Orb Walker","floor":37.0,"turns":5.0},{"damage":4.0,"enemies":"2 Orb Walkers","floor":38.0,"turns":3.0},{"damage":0.0,"enemies":"Giant Head","floor":40.0,"turns":7.0},{"damage":52,"enemies":"Reptomancer","floor":42,"turns":7},{"damage":1,"enemies":"Giant Head","floor":44,"turns":5},{"damage":0,"enemies":"Sphere and 2 Shapes","floor":45,"turns":4},{"damage":0,"enemies":"Maw","floor":46,"turns":4},{"damage":43,"enemies":"Awakened One","floor":50,"turns":17},{"damage":23,"enemies":"Time Eater","floor":51,"turns":6},{"damage":14,"enemies":"Shield and Spear","floor":55,"turns":6},{"damage":35,"enemies":"The Heart","floor":57,"turns":7}],"seed_played":"496023036877196650","potions_obtained":[{"floor":2.0,"key":"SteroidPotion"},{"floor":6.0,"key":"FearPotion"},{"floor":7.0,"key":"Block Potion"},{"floor":16.0,"key":"GamblersBrew"},{"floor":23.0,"key":"Poison Potion"},{"floor":24.0,"key":"FearPotion"},{"floor":29.0,"key":"FearPotion"},{"floor":35.0,"key":"Regen Potion"},{"floor":40.0,"key":"Ancient Potion"},{"floor":44,"key":"Fire Potion"}],"is_trial":false,"path_per_floor":["M","M","?","$","?","E","M","R","T","E","M","$","?","E","R","B",null,"M","?","?","?","$","E","M","E","T","?","R","E","R","M","R","B",null,"M","$","M","?","?","E","R","E","T","E","M","M","?","$","R","B","B",null,"R","$","E","E","B",null],"character_chosen":"THE_SILENT","items_purchased":["Corpse Explosion","Well Laid Plans","Bandage Up","Noxious Fumes+1","Dodge and Roll","Lee\u0027s Waffle","Energy Potion"],"campfire_rested":2,"item_purchase_floors":[4,12,22,36,36,48,54],"current_hp_per_floor":[59,59,48,48,48,48,48,48,48,40,25,25,14,11,11,9,52,43,22,18,31,31,6,8,8,8,8,27,10,29,35,35,41,60,66,66,65,66,56,66,66,22,22,31,41,51,51,73,73,38,25,61,61,61,57,57,32],"gold":52,"neow_bonus":"THREE_ENEMY_KILL","is_daily":false,"chose_seed":false,"campfire_upgraded":5,"win_rate":0.0,"timestamp":1610236116,"path_taken":["M","M","?","$","?","E","?","R","T","E","M","$","?","E","R","BOSS","M","?","?","?","$","E","M","E","T","?","R","E","R","M","R","BOSS","M","$","M","?","?","E","R","E","T","E","M","M","?","$","R","BOSS","BOSS","R","$","E","E","BOSS"],"items_purchased_type":["Card","Card","Card","Card","Card","Relic","Potion"],"build_version":"2020-12-22","purchased_purges":5,"victory":true,"max_hp_per_floor":[66,66,66,66,66,66,66,66,66,66,66,66,66,66,66,66,66,66,66,66,66,66,66,66,66,66,66,66,66,66,66,66,66,66,66,66,66,66,66,66,66,66,66,66,66,66,66,73,73,73,73,73,73,73,73,73,73],"relic_stats":{"Darkstone Periapt":0,"Lee\u0027s Waffle":22,"counters":[27,140],"Juzu Bracelet":1,"Bag of Preparation":[14],"War Paint":["Catalyst","Defend_G"],"Smiling Mask":375,"Boot":[38],"Blood Vial":27,"Mummified Hand":[89],"Art of War":[30],"obtain_stats":[{"Darkstone Periapt":44,"Lee\u0027s Waffle":48,"Lantern":55,"NeowsBlessing":0,"Nilry\u0027s Codex":19,"Juzu Bracelet":10,"Bag of Preparation":42,"War Paint":6,"Frozen Egg 2":13,"Bottled Tornado":14,"Smiling Mask":9,"Boot":25,"Empty Cage":34,"Akabeko":40,"Blood Vial":23,"Mummified Hand":29,"Art of War":43,"Ring of the Snake":0,"Runic Pyramid":17},{"Darkstone Periapt":21,"Lee\u0027s Waffle":23,"Lantern":26,"NeowsBlessing":0,"Nilry\u0027s Codex":9,"Juzu Bracelet":5,"Bag of Preparation":20,"War Paint":3,"Frozen Egg 2":6,"Bottled Tornado":7,"Smiling Mask":4,"Boot":12,"Empty Cage":15,"Akabeko":19,"Blood Vial":10,"Mummified Hand":13,"Art of War":20,"Ring of the Snake":0,"Runic Pyramid":8},{"Darkstone Periapt":96,"Lee\u0027s Waffle":104,"Lantern":133,"NeowsBlessing":0,"Nilry\u0027s Codex":30,"Juzu Bracelet":11,"Bag of Preparation":91,"War Paint":3,"Frozen Egg 2":16,"Bottled Tornado":21,"Smiling Mask":7,"Boot":45,"Empty Cage":66,"Akabeko":84,"Blood Vial":33,"Mummified Hand":51,"Art of War":91,"Ring of the Snake":0,"Runic Pyramid":27}],"Ring of the Snake":[54]},"card_choices":[{"not_picked":["Backstab","Bane"],"picked":"Deadly Poison","floor":1.0},{"not_picked":["Choke","Deflect","Setup"],"picked":"SKIP","floor":2.0},{"not_picked":["Footwork","Bullet Time"],"picked":"Catalyst","floor":6.0},{"not_picked":["Underhanded Strike","Blade Dance"],"picked":"Poisoned Stab","floor":7.0},{"not_picked":["Infinite Blades","Accuracy","Flying Knee"],"picked":"SKIP","floor":10.0},{"not_picked":["Underhanded Strike","Eviscerate"],"picked":"Footwork","floor":11.0},{"not_picked":["Die Die Die","Dodge and Roll"],"picked":"Catalyst","floor":14.0},{"not_picked":["Venomology","A Thousand Cuts+1"],"picked":"Adrenaline","floor":16.0},{"not_picked":["Outmaneuver","Deflect+1"],"picked":"Noxious Fumes+1","floor":18.0},{"not_picked":["Outmaneuver","Bane","All Out Attack"],"picked":"SKIP","floor":23.0},{"not_picked":["Cloak And Dagger","Underhanded Strike"],"picked":"Footwork+1","floor":24.0},{"not_picked":["Backstab","Sucker Punch+1","Slice"],"picked":"SKIP","floor":25.0},{"not_picked":["Deflect+1","Eviscerate"],"picked":"Escape Plan","floor":29.0},{"not_picked":["Prepared","Underhanded Strike"],"picked":"Calculated Gamble","floor":31.0},{"not_picked":["Bullet Time","Doppelganger"],"picked":"After Image+1","floor":33.0},{"not_picked":["PiercingWail","Bane"],"picked":"Leg Sweep","floor":35.0},{"not_picked":["Reflex+1","Riddle With Holes","Endless Agony+1"],"picked":"SKIP","floor":37.0},{"not_picked":["Trip","Secret Weapon"],"picked":"Master of Strategy","floor":39.0},{"not_picked":["Violence","Impatience"],"picked":"Magnetism+1","floor":39.0},{"not_picked":["Master of Strategy","Mind Blast"],"picked":"Bandage Up","floor":39.0},{"not_picked":["Prepared","PiercingWail","Concentrate"],"picked":"SKIP","floor":40.0},{"not_picked":["Skewer","Blade Dance","Cloak And Dagger"],"picked":"SKIP","floor":42},{"not_picked":["Dodge and Roll","Escape Plan"],"picked":"Malaise","floor":44},{"not_picked":["Deadly Poison","Reflex","Blade Dance"],"picked":"SKIP","floor":45},{"not_picked":["Quick Slash","Setup+1","Backstab"],"picked":"SKIP","floor":46},{"not_picked":["Quick Slash","Setup+1","Backstab"],"picked":"SKIP","floor":46},{"not_picked":["Deadly Poison","Endless Agony","Blade Dance"],"picked":"SKIP","floor":55}],"player_experience":2902051,"relics_obtained":[{"floor":6.0,"key":"War Paint"},{"floor":9.0,"key":"Smiling Mask"},{"floor":10.0,"key":"Juzu Bracelet"},{"floor":14.0,"key":"Bottled Tornado"},{"floor":19.0,"key":"Nilry\u0027s Codex"},{"floor":23.0,"key":"Blood Vial"},{"floor":25.0,"key":"Boot"},{"floor":29.0,"key":"Mummified Hand"},{"floor":40.0,"key":"Akabeko"},{"floor":42,"key":"Bag of Preparation"},{"floor":43,"key":"Art of War"},{"floor":44,"key":"Darkstone Periapt"},{"floor":55,"key":"Lantern"}],"event_choices":[{"damage_healed":0.0,"max_hp_gain":0.0,"max_hp_loss":0.0,"gold_gain":75.0,"event_name":"World of Goop","player_choice":"Gather Gold","floor":3.0,"gold_loss":0.0,"damage_taken":11.0},{"damage_healed":0.0,"max_hp_gain":0.0,"max_hp_loss":0.0,"gold_gain":50.0,"event_name":"Golden Shrine","player_choice":"Pray","floor":5.0,"gold_loss":0.0,"damage_taken":0.0},{"damage_healed":0.0,"max_hp_gain":0.0,"max_hp_loss":0.0,"gold_gain":0.0,"event_name":"Scrap Ooze","player_choice":"Success","floor":13.0,"gold_loss":0.0,"damage_taken":11.0,"relics_obtained":["Frozen Egg 2"]},{"damage_healed":0.0,"max_hp_gain":0.0,"max_hp_loss":0.0,"gold_gain":0.0,"event_name":"Cursed Tome","player_choice":"Obtained Book","floor":19.0,"gold_loss":0.0,"damage_taken":21.0},{"damage_healed":0.0,"max_hp_gain":0.0,"max_hp_loss":0.0,"gold_gain":0.0,"event_name":"The Woman in Blue","player_choice":"Bought 0 Potions","floor":20.0,"gold_loss":0.0,"damage_taken":0.0},{"damage_healed":13.0,"max_hp_gain":0.0,"max_hp_loss":0.0,"gold_gain":0.0,"event_name":"The Library","player_choice":"Heal","floor":21.0,"gold_loss":0.0,"damage_taken":0.0},{"damage_healed":0.0,"max_hp_gain":0.0,"max_hp_loss":0.0,"gold_gain":0.0,"event_name":"The Mausoleum","player_choice":"Ignored","floor":27.0,"gold_loss":0.0,"damage_taken":0.0},{"damage_healed":0.0,"max_hp_gain":0.0,"max_hp_loss":0.0,"gold_gain":0.0,"event_name":"Mysterious Sphere","player_choice":"Fight","floor":38.0,"gold_loss":0.0,"damage_taken":0.0},{"damage_healed":0.0,"max_hp_gain":0.0,"max_hp_loss":0.0,"gold_gain":0.0,"event_name":"SensoryStone","player_choice":"Memory 3","floor":39.0,"gold_loss":0.0,"damage_taken":10.0},{"damage_healed":0,"gold_gain":0,"player_choice":"0 cards matched","damage_taken":0,"max_hp_gain":0,"max_hp_loss":0,"event_name":"Match and Keep!","floor":47,"gold_loss":0,"cards_obtained":[]}],"is_beta":false,"boss_relics":[{"not_picked":["Ectoplasm","Velvet Choker"],"picked":"Runic Pyramid"},{"not_picked":["Snecko Eye","Runic Dome"],"picked":"Empty Cage"}],"items_purged_floors":[12,22,36,48,54],"is_endless":false,"potions_floor_spawned":[2,6,7,16,23,24,29,35,40,44],"ascension_level":20}}