{"host":"rolltorest","time":1610184987,"event":{"mods":["BaseMod","Minty Spire (QoL Compilation)","Relic Stats","Robot Space Explorer","Slay the Relics Exporter","StSLib"],"gold_per_floor":[109,109,109,384,403,439,589,589,589],"floor_reached":8,"playtime":76,"items_purged":[],"score":150,"play_id":"ac82c8af-a315-4ecf-8916-55494d28214e","local_time":"20210109013627","is_ascension_mode":true,"campfire_choices":[],"circlet_count":0,"master_deck":["AscendersBane","RobotSpaceExplorer:Strike","RobotSpaceExplorer:Strike","RobotSpaceExplorer:Strike","RobotSpaceExplorer:Strike","RobotSpaceExplorer:Defend","RobotSpaceExplorer:Defend","RobotSpaceExplorer:Defend","RobotSpaceExplorer:Defend","RobotSpaceExplorer:Scan","RobotSpaceExplorer:MiniLasers","RobotSpaceExplorer:SurgingShield","Regret","RobotSpaceExplorer:SurgingShield","RobotSpaceExplorer:ExhaustFan","Doubt"],"relics":["RobotSpaceExplorer:RoboCore","NeowsBlessing","Golden Idol","Bag of Marbles"],"acts_visited":["Exordium"],"potions_floor_usage":[],"damage_taken":[{"damage":0,"enemies":"Jaw Worm","floor":1,"turns":1},{"damage":0,"enemies":"2 Louse","floor":5,"turns":1},{"damage":3,"enemies":"Lagavulin","floor":6,"turns":2},{"damage":0,"enemies":"3 Sentries","floor":8,"turns":2}],"seed_played":"3917129539333672543","potions_obtained":[{"floor":1,"key":"SteroidPotion"},{"floor":6,"key":"Strength Potion"}],"is_trial":false,"path_per_floor":["M","?","$","?","M","E","?","E"],"character_chosen":"RobotSpaceExplorer","items_purchased":[],"campfire_rested":0,"item_purchase_floors":[],"current_hp_per_floor":[64,64,64,64,64,61,61,61,61],"gold":589,"neow_bonus":"THREE_ENEMY_KILL","is_daily":false,"chose_seed":false,"campfire_upgraded":0,"win_rate":0.0,"timestamp":1610184987,"path_taken":["M","?","$","?","?","E","?","E"],"items_purchased_type":[],"build_version":"2020-12-18","purchased_purges":0,"victory":false,"max_hp_per_floor":[71,64,64,64,64,64,64,64,64],"relic_stats":{"counters":[4,6],"Golden Idol":11,"obtain_stats":[{"NeowsBlessing":0,"Golden Idol":2,"RobotSpaceExplorer:RoboCore":0,"Bag of Marbles":6},{"NeowsBlessing":0,"Golden Idol":1,"RobotSpaceExplorer:RoboCore":0,"Bag of Marbles":3},{"NeowsBlessing":0,"Golden Idol":1,"RobotSpaceExplorer:RoboCore":0,"Bag of Marbles":4}]},"card_choices":[{"not_picked":["RobotSpaceExplorer:StarDust","RobotSpaceExplorer:MiniDrones"],"picked":"RobotSpaceExplorer:SurgingShield","floor":1},{"not_picked":["RobotSpaceExplorer:GlueSpray","RobotSpaceExplorer:ScrapToss"],"picked":"RobotSpaceExplorer:SurgingShield","floor":5},{"not_picked":["RobotSpaceExplorer:BlastShield","RobotSpaceExplorer:SlimeMissile"],"picked":"RobotSpaceExplorer:ExhaustFan","floor":6}],"player_experience":1819232,"relics_obtained":[{"floor":6,"key":"Bag of Marbles"}],"event_choices":[{"damage_healed":0,"gold_gain":0,"player_choice":"Lose Max HP","damage_taken":0,"relics_obtained":["Golden Idol"],"max_hp_gain":0,"max_hp_loss":7,"event_name":"Golden Idol","floor":2,"gold_loss":0},{"damage_healed":0,"gold_gain":275,"player_choice":"Desecrate","damage_taken":0,"max_hp_gain":0,"max_hp_loss":0,"event_name":"Golden Shrine","floor":4,"gold_loss":0,"cards_obtained":["Regret"]},{"damage_healed":0,"gold_gain":150,"player_choice":"AGREE","damage_taken":0,"max_hp_gain":0,"max_hp_loss":0,"event_name":"Liars Game","floor":7,"gold_loss":0,"cards_obtained":["Doubt"]}],"is_beta":true,"boss_relics":[],"items_purged_floors":[],"is_endless":false,"potions_floor_spawned":[1,6],"killed_by":"3 Sentries","ascension_level":18}}