{"host":"dmdprxj8bosbz96f","time":1610235774,"event":{"mods":["AchievementEnabler","BaseMod","Colored Map","DeckTracker","Minty Spire (QoL Compilation)","Permanent Neow","Quick Restart","SuperFastMode","everything is the same but u backflip on backflip"],"gold_per_floor":[113,113,126,23,198,198,216,216,262,262,40,56,71,71,71],"floor_reached":14,"playtime":384,"items_purged":[],"score":100,"play_id":"63873842-c8da-4c09-af7d-d6a5a7163086","local_time":"20210110084254","is_ascension_mode":true,"campfire_choices":[{"data":"Deflect","floor":6.0,"key":"SMITH"},{"data":"Dodge and Roll","floor":8.0,"key":"SMITH"}],"circlet_count":0,"master_deck":["Strike_G","Strike_G","Strike_G","Strike_G","Defend_G","Defend_G","Defend_G","Defend_G","Defend_G","Survivor","Neutralize","Dagger Spray","Distraction","Deflect+1","Dodge and Roll+1","Doubt","Finisher","Well Laid Plans","TalkToTheHand","Outmaneuver"],"relics":["Snecko Eye","Golden Idol","Akabeko","PrismaticShard"],"acts_visited":["Exordium"],"potions_floor_usage":[],"damage_taken":[{"damage":7.0,"enemies":"Jaw Worm","floor":1.0,"turns":6.0},{"damage":7.0,"enemies":"2 Louse","floor":3.0,"turns":3.0},{"damage":10.0,"enemies":"Small Slimes","floor":7.0,"turns":5.0},{"damage":5.0,"enemies":"2 Fungi Beasts","floor":12.0,"turns":4.0},{"damage":0.0,"enemies":"Lots of Slimes","floor":13.0,"turns":1.0},{"damage":18,"enemies":"Gremlin Nob","floor":14,"turns":4}],"seed_played":"8288584617203286971","potions_obtained":[{"floor":3.0,"key":"DuplicationPotion"},{"floor":12.0,"key":"DuplicationPotion"},{"floor":13.0,"key":"SneckoOil"}],"is_trial":false,"path_per_floor":["M","?","M","$","?","R","M","R","T","?","$","M","M","E"],"character_chosen":"THE_SILENT","items_purchased":["Deflect","Dodge and Roll","PrismaticShard","Well Laid Plans"],"campfire_rested":0,"item_purchase_floors":[4,4,11,11],"current_hp_per_floor":[63,63,56,56,56,56,46,46,46,39,39,34,34,16,16],"gold":71,"neow_bonus":"BOSS_RELIC","is_daily":false,"chose_seed":false,"campfire_upgraded":2,"win_rate":0.0,"timestamp":1610235774,"path_taken":["M","?","M","$","?","R","M","R","T","?","$","M","M","E"],"items_purchased_type":["Card","Card","Relic","Card"],"build_version":"2020-12-22","purchased_purges":0,"victory":false,"max_hp_per_floor":[70,65,65,65,65,65,65,65,65,65,65,65,65,65,65],"card_choices":[{"not_picked":["Quick Slash","Escape Plan"],"picked":"Dagger Spray","floor":1.0},{"not_picked":["Accuracy","Masterful Stab"],"picked":"Distraction","floor":3.0},{"not_picked":["Poisoned Stab","Cloak And Dagger"],"picked":"Finisher","floor":7.0},{"not_picked":["Finisher","Dagger Throw"],"picked":"TalkToTheHand","floor":12.0},{"not_picked":["Flechettes","Warcry"],"picked":"Outmaneuver","floor":13.0}],"player_experience":173937,"relics_obtained":[{"floor":9.0,"key":"Akabeko"}],"event_choices":[{"damage_healed":0.0,"max_hp_gain":0.0,"max_hp_loss":5.0,"gold_gain":0.0,"event_name":"Golden Idol","player_choice":"Lose Max HP","floor":2.0,"gold_loss":0.0,"damage_taken":0.0,"relics_obtained":["Golden Idol"]},{"damage_healed":0.0,"max_hp_gain":0.0,"max_hp_loss":0.0,"gold_gain":175.0,"event_name":"Liars Game","player_choice":"AGREE","floor":5.0,"gold_loss":0.0,"damage_taken":0.0,"cards_obtained":["Doubt"]},{"cards_removed":["Strike_G"],"damage_healed":0.0,"max_hp_gain":0.0,"max_hp_loss":0.0,"gold_gain":0.0,"event_name":"Golden Wing","player_choice":"Card Removal","floor":10.0,"gold_loss":0.0,"damage_taken":7.0}],"is_beta":false,"boss_relics":[],"items_purged_floors":[],"is_endless":false,"potions_floor_spawned":[3,12,13],"killed_by":"Gremlin Nob","ascension_level":5}}