{"host":"jm9833yuloeli2yd","time":1610161792,"event":{"mods":["BaseMod","Better Altar","Better Match","Better Note","Better Sensory Stone","Better Skull","Better Third Choice","Better Vampires","BetterRewards","Colored Map","Colored Powertips","DeckTracker","Minty Spire (QoL Compilation)","Permanent Neow","Quick Restart","Slay-I","StSLib","SuperFastMode"],"gold_per_floor":[109,184,202,40,59,59,87,87,113,146,158,32,32,61,61,138,138,150,0,0,0,11,11,45,5,5,5,15,15,35,85,85,162,162,180,15,63,63,83,83,83],"floor_reached":40,"playtime":1185,"items_purged":["Strike_B"],"score":840,"play_id":"2f85c885-1dcb-4de8-98fd-cd0bd439aaf6","local_time":"20210108220952","is_ascension_mode":true,"campfire_choices":[{"data":"Go for the Eyes","floor":6,"key":"SMITH"},{"data":"Zap","floor":8,"key":"SMITH"},{"data":"Defragment","floor":15,"key":"SMITH"},{"data":"Loop","floor":23,"key":"SMITH"},{"data":"Defragment","floor":27,"key":"SMITH"},{"data":"Force Field","floor":32,"key":"SMITH"}],"circlet_count":0,"master_deck":["AscendersBane","Strike_B","Defend_B","Defend_B","Defend_B","Zap+1","Dualcast+1","Tempest","Rebound","Cold Snap","Go for the Eyes+1","Barrage","Self Repair","Glacier","Ball Lightning","Defragment+1","Chill","Force Field+1","Core Surge","Stack+1","Dark Shackles","Consume","Loop+1","Genetic Algorithm","FTL","Defragment+1","Seek","Undo","Buffer","Capacitor","Conserve Battery","Force Field"],"relics":["Cracked Core","Boot","PreservedInsect","Pear","Nuclear Battery","Letter Opener","Meat on the Bone","WingedGreaves","Cursed Key","Thread and Needle"],"acts_visited":["Exordium","TheCity","TheBeyond"],"potions_floor_usage":[7,10,16,24,33,33,37],"damage_taken":[{"damage":2,"enemies":"Jaw Worm","floor":1,"turns":4},{"damage":0,"enemies":"Small Slimes","floor":3,"turns":3},{"damage":0,"enemies":"Cultist","floor":5,"turns":3},{"damage":11,"enemies":"Gremlin Nob","floor":7,"turns":3},{"damage":8,"enemies":"3 Sentries","floor":10,"turns":3},{"damage":8,"enemies":"Large Slime","floor":11,"turns":5},{"damage":15,"enemies":"Lagavulin","floor":14,"turns":7},{"damage":28,"enemies":"The Guardian","floor":16,"turns":12},{"damage":15,"enemies":"Shell Parasite","floor":18,"turns":5},{"damage":5,"enemies":"Spheric Guardian","floor":22,"turns":6},{"damage":13,"enemies":"Book of Stabbing","floor":24,"turns":5},{"damage":27,"enemies":"Cultist and Chosen","floor":28,"turns":5},{"damage":16,"enemies":"Snake Plant","floor":30,"turns":4},{"damage":44,"enemies":"Collector","floor":33,"turns":8},{"damage":16,"enemies":"3 Shapes","floor":35,"turns":3},{"damage":31,"enemies":"2 Orb Walkers","floor":37,"turns":7},{"damage":22,"enemies":"3 Darklings","floor":39,"turns":10},{"damage":38,"enemies":"Reptomancer","floor":40,"turns":3}],"seed_played":"-5571297313055533564","potions_obtained":[{"floor":3,"key":"Explosive Potion"},{"floor":14,"key":"Block Potion"},{"floor":22,"key":"SpeedPotion"},{"floor":29,"key":"LiquidBronze"},{"floor":33,"key":"SteroidPotion"},{"floor":35,"key":"Fruit Juice"},{"floor":37,"key":"Energy Potion"}],"is_trial":false,"path_per_floor":["M","?","M","$","M","R","E","R","T","E","M","$","$","E","R","B",null,"M","$","?","T","M","R","E","$","T","R","M","?","M","?","R","B",null,"M","$","?","?","M","E"],"character_chosen":"DEFECT","items_purchased":["Cold Snap","Fire Potion","Go for the Eyes","Defragment","Chill","Dark Shackles","FocusPotion","Defragment","Capacitor"],"campfire_rested":0,"item_purchase_floors":[4,4,4,12,12,19,19,25,36],"current_hp_per_floor":[62,51,51,51,51,51,40,40,40,49,48,48,48,40,40,19,66,58,58,58,58,60,60,54,54,54,54,46,46,49,49,49,24,67,51,51,39,39,36,0,0],"gold":83,"neow_bonus":"UPGRADE_CARD","is_daily":false,"chose_seed":false,"campfire_upgraded":6,"win_rate":0.0,"timestamp":1610161792,"path_taken":["M","?","M","$","M","R","E","R","T","E","M","?","$","E","R","BOSS","M","$","?","?","M","R","E","$","T","R","M","?","?","?","R","BOSS","M","$","?","?","M","E"],"items_purchased_type":["Card","Potion","Card","Card","Card","Card","Potion","Card","Card"],"build_version":"2020-12-22","purchased_purges":1,"victory":false,"max_hp_per_floor":[71,71,71,71,71,71,71,71,71,81,81,81,81,81,81,81,81,81,81,81,81,81,81,81,81,81,81,81,81,81,81,81,81,81,81,81,81,81,81,81,81],"card_choices":[{"not_picked":["Hologram","Scrape"],"picked":"Tempest","floor":1},{"not_picked":["Double Energy","Stack"],"picked":"Rebound","floor":3},{"not_picked":["Rebound","Hello World"],"picked":"Barrage","floor":5},{"not_picked":["Ball Lightning","Sweeping Beam"],"picked":"Self Repair","floor":7},{"not_picked":["All For One","Stack"],"picked":"Glacier","floor":10},{"not_picked":["Hologram","Stack"],"picked":"Ball Lightning","floor":11},{"not_picked":["Go for the Eyes","Chill"],"picked":"Force Field","floor":14},{"not_picked":["Buffer","Thunder Strike"],"picked":"Core Surge","floor":16},{"not_picked":["Barrage","Ball Lightning"],"picked":"Stack+1","floor":18},{"not_picked":["Heatsinks","Sunder+1"],"picked":"Genetic Algorithm","floor":22},{"not_picked":["Tempest","BootSequence"],"picked":"FTL","floor":24},{"not_picked":["Stack+1","Streamline"],"picked":"Seek","floor":28},{"not_picked":["Leap","Coolheaded"],"picked":"Undo","floor":30},{"not_picked":["Rainbow","Core Surge"],"picked":"Buffer","floor":33},{"not_picked":["BootSequence+1","Ball Lightning","Beam Cell+1"],"picked":"SKIP","floor":35},{"not_picked":["Chaos","Scrape+1"],"picked":"Conserve Battery","floor":37},{"not_picked":["Blizzard","Beam Cell"],"picked":"Force Field","floor":39}],"player_experience":1288059,"relics_obtained":[{"floor":7,"key":"Boot"},{"floor":9,"key":"PreservedInsect"},{"floor":10,"key":"Pear"},{"floor":21,"key":"Letter Opener"},{"floor":24,"key":"Meat on the Bone"},{"floor":26,"key":"WingedGreaves"},{"floor":37,"key":"Thread and Needle"}],"event_choices":[{"damage_healed":0,"gold_gain":75,"player_choice":"Gold","damage_taken":11,"max_hp_gain":0,"max_hp_loss":0,"event_name":"betterThird:BetterGoop","floor":2,"gold_loss":0},{"damage_healed":0,"gold_gain":0,"cards_transformed":["Strike_B","Strike_B"],"player_choice":"Became Test Subject","damage_taken":0,"max_hp_gain":0,"max_hp_loss":0,"event_name":"Drug Dealer","floor":20,"gold_loss":0,"cards_obtained":["Consume","Loop"]},{"damage_healed":0,"gold_gain":0,"player_choice":"Got Potions","damage_taken":0,"max_hp_gain":0,"max_hp_loss":0,"event_name":"Lab","floor":29,"gold_loss":0},{"damage_healed":0,"gold_gain":50,"player_choice":"Steal","damage_taken":0,"max_hp_gain":0,"max_hp_loss":0,"event_name":"betterThird:BetterNest","floor":31,"gold_loss":0},{"damage_healed":0,"gold_gain":0,"player_choice":"Fight","damage_taken":0,"max_hp_gain":0,"max_hp_loss":0,"event_name":"Mysterious Sphere","floor":37,"gold_loss":0},{"cards_removed":["Defend_B"],"damage_healed":0,"gold_gain":0,"player_choice":"Removed Skill","damage_taken":0,"max_hp_gain":0,"max_hp_loss":0,"event_name":"Falling","floor":38,"gold_loss":0}],"is_beta":false,"boss_relics":[{"not_picked":["Black Star","Velvet Choker"],"picked":"Nuclear Battery"},{"not_picked":["Busted Crown","Sozu"],"picked":"Cursed Key"}],"items_purged_floors":[36],"is_endless":false,"potions_floor_spawned":[3,14,22,30,33,35,37],"killed_by":"Reptomancer","ascension_level":20}}