{"host":"hnrafgucdht3qvsp","time":1610213680,"event":{"mods":["BaseMod","Bestiary","Colored Map","Minty Spire (QoL Compilation)","Relic Stats","StSLib"],"gold_per_floor":[159,159,109,121,132,159,159,190,190,190,150,176,189,205,205,302,302,321,321,374,66,83,83,83],"floor_reached":23,"playtime":1057,"items_purged":["Anger"],"score":261,"play_id":"563d588e-4e4c-46db-bd39-e2adbc21f356","local_time":"20210109123440","is_ascension_mode":true,"campfire_choices":[{"data":"Whirlwind","floor":7,"key":"SMITH"},{"data":"Bash","floor":10,"key":"SMITH"},{"data":"Shockwave","floor":15,"key":"SMITH"}],"circlet_count":0,"master_deck":["Strike_R","Strike_R","Strike_R+1","Defend_R","Defend_R","Defend_R","Defend_R","Bash+1","Spot Weakness","Whirlwind+1","Fiend Fire","Dual Wield","Feel No Pain","Shockwave+1","Exhume","Cleave","Evolve","Heavy Blade"],"relics":["Tiny House","Gremlin Horn","Happy Flower","Pantograph","Ornamental Fan","InkBottle","Philosopher\u0027s Stone","ClockworkSouvenir"],"acts_visited":["Exordium","TheCity"],"potions_floor_usage":[6,8,12,14,22],"damage_taken":[{"damage":0,"enemies":"2 Louse","floor":1,"turns":3},{"damage":7,"enemies":"Jaw Worm","floor":4,"turns":3},{"damage":0,"enemies":"Small Slimes","floor":5,"turns":2},{"damage":15,"enemies":"3 Sentries","floor":6,"turns":3},{"damage":10,"enemies":"Gremlin Nob","floor":8,"turns":3},{"damage":15,"enemies":"Lagavulin","floor":12,"turns":4},{"damage":0,"enemies":"Gremlin Gang","floor":13,"turns":1},{"damage":0,"enemies":"Looter","floor":14,"turns":1},{"damage":44,"enemies":"Hexaghost","floor":16,"turns":8},{"damage":31,"enemies":"Spheric Guardian","floor":18,"turns":4},{"damage":18,"enemies":"Shell Parasite","floor":22,"turns":5},{"damage":22,"enemies":"Slavers","floor":23,"turns":1}],"seed_played":"7860925984968269472","potions_obtained":[{"floor":0,"key":"ElixirPotion"},{"floor":1,"key":"HeartOfIron"},{"floor":4,"key":"SteroidPotion"},{"floor":11,"key":"Swift Potion"},{"floor":11,"key":"Fruit Juice"},{"floor":11,"key":"Weak Potion"},{"floor":12,"key":"Dexterity Potion"},{"floor":18,"key":"Swift Potion"},{"floor":22,"key":"DuplicationPotion"}],"is_trial":false,"path_per_floor":["M","?","?","M","M","E","R","E","T","R","?","E","M","M","R","B",null,"M","?","T","$","M","E"],"character_chosen":"IRONCLAD","items_purchased":["ClockworkSouvenir","Evolve"],"campfire_rested":0,"item_purchase_floors":[21,21],"current_hp_per_floor":[85,73,73,66,66,51,51,41,41,41,41,26,26,26,26,7,66,35,35,35,35,22,0,0],"gold":83,"neow_bonus":"BOSS_RELIC","is_daily":false,"chose_seed":false,"campfire_upgraded":3,"win_rate":0.0,"timestamp":1610213680,"path_taken":["M","?","?","M","M","E","R","E","T","R","?","E","?","M","R","BOSS","M","?","?","$","M","E"],"items_purchased_type":["Relic","Card"],"build_version":"2020-12-22","purchased_purges":1,"victory":false,"max_hp_per_floor":[85,85,85,85,85,85,85,85,85,85,85,85,85,85,85,85,85,85,85,85,85,90,90,90],"relic_stats":{"Gremlin Horn":[4,4],"Happy Flower":[9],"counters":[12,38],"Ornamental Fan":[0],"Pantograph":25,"obtain_stats":[{"Tiny House":0,"Gremlin Horn":2,"Happy Flower":6,"Ornamental Fan":9,"Pantograph":8,"Philosopher\u0027s Stone":17,"Burning Blood":0,"InkBottle":12,"ClockworkSouvenir":21},{"Tiny House":0,"Gremlin Horn":1,"Happy Flower":4,"Ornamental Fan":5,"Pantograph":5,"Philosopher\u0027s Stone":9,"Burning Blood":0,"InkBottle":6,"ClockworkSouvenir":10},{"Tiny House":0,"Gremlin Horn":3,"Happy Flower":11,"Ornamental Fan":14,"Pantograph":14,"Philosopher\u0027s Stone":28,"Burning Blood":0,"InkBottle":18,"ClockworkSouvenir":32}],"InkBottle":[4]},"card_choices":[{"not_picked":["Uppercut","Heavy Blade"],"picked":"Spot Weakness","floor":0},{"not_picked":["Heavy Blade","Twin Strike"],"picked":"Whirlwind","floor":1},{"not_picked":["Havoc","Whirlwind"],"picked":"Spot Weakness","floor":4},{"not_picked":["Sword Boomerang","Armaments"],"picked":"Fiend Fire","floor":5},{"not_picked":["Perfected Strike","Ghostly Armor","Spot Weakness"],"picked":"SKIP","floor":6},{"not_picked":["Inflame","Perfected Strike"],"picked":"Dual Wield","floor":8},{"not_picked":["Anger","Flame Barrier"],"picked":"Feel No Pain","floor":12},{"not_picked":["Wild Strike","Dual Wield"],"picked":"Shockwave","floor":13},{"not_picked":["Intimidate","Thunderclap"],"picked":"Exhume","floor":14},{"not_picked":["Sentinel","Thunderclap","Hemokinesis+1"],"picked":"SKIP","floor":18},{"not_picked":["Wild Strike","Whirlwind"],"picked":"Heavy Blade","floor":22}],"player_experience":395409,"relics_obtained":[{"floor":6,"key":"Happy Flower"},{"floor":8,"key":"Pantograph"},{"floor":9,"key":"Ornamental Fan"},{"floor":12,"key":"InkBottle"}],"event_choices":[{"damage_healed":0,"gold_gain":0,"player_choice":"Success","damage_taken":12,"relics_obtained":["Gremlin Horn"],"max_hp_gain":0,"max_hp_loss":0,"event_name":"Scrap Ooze","floor":2,"gold_loss":0},{"cards_removed":["Strike_R"],"damage_healed":0,"gold_gain":0,"player_choice":"Card Removal","damage_taken":0,"max_hp_gain":0,"max_hp_loss":0,"event_name":"The Cleric","floor":3,"gold_loss":50},{"damage_healed":0,"gold_gain":0,"player_choice":"Bought 3 Potions","damage_taken":0,"max_hp_gain":0,"max_hp_loss":0,"event_name":"The Woman in Blue","floor":11,"gold_loss":0},{"damage_healed":0,"gold_gain":0,"cards_transformed":["Strike_R","Spot Weakness"],"player_choice":"Became Test Subject","damage_taken":0,"max_hp_gain":0,"max_hp_loss":0,"event_name":"Drug Dealer","floor":19,"gold_loss":0,"cards_obtained":["Anger","Cleave"]}],"is_beta":false,"boss_relics":[{"not_picked":["Calling Bell","Ectoplasm"],"picked":"Philosopher\u0027s Stone"}],"items_purged_floors":[21],"is_endless":false,"potions_floor_spawned":[1,4,12,18,22],"killed_by":"Slavers","ascension_level":5}}