{"host":"08z5bj28eube4vug","time":1610151041,"event":{"mods":["2.2 Compatiblity","Abigail Mod","Act Like it!","BaseMod","Beaked The Cultist","Bestiary","Friendly Minions","Gensokyo","GungeonMod","Hallownest","Kiyohime????","Koishi","Lobotomy","Marisa????????","Minty Spire (QoL Compilation)","Prisma Mod","Remilia??????","Replay The Spire","StSLib","Td1madao Mod","The Alterego","The Bug Knight","The Jungle","The Sage","The Senshi","The Servant 0.9.4","Waifu the Spire","WarShipGirlsR/????R mod","Yuri Mod"],"gold_per_floor":[359,278,288,363,121,121,148,148,148,176,176,176,193,209,209,309,309,329,329,143,143,161,190,190,218,218,218,8,23,23,43,43,146,146,159,2,19,36,50,50,84,84,84,134,167,167,196,3,3,3],"floor_reached":51,"playtime":2845,"items_purged":[],"score":1005,"play_id":"40659a5f-f4ec-4e14-8d72-fa00650c62e0","local_time":"20210109031041","is_ascension_mode":true,"campfire_choices":[{"data":"MysteriousBeam","floor":6,"key":"SMITH"},{"floor":8,"key":"REST"},{"data":"PropBag","floor":11,"key":"SMITH"},{"data":"OrrerysSun","floor":15,"key":"SMITH"},{"data":"PropBag","floor":24,"key":"SMITH"},{"floor":27,"key":"REST"},{"floor":32,"key":"REST"},{"data":"MillisecondPulsars","floor":40,"key":"SMITH"},{"data":"OrrerysSun","floor":42,"key":"SMITH"},{"floor":46,"key":"REST"},{"floor":49,"key":"REST"}],"circlet_count":0,"master_deck":["Strike_MRS","Strike_MRS","Strike_MRS","Strike_MRS","Defend_MRS","Defend_MRS","Defend_MRS","Defend_MRS","MasterSpark","UpSweep","Finesse","OrrerysSun+1","MysteriousBeam+1","PropBag+1","RitualDagger","GravityBeat+1","PropBag+1","6A","MillisecondPulsars+1","DoubleSpark+1","OrrerysSun+1","AsteroidBelt"],"relics":["MiniHakkero","Pen Nib","ScarletDevilRocket","Bottled Flame","DemoMod:DecoyRelic","Busted Crown","DemoMod:WhiteGuonStone","Pet Ghost","Mirror","Bottled Lightning","HollowMod:PaleOreRelic","Cursed Key","DemoMod:MeatBun","Sundial","Counterbalance","Potion Belt","Bag of Preparation","Nunchaku"],"acts_visited":["Exordium","TheCity","TheBeyond"],"potions_floor_usage":[7,10,16,16,23,31,33,38,41,41,47,50,50,50],"damage_taken":[{"damage":6,"enemies":"2 Louse","floor":1,"turns":2},{"damage":1,"enemies":"Jaw Worm","floor":3,"turns":3},{"damage":9,"enemies":"HollowMod:MossKnight","floor":7,"turns":4},{"damage":12,"enemies":"Gremlin Nob","floor":10,"turns":4},{"damage":0,"enemies":"Cultist","floor":13,"turns":3},{"damage":0,"enemies":"Lots of Slimes","floor":14,"turns":2},{"damage":25,"enemies":"Fading Forest","floor":16,"turns":11},{"damage":15,"enemies":"Shell Parasite","floor":18,"turns":4},{"damage":5,"enemies":"Spheric Guardian","floor":22,"turns":4},{"damage":10,"enemies":"HollowMod:Nosk","floor":23,"turns":8},{"damage":33,"enemies":"Book of Stabbing","floor":25,"turns":5},{"damage":0,"enemies":"Centurion and Healer","floor":29,"turns":4},{"damage":3,"enemies":"Shelled Parasite and Fungi","floor":31,"turns":3},{"damage":16,"enemies":"Collector","floor":33,"turns":9},{"damage":8,"enemies":"3 Shapes","floor":35,"turns":4},{"damage":0,"enemies":"Orb Walker","floor":37,"turns":1},{"damage":0,"enemies":"3 Darklings","floor":38,"turns":3},{"damage":20,"enemies":"Writhing Mass","floor":39,"turns":4},{"damage":1,"enemies":"beaked:SuperParasite","floor":41,"turns":6},{"damage":0,"enemies":"Mind Bloom Boss Battle","floor":44,"turns":4},{"damage":27,"enemies":"Giant Head","floor":45,"turns":8},{"damage":4,"enemies":"Nemesis","floor":47,"turns":5},{"damage":1,"enemies":"Awakened One","floor":50,"turns":8}],"seed_played":"5028725671742784768","potions_obtained":[{"floor":1,"key":"SkillPotion"},{"floor":10,"key":"EntropicBrew"},{"floor":18,"key":"Fire Potion"},{"floor":21,"key":"Reflective Coating"},{"floor":25,"key":"Elixir"},{"floor":33,"key":"DemoMod:LeadSkinPotion"},{"floor":35,"key":"BlessingOfTheForge"},{"floor":39,"key":"ColorlessPotion"},{"floor":41,"key":"LiquidBronze"},{"floor":44,"key":"GamblersBrew"},{"floor":47,"key":"ColorlessPotion"}],"is_trial":false,"path_per_floor":["M","$","M","?","$","R","E","R","T","E","R","?","M","M","R","B",null,"M","?","$","?","M","E","R","E","T","R","$","M","?","M","R","B",null,"M","$","M","M","M","R","E","R","T","?","E","R","E","$","R","B",null],"character_chosen":"MARISA","items_purchased":["Finesse","Pen Nib","OrrerysSun","MysteriousBeam","DemoMod:WhiteGuonStone","GravityBeat+1","HollowMod:PaleOreRelic","6A","DemoMod:MeatBun","DemoMod:WeirdEgg","AsteroidBelt"],"campfire_rested":5,"item_purchase_floors":[2,5,5,5,20,20,28,28,36,48,48],"current_hp_per_floor":[44,44,43,32,32,32,23,45,45,33,33,33,33,33,33,20,61,46,40,40,40,47,37,37,4,4,26,26,26,26,23,45,29,64,56,70,70,70,50,50,49,49,49,49,22,44,40,40,62,61],"gold":3,"neow_bonus":"TWO_FIFTY_GOLD","is_daily":false,"chose_seed":false,"campfire_upgraded":6,"win_rate":0.0,"timestamp":1610151041,"path_taken":["M","$","M","?","$","R","E","R","T","E","R","?","?","M","R","BOSS","M","?","$","?","?","E","R","E","T","R","?","M","?","M","R","BOSS","M","$","M","M","?","R","E","R","T","?","E","R","E","$","R","BOSS"],"items_purchased_type":["Card","Relic","Card","Card","Relic","Card","Relic","Card","Relic","Relic","Card"],"build_version":"2020-12-22","purchased_purges":0,"victory":true,"max_hp_per_floor":[75,75,75,75,75,75,75,75,75,75,75,75,75,75,75,75,75,75,75,75,75,75,75,75,75,75,75,75,75,75,75,75,75,75,75,75,75,75,75,75,75,75,75,75,75,75,75,75,75,75],"card_choices":[{"not_picked":["Acceleration","BigCrunch","WitchOfGreed"],"picked":"SKIP","floor":1},{"not_picked":["WitchLeyline","PowerUp","GalacticHalo"],"picked":"SKIP","floor":3},{"not_picked":["MeteoricShower","ChargeUpSpray","IllusionStar"],"picked":"SKIP","floor":7},{"not_picked":["DragonMeteor","DC"],"picked":"PropBag","floor":10},{"not_picked":["LuminesStrike","WitchLeyline","Acceleration"],"picked":"SKIP","floor":13},{"not_picked":["ChargingUp","DC","WitchLeyline"],"picked":"SKIP","floor":14},{"not_picked":["AlicesGift+1"],"picked":"SKIP","floor":18},{"not_picked":[],"picked":"PropBag","floor":22},{"not_picked":["IllusionStar"],"picked":"SKIP","floor":23},{"not_picked":["LuminesStrike"],"picked":"SKIP","floor":25},{"not_picked":["UnstableBomb+1"],"picked":"SKIP","floor":29},{"not_picked":[],"picked":"MillisecondPulsars","floor":30},{"not_picked":["NonDirectionalLaser"],"picked":"SKIP","floor":31},{"not_picked":["UnstableBomb+1"],"picked":"SKIP","floor":35},{"not_picked":[],"picked":"DoubleSpark+1","floor":37},{"not_picked":["LuminesStrike+1"],"picked":"SKIP","floor":38},{"not_picked":["GalacticHalo+1"],"picked":"SKIP","floor":39},{"not_picked":[],"picked":"OrrerysSun","floor":41},{"not_picked":["ChargeUpSpray+1"],"picked":"SKIP","floor":45},{"not_picked":["DarkSpark"],"picked":"SKIP","floor":47}],"player_experience":760412,"relics_obtained":[{"floor":7,"key":"ScarletDevilRocket"},{"floor":9,"key":"Bottled Flame"},{"floor":10,"key":"DemoMod:DecoyRelic"},{"floor":23,"key":"Pet Ghost"},{"floor":25,"key":"Mirror"},{"floor":26,"key":"Bottled Lightning"},{"floor":41,"key":"Sundial"},{"floor":44,"key":"Counterbalance"},{"floor":45,"key":"Potion Belt"},{"floor":47,"key":"Bag of Preparation"}],"event_choices":[{"damage_healed":0,"gold_gain":75,"player_choice":"Gather Gold","damage_taken":11,"max_hp_gain":0,"max_hp_loss":0,"event_name":"World of Goop","floor":4,"gold_loss":0},{"damage_healed":0,"gold_gain":0,"player_choice":"Joined the Cult","damage_taken":6,"max_hp_gain":0,"max_hp_loss":0,"event_name":"Nest","floor":19,"gold_loss":0,"cards_obtained":["RitualDagger"]},{"damage_healed":0,"gold_gain":0,"player_choice":"Got Potions","damage_taken":0,"max_hp_gain":0,"max_hp_loss":0,"event_name":"Lab","floor":21,"gold_loss":0},{"damage_healed":0,"gold_gain":0,"player_choice":"Fight","damage_taken":0,"max_hp_gain":0,"max_hp_loss":0,"event_name":"MindBloom","floor":44,"gold_loss":0}],"is_beta":false,"boss_relics":[{"not_picked":["Replay:Wanted Poster","Ectoplasm"],"picked":"Busted Crown"},{"not_picked":["Ring of Chaos","ChewingGum"],"picked":"Cursed Key"}],"items_purged_floors":[],"is_endless":false,"potions_floor_spawned":[1,10,18,22,25,33,35,39,41,44,47],"ascension_level":6}}