{"host":"867cnhxguf2bzj4x","time":1610235927,"event":{"mods":["BaseMod","BetterRewards","Duelist Mod","GifTheSpireLib","Lobotomy","Minty Spire (QoL Compilation)","StSLib","The Bug Knight","The Cursed","The Necromancer"],"gold_per_floor":[112,187,187,41,58,58,73,73,124,299,299,309,309,319,319,422,422,442,460,559,571,374,393,393,405,453,453,453],"floor_reached":27,"playtime":778,"items_purged":["Defend_G","Doubt"],"score":230,"play_id":"d12fdcc4-cfb1-45d8-af5d-c78a1a6cabb8","local_time":"20210110004527","is_ascension_mode":false,"campfire_choices":[{"data":"Poisoned Stab","floor":6,"key":"SMITH"},{"data":"Bouncing Flask","floor":13,"key":"SMITH"},{"data":"Catalyst","floor":15,"key":"SMITH"}],"circlet_count":0,"master_deck":["Strike_G","Strike_G","Strike_G","Strike_G","Defend_G","Defend_G","Defend_G","Defend_G","Survivor","Neutralize","Funeral","Poisoned Stab+1","Catalyst+1","Bouncing Flask+1","Poisoned Stab+1","OldLady","LaLuna","Deadly Poison","Bloodbath","Writhe"],"relics":["Ring of the Snake","CogitoBucket","Smiling Mask","Sozu","AspirationHeart","Membership Card","Orichalcum","Lantern"],"acts_visited":["Exordium","TheCity"],"potions_floor_usage":[16,16],"damage_taken":[{"damage":0,"enemies":"Jaw Worm","floor":1,"turns":4},{"damage":1,"enemies":"2 Louse","floor":5,"turns":3},{"damage":0,"enemies":"Cultist","floor":7,"turns":3},{"damage":10,"enemies":"Large Slime","floor":12,"turns":5},{"damage":0,"enemies":"3 Louse","floor":14,"turns":1},{"damage":16,"enemies":"The Guardian","floor":16,"turns":7},{"damage":8,"enemies":"Chosen","floor":18,"turns":3},{"damage":0,"enemies":"3 Byrds","floor":19,"turns":4},{"damage":22,"enemies":"Shelled Parasite and Fungi","floor":21,"turns":4},{"damage":31,"enemies":"Cultist and Chosen","floor":23,"turns":5},{"damage":11,"enemies":"Centurion and Healer","floor":25,"turns":5},{"damage":24,"enemies":"Chosen and Byrds","floor":27,"turns":1}],"seed_played":"36925165420037781","potions_obtained":[{"floor":12,"key":"EntropicBrew"},{"floor":16,"key":"EssenceOfSteel"}],"is_trial":false,"path_per_floor":["M","?","?","$","M","R","M","?","T","?","?","M","R","M","R","B",null,"M","M","?","M","$","M","?","M","T","M"],"character_chosen":"THE_SILENT","items_purchased":["Catalyst","Membership Card"],"campfire_rested":0,"item_purchase_floors":[4,22],"current_hp_per_floor":[70,59,52,52,53,53,55,55,55,55,70,61,61,61,61,47,70,73,74,74,53,53,24,24,16,16,0,0],"gold":453,"neow_bonus":"","is_daily":false,"chose_seed":false,"campfire_upgraded":3,"win_rate":0.0,"timestamp":1610235927,"path_taken":["M","?","?","$","?","R","M","?","T","?","?","?","R","M","R","BOSS","M","M","?","M","$","M","?","M","T","M"],"items_purchased_type":["Card","Relic"],"build_version":"2020-12-22","purchased_purges":2,"victory":false,"max_hp_per_floor":[70,70,70,70,70,70,70,70,70,70,70,70,70,70,70,70,70,80,80,80,80,80,80,80,80,80,80,80],"card_choices":[{"not_picked":["Woodsman","MeatLantern"],"picked":"Funeral","floor":1},{"not_picked":["Bane","PiercingWail"],"picked":"Poisoned Stab","floor":1},{"not_picked":["Backflip","Sucker Punch"],"picked":"Bouncing Flask","floor":5},{"not_picked":["VoidDream","WallGazer"],"picked":"BlackSwan","floor":7},{"not_picked":["Dodge and Roll","Expertise"],"picked":"Poisoned Stab","floor":7},{"not_picked":["Backflip","Storm of Steel"],"picked":"Backstab","floor":12},{"not_picked":["CrumblingArmor","BigBird","FairyFestival"],"picked":"Singing Bowl","floor":14},{"not_picked":["Infinite Blades","Choke"],"picked":"Backstab","floor":14},{"not_picked":["VoidDream","Rudolta","Wellcheers"],"picked":"Singing Bowl","floor":16},{"not_picked":["CherryBlossoms","OSAHOGD"],"picked":"OldLady","floor":16},{"not_picked":["Corpse Explosion","Wraith Form v2"],"picked":"Adrenaline","floor":16},{"not_picked":["Wellcheers","CherryBlossoms"],"picked":"LaLuna","floor":18},{"not_picked":["Reflex","Slice+1","Sucker Punch"],"picked":"SKIP","floor":18},{"not_picked":["Scarecrow","Laetitia","Wellcheers"],"picked":"Singing Bowl","floor":19},{"not_picked":["PiercingWail","Leg Sweep+1"],"picked":"Deadly Poison","floor":19},{"not_picked":["Yin","Woodsman","MHz"],"picked":"Singing Bowl","floor":21},{"not_picked":["RedShoes","FieryBird"],"picked":"Bloodbath","floor":21},{"not_picked":["Dagger Spray+1","Backflip","PiercingWail"],"picked":"SKIP","floor":21},{"not_picked":["PunishingBird","QueenOfHatred","WallGazer"],"picked":"Singing Bowl","floor":23},{"not_picked":["Blade Dance","Dagger Throw","Footwork"],"picked":"SKIP","floor":23},{"not_picked":["Dash","Glass Knife","Cloak And Dagger"],"picked":"SKIP","floor":25}],"player_experience":118501,"relics_obtained":[{"floor":9,"key":"Smiling Mask"},{"floor":26,"key":"Lantern"}],"event_choices":[{"damage_healed":0,"gold_gain":75,"player_choice":"Gather Gold","damage_taken":11,"max_hp_gain":0,"max_hp_loss":0,"event_name":"World of Goop","floor":2,"gold_loss":0},{"cards_removed":["Strike_G"],"damage_healed":0,"gold_gain":0,"player_choice":"Card Removal","damage_taken":7,"max_hp_gain":0,"max_hp_loss":0,"event_name":"Golden Wing","floor":3,"gold_loss":0},{"damage_healed":0,"gold_gain":0,"player_choice":"Grow","damage_taken":0,"max_hp_gain":0,"max_hp_loss":0,"event_name":"Living Wall","floor":8,"gold_loss":0,"cards_upgraded":["Poisoned Stab"]},{"damage_healed":0,"gold_gain":175,"player_choice":"AGREE","damage_taken":0,"max_hp_gain":0,"max_hp_loss":0,"event_name":"Liars Game","floor":10,"gold_loss":0,"cards_obtained":["Doubt"]},{"cards_removed":["BlackSwan"],"damage_healed":15,"gold_gain":0,"player_choice":"Offered Uncommon","damage_taken":0,"max_hp_gain":0,"max_hp_loss":0,"event_name":"Bonfire Elementals","floor":11,"gold_loss":0},{"damage_healed":0,"gold_gain":99,"player_choice":"Stole From Cult","damage_taken":0,"max_hp_gain":0,"max_hp_loss":0,"event_name":"Nest","floor":20,"gold_loss":0},{"damage_healed":0,"gold_gain":0,"player_choice":"Opened","damage_taken":0,"relics_obtained":["Orichalcum"],"max_hp_gain":0,"max_hp_loss":0,"event_name":"The Mausoleum","floor":24,"gold_loss":0,"cards_obtained":["Writhe"]}],"is_beta":false,"boss_relics":[{"not_picked":["Calling Bell","Velvet Choker"],"picked":"Sozu"}],"items_purged_floors":[4,22],"is_endless":false,"potions_floor_spawned":[12,16,18,19,25],"killed_by":"Chosen and Byrds","ascension_level":0}}