{"host":"1iwkvlftzq7l25pj","time":1610213345,"event":{"mods":["AchievementEnabler","BaseMod","Colored Map","Colored Powertips","Minty Spire (QoL Compilation)","StSLib"],"gold_per_floor":[110,126,96,107,32,32,61,61,61,82,96,96,96,122,122,226,226,268,117,131,145,145,145,145],"floor_reached":23,"playtime":1567,"items_purged":["Strike_P"],"score":269,"play_id":"66b407d2-9077-4bbd-96dc-6538141eba41","local_time":"20210109122905","is_ascension_mode":true,"campfire_choices":[{"data":"Eruption","floor":6.0,"key":"SMITH"},{"data":"TalkToTheHand","floor":8.0,"key":"SMITH"},{"data":"Vigilance","floor":12.0,"key":"SMITH"},{"floor":15.0,"key":"REST"}],"circlet_count":0,"master_deck":["Strike_P","Strike_P","Strike_P","Defend_P","Defend_P","Defend_P","Defend_P","Eruption+1","Vigilance+1","TalkToTheHand+1","CutThroughFate","Indignation","EmptyMind","SashWhip","Evaluate","ThirdEye","Wish","WaveOfTheHand+1","Study","Consecrate+1"],"relics":["PureWater","NeowsBlessing","Meat on the Bone","Art of War","Odd Mushroom","Gremlin Horn","Coffee Dripper","Pen Nib"],"acts_visited":["Exordium","TheCity"],"potions_floor_usage":[23],"damage_taken":[{"damage":0.0,"enemies":"Cultist","floor":1.0,"turns":1.0},{"damage":0.0,"enemies":"Small Slimes","floor":2.0,"turns":1.0},{"damage":0.0,"enemies":"Jaw Worm","floor":4.0,"turns":1.0},{"damage":0.0,"enemies":"Gremlin Nob","floor":7.0,"turns":2.0},{"damage":24.0,"enemies":"The Mushroom Lair","floor":10.0,"turns":5.0},{"damage":2.0,"enemies":"Blue Slaver","floor":11.0,"turns":3.0},{"damage":35.0,"enemies":"3 Sentries","floor":14.0,"turns":10.0},{"damage":26.0,"enemies":"Hexaghost","floor":16.0,"turns":9.0},{"damage":25.0,"enemies":"Spheric Guardian","floor":18.0,"turns":7.0},{"damage":3.0,"enemies":"Chosen","floor":20.0,"turns":7.0},{"damage":6.0,"enemies":"3 Cultists","floor":21.0,"turns":5.0},{"damage":56,"enemies":"Book of Stabbing","floor":23,"turns":10}],"seed_played":"-3029104480619712723","potions_obtained":[{"floor":1.0,"key":"Strength Potion"},{"floor":3.0,"key":"StancePotion"},{"floor":3.0,"key":"Fire Potion"},{"floor":10.0,"key":"ColorlessPotion"},{"floor":14.0,"key":"Swift Potion"},{"floor":18.0,"key":"Block Potion"},{"floor":21.0,"key":"Strength Potion"}],"is_trial":false,"path_per_floor":["M","M","?","M","$","R","E","R","T","?","M","R","?","E","R","B",null,"M","$","M","M","?","E"],"character_chosen":"WATCHER","items_purchased":["Study","DistilledChaos"],"campfire_rested":1,"item_purchase_floors":[19,19],"current_hp_per_floor":[72,72,72,72,72,72,72,72,72,48,46,46,51,28,51,37,77,52,52,49,43,43,0,0],"gold":145,"neow_bonus":"THREE_ENEMY_KILL","is_daily":false,"chose_seed":false,"campfire_upgraded":3,"win_rate":0.0,"timestamp":1610213345,"path_taken":["M","M","?","?","?","R","E","R","T","?","?","R","?","E","R","BOSS","M","$","M","M","?","E"],"items_purchased_type":["Card","Potion"],"build_version":"2020-12-22","purchased_purges":1,"victory":false,"max_hp_per_floor":[72,72,72,72,72,72,72,72,72,72,72,72,77,77,77,77,77,77,77,77,77,77,77,77],"card_choices":[{"not_picked":["FlyingSleeves","CarveReality"],"picked":"TalkToTheHand","floor":1.0},{"not_picked":["FlurryOfBlows","Swivel"],"picked":"CutThroughFate","floor":2.0},{"not_picked":["PathToVictory","FollowUp"],"picked":"Indignation","floor":4.0},{"not_picked":["ClearTheMind","Swivel"],"picked":"EmptyMind","floor":7.0},{"not_picked":["SandsOfTime","FlurryOfBlows"],"picked":"SashWhip","floor":10.0},{"not_picked":["Crescendo","CrushJoints"],"picked":"Evaluate","floor":11.0},{"not_picked":["FlurryOfBlows","Alpha"],"picked":"ThirdEye","floor":14.0},{"not_picked":["SpiritShield","Ragnarok"],"picked":"Wish","floor":16.0},{"not_picked":["Evaluate","Collect"],"picked":"WaveOfTheHand+1","floor":18.0},{"not_picked":["BowlingBash+1","ForeignInfluence+1"],"picked":"Consecrate+1","floor":20.0},{"not_picked":["WaveOfTheHand","SpiritShield","CarveReality"],"picked":"SKIP","floor":21.0}],"player_experience":226053,"relics_obtained":[{"floor":7.0,"key":"Meat on the Bone"},{"floor":9.0,"key":"Art of War"},{"floor":10.0,"key":"Odd Mushroom"},{"floor":14.0,"key":"Gremlin Horn"}],"event_choices":[{"damage_healed":0.0,"max_hp_gain":0.0,"max_hp_loss":0.0,"gold_gain":0.0,"event_name":"The Woman in Blue","player_choice":"Bought 2 Potions","floor":3.0,"gold_loss":0.0,"damage_taken":0.0},{"damage_healed":0.0,"max_hp_gain":0.0,"max_hp_loss":0.0,"gold_gain":0.0,"event_name":"Mushrooms","player_choice":"Fought Mushrooms","floor":10.0,"gold_loss":0.0,"damage_taken":0.0},{"damage_healed":0.0,"max_hp_gain":5.0,"max_hp_loss":0.0,"gold_gain":0.0,"event_name":"Big Fish","player_choice":"Donut","floor":13.0,"gold_loss":0.0,"damage_taken":0.0},{"damage_healed":0.0,"max_hp_gain":0.0,"max_hp_loss":0.0,"gold_gain":0.0,"event_name":"The Mausoleum","player_choice":"Opened","floor":22.0,"gold_loss":0.0,"damage_taken":0.0,"relics_obtained":["Pen Nib"]}],"is_beta":false,"boss_relics":[{"not_picked":["SlaversCollar","Tiny House"],"picked":"Coffee Dripper"}],"items_purged_floors":[5],"is_endless":false,"potions_floor_spawned":[1,10,14,18,21],"killed_by":"Book of Stabbing","ascension_level":4}}