{"host":"sav7uxregyirlf69","time":1610202511,"event":{"mods":["AchievementEnabler","BaseMod","Colored Map","DeckTracker","Keyboard Shortcuts","Minty Spire (QoL Compilation)","READ ME - Guardian Mod","StSLib","SuperFastMode"],"gold_per_floor":[113,113,113,38,50,76,76,76,100,100,119,132,91,103,103,181,181,200,220,12,12,12,24,24,24,24,35,35,51,66,116,116,116,116],"floor_reached":33,"playtime":990,"items_purged":["Pain"],"score":494,"play_id":"5e4bf027-96fc-43da-bcab-220f47178d8b","local_time":"20210109232831","is_ascension_mode":true,"campfire_choices":[{"floor":8.0,"key":"REST"},{"data":"Caltrops","floor":15.0,"key":"SMITH"},{"data":"Concentrate","floor":24,"key":"SMITH"},{"floor":28,"key":"REST"},{"floor":32,"key":"REST"}],"circlet_count":0,"master_deck":["AscendersBane","Strike_G+1","Strike_G","Strike_G+1","Strike_G","Defend_G","Defend_G","Defend_G+1","Defend_G","Survivor","Neutralize","Concentrate+1","Reflex","Backflip","Acrobatics","Caltrops+1","Dagger Throw","Heel Hook+1","Tactician","Prepared+1","Eviscerate+1","Heel Hook","Calculated Gamble"],"relics":["Ring of the Snake","Whetstone","Juzu Bracelet","Runic Pyramid","Orrery","War Paint"],"acts_visited":["Exordium","TheCity"],"potions_floor_usage":[23,30,33],"damage_taken":[{"damage":15.0,"enemies":"Jaw Worm","floor":1.0,"turns":5.0},{"damage":0.0,"enemies":"2 Louse","floor":5.0,"turns":2.0},{"damage":47.0,"enemies":"3 Sentries","floor":6.0,"turns":20.0},{"damage":0.0,"enemies":"Cultist","floor":11.0,"turns":4.0},{"damage":0.0,"enemies":"Exordium Wildlife","floor":12.0,"turns":3.0},{"damage":1.0,"enemies":"2 Fungi Beasts","floor":14.0,"turns":4.0},{"damage":30.0,"enemies":"The Guardian","floor":16.0,"turns":14.0},{"damage":6.0,"enemies":"Chosen","floor":18.0,"turns":5.0},{"damage":10.0,"enemies":"Shell Parasite","floor":19.0,"turns":6.0},{"damage":5,"enemies":"Cultist and Chosen","floor":23,"turns":7},{"damage":7,"enemies":"Centurion and Healer","floor":27,"turns":5},{"damage":11,"enemies":"Snake Plant","floor":29,"turns":3},{"damage":21,"enemies":"Sentry and Sphere","floor":30,"turns":5},{"damage":38,"enemies":"Champ","floor":33,"turns":7}],"seed_played":"-7944301303243213615","potions_obtained":[{"floor":1.0,"key":"Swift Potion"},{"floor":12.0,"key":"Block Potion"},{"floor":16.0,"key":"Energy Potion"},{"floor":19.0,"key":"Dexterity Potion"},{"floor":29,"key":"LiquidMemories"},{"floor":30,"key":"ColorlessPotion"}],"is_trial":false,"path_per_floor":["M","?","?","$","M","E","$","R","T","?","M","M","$","M","R","B",null,"M","M","$","?","?","M","R","$","T","M","R","M","M","?","R","B"],"character_chosen":"THE_SILENT","items_purchased":["Caltrops","Tactician","Orrery"],"campfire_rested":3,"item_purchase_floors":[13,20,20],"current_hp_per_floor":[44,44,49,49,49,2,2,23,23,71,71,71,71,70,70,40,63,57,47,47,47,27,22,22,22,22,15,37,26,5,5,27,0,0],"gold":116,"neow_bonus":"TRANSFORM_TWO_CARDS","is_daily":false,"chose_seed":false,"campfire_upgraded":2,"win_rate":0.0,"timestamp":1610202511,"path_taken":["M","?","?","$","M","E","?","R","T","?","M","M","$","M","R","BOSS","M","M","$","?","?","M","R","?","T","M","R","M","M","?","R","BOSS"],"items_purchased_type":["Card","Card","Relic"],"build_version":"2020-12-22","purchased_purges":1,"victory":false,"max_hp_per_floor":[66,66,71,71,71,71,71,71,71,71,71,71,71,71,71,71,71,71,71,71,71,76,76,76,76,76,76,76,76,76,76,76,76,76],"card_choices":[{"not_picked":["Backstab","Endless Agony"],"picked":"Reflex","floor":1.0},{"not_picked":["Flechettes","Dodge and Roll"],"picked":"Backflip","floor":5.0},{"not_picked":["Accuracy","Slice","Burst"],"picked":"SKIP","floor":6.0},{"not_picked":["Skewer","Outmaneuver"],"picked":"Acrobatics","floor":11.0},{"not_picked":["Sucker Punch","Cloak And Dagger","Backflip"],"picked":"SKIP","floor":12.0},{"not_picked":["PiercingWail","Slice"],"picked":"Dagger Throw","floor":14.0},{"not_picked":["Dagger Spray","Cloak And Dagger","Slice"],"picked":"SKIP","floor":18.0},{"not_picked":["Dagger Spray","Dagger Throw"],"picked":"Heel Hook+1","floor":19.0},{"not_picked":["Bane","All Out Attack"],"picked":"Prepared","floor":20.0},{"not_picked":["Quick Slash","Acrobatics"],"picked":"Eviscerate+1","floor":20.0},{"not_picked":["Concentrate","Endless Agony","Bouncing Flask"],"picked":"SKIP","floor":23},{"not_picked":["Setup","Dagger Spray"],"picked":"Heel Hook","floor":27},{"not_picked":["Infinite Blades","Caltrops","All Out Attack"],"picked":"SKIP","floor":29},{"not_picked":["Cloak And Dagger+1","Envenom"],"picked":"Calculated Gamble","floor":30}],"player_experience":1215539,"relics_obtained":[{"floor":6.0,"key":"Whetstone"},{"floor":9.0,"key":"Juzu Bracelet"},{"floor":26,"key":"War Paint"}],"event_choices":[{"damage_healed":0.0,"max_hp_gain":0.0,"max_hp_loss":0.0,"gold_gain":0.0,"event_name":"Liars Game","player_choice":"Ignored","floor":2.0,"gold_loss":0.0,"damage_taken":0.0},{"damage_healed":0.0,"max_hp_gain":5.0,"max_hp_loss":0.0,"gold_gain":0.0,"event_name":"Big Fish","player_choice":"Donut","floor":3.0,"gold_loss":0.0,"damage_taken":0.0},{"cards_removed":["Backstab"],"damage_healed":48.0,"max_hp_gain":0.0,"max_hp_loss":0.0,"gold_gain":0.0,"event_name":"Bonfire Elementals","player_choice":"Offered Uncommon","floor":10.0,"gold_loss":0.0,"damage_taken":0.0},{"damage_healed":0.0,"max_hp_gain":0.0,"max_hp_loss":0.0,"gold_gain":0.0,"event_name":"The Mausoleum","player_choice":"Ignored","floor":21.0,"gold_loss":0.0,"damage_taken":0.0},{"damage_healed":0.0,"max_hp_gain":5.0,"max_hp_loss":0.0,"gold_gain":0.0,"event_name":"Forgotten Altar","player_choice":"Shed Blood","floor":22.0,"gold_loss":0.0,"damage_taken":25.0},{"damage_healed":0,"gold_gain":50,"player_choice":"Pray","damage_taken":0,"max_hp_gain":0,"max_hp_loss":0,"event_name":"Golden Shrine","floor":31,"gold_loss":0}],"is_beta":false,"boss_relics":[{"not_picked":["Fusion Hammer","Sozu"],"picked":"Runic Pyramid"}],"items_purged_floors":[4],"is_endless":false,"potions_floor_spawned":[1,12,16,19,29,30],"killed_by":"Champ","ascension_level":20}}