{"host":"lg1piimdyocafd6j","time":1610201494,"event":{"mods":["AchievementEnabler","BaseMod","Better Third Choice","BetterRewards","Colored Map","Colored Powertips","Downfall","Minty Spire (QoL Compilation)","Quick Restart","Rare Cards Sparkle","Remove Card Discount Mod","Shop Mod","StSLib","SuperFastMode"],"gold_per_floor":[117,36,36,55,230,263,282,282,282,297,372,372,372,383,383,485,485,499,338,354,379,379,379,379,407,407,407,424,227,227,243,243,346,346,360,371,421,421,643,643,643,662,686,686,697,715,748,256,256,256,256],"floor_reached":50,"playtime":2935,"items_purged":["Defend_G","Defend_G","Strike_G","Strike_G","Strike_G","Strike_G","Neutralize","Strike_G","Defend_G","Doubt","Caltrops","Caltrops","Slice","Slice","Infinite Blades+1","Deadly Poison+1","Noxious Fumes","Bouncing Flask","Bouncing Flask","Catalyst","Blade Dance","Blade Dance","Noxious Fumes","Deflect"],"score":538,"play_id":"af9c93fa-2977-4360-bf39-d46af6598e75","local_time":"20210109151134","is_ascension_mode":false,"campfire_choices":[{"floor":12,"key":"REST"},{"floor":15,"key":"RECALL"},{"floor":23,"key":"REST"},{"floor":27,"key":"REST"},{"floor":32,"key":"REST"},{"data":"Sadistic Nature","floor":40,"key":"SMITH"},{"floor":49,"key":"REST"}],"circlet_count":0,"master_deck":["Defend_G+1","Defend_G+1","Survivor","Sadistic Nature+1","Poisoned Stab","Deflect","Burst","Noxious Fumes","Poisoned Stab","Poisoned Stab","Envenom","Bandage Up","Envenom","Footwork","Blade Dance","Deflect+1","Backstab+1","Blade Dance+1","Sadistic Nature"],"relics":["Ring of the Snake","Membership Card","Pantograph","Omamori","SlaversCollar","DollysMirror","Red Mask","Lantern","Bottled Tornado","Bottled Lightning","MutagenicStrength","WristBlade","Peace Pipe","Paper Crane","PreservedInsect","Darkstone Periapt","Eternal Feather","TwistedFunnel","The Specimen"],"acts_visited":["Exordium","TheCity","TheBeyond"],"potions_floor_usage":[16,16,25,25,31,42,50,50,50],"damage_taken":[{"damage":0,"enemies":"Jaw Worm","floor":1,"turns":5},{"damage":0,"enemies":"2 Louse","floor":4,"turns":2},{"damage":26,"enemies":"Gremlin Nob","floor":6,"turns":4},{"damage":0,"enemies":"Small Slimes","floor":7,"turns":3},{"damage":1,"enemies":"Looter","floor":10,"turns":3},{"damage":0,"enemies":"3 Louse","floor":14,"turns":2},{"damage":47,"enemies":"Slime Boss","floor":16,"turns":6},{"damage":11,"enemies":"Spheric Guardian","floor":18,"turns":4},{"damage":16,"enemies":"2 Thieves","floor":20,"turns":3},{"damage":42,"enemies":"Masked Bandits","floor":21,"turns":4},{"damage":10,"enemies":"Gremlin Leader","floor":25,"turns":5},{"damage":0,"enemies":"Cultist and Chosen","floor":28,"turns":4},{"damage":17,"enemies":"Chosen and Byrds","floor":31,"turns":5},{"damage":7,"enemies":"Collector","floor":33,"turns":6},{"damage":0,"enemies":"3 Shapes","floor":35,"turns":6},{"damage":23,"enemies":"3 Darklings","floor":36,"turns":6},{"damage":0,"enemies":"Mind Bloom Boss Battle","floor":37,"turns":3},{"damage":9,"enemies":"Spire Growth","floor":42,"turns":2},{"damage":16,"enemies":"Sphere and 2 Shapes","floor":45,"turns":6},{"damage":27,"enemies":"Jaw Worm Horde","floor":46,"turns":4},{"damage":23,"enemies":"Reptomancer","floor":47,"turns":5},{"damage":76,"enemies":"Time Eater","floor":50,"turns":7}],"seed_played":"97242947793385895","potions_obtained":[{"floor":1,"key":"LiquidBronze"},{"floor":6,"key":"Strength Potion"},{"floor":10,"key":"LiquidBronze"},{"floor":18,"key":"FearPotion"},{"floor":21,"key":"Ancient Potion"},{"floor":25,"key":"AttackPotion"},{"floor":46,"key":"ColorlessPotion"},{"floor":47,"key":"SkillPotion"}],"is_trial":false,"path_per_floor":["M","$","?","M","?","E","M","T","T","M","?","R","?","M","R","B",null,"M","$","M","?","?","R","?","E","T","R","M","$","?","M","R","B",null,"M","M","?","T","?","R","?","M","T","?","M","M","E","$","R","B"],"character_chosen":"THE_SILENT","items_purchased":["Caltrops","Sadistic Nature","Poisoned Stab","Deflect","Membership Card","Caltrops","Blade Dance","Burst","Deflect","Noxious Fumes","Backstab","Noxious Fumes","Bouncing Flask","DollysMirror","Noxious Fumes","Blade Dance","Bottled Lightning","Bandage Up","Sadistic Nature","Eternal Feather","TwistedFunnel","The Specimen","LiquidMemories"],"campfire_rested":5,"item_purchase_floors":[0,0,0,0,0,0,0,0,0,0,2,2,19,19,19,29,29,29,48,48,48,48,48],"current_hp_per_floor":[70,70,70,70,70,44,44,44,44,43,32,53,70,70,70,23,70,59,59,43,1,1,22,22,12,12,33,33,33,33,20,41,63,70,70,47,70,70,70,70,70,61,61,61,49,26,7,7,37,0,0],"gold":256,"neow_bonus":"","is_daily":false,"chose_seed":true,"campfire_upgraded":1,"win_rate":0.0,"timestamp":1610201494,"path_taken":["M","$","?","M","?","E","M","?","T","M","?","R","?","M","R","BOSS","M","$","M","?","?","R","?","E","T","R","M","$","?","M","R","BOSS","M","M","?","?","?","R","?","M","T","?","?","?","E","$","R","BOSS"],"items_purchased_type":["Card","Card","Card","Card","Relic","Card","Card","Card","Card","Card","Card","Card","Card","Relic","Card","Card","Relic","Card","Card","Relic","Relic","Relic","Potion"],"build_version":"2020-12-22","purchased_purges":24,"victory":false,"max_hp_per_floor":[70,70,70,70,70,70,70,70,70,70,70,70,70,70,70,70,70,70,70,70,70,70,70,70,70,70,70,70,70,70,70,70,70,70,70,70,70,70,70,70,70,70,70,70,70,70,70,70,70,70,70],"card_choices":[{"not_picked":["Underhanded Strike","Deadly Poison","Acrobatics"],"picked":"SKIP","floor":1},{"not_picked":["Quick Slash","Tactician"],"picked":"Slice","floor":4},{"not_picked":["Blade Dance","Acrobatics"],"picked":"Poisoned Stab","floor":6},{"not_picked":["Backflip","Prepared","Accuracy"],"picked":"SKIP","floor":7},{"not_picked":["Deadly Poison","Finisher"],"picked":"Slice","floor":10},{"not_picked":["Prepared","Sucker Punch"],"picked":"Poisoned Stab","floor":14},{"not_picked":["Leg Sweep","PiercingWail"],"picked":"Infinite Blades+1","floor":18},{"not_picked":["Poisoned Stab","Deflect"],"picked":"Catalyst","floor":20},{"not_picked":["Noxious Fumes","All Out Attack"],"picked":"Deadly Poison+1","floor":21},{"not_picked":["Dagger Spray","Acrobatics"],"picked":"Envenom","floor":25},{"not_picked":["Expertise","Dagger Throw","Underhanded Strike"],"picked":"SKIP","floor":28},{"not_picked":["Slice+1","Blur","Reflex"],"picked":"SKIP","floor":31},{"not_picked":["After Image","Burst"],"picked":"Envenom","floor":33},{"not_picked":["Dagger Throw","Prepared"],"picked":"Footwork","floor":35},{"not_picked":["Concentrate","Dagger Throw+1"],"picked":"Blade Dance","floor":36},{"not_picked":["Cloak And Dagger","Prepared","Deadly Poison+1"],"picked":"SKIP","floor":42},{"not_picked":["Predator","Distraction+1"],"picked":"Deflect+1","floor":45},{"not_picked":["Accuracy+1","Poisoned Stab"],"picked":"Backstab+1","floor":46},{"not_picked":["Backflip+1","Outmaneuver"],"picked":"Blade Dance+1","floor":47}],"player_experience":115980,"relics_obtained":[{"floor":6,"key":"Pantograph"},{"floor":9,"key":"Omamori"},{"floor":21,"key":"Red Mask"},{"floor":25,"key":"Lantern"},{"floor":26,"key":"Bottled Tornado"},{"floor":37,"key":"Peace Pipe"},{"floor":38,"key":"Paper Crane"},{"floor":43,"key":"PreservedInsect"},{"floor":47,"key":"Darkstone Periapt"}],"event_choices":[{"damage_healed":0,"gold_gain":0,"player_choice":"Leave","damage_taken":0,"max_hp_gain":0,"max_hp_loss":0,"event_name":"The Cleric","floor":3,"gold_loss":0},{"damage_healed":0,"gold_gain":175,"player_choice":"AGREE","damage_taken":55,"max_hp_gain":0,"max_hp_loss":0,"event_name":"betterThird:BetterSerpent","floor":5,"gold_loss":0},{"damage_healed":0,"gold_gain":75,"player_choice":"Gold","damage_taken":11,"max_hp_gain":0,"max_hp_loss":0,"event_name":"betterThird:BetterGoop","floor":11,"gold_loss":0},{"damage_healed":23,"gold_gain":0,"player_choice":"Banana","damage_taken":0,"max_hp_gain":0,"max_hp_loss":0,"event_name":"Big Fish","floor":13,"gold_loss":0},{"damage_healed":0,"gold_gain":0,"player_choice":"Fought Bandits","damage_taken":0,"max_hp_gain":0,"max_hp_loss":0,"event_name":"Masked Bandits","floor":21,"gold_loss":0},{"damage_healed":0,"gold_gain":0,"player_choice":"Ignored","damage_taken":0,"max_hp_gain":0,"max_hp_loss":0,"event_name":"Vampires","floor":22,"gold_loss":0},{"damage_healed":0,"gold_gain":0,"player_choice":"Simplicity","damage_taken":0,"max_hp_gain":0,"max_hp_loss":2,"event_name":"betterThird:BetterWriting","floor":24,"gold_loss":0},{"damage_healed":0,"gold_gain":0,"player_choice":"Inject Mutagens","damage_taken":0,"relics_obtained":["MutagenicStrength"],"max_hp_gain":0,"max_hp_loss":0,"event_name":"Drug Dealer","floor":30,"gold_loss":0},{"damage_healed":0,"gold_gain":0,"player_choice":"Fight","damage_taken":0,"max_hp_gain":0,"max_hp_loss":0,"event_name":"MindBloom","floor":37,"gold_loss":0},{"damage_healed":0,"gold_gain":222,"player_choice":"Wore Mask","damage_taken":0,"max_hp_gain":0,"max_hp_loss":0,"event_name":"Tomb of Lord Red Mask","floor":39,"gold_loss":0},{"cards_removed":["Backstab"],"damage_healed":0,"gold_gain":0,"player_choice":"Removed Attack","damage_taken":0,"max_hp_gain":0,"max_hp_loss":0,"event_name":"Falling","floor":41,"gold_loss":0},{"damage_healed":0,"gold_gain":0,"player_choice":"0 cards matched","damage_taken":0,"max_hp_gain":0,"max_hp_loss":0,"event_name":"Match and Keep!","floor":44,"gold_loss":0,"cards_obtained":[]}],"is_beta":false,"boss_relics":[{"not_picked":["Philosopher\u0027s Stone","Cursed Key"],"picked":"SlaversCollar"},{"not_picked":["Empty Cage","Velvet Choker"],"picked":"WristBlade"}],"items_purged_floors":[0,0,0,0,0,0,0,2,2,19,19,19,19,19,19,29,29,29,29,29,48,48,48,48],"is_endless":false,"potions_floor_spawned":[1,6,10,18,21,25,46,47],"killed_by":"Time Eater","ascension_level":0}}