{"host":"oy4pyvr762z5n0bb","time":1610176030,"event":{"mods":["AchievementEnabler","BaseMod","Colored Map","Colored Powertips","Googly Eyes","Key Reminder","Minty Spire (QoL Compilation)","Quick Restart","Relic Sorter","Slay the Relics Exporter","StSLib","SuperFastMode","Unceasing Turn Reminder","slay the spire mod where everything is the same but ironclad has a cowboy hat"],"gold_per_floor":[216,216,216,291,34,34,75,75,75,119,119,19,19,54,54,178,178,194,194,213,213,24,24,42,42,42,42,42,42,42,59,59,59,59],"floor_reached":33,"playtime":475,"items_purged":["Injury"],"score":434,"play_id":"a20fc800-d525-453b-a968-43bfdf777371","local_time":"20210108230710","is_ascension_mode":true,"campfire_choices":[{"data":"Zap","floor":6,"key":"SMITH"},{"data":"Ball Lightning","floor":8,"key":"SMITH"},{"floor":11,"key":"REST"},{"floor":13,"key":"REST"},{"data":"Streamline","floor":15,"key":"SMITH"},{"floor":23,"key":"REST"},{"floor":29,"key":"REST"},{"floor":32,"key":"REST"}],"circlet_count":0,"master_deck":["AscendersBane","Defend_B","Defend_B","Defend_B","Defend_B","Zap+1","Dualcast","Streamline+1","Rebound","Ball Lightning+1","Steam Power","Hologram","Streamline+1","Electrodynamics+1","Sweeping Beam+1","Conserve Battery","Leap","FTL","Static Discharge","Reprogram+1"],"relics":["Cracked Core","Bloody Idol","PreservedInsect","Pear","Prayer Wheel","Mercury Hourglass","Juzu Bracelet","Empty Cage","Blood Vial","Bottled Flame"],"acts_visited":["Exordium","TheCity"],"potions_floor_usage":[14,33],"damage_taken":[{"damage":7,"enemies":"2 Louse","floor":1,"turns":3},{"damage":15,"enemies":"Gremlin Nob","floor":7,"turns":3},{"damage":25,"enemies":"3 Sentries","floor":10,"turns":5},{"damage":0,"enemies":"Lagavulin","floor":14,"turns":3},{"damage":50,"enemies":"Hexaghost","floor":16,"turns":8},{"damage":39,"enemies":"Shell Parasite","floor":18,"turns":5},{"damage":7,"enemies":"Chosen","floor":20,"turns":4},{"damage":22,"enemies":"Snake Plant","floor":24,"turns":4},{"damage":42,"enemies":"Chosen and Byrds","floor":31,"turns":5},{"damage":75,"enemies":"Automaton","floor":33,"turns":6}],"seed_played":"-6006185541783198446","potions_obtained":[{"floor":7,"key":"Ancient Potion"},{"floor":18,"key":"SteroidPotion"}],"is_trial":false,"path_per_floor":["M","?","?","?","$","R","E","R","T","E","R","$","R","E","R","B",null,"M","?","M","?","$","R","M","$","T","$","?","R","?","M","R","B"],"character_chosen":"DEFECT","items_purchased":["PreservedInsect","Rebound","Hologram","Fire Potion","Blood Vial","Leap"],"campfire_rested":5,"item_purchase_floors":[5,5,12,12,22,22],"current_hp_per_floor":[61,61,61,50,50,50,45,45,45,20,45,45,70,70,70,20,69,30,30,23,23,23,48,33,33,33,33,33,58,58,23,48,0,0],"gold":59,"neow_bonus":"HUNDRED_GOLD","is_daily":false,"chose_seed":false,"campfire_upgraded":3,"win_rate":0.0,"timestamp":1610176030,"path_taken":["M","?","?","?","$","R","E","R","T","E","R","?","R","E","R","BOSS","M","?","M","?","$","R","M","$","T","$","?","R","?","M","R","BOSS"],"items_purchased_type":["Relic","Card","Card","Potion","Relic","Card"],"build_version":"2020-12-22","purchased_purges":1,"victory":false,"max_hp_per_floor":[75,75,75,75,75,75,85,85,85,85,85,85,85,85,85,85,85,85,85,85,85,85,85,85,85,85,85,85,85,85,85,85,85,85],"card_choices":[{"not_picked":["Compile Driver","Static Discharge"],"picked":"Streamline","floor":1},{"not_picked":["Rip and Tear","Stack"],"picked":"Ball Lightning","floor":7},{"not_picked":["Barrage","Heatsinks"],"picked":"Steam Power","floor":10},{"not_picked":["Go for the Eyes","Amplify"],"picked":"Streamline","floor":14},{"not_picked":["Biased Cognition","Thunder Strike"],"picked":"Electrodynamics","floor":16},{"not_picked":["Coolheaded","Static Discharge","Streamline"],"picked":"SKIP","floor":18},{"not_picked":["Scrape","Fusion","Hologram"],"picked":"SKIP","floor":18},{"not_picked":["Ball Lightning","Hologram+1"],"picked":"Sweeping Beam+1","floor":20},{"not_picked":["Genetic Algorithm","Barrage"],"picked":"Conserve Battery","floor":20},{"not_picked":["Aggregate","Blizzard+1","Lockon+1"],"picked":"SKIP","floor":24},{"not_picked":["Compile Driver","Redo","Stack"],"picked":"SKIP","floor":24},{"not_picked":["Ball Lightning","Genetic Algorithm"],"picked":"Reprogram+1","floor":31},{"not_picked":["Barrage","Meteor Strike","BootSequence"],"picked":"SKIP","floor":31}],"player_experience":725575,"relics_obtained":[{"floor":7,"key":"Pear"},{"floor":9,"key":"Prayer Wheel"},{"floor":10,"key":"Mercury Hourglass"},{"floor":14,"key":"Juzu Bracelet"},{"floor":26,"key":"Bottled Flame"}],"event_choices":[{"damage_healed":0,"gold_gain":0,"player_choice":"Grow","damage_taken":0,"max_hp_gain":0,"max_hp_loss":0,"event_name":"Living Wall","floor":2,"gold_loss":0,"cards_upgraded":["Streamline"]},{"damage_healed":0,"gold_gain":0,"player_choice":"Take Wound","damage_taken":0,"relics_obtained":["Golden Idol"],"max_hp_gain":0,"max_hp_loss":0,"event_name":"Golden Idol","floor":3,"gold_loss":0,"cards_obtained":["Injury"]},{"damage_healed":0,"gold_gain":75,"player_choice":"Gather Gold","damage_taken":11,"max_hp_gain":0,"max_hp_loss":0,"event_name":"World of Goop","floor":4,"gold_loss":0},{"damage_healed":0,"gold_gain":0,"player_choice":"Ignored","damage_taken":0,"max_hp_gain":0,"max_hp_loss":0,"event_name":"Ghosts","floor":19,"gold_loss":0},{"damage_healed":0,"gold_gain":0,"player_choice":"Gave Idol","damage_taken":0,"relics_obtained":["Bloody Idol"],"max_hp_gain":0,"max_hp_loss":0,"event_name":"Forgotten Altar","floor":21,"relics_lost":["Golden Idol"],"gold_loss":0},{"damage_healed":0,"gold_gain":0,"player_choice":"Upgraded","damage_taken":0,"max_hp_gain":0,"max_hp_loss":0,"event_name":"Upgrade Shrine","floor":28,"gold_loss":0,"cards_upgraded":["Electrodynamics"]},{"damage_healed":0,"gold_gain":0,"cards_transformed":["Strike_B","Strike_B"],"player_choice":"Became Test Subject","damage_taken":0,"max_hp_gain":0,"max_hp_loss":0,"event_name":"Drug Dealer","floor":30,"gold_loss":0,"cards_obtained":["FTL","Static Discharge"]}],"is_beta":false,"boss_relics":[{"not_picked":["Astrolabe","Philosopher\u0027s Stone"],"picked":"Empty Cage"}],"items_purged_floors":[5],"is_endless":false,"potions_floor_spawned":[7,18,24,31],"killed_by":"Automaton","ascension_level":11}}