{"host":"61xbmbtf5zrn7rzc","time":1610228964,"event":{"mods":["BaseMod","Challenge The Spire","Downfall","Hubris","Minty Spire (QoL Compilation)","Replay The Spire","StSLib","SuperFastMode","The Marked"],"gold_per_floor":[99,116,116,134,147,165,165,75,0,63,93,93,93,110,129,244,244,244,129,141,156,256,276,276,296,296,314,239,272,272,287,300,403,403,403,403],"floor_reached":34,"playtime":1407,"items_purged":["Slimebound:Strike_Slimebound","Slimebound:Strike_Slimebound"],"score":414,"play_id":"2aa1c24b-9b9a-44e0-a055-fdb18e28774a","local_time":"20210109164924","is_ascension_mode":true,"campfire_choices":[{"data":"Slimebound:Split","floor":1,"key":"SMITH"},{"data":"Slimebound:Prepare","floor":9,"key":"SMITH"},{"floor":13,"key":"REST"},{"data":"Slimebound:Equalize","floor":18,"key":"SMITH"},{"floor":26,"key":"RECALL"},{"data":"Slimebound:OozeBath","floor":28,"key":"SMITH"},{"data":"Slimebound:SlimeSpikes","floor":30,"key":"SMITH"}],"circlet_count":0,"master_deck":["Slimebound:Strike_Slimebound","Slimebound:Tackle","Slimebound:Defend_Slimebound","Slimebound:Defend_Slimebound","Slimebound:Defend_Slimebound","Slimebound:Defend_Slimebound","Slimebound:Split+1","Slimebound:CorrosiveSpit","Slimebound:SplitAcid","Slimebound:SlimeSpikes+1","Slimebound:Equalize+1","Slimebound:Prepare+1","Slimebound:SplitBruiser","Slimebound:SplitAcid","Slimebound:SplitMire","Slimebound:OozeBath+1","Slimebound:SplitLeeching+1","Slimebound:SlimeTap+1","Slimebound:SlimeSpikes+1","Slimebound:AcidTongue+1","Slimebound:DuplicatedForm"],"relics":["Slimebound:AbsorbEndCombat","downfall:HeartBlessingBlue","Replay:WaspNest","Onion Ring","Slimebound:AggressiveSlimeRelic","hubris:MedicalManual","ChewingGum","Mummified Hand","downfall:HeartBlessingRed","Pondfish Scales","hubris:VirtuousBlindfold"],"acts_visited":["Exordium","TheCity","TheBeyond"],"potions_floor_usage":[10,16,16,16,29,33],"damage_taken":[{"damage":19,"enemies":"Jaw Worm","floor":2,"turns":3},{"damage":15,"enemies":"Cultist","floor":4,"turns":3},{"damage":23,"enemies":"2 Louse","floor":5,"turns":2},{"damage":28,"enemies":"Exordium Thugs","floor":6,"turns":5},{"damage":15,"enemies":"downfall:FleeingMerchant","floor":8,"turns":4},{"damage":26,"enemies":"Lagavulin Event","floor":10,"turns":5},{"damage":22,"enemies":"3 Sentries","floor":11,"turns":4},{"damage":28,"enemies":"Lots of Slimes","floor":14,"turns":2},{"damage":13,"enemies":"Exordium Wildlife","floor":15,"turns":3},{"damage":39,"enemies":"downfall:Defect","floor":16,"turns":5},{"damage":44,"enemies":"downfall:FleeingMerchant","floor":19,"turns":4},{"damage":44,"enemies":"Spheric Guardian","floor":20,"turns":3},{"damage":37,"enemies":"Centurion and Healer","floor":21,"turns":6},{"damage":42,"enemies":"3 Cultists","floor":23,"turns":3},{"damage":35,"enemies":"Sentry and Sphere","floor":25,"turns":4},{"damage":34,"enemies":"Centurion and Healer","floor":27,"turns":5},{"damage":46,"enemies":"Slavers","floor":29,"turns":3},{"damage":25,"enemies":"Snake Plant","floor":31,"turns":2},{"damage":26,"enemies":"3 Cultists","floor":32,"turns":4},{"damage":60,"enemies":"downfall:Watcher","floor":33,"turns":6}],"seed_played":"8894270921706840513","potions_obtained":[{"floor":2,"key":"ColorlessPotion"},{"floor":3,"key":"Weak Potion"},{"floor":3,"key":"Slimebound:SlimedPotion"},{"floor":5,"key":"SkillPotion"},{"floor":14,"key":"ColorlessPotion"},{"floor":15,"key":"SkillPotion"},{"floor":16,"key":"SteroidPotion"},{"floor":23,"key":"AttackPotion"},{"floor":25,"key":"SpeedPotion"},{"floor":29,"key":"Slimebound:SlimedPotion"},{"floor":33,"key":"ColorlessPotion"}],"is_trial":false,"path_per_floor":["R","M","?","M","M","M","T","$","R","?","E","$","R","M","M","B",null,"R","$","M","M","?","M","T","M","R","M","R","E","R","M","M","B",null],"character_chosen":"SLIMEBOUND","items_purchased":["Slimebound:AggressiveSlimeRelic","hubris:MedicalManual"],"campfire_rested":1,"item_purchase_floors":[12,12],"current_hp_per_floor":[60,60,60,60,49,37,37,38,48,40,36,6,27,15,30,27,70,70,66,54,61,61,51,51,52,52,70,70,52,52,47,45,41,70,70,70],"gold":403,"neow_bonus":"THREE_CARDS","is_daily":false,"chose_seed":false,"campfire_upgraded":5,"win_rate":0.0,"timestamp":1610228964,"path_taken":["R","M","?","M","?","M","T","$","R","?","E","?","R","M","M","BOSS","R","$","M","M","?","M","T","M","R","M","R","E","R","?","M","BOSS"],"items_purchased_type":["Relic","Relic"],"build_version":"2020-12-22","purchased_purges":2,"victory":false,"max_hp_per_floor":[60,60,60,60,60,60,60,60,70,70,70,70,70,70,70,70,70,70,70,70,70,70,70,70,70,70,70,70,70,70,70,70,70,70,70,70],"card_choices":[{"not_picked":["Slimebound:BestDefense","Slimebound:HauntingLick"],"picked":"Slimebound:SplitAcid","floor":0},{"not_picked":["Slimebound:GoopSpray","Slimebound:Schlurp"],"picked":"Slimebound:SlimeSpikes","floor":2},{"not_picked":["Slimebound:HauntingLick","Slimebound:LeechingTouch","Slimebound:LeechEnergy"],"picked":"SKIP","floor":4},{"not_picked":["Slimebound:SpikyOuterGoop","Slimebound:GoopSpray","Slimebound:Schlurp"],"picked":"SKIP","floor":5},{"not_picked":["Slimebound:SamplingLick","Slimebound:SplitAcid"],"picked":"Slimebound:Equalize","floor":6},{"not_picked":["Slimebound:SpikyOuterGoop","Slimebound:WasteNot"],"picked":"Slimebound:Prepare","floor":8},{"not_picked":["Slimebound:SamplingLick","Slimebound:GoopSpray"],"picked":"Slimebound:SplitBruiser","floor":10},{"not_picked":["Slimebound:RainOfGoop","Slimebound:FlameTackle"],"picked":"Slimebound:SplitAcid","floor":11},{"not_picked":["Slimebound:HauntingLick","Slimebound:ForwardTackle","Slimebound:Schlurp"],"picked":"SKIP","floor":14},{"not_picked":["Slimebound:FinishingTackle","Slimebound:ComboTackle"],"picked":"Slimebound:SplitMire","floor":15},{"not_picked":["Slimebound:Teamwork","Slimebound:MinionMaster"],"picked":"Slimebound:OozeBath","floor":16},{"not_picked":["Slimebound:SlimeSpikes+1","Slimebound:MassFeed"],"picked":"Slimebound:SplitLeeching+1","floor":19},{"not_picked":["Slimebound:RollThrough","Slimebound:LeadByExample+1"],"picked":"Slimebound:SlimeTap+1","floor":20},{"not_picked":["Slimebound:SplitLeeching","Slimebound:PressTheAttack"],"picked":"Slimebound:SlimeSpikes+1","floor":21},{"not_picked":["Slimebound:SplitAcid","Slimebound:FinishingTackle","Slimebound:ForwardTackle"],"picked":"SKIP","floor":23},{"not_picked":["Slimebound:SplitLeeching","Slimebound:Chomp","Slimebound:BestDefense"],"picked":"SKIP","floor":25},{"not_picked":["Slimebound:PressTheAttack+1","Slimebound:SplitBruiser","Slimebound:ComboTackle"],"picked":"SKIP","floor":27},{"not_picked":["Slimebound:LivingWall","Slimebound:Equalize+1","Slimebound:WasteNot"],"picked":"SKIP","floor":29},{"not_picked":["Slimebound:RollThrough","Slimebound:FinishingTackle"],"picked":"Slimebound:AcidTongue+1","floor":31},{"not_picked":["Slimebound:Grow","Slimebound:GoopSpray","Slimebound:FinishingTackle"],"picked":"SKIP","floor":32},{"not_picked":["Slimebound:SlimeSlap","Slimebound:OozeBath"],"picked":"Slimebound:DuplicatedForm","floor":33}],"player_experience":180555,"relics_obtained":[{"floor":10,"key":"Replay:WaspNest"},{"floor":11,"key":"Onion Ring"},{"floor":24,"key":"Mummified Hand"},{"floor":29,"key":"Pondfish Scales"}],"event_choices":[{"damage_healed":0,"gold_gain":0,"player_choice":"Got Potions","damage_taken":0,"max_hp_gain":0,"max_hp_loss":0,"event_name":"Lab","floor":3,"gold_loss":0}],"is_beta":false,"boss_relics":[{"not_picked":["hubris:TerracottaHorce","hubris:GrandSneckoEye"],"picked":"ChewingGum"},{"not_picked":["hubris:CrackedHourglass","Philosopher\u0027s Stone"],"picked":"hubris:VirtuousBlindfold"}],"items_purged_floors":[8,19],"is_endless":false,"potions_floor_spawned":[2,5,14,15,16,23,25,29,33],"ascension_level":2}}