{"host":"hnrafgucdht3qvsp","time":1610224327,"event":{"mods":["BaseMod","Bestiary","Colored Map","Minty Spire (QoL Compilation)","Relic Stats","StSLib"],"gold_per_floor":[114,114,128,128,138,138,173,273,324,324,324],"floor_reached":10,"playtime":217,"items_purged":[],"score":69,"play_id":"e9070334-ee4b-40dc-aae0-8323d40e75bd","local_time":"20210109153207","is_ascension_mode":true,"campfire_choices":[{"data":"Conclude","floor":6,"key":"SMITH"}],"circlet_count":0,"master_deck":["Strike_P+1","Strike_P+1","Strike_P+1","Defend_P","Defend_P","Defend_P","Defend_P","Eruption+1","Vigilance","Scrawl","Protect","Adaptation","Conclude+1","Crescendo"],"relics":["PureWater","Ancient Tea Set","Whetstone"],"acts_visited":["Exordium"],"potions_floor_usage":[7],"damage_taken":[{"damage":0,"enemies":"2 Louse","floor":1,"turns":3},{"damage":0,"enemies":"Small Slimes","floor":3,"turns":3},{"damage":0,"enemies":"Cultist","floor":5,"turns":2},{"damage":14,"enemies":"Gremlin Nob","floor":7,"turns":3},{"damage":55,"enemies":"Lagavulin","floor":10,"turns":3}],"seed_played":"3651555023212508347","potions_obtained":[{"floor":3,"key":"EssenceOfSteel"},{"floor":5,"key":"LiquidMemories"}],"is_trial":false,"path_per_floor":["M","?","M","?","M","R","E","?","T","E"],"character_chosen":"WATCHER","items_purchased":[],"campfire_rested":0,"item_purchase_floors":[],"current_hp_per_floor":[72,65,65,51,51,51,37,37,37,0,0],"gold":324,"neow_bonus":"ONE_RANDOM_RARE_CARD","is_daily":false,"chose_seed":false,"campfire_upgraded":1,"win_rate":0.0,"timestamp":1610224327,"path_taken":["M","?","M","?","M","R","E","?","T","E"],"items_purchased_type":[],"build_version":"2020-12-22","purchased_purges":0,"victory":false,"max_hp_per_floor":[72,72,72,72,72,72,72,72,72,72,72],"relic_stats":{"counters":[5,14],"Whetstone":["Strike_P","Strike_P"],"obtain_stats":[{"Whetstone":9,"PureWater":0,"Ancient Tea Set":7},{"Whetstone":4,"PureWater":0,"Ancient Tea Set":4},{"Whetstone":11,"PureWater":0,"Ancient Tea Set":11}]},"card_choices":[{"not_picked":["ThirdEye","Halt"],"picked":"Protect","floor":1},{"not_picked":["Protect","ThirdEye"],"picked":"Adaptation","floor":3},{"not_picked":["Study","Fasting2"],"picked":"Conclude","floor":5},{"not_picked":["WindmillStrike","Pray"],"picked":"Crescendo","floor":7}],"player_experience":398839,"relics_obtained":[{"floor":7,"key":"Ancient Tea Set"},{"floor":9,"key":"Whetstone"}],"event_choices":[{"cards_removed":["Strike_P"],"damage_healed":0,"gold_gain":0,"player_choice":"Card Removal","damage_taken":7,"max_hp_gain":0,"max_hp_loss":0,"event_name":"Golden Wing","floor":2,"gold_loss":0},{"damage_healed":0,"gold_gain":0,"player_choice":"Entered Light","damage_taken":14,"max_hp_gain":0,"max_hp_loss":0,"event_name":"Shining Light","floor":4,"gold_loss":0,"cards_upgraded":["Strike_P","Eruption"]},{"damage_healed":0,"gold_gain":100,"player_choice":"Pray","damage_taken":0,"max_hp_gain":0,"max_hp_loss":0,"event_name":"Golden Shrine","floor":8,"gold_loss":0}],"is_beta":false,"boss_relics":[],"items_purged_floors":[],"is_endless":false,"potions_floor_spawned":[3,5],"killed_by":"Lagavulin","ascension_level":1}}