{"host":"d61fcf2p3sjwe6yo","time":1610226041,"event":{"mods":["AchievementEnabler","BaseMod","Colored Map","Minty Spire (QoL Compilation)","StSLib","SuperFastMode"],"gold_per_floor":[118,118,118,118,136,168,168,199,248,248,260,270,270,48,48,146,146,159,169,22,22,37,37,37],"floor_reached":23,"playtime":645,"items_purged":["Strike_B"],"score":325,"play_id":"8e4646a2-37eb-4cb6-b4d7-7e4cd8f78d63","local_time":"20210110000041","is_ascension_mode":true,"campfire_choices":[{"data":"Zap","floor":7,"key":"SMITH"},{"data":"Dualcast","floor":10,"key":"SMITH"},{"data":"Capacitor","floor":15,"key":"SMITH"}],"circlet_count":0,"master_deck":["Strike_B","Defend_B+1","Defend_B","Defend_B","Defend_B","Zap+1","Dualcast+1","Ball Lightning","Darkness+1","Capacitor+1","All For One","Gash","Buffer","Gash","All For One","Leap"],"relics":["Cracked Core","NeowsBlessing","Nunchaku","Strawberry","Calipers","War Paint","Pen Nib","Runic Dome","Nilry\u0027s Codex"],"acts_visited":["Exordium","TheCity"],"potions_floor_usage":[16,22,22],"damage_taken":[{"damage":0,"enemies":"2 Louse","floor":1,"turns":1},{"damage":0,"enemies":"Small Slimes","floor":5,"turns":1},{"damage":0,"enemies":"3 Sentries","floor":6,"turns":1},{"damage":20,"enemies":"Lagavulin","floor":8,"turns":6},{"damage":6,"enemies":"Cultist","floor":11,"turns":3},{"damage":5,"enemies":"Exordium Wildlife","floor":12,"turns":3},{"damage":19,"enemies":"The Guardian","floor":16,"turns":7},{"damage":7,"enemies":"Chosen","floor":18,"turns":3},{"damage":24,"enemies":"2 Thieves","floor":19,"turns":4},{"damage":19,"enemies":"Snake Plant","floor":22,"turns":2},{"damage":0,"enemies":"Sentry and Sphere","floor":23,"turns":2}],"seed_played":"2972036098330269709","potions_obtained":[{"floor":11,"key":"SpeedPotion"},{"floor":16,"key":"DistilledChaos"},{"floor":19,"key":"GamblersBrew"}],"is_trial":false,"path_per_floor":["M","?","?","?","M","E","R","E","T","R","M","M","?","$","R","B",null,"M","M","$","?","M","M"],"character_chosen":"DEFECT","items_purchased":["Pen Nib","All For One"],"campfire_rested":0,"item_purchase_floors":[14,20],"current_hp_per_floor":[68,65,70,70,70,77,77,57,57,57,51,46,46,46,46,27,72,65,41,41,25,6,6,6],"gold":37,"neow_bonus":"THREE_ENEMY_KILL","is_daily":false,"chose_seed":false,"campfire_upgraded":3,"win_rate":0.0,"timestamp":1610226041,"path_taken":["M","?","?","?","M","E","R","E","T","R","M","M","?","$","R","BOSS","M","M","?","?","M","M"],"items_purchased_type":["Relic","Card"],"build_version":"2020-12-22","purchased_purges":1,"victory":false,"max_hp_per_floor":[75,75,80,80,80,87,87,87,87,87,87,87,87,87,87,87,87,87,87,87,87,87,87,87],"card_choices":[{"not_picked":["Go for the Eyes","Gash"],"picked":"Ball Lightning","floor":1},{"not_picked":["Turbo","Reprogram","Auto Shields"],"picked":"SKIP","floor":5},{"not_picked":["Coolheaded","Beam Cell"],"picked":"Darkness","floor":6},{"not_picked":["Force Field","Hologram"],"picked":"Capacitor","floor":8},{"not_picked":["Gash","Barrage","Turbo"],"picked":"SKIP","floor":11},{"not_picked":["Turbo","Reinforced Body"],"picked":"All For One","floor":12},{"not_picked":["Meteor Strike","Amplify"],"picked":"Buffer","floor":16},{"not_picked":["Leap","Go for the Eyes"],"picked":"Gash","floor":18},{"not_picked":["Rip and Tear","Streamline","Sweeping Beam"],"picked":"SKIP","floor":19},{"not_picked":["Lockon+1","Beam Cell"],"picked":"Leap","floor":22}],"player_experience":168800,"relics_obtained":[{"floor":6,"key":"Strawberry"},{"floor":8,"key":"Calipers"},{"floor":9,"key":"War Paint"},{"floor":21,"key":"Nilry\u0027s Codex"}],"event_choices":[{"damage_healed":0,"gold_gain":0,"player_choice":"Success","damage_taken":3,"relics_obtained":["Nunchaku"],"max_hp_gain":0,"max_hp_loss":0,"event_name":"Scrap Ooze","floor":2,"gold_loss":0},{"damage_healed":0,"gold_gain":0,"player_choice":"Donut","damage_taken":0,"max_hp_gain":5,"max_hp_loss":0,"event_name":"Big Fish","floor":3,"gold_loss":0},{"cards_removed":["Strike_B"],"damage_healed":0,"gold_gain":0,"player_choice":"Forget","damage_taken":0,"max_hp_gain":0,"max_hp_loss":0,"event_name":"Living Wall","floor":4,"gold_loss":0},{"damage_healed":0,"gold_gain":0,"cards_transformed":["Strike_B"],"player_choice":"Transformed","damage_taken":0,"max_hp_gain":0,"max_hp_loss":0,"event_name":"Transmorgrifier","floor":13,"gold_loss":0,"cards_obtained":["Gash"]},{"damage_healed":0,"gold_gain":0,"player_choice":"Obtained Book","damage_taken":16,"max_hp_gain":0,"max_hp_loss":0,"event_name":"Cursed Tome","floor":21,"gold_loss":0}],"is_beta":false,"boss_relics":[{"not_picked":["Fusion Hammer","Philosopher\u0027s Stone"],"picked":"Runic Dome"}],"items_purged_floors":[14],"is_endless":false,"potions_floor_spawned":[11,16,19],"killed_by":"Sentry and Sphere","ascension_level":9}}