{"host":"7r6bd5ce6zscnmwq","time":1610211200,"event":{"mods":["BaseMod","Better Altar","Better Match","Better Note","Better Sensory Stone","Better Skull","Better Third Choice","Better Vampires","Block Reminder","Colored Powertips","Displayed Cursed Tome","Minty Spire (QoL Compilation)","Permanent Neow","Quick Restart","Shop Mod","Spicy Shops","StSLib","The Dragon Tamer"],"gold_per_floor":[117,7,18,18,28,28,46,65,115,150,169,169,184,9,9,109,154,174,49,65,75,75,75,86,130,202,237,252,252,262,271,271,383,383,412,430,200,250,268,306,324,324,324,337,337,0,24,41,41,41,41,41,41,80,80,80,80],"floor_reached":55,"playtime":13032,"items_purged":["DTMod:Strike","DTMod:Strike","DTMod:Haste"],"score":841,"play_id":"3836035d-c6d3-4149-8682-7d2babd38dc2","local_time":"20210110015320","is_ascension_mode":false,"metric_token":1171,"campfire_choices":[{"data":"DTMod:ComboAttack","floor":6.0,"key":"SMITH"},{"data":"DTMod:Overwhelm","floor":15.0,"key":"SMITH"},{"data":"DTMod:Threaten","floor":23.0,"key":"SMITH"},{"data":"DTMod:HeatWave","floor":29.0,"key":"SMITH"},{"data":"DTMod:SealedStrike","floor":32.0,"key":"SMITH"},{"floor":42,"key":"REST"},{"data":"DTMod:Weaken","floor":45,"key":"SMITH"},{"floor":49,"key":"RECALL"},{"data":"DTMod:CalculatedDefense","floor":52,"key":"SMITH"}],"dtmod_dragon_data":[0,64,0,0,0,0],"circlet_count":0,"master_deck":["DTMod:DoubleHit","DTMod:SwitchingTactic+1","DTMod:BlueScale","DTMod:Weaken+1","DTMod:CalculatedDefense+1","DTMod:Threaten+1","DTMod:Overwhelm+1","DTMod:ShieldDrain","DTMod:FierySynthesis","DTMod:Shift","DTMod:LowKick","DTMod:StarRain","DTMod:HeatWave+1","DTMod:SealedStrike+1","DTMod:HeadStart","DTMod:Coolant+1","AscendersBane","DTMod:MagicField+1","DTMod:LastStand+1","Madness","Madness","DTMod:CleansingStrike+1","DTMod:PurifyingFlame+1"],"relics":["DTMod:PactStone","CeramicFish","Bottled Tornado","ClockworkSouvenir","Pandora\u0027s Box","Strawberry","Lizard Tail","Empty Cage","Art of War","PreservedInsect","Turnip","MealTicket","Mummified Hand","Red Mask","Orichalcum"],"acts_visited":["Exordium","TheCity","TheBeyond","TheEnding"],"potions_floor_usage":[40,40,48,48,50,50,55],"damage_taken":[{"damage":0.0,"enemies":"Small Slimes","floor":1.0,"turns":3.0},{"damage":0.0,"enemies":"Cultist","floor":3.0,"turns":3.0},{"damage":0.0,"enemies":"Jaw Worm","floor":5.0,"turns":3.0},{"damage":0.0,"enemies":"Gremlin Gang","floor":7.0,"turns":4.0},{"damage":0.0,"enemies":"Looter","floor":8.0,"turns":4.0},{"damage":4.0,"enemies":"Gremlin Nob","floor":10.0,"turns":4.0},{"damage":10.0,"enemies":"Exordium Wildlife","floor":11.0,"turns":5.0},{"damage":0.0,"enemies":"3 Louse","floor":13.0,"turns":3.0},{"damage":0.0,"enemies":"The Guardian","floor":16.0,"turns":8.0},{"damage":0.0,"enemies":"3 Byrds","floor":18.0,"turns":5.0},{"damage":0.0,"enemies":"Chosen","floor":20.0,"turns":3.0},{"damage":0.0,"enemies":"Snake Plant","floor":21.0,"turns":3.0},{"damage":0.0,"enemies":"Centurion and Healer","floor":24.0,"turns":4.0},{"damage":0.0,"enemies":"Slavers","floor":25.0,"turns":3.0},{"damage":0.0,"enemies":"Gremlin Leader","floor":27.0,"turns":6.0},{"damage":0.0,"enemies":"Cultist and Chosen","floor":28.0,"turns":4.0},{"damage":1.0,"enemies":"Snecko","floor":30.0,"turns":4.0},{"damage":4.0,"enemies":"Collector","floor":33.0,"turns":8.0},{"damage":0.0,"enemies":"3 Shapes","floor":35.0,"turns":4.0},{"damage":0.0,"enemies":"3 Darklings","floor":36.0,"turns":3.0},{"damage":1,"enemies":"Mind Bloom Boss Battle","floor":38,"turns":7},{"damage":10,"enemies":"Reptomancer","floor":40,"turns":6},{"damage":0,"enemies":"Transient","floor":44,"turns":5},{"damage":2,"enemies":"4 Shapes","floor":47,"turns":5},{"damage":0,"enemies":"Spire Growth","floor":48,"turns":3},{"damage":37,"enemies":"Donu and Deca","floor":50,"turns":14},{"damage":27,"enemies":"Shield and Spear","floor":54,"turns":8},{"damage":33,"enemies":"The Heart","floor":55,"turns":14}],"seed_played":"-6744142017188716246","potions_obtained":[{"floor":3.0,"key":"SkillPotion"},{"floor":8.0,"key":"Dexterity Potion"},{"floor":12.0,"key":"DuplicationPotion"},{"floor":12.0,"key":"Fire Potion"},{"floor":27.0,"key":"Block Potion"},{"floor":28.0,"key":"Swift Potion"},{"floor":44,"key":"AttackPotion"},{"floor":47,"key":"SmokeBomb"},{"floor":48,"key":"Strength Potion"},{"floor":54,"key":"Regen Potion"}],"is_trial":false,"path_per_floor":["M","$","M","?","M","R","M","M","T","E","M","?","M","$","R","B",null,"M","$","M","M","?","R","M","E","T","E","M","R","M","?","R","B",null,"M","M","$","?","?","E","?","R","T","M","R","?","M","M","R","B",null,"R","$","E","B"],"character_chosen":"THE_DT","items_purchased":["DTMod:BlueScale","ClockworkSouvenir","Art of War","PreservedInsect"],"campfire_rested":1,"item_purchase_floors":[2,14,37,37],"current_hp_per_floor":[45,45,45,45,45,45,45,45,45,41,31,31,31,31,31,31,45,45,45,45,45,45,45,45,52,52,52,52,52,51,51,51,47,52,52,52,52,51,51,41,34,49,49,49,49,49,47,47,47,10,52,52,52,25,7,7,7],"gold":80,"neow_bonus":"REMOVE_CARD","is_daily":false,"chose_seed":false,"campfire_upgraded":7,"win_rate":0.0,"timestamp":1610211200,"path_taken":["M","$","M","?","M","R","M","M","T","E","?","?","M","$","R","BOSS","M","$","?","M","?","R","M","E","T","E","M","R","M","?","R","BOSS","M","M","$","?","?","E","?","R","T","M","R","?","M","?","R","BOSS","R","$","E","BOSS"],"items_purchased_type":["Card","Relic","Relic","Relic"],"build_version":"2020-12-22","purchased_purges":3,"victory":false,"max_hp_per_floor":[45,45,45,45,45,45,45,45,45,45,45,45,45,45,45,45,45,45,45,45,45,45,45,45,52,52,52,52,52,52,52,52,52,52,52,52,52,52,52,52,52,52,52,52,52,52,52,52,52,52,52,52,52,52,52,52,52],"card_choices":[{"not_picked":["DTMod:BreakAttack","DTMod:Training"],"picked":"DTMod:ComboAttack","floor":1.0},{"not_picked":["DTMod:MagicField","DTMod:SneakAttack","DTMod:BizarreTactic"],"picked":"SKIP","floor":3.0},{"not_picked":["DTMod:Hide","DTMod:Observe"],"picked":"DTMod:Weaken","floor":5.0},{"not_picked":["DTMod:StarRain","DTMod:BuildUp"],"picked":"DTMod:CalculatedDefense","floor":7.0},{"not_picked":["DTMod:RunningTactic","DTMod:BizarreTactic"],"picked":"DTMod:Threaten","floor":8.0},{"not_picked":["DTMod:Haste","DTMod:FlameSlash"],"picked":"DTMod:Overwhelm","floor":10.0},{"not_picked":["DTMod:BizarreTactic","DTMod:Weaken"],"picked":"DTMod:ShieldDrain","floor":11.0},{"not_picked":["DTMod:MasterPlan","DTMod:BizarreTactic","DTMod:ComboAttack"],"picked":"SKIP","floor":13.0},{"not_picked":["DTMod:Weaken+1","DTMod:ComboAttack","DTMod:Hide"],"picked":"SKIP","floor":18.0},{"not_picked":["DTMod:Feint","DTMod:Hide+1","DTMod:Punisher+1"],"picked":"SKIP","floor":20.0},{"not_picked":["DTMod:MasterPlan","DTMod:QuickFly","DTMod:DragonDance"],"picked":"SKIP","floor":21.0},{"not_picked":["DTMod:DeepFocus","DTMod:CleansingStrike","DTMod:Feint"],"picked":"SKIP","floor":24.0},{"not_picked":["DTMod:Punisher","DTMod:ForkedFire"],"picked":"DTMod:StarRain","floor":25.0},{"not_picked":["DTMod:OpeningTactic","DTMod:RunningTactic"],"picked":"DTMod:HeatWave","floor":27.0},{"not_picked":["DTMod:Hide+1","DTMod:Dissolve","DTMod:QuickFly+1"],"picked":"SKIP","floor":28.0},{"not_picked":["DTMod:FlameSlash","DTMod:Weaken","DTMod:MasterPlan+1"],"picked":"SKIP","floor":30.0},{"not_picked":["DTMod:Prediction","DTMod:ResonanceForm"],"picked":"DTMod:HeadStart","floor":33.0},{"not_picked":["DTMod:PurifyingFlame","DTMod:BuildUp+1"],"picked":"DTMod:Coolant+1","floor":35.0},{"not_picked":["DTMod:BlazingStrike","DTMod:BlueScale","DTMod:MasterPlan"],"picked":"SKIP","floor":36.0},{"not_picked":["DTMod:Feint","DTMod:BreakAttack"],"picked":"DTMod:LastStand+1","floor":40},{"not_picked":["DTMod:Coolant","DTMod:Weaken+1","DTMod:BurningForce"],"picked":"SKIP","floor":44},{"not_picked":["DTMod:StunTrap","DTMod:BizarreTactic"],"picked":"DTMod:CleansingStrike+1","floor":47},{"not_picked":["DTMod:BreakAttack","DTMod:Cover","DTMod:Hide"],"picked":"SKIP","floor":48},{"not_picked":["DTMod:LastStand+1","DTMod:Overwhelm"],"picked":"DTMod:PurifyingFlame+1","floor":54}],"player_experience":606791,"relics_obtained":[{"floor":9.0,"key":"CeramicFish"},{"floor":10.0,"key":"Bottled Tornado"},{"floor":25.0,"key":"Strawberry"},{"floor":27.0,"key":"Lizard Tail"},{"floor":38,"key":"Turnip"},{"floor":40,"key":"MealTicket"},{"floor":43,"key":"Mummified Hand"},{"floor":54,"key":"Orichalcum"}],"event_choices":[{"damage_healed":0.0,"max_hp_gain":0.0,"max_hp_loss":0.0,"gold_gain":0.0,"event_name":"Accursed Blacksmith","player_choice":"Forge","floor":4.0,"gold_loss":0.0,"damage_taken":0.0,"cards_upgraded":["DTMod:SwitchingTactic"]},{"damage_healed":0.0,"max_hp_gain":0.0,"max_hp_loss":0.0,"gold_gain":0.0,"event_name":"Lab","player_choice":"Got Potions","floor":12.0,"gold_loss":0.0,"damage_taken":0.0},{"cards_removed":["DTMod:FierySynthesis"],"damage_healed":0.0,"max_hp_gain":0.0,"max_hp_loss":0.0,"gold_gain":0.0,"event_name":"betterNote:BetterNote","player_choice":"Give","floor":22.0,"gold_loss":0.0,"damage_taken":0.0,"cards_obtained":["DTMod:LightShield"]},{"damage_healed":0.0,"max_hp_gain":0.0,"max_hp_loss":0.0,"gold_gain":0.0,"event_name":"The Library","player_choice":"Read","floor":31.0,"gold_loss":0.0,"damage_taken":0.0,"cards_obtained":["DTMod:SealedStrike"]},{"damage_healed":0,"gold_gain":0,"player_choice":"Fight","damage_taken":0,"max_hp_gain":0,"max_hp_loss":0,"event_name":"MindBloom","floor":38,"gold_loss":0},{"damage_healed":0,"gold_gain":3,"player_choice":"3","damage_taken":0,"max_hp_gain":0,"max_hp_loss":0,"event_name":"betterStone:BetterStone","floor":39,"gold_loss":0,"cards_obtained":["DTMod:MagicField"]},{"damage_healed":0,"gold_gain":0,"player_choice":"Embrace Madness","damage_taken":7,"max_hp_gain":0,"max_hp_loss":0,"event_name":"Winding Halls","floor":41,"gold_loss":0,"cards_obtained":["Madness","Madness"]},{"damage_healed":0,"gold_gain":0,"player_choice":"Paid","damage_taken":0,"relics_obtained":["Red Mask"],"max_hp_gain":0,"max_hp_loss":0,"event_name":"Tomb of Lord Red Mask","floor":46,"gold_loss":337}],"is_beta":false,"boss_relics":[{"not_picked":["Fusion Hammer","SacredBark"],"picked":"Pandora\u0027s Box"},{"not_picked":["Snecko Eye","Runic Dome"],"picked":"Empty Cage"}],"items_purged_floors":[2,14,19],"is_endless":false,"potions_floor_spawned":[3,8,13,16,21,27,28,33,44,47,48,54],"killed_by":"The Heart","ascension_level":0}}