{"host":"njb27ds59h4j3ikk","time":1610227528,"event":{"mods":["AchievementEnabler","BaseMod","Better Altar","Better Match","Better Note","Better Sensory Stone","Better Skull","Better Third Choice","BetterRewards","Downfall","Hermit","Hubris","Minty Spire (QoL Compilation)","Permanent Neow","Quarter Circle Forward PUNCH!","Quick Restart","Rare Cards Sparkle","Replay The Spire","Shop Mod","StSLib","Trackpad","Transform Curses"],"gold_per_floor":[115,130,110,110,68,96,113,140,140,165,180,180,214,234,234,309,309,324,94,111,111,121,121,152,152,179,212,212,243,158,177,177,252,252,263,273,359,370,383,416,416,444,444,477,477,477,477,489,489,489,489,489,41,70,70],"floor_reached":56,"playtime":1895,"items_purged":[],"score":3129,"play_id":"a32b5ff5-566b-4526-bdb8-4299d9328aa8","local_time":"20210109162528","is_ascension_mode":true,"campfire_choices":[{"floor":12.0,"key":"REST"},{"floor":15.0,"key":"DIG"},{"data":"Armaments","floor":23.0,"key":"SMITH"},{"data":"Replay:Undeath\u0027s Touch","floor":32.0,"key":"SMITH"},{"floor":47,"key":"RECALL"},{"floor":49,"key":"DIG"},{"data":"ReplayReversal","floor":52,"key":"SMITH"}],"circlet_count":0,"master_deck":["AscendersBane","Strike_R","Strike_R","Strike_R","Strike_R","Strike_R","Defend_R","Defend_R","Defend_R","Defend_R","Bash","Offering","expansioncontent:DashGenerateEvil","Armaments+1","Iron Wave","Replay:Undeath\u0027s Touch","Combust","Limit Break+1","Wild Strike","Flex","Metallicize","Spot Weakness","Sword Boomerang","Replay:Undeath\u0027s Touch+1","Corruption","Dual Wield+1","Thunderclap","Pommel Strike","ReplayTheSpireMod:Limb From Limb","Brutality","Uppercut+1","Cleave+1","hubris:StunningStrike","Cleave","Pommel Strike+1","Clothesline","Clothesline+1","Bludgeon","Pot Of Greed","Pot Of Greed","Pot Of Greed","Pot Of Greed","ReplayReversal+1","Defy Death","Sever Soul","Sword Boomerang+1","Replay:SS_forest_2","Life Link"],"relics":["Burning Blood","Bird Faced Urn","Vajra","King of Hearts","Ice Cream","Replay:Kaleidoscope","betterThird:SlimedRelic","Red Skull","Mirror","hubris:PeanutButter","PreservedInsect","Bag of Preparation","Mango","trackpad:DemonHeart","Brimstone","trackpad:DisasterInABottle","Anchor","hexamod:BolsterEngine","Paper Frog","Snecko Heart","trackpad:SappingStone","MealTicket","Grinning Jar","qcfpunch:Wild_Herbs_Ointment","qcfpunch:White_Boots","Ring of Searing","ReplayTheSpireMod:Ring of Collecting","ReplayTheSpireMod:Lightbulb","hubris:EmptyBottle","Gremlin Food"],"acts_visited":["Exordium","TheCity","TheBeyond","TheEnding"],"potions_floor_usage":[50,54,55,55,55],"damage_taken":[{"damage":3.0,"enemies":"Cultist","floor":1.0,"turns":2.0},{"damage":6.0,"enemies":"Jaw Worm","floor":2.0,"turns":2.0},{"damage":19.0,"enemies":"3 Sentries","floor":6.0,"turns":5.0},{"damage":6.0,"enemies":"Small Slimes","floor":7.0,"turns":3.0},{"damage":6.0,"enemies":"Gremlin Nob","floor":8.0,"turns":4.0},{"damage":14.0,"enemies":"3 Sentries","floor":10.0,"turns":3.0},{"damage":1.0,"enemies":"Blue Slaver","floor":11.0,"turns":3.0},{"damage":9.0,"enemies":"Gremlin Nob","floor":13.0,"turns":3.0},{"damage":0.0,"enemies":"3 Louse","floor":14.0,"turns":3.0},{"damage":41.0,"enemies":"Hexaghost","floor":16.0,"turns":7.0},{"damage":3.0,"enemies":"Spheric Guardian","floor":18.0,"turns":3.0},{"damage":16.0,"enemies":"2 Thieves","floor":20.0,"turns":3.0},{"damage":0.0,"enemies":"3 Cultists","floor":22.0,"turns":4.0},{"damage":0.0,"enemies":"Slavers","floor":24.0,"turns":2.0},{"damage":0.0,"enemies":"Gremlin Leader","floor":27.0,"turns":1.0},{"damage":11.0,"enemies":"Replay:Snechameleon","floor":29.0,"turns":4.0},{"damage":0.0,"enemies":"Snecko","floor":31.0,"turns":2.0},{"damage":25.0,"enemies":"Collector","floor":33.0,"turns":5.0},{"damage":0,"enemies":"Orb Walker","floor":35,"turns":1},{"damage":0,"enemies":"3 Shapes","floor":36,"turns":2},{"damage":6,"enemies":"Sphere and 2 Shapes","floor":38,"turns":2},{"damage":10,"enemies":"Writhing Mass","floor":39,"turns":3},{"damage":0,"enemies":"Nemesis","floor":40,"turns":1},{"damage":1,"enemies":"R_Hoarder","floor":42,"turns":4},{"damage":0,"enemies":"Giant Head","floor":44,"turns":3},{"damage":4,"enemies":"Maw","floor":48,"turns":2},{"damage":28,"enemies":"Awakened One","floor":50,"turns":5},{"damage":44,"enemies":"Shield and Spear","floor":54,"turns":5},{"damage":20,"enemies":"The Heart","floor":55,"turns":4}],"seed_played":"-4509895749826004312","potions_obtained":[{"floor":2.0,"key":"Swift Potion"},{"floor":3.0,"key":"Flashbang"},{"floor":7.0,"key":"Adrenaline Potion"},{"floor":8.0,"key":"SpeedPotion"},{"floor":13.0,"key":"EntropicBrew"},{"floor":14.0,"key":"FearPotion"},{"floor":16.0,"key":"SpeedPotion"},{"floor":20.0,"key":"LiquidMemories"},{"floor":21.0,"key":"SkillPotion"},{"floor":22.0,"key":"champ:CounterPotion"},{"floor":39,"key":"LifebloodPotion"}],"is_trial":false,"path_per_floor":["M","M","?","$","?","E","M","E","T","E","M","R","E","M","R","B",null,"M","$","M","?","M","R","E","?","T","E","?","E","?","M","R","B",null,"M","M","?","M","M","E","?","E","T","E","?","?","R","M","R","B",null,"R","$","E","B",null],"character_chosen":"IRONCLAD","items_purchased":["Vajra","Offering","expansioncontent:DashGenerateEvil","King of Hearts","Armaments","Replay:Kaleidoscope","Iron Wave","Brimstone","Thunderclap","Replay:SS_forest_2","Life Link","hubris:EmptyBottle","LiquidBronze"],"campfire_rested":1,"item_purchase_floors":[0,0,0,0,0,0,0,19,19,53,53,53,53],"current_hp_per_floor":[73,73,73,73,62,53,55,55,55,49,58,75,72,75,89,58,81,88,88,80,80,86,86,89,89,89,89,89,84,84,89,89,72,85,89,89,58,62,60,66,66,73,73,85,85,85,85,89,89,71,85,85,89,59,47],"gold":70,"neow_bonus":"","is_daily":false,"chose_seed":false,"campfire_upgraded":3,"win_rate":0.0,"timestamp":1610227528,"path_taken":["M","M","?","?","?","E","M","E","T","E","?","R","E","M","R","BOSS","M","$","M","?","M","R","E","?","T","E","?","E","?","?","R","BOSS","M","M","?","?","M","E","?","E","T","E","?","?","R","?","R","BOSS","R","$","E","BOSS"],"items_purchased_type":["Relic","Card","Card","Relic","Card","Relic","Card","Relic","Card","Card","Card","Relic","Potion"],"build_version":"2020-12-22","purchased_purges":0,"victory":true,"max_hp_per_floor":[75,75,75,75,75,75,75,75,75,75,75,75,75,75,89,89,89,89,89,89,89,89,89,89,89,89,89,89,89,89,89,89,89,89,89,89,89,89,89,89,89,89,89,89,89,89,89,89,89,89,89,89,89,93,93],"card_choices":[{"not_picked":["Pommel Strike","Rampage"],"picked":"Replay:Undeath\u0027s Touch","floor":1.0},{"not_picked":["Feel No Pain","hubris:ReadiedAction"],"picked":"Combust","floor":2.0},{"not_picked":["Inflame","Havoc"],"picked":"Limit Break","floor":6.0},{"not_picked":["Havoc","Armaments"],"picked":"Wild Strike","floor":7.0},{"not_picked":["Combust","Evolve"],"picked":"Flex","floor":8.0},{"not_picked":["True Grit","Eclipse"],"picked":"Metallicize","floor":10.0},{"not_picked":["Massacre","Body Slam"],"picked":"Spot Weakness","floor":11.0},{"not_picked":["Twin Strike","Body Slam"],"picked":"Sword Boomerang","floor":13.0},{"not_picked":["Massacre","Reckless Charge"],"picked":"Replay:Undeath\u0027s Touch","floor":14.0},{"not_picked":["Bludgeon","Impervious"],"picked":"Corruption","floor":16.0},{"not_picked":["Havoc","ReplayTheSpireMod:Stacked"],"picked":"Dual Wield+1","floor":18.0},{"not_picked":["Sword Boomerang","Warcry"],"picked":"Pommel Strike","floor":20.0},{"not_picked":["Perfected Strike","Feel No Pain"],"picked":"ReplayTheSpireMod:Limb From Limb","floor":22.0},{"not_picked":["Flex","Havoc"],"picked":"Brutality","floor":24.0},{"not_picked":["hubris:ReadiedAction","Anger","Burning Pact"],"picked":"SKIP","floor":27.0},{"not_picked":["Battle Trance","Burning Pact","Clash"],"picked":"SKIP","floor":29.0},{"not_picked":["hubris:CleavingFinish","hubris:ReadiedAction"],"picked":"Cleave+1","floor":31.0},{"not_picked":["Juggernaut","Demon Form"],"picked":"hubris:StunningStrike","floor":33.0},{"not_picked":["Burning Pact","Replay:Undeath\u0027s Touch"],"picked":"Cleave","floor":35},{"not_picked":["Sever Soul","ReplayTheSpireMod:Strike From Hell+1"],"picked":"Pommel Strike+1","floor":36},{"not_picked":["Spot Weakness+1","Thunderclap"],"picked":"Clothesline","floor":38},{"not_picked":["Headbutt","Havoc"],"picked":"Clothesline+1","floor":39},{"not_picked":["Armaments+1","Pommel Strike"],"picked":"Bludgeon","floor":40},{"not_picked":["Perfected Strike+1","Shrug It Off"],"picked":"ReplayReversal","floor":42},{"not_picked":["Replay:Undeath\u0027s Touch","Havoc+1"],"picked":"Defy Death","floor":44},{"not_picked":["Armaments","Whirlwind+1"],"picked":"Sword Boomerang+1","floor":48},{"not_picked":["Ghostly Armor","Havoc","Anger"],"picked":"SKIP","floor":54}],"player_experience":1234503,"relics_obtained":[{"floor":6.0,"key":"Red Skull"},{"floor":8.0,"key":"Mirror"},{"floor":9.0,"key":"hubris:PeanutButter"},{"floor":10.0,"key":"PreservedInsect"},{"floor":13.0,"key":"Bag of Preparation"},{"floor":15.0,"key":"Mango"},{"floor":24.0,"key":"trackpad:DisasterInABottle"},{"floor":27.0,"key":"Anchor"},{"floor":29.0,"key":"hexamod:BolsterEngine"},{"floor":40,"key":"MealTicket"},{"floor":42,"key":"Grinning Jar"},{"floor":43,"key":"qcfpunch:Wild_Herbs_Ointment"},{"floor":44,"key":"qcfpunch:White_Boots"},{"floor":45,"key":"Ring of Searing"},{"floor":45,"key":"ReplayTheSpireMod:Ring of Collecting"},{"floor":49,"key":"ReplayTheSpireMod:Lightbulb"},{"floor":54,"key":"Gremlin Food"}],"event_choices":[{"damage_healed":0.0,"max_hp_gain":0.0,"max_hp_loss":0.0,"gold_gain":0.0,"event_name":"The Woman in Blue","player_choice":"Bought 1 Potion","floor":3.0,"gold_loss":0.0,"damage_taken":0.0},{"damage_healed":0.0,"max_hp_gain":0.0,"max_hp_loss":0.0,"gold_gain":0.0,"event_name":"betterThird:BetterGoop","player_choice":"Slimed","floor":5.0,"gold_loss":42.0,"damage_taken":11.0},{"damage_healed":0.0,"max_hp_gain":0.0,"max_hp_loss":0.0,"gold_gain":0.0,"event_name":"Lab","player_choice":"Got Potions","floor":21.0,"gold_loss":0.0,"damage_taken":0.0},{"damage_healed":0.0,"max_hp_gain":0.0,"max_hp_loss":0.0,"gold_gain":0.0,"event_name":"Upgrade Shrine","player_choice":"Upgraded","floor":25.0,"gold_loss":0.0,"damage_taken":0.0,"cards_upgraded":["Limit Break"]},{"cards_removed":["Dual Wield"],"damage_healed":0.0,"max_hp_gain":0.0,"max_hp_loss":0.0,"gold_gain":0.0,"event_name":"betterNote:BetterNote","player_choice":"Take \u0026 Give","floor":28.0,"gold_loss":0.0,"damage_taken":0.0,"cards_obtained":["Uppercut"]},{"damage_healed":0.0,"max_hp_gain":0.0,"max_hp_loss":0.0,"gold_gain":0.0,"event_name":"Addict","player_choice":"Obtained Relic","floor":30.0,"gold_loss":85.0,"damage_taken":0.0,"relics_obtained":["Paper Frog"]},{"damage_healed":0,"gold_gain":86,"player_choice":"RE GO ","damage_taken":34,"relics_obtained":["trackpad:SappingStone"],"max_hp_gain":0,"max_hp_loss":0,"event_name":"betterSkull:BetterSkull","floor":37,"gold_loss":0,"cards_upgraded":[]},{"damage_healed":0,"gold_gain":0,"player_choice":"Ignored","damage_taken":0,"max_hp_gain":0,"max_hp_loss":0,"event_name":"Tomb of Lord Red Mask","floor":41,"gold_loss":0},{"damage_healed":0,"gold_gain":0,"cards_transformed":["Voices"],"player_choice":"Transformed","damage_taken":0,"max_hp_gain":0,"max_hp_loss":0,"event_name":"Transmorgrifier","floor":46,"gold_loss":0,"cards_obtained":["Sever Soul"]}],"is_beta":false,"boss_relics":[{"not_picked":["Kintsugi","ReplayTheSpireMod:DimensionalGlitch"],"picked":"trackpad:DemonHeart"},{"not_picked":["trackpad:StolenKidneys","trackpad:Trackpad"],"picked":"Snecko Heart"}],"items_purged_floors":[],"is_endless":false,"potions_floor_spawned":[2,7,8,13,14,16,20,22,24,31,39,42,54],"ascension_level":18}}