{"host":"y087t2reloz9bi43","time":1610205547,"event":{"mods":["2.2 Compatiblity","AchievementEnabler","Aspiration","BaseMod","Beaked The Cultist","Bestiary","Better Note","Better Vampires","BetterRewards","ChefMod","Colored Map","Colored Powertips","Conspire","Downfall","Ekko","Fireblade Mod","Friendly Minions","GifTheSpireLib","Halation","Hermit","Hubris","Infinite Spire","Jedi Mod","JesterMod","Jorbs\u0027s Wanderer Trilogy","Mad Scientist","Marisa????????","Mimic Mod","Minty Spire (QoL Compilation)","Permanent Neow","Rare Cards Sparkle","Relic Stats","Replay The Spire","Robot Space Explorer","Shade Mod","Shop Mod","StSLib","The Blackbeard","The Bug Knight","The Construct","The Cursed","The Hierophant","The Jungle","The Marked","The Mystic","The Necromancer","The Runesmith","The Servant 0.9.4","TheHeartMod","TheHero","TheVacant","Uncapped","everything is the same but u backflip on backflip","vexMod"],"gold_per_floor":[365,22,40,58,72,72,107,107,107,107,107],"floor_reached":10,"playtime":894,"items_purged":["Defend_MRS"],"score":68,"play_id":"b14ebaaf-f756-47ee-a666-9843b22aa68e","local_time":"20210109151907","is_ascension_mode":false,"campfire_choices":[{"data":"theMarked:ComboAttacks","floor":6,"key":"SMITH"},{"data":"theMarked:ComboAttacks","floor":8,"key":"SMITH"}],"circlet_count":0,"master_deck":["theMarked:Strike","theMarked:Strike","theMarked:Strike","theMarked:Strike","theMarked:Strike","theMarked:Defend","theMarked:Defend","theMarked:Defend","theMarked:Defend","theMarked:SoldierOfQuellstein","theMarked:Reabsorb","theMarked:ComboAttacks+1","theMarked:ComboAttacks+1","theMarked:ElectricStrings","expansioncontent:StudyTheSpire","theMarked:ElementalBlade","theMarked:Opportunist","theMarked:Electrify"],"relics":["theMarked:ArtifactOfAir","halation:Toothbrush","Meat on the Bone"],"acts_visited":["Exordium"],"potions_floor_usage":[7],"damage_taken":[{"damage":1,"enemies":"Cultist","floor":1,"turns":5},{"damage":3,"enemies":"Small Slimes","floor":3,"turns":3},{"damage":10,"enemies":"2 Louse","floor":4,"turns":2},{"damage":19,"enemies":"Exordium Thugs","floor":5,"turns":6},{"damage":16,"enemies":"Gremlin Nob","floor":7,"turns":4},{"damage":22,"enemies":"3 Sentries","floor":10,"turns":6}],"seed_played":"-2535966771966415801","potions_obtained":[{"floor":5,"key":"SkillPotion"}],"is_trial":false,"path_per_floor":["M","$","M","M","M","R","E","R","T","E"],"character_chosen":"THE_DEFAULT","items_purchased":["theMarked:ComboAttacks","theMarked:ElectricStrings","expansioncontent:StudyTheSpire"],"campfire_rested":0,"item_purchase_floors":[2,2,2],"current_hp_per_floor":[69,69,66,56,37,37,21,21,21,0,0],"gold":107,"neow_bonus":"TWO_FIFTY_GOLD","is_daily":false,"chose_seed":false,"campfire_upgraded":2,"win_rate":0.0,"timestamp":1610205547,"path_taken":["M","$","M","M","?","R","E","R","T","E"],"items_purchased_type":["Card","Card","Card"],"build_version":"2020-12-22","purchased_purges":1,"victory":false,"max_hp_per_floor":[70,70,70,70,70,70,70,70,70,70,70],"relic_stats":{"counters":[6,26],"obtain_stats":[{"theMarked:ArtifactOfAir":0,"halation:Toothbrush":7,"Meat on the Bone":9},{"theMarked:ArtifactOfAir":0,"halation:Toothbrush":5,"Meat on the Bone":5},{"theMarked:ArtifactOfAir":0,"halation:Toothbrush":20,"Meat on the Bone":20}],"Meat on the Bone":0},"card_choices":[{"not_picked":["theMarked:TunnelVision","theMarked:Frustration"],"picked":"theMarked:Reabsorb","floor":1},{"not_picked":["theMarked:WastefulDefense","theMarked:HeightenedSenses","theMarked:Standoff"],"picked":"SKIP","floor":3},{"not_picked":["theMarked:KeepCalmAndFightOn","theMarked:BanishingStrike"],"picked":"theMarked:ElementalBlade","floor":4},{"not_picked":["theMarked:WardOff","theMarked:Seal"],"picked":"theMarked:Opportunist","floor":5},{"not_picked":["theMarked:ElementalBlade","theMarked:ResourceFulStrike"],"picked":"theMarked:Electrify","floor":7}],"player_experience":385772,"relics_obtained":[{"floor":7,"key":"halation:Toothbrush"},{"floor":9,"key":"Meat on the Bone"}],"event_choices":[],"is_beta":false,"boss_relics":[],"items_purged_floors":[2],"is_endless":false,"potions_floor_spawned":[5],"killed_by":"3 Sentries","ascension_level":0}}