{"host":"dzit4ljil6490tuf","time":1610187609,"event":{"mods":["BaseMod","Downfall","Hermit","Hubris","Marisa????????","Minty Spire (QoL Compilation)","StSLib","The Cursed","The Runesmith","The Servant 0.9.4"],"gold_per_floor":[99,111,43,53,68,68,68,79,254,280,310,342,342,368,382,485,485,485,502,519,96,96,96,150,169,48,76,119,141,152,13,41,147,147,147,170,194,213,163,163,163,10,60,60,82,82,124,144,144,144,144],"floor_reached":49,"playtime":4121,"items_purged":["Doubt","Shame","hexamod:Strike+1"],"score":780,"play_id":"c75ca947-4bb3-4cfd-ab38-c507484c4056","local_time":"20210109112009","is_ascension_mode":true,"campfire_choices":[{"data":"hexamod:Float","floor":1,"key":"SMITH"},{"floor":13,"key":"REST"},{"data":"hexamod:GhostShield","floor":18,"key":"SMITH"},{"data":"hexamod:GhostflameInferno","floor":35,"key":"SMITH"},{"data":"hexamod:GhostOfSpirePresent","floor":40,"key":"SMITH"}],"circlet_count":0,"master_deck":["hexamod:Strike+1","hexamod:Strike+1","hexamod:Strike+1","hexamod:Defend+1","hexamod:Defend+1","hexamod:Defend+1","hexamod:Defend+1","hexamod:Sear+1","hexamod:Float+1","hexamod:SixthSeal","hexamod:SpectersWail+1","hexamod:ThermalTransfer+1","hexamod:AdvancingGuard+1","hexamod:FirstSeal","hexamod:FourthSeal","hexamod:ShieldOfDarkness","hexamod:EmpoweredFlame+1","hexamod:AdvancingGuard+1","hexamod:GhostShield+1","hexamod:Firestarter+1","hexamod:VolcanoVisage+1","hexamod:NightmareGuise+1","hexamod:SkipABeat+1","hexamod:PowerFromBeyond+1","hexamod:Firestarter+1","hexamod:ThermalTransfer+1","hexamod:ApocalypticArmor+1","hexamod:StepThrough+1","hexamod:ShieldOfDarkness+1","hexamod:SuperheatedStrike","hexamod:BacktrackSmack+1","hexamod:SwordOfDarkness+1","hexamod:CrushingStance+1","hexamod:AdvancingGuard+1","hexamod:GhostflameInferno+1","hexamod:DynamicBlow+1","hexamod:SecondSeal","hexamod:GhostOfSpirePresent+1","hexamod:DynamicBlow+1","hexamod:NightmareGuise+1","hexamod:SoulSteal+1","hexamod:SpectersWail+1"],"relics":["hexamod:SpiritBrand","hubris:Towel","Ancient Tea Set","hubris:SlimyHat","Smiling Mask","Strawberry","hubris:Spice","Velvet Choker","hubris:BottledHeart","CeramicFish","hexamod:SoulConsumer","hubris:ScarierMask","hubris:GlazedTorus","Girya","Sling","Dead Branch","hubris:Icosahedron","hexamod:MatchstickCase"],"acts_visited":["Exordium","TheCity","TheBeyond"],"potions_floor_usage":[4,10,10,14,15,16,16,26,49],"damage_taken":[{"damage":0,"enemies":"Cultist","floor":2,"turns":4},{"damage":0,"enemies":"downfall:FleeingMerchant","floor":3,"turns":4},{"damage":3,"enemies":"2 Louse","floor":4,"turns":3},{"damage":6,"enemies":"Jaw Worm","floor":5,"turns":4},{"damage":0,"enemies":"Exordium Thugs","floor":8,"turns":4},{"damage":41,"enemies":"Gremlin Nob","floor":10,"turns":6},{"damage":13,"enemies":"3 Sentries","floor":12,"turns":8},{"damage":18,"enemies":"Lagavulin","floor":14,"turns":7},{"damage":10,"enemies":"Gremlin Gang","floor":15,"turns":7},{"damage":22,"enemies":"downfall:Silent","floor":16,"turns":16},{"damage":0,"enemies":"Shell Parasite","floor":19,"turns":6},{"damage":8,"enemies":"Centurion and Healer","floor":20,"turns":9},{"damage":0,"enemies":"downfall:FleeingMerchant","floor":21,"turns":4},{"damage":0,"enemies":"Shelled Parasite and Fungi","floor":25,"turns":5},{"damage":0,"enemies":"downfall:FleeingMerchant","floor":26,"turns":4},{"damage":0,"enemies":"Snake Plant","floor":27,"turns":3},{"damage":0,"enemies":"Book of Stabbing","floor":28,"turns":6},{"damage":0,"enemies":"Cultist and Chosen","floor":29,"turns":7},{"damage":0,"enemies":"Sentry and Sphere","floor":30,"turns":6},{"damage":0,"enemies":"downfall:FleeingMerchant","floor":31,"turns":4},{"damage":0,"enemies":"Centurion and Healer","floor":32,"turns":5},{"damage":0,"enemies":"downfall:Ironclad","floor":33,"turns":9},{"damage":0,"enemies":"Orb Walker","floor":36,"turns":3},{"damage":0,"enemies":"3 Shapes","floor":37,"turns":4},{"damage":0,"enemies":"Spire Growth","floor":38,"turns":6},{"damage":0,"enemies":"downfall:FleeingMerchant","floor":39,"turns":1},{"damage":0,"enemies":"Nemesis","floor":43,"turns":7},{"damage":0,"enemies":"Maw","floor":45,"turns":7},{"damage":0,"enemies":"Giant Head","floor":47,"turns":10},{"damage":0,"enemies":"Sphere and 2 Shapes","floor":48,"turns":3},{"damage":14,"enemies":"Spire Growth","floor":49,"turns":4}],"seed_played":"796014892408290040","potions_obtained":[{"floor":2,"key":"SpeedPotion"},{"floor":4,"key":"FearPotion"},{"floor":5,"key":"hexamod:EctoCoolerPotion"},{"floor":8,"key":"EssenceOfSteel"},{"floor":12,"key":"FearPotion"},{"floor":14,"key":"Strength Potion"},{"floor":15,"key":"DuplicationPotion"},{"floor":15,"key":"PowerPotion"},{"floor":19,"key":"DistilledChaos"},{"floor":20,"key":"FairyPotion"},{"floor":20,"key":"Weak Potion"},{"floor":25,"key":"hexamod:InfernoChargePotion"},{"floor":28,"key":"Dexterity Potion"},{"floor":33,"key":"hexamod:DoubleChargePotion"},{"floor":47,"key":"CultistPotion"}],"is_trial":false,"path_per_floor":["R","M","$","M","M","?","T","M","?","E","?","E","R","E","M","B",null,"R","M","M","$","?","?","T","M","$","M","E","M","M","$","M","B",null,"R","M","M","M","$","R","T","$","E","?","M","?","E","M","M"],"character_chosen":"THE_SPIRIT","items_purchased":["hexamod:AdvancingGuard","hubris:Spice","hexamod:Firestarter","hexamod:StepThrough","hexamod:CrushingStance","hubris:GlazedTorus","hexamod:DynamicBlow","Sling"],"campfire_rested":1,"item_purchase_floors":[3,21,21,26,31,39,39,42],"current_hp_per_floor":[70,70,70,67,68,68,68,68,68,34,34,35,58,55,52,37,85,85,85,84,93,85,1,1,1,1,1,1,1,1,1,1,1,1,1,1,1,1,1,1,1,1,1,1,1,1,1,1,0,0,0],"gold":144,"neow_bonus":"ONE_RANDOM_RARE_CARD","is_daily":false,"chose_seed":false,"campfire_upgraded":4,"win_rate":0.0,"timestamp":1610187609,"path_taken":["R","M","$","M","?","?","T","M","?","E","?","E","R","E","M","BOSS","R","M","M","$","?","?","T","M","?","M","E","M","?","$","M","BOSS","R","M","M","M","$","R","T","$","E","?","M","?","E","?","M"],"items_purchased_type":["Card","Relic","Card","Card","Card","Relic","Card","Relic"],"build_version":"2020-12-22","purchased_purges":3,"victory":false,"max_hp_per_floor":[70,70,70,70,70,70,70,70,70,70,70,77,77,85,85,85,85,85,85,85,93,85,1,1,1,1,1,1,1,1,1,1,1,1,1,1,1,1,1,1,1,1,1,1,1,1,1,1,1,1,1],"card_choices":[{"not_picked":["hexamod:Again","hexamod:Hexaguard"],"picked":"hexamod:SpectersWail","floor":2},{"not_picked":["hexamod:SwordOfDarkness","hexamod:RainOfEmbers"],"picked":"hexamod:ThermalTransfer","floor":3},{"not_picked":["hexamod:RetreatToShadows","hexamod:FlamesFromBeyond"],"picked":"hexamod:FirstSeal","floor":4},{"not_picked":["hexamod:GhostLash","hexamod:NightmareStrike"],"picked":"hexamod:FourthSeal","floor":5},{"not_picked":["hexamod:SwordOfDarkness","hexamod:PhantomFireball"],"picked":"hexamod:ShieldOfDarkness","floor":8},{"not_picked":["hexamod:SkipABeat","hexamod:SearingWound"],"picked":"hexamod:EmpoweredFlame","floor":10},{"not_picked":["hexamod:RecurringNightmare","hexamod:FastForward"],"picked":"hexamod:AdvancingGuard","floor":12},{"not_picked":["hexamod:SecondSeal","hexamod:ThirdSeal"],"picked":"hexamod:GhostShield","floor":14},{"not_picked":["hexamod:SpectersWail","hexamod:AdvancingGuard"],"picked":"hexamod:Firestarter","floor":15},{"not_picked":["hexamod:GhostflameInferno","hexamod:GiftsFromTheDead"],"picked":"hexamod:VolcanoVisage","floor":16},{"not_picked":["hexamod:NightmareStrike","hexamod:Haunt"],"picked":"hexamod:NightmareGuise+1","floor":19},{"not_picked":["hexamod:InspiringFlames","hexamod:CatchUp"],"picked":"hexamod:SkipABeat","floor":20},{"not_picked":["hexamod:ShieldOfDarkness+1","hexamod:GhostShield"],"picked":"hexamod:PowerFromBeyond","floor":21},{"not_picked":["hexamod:NightmareStrike","hexamod:HeatShield"],"picked":"hexamod:ThermalTransfer+1","floor":25},{"not_picked":["hexamod:StepThrough","hexamod:GhostflameBarrier"],"picked":"hexamod:ApocalypticArmor","floor":26},{"not_picked":["hubris:SpiceAddiction","hubris:SpiceAddiction"],"picked":"hexamod:ShieldOfDarkness","floor":27},{"not_picked":["hexamod:Haunt","hexamod:FifthSeal"],"picked":"hexamod:SuperheatedStrike","floor":28},{"not_picked":["hexamod:InspiringFlames+1","hubris:SpiceAddiction"],"picked":"hexamod:BacktrackSmack+1","floor":29},{"not_picked":["hexamod:RainOfEmbers+1","hexamod:FastForward","hexamod:FlamesFromBeyond"],"picked":"SKIP","floor":30},{"not_picked":["hexamod:SkipABeat","hexamod:InspiringFlames"],"picked":"hexamod:SwordOfDarkness","floor":31},{"not_picked":["hexamod:SwordOfDarkness","hubris:SpiceAddiction"],"picked":"hexamod:AdvancingGuard+1","floor":32},{"not_picked":["hexamod:SearingWound","hexamod:ParanormalForm"],"picked":"hexamod:GhostflameInferno","floor":33},{"not_picked":["hexamod:NecessarySacrifice+1","hexamod:NightmareStrike+1"],"picked":"hexamod:DynamicBlow+1","floor":36},{"not_picked":["hexamod:NightmareStrike","hexamod:RecurringNightmare"],"picked":"hexamod:SecondSeal","floor":37},{"not_picked":["hexamod:NightmareGuise","hexamod:InspiringFlames","hexamod:ThermalTransfer"],"picked":"SKIP","floor":38},{"not_picked":["hexamod:Rewind","hexamod:FastForward+1"],"picked":"hexamod:GhostOfSpirePresent","floor":39},{"not_picked":["hexamod:BacktrackSmack","hexamod:BurningTouch"],"picked":"hexamod:NightmareGuise+1","floor":43},{"not_picked":["hubris:SpiceAddiction","hexamod:SuperheatedStrike","hexamod:GhostLash"],"picked":"SKIP","floor":45},{"not_picked":["hexamod:FastForward","hexamod:AdvancingGuard"],"picked":"hexamod:SoulSteal+1","floor":47},{"not_picked":["hexamod:RainOfEmbers","hexamod:GhostShield"],"picked":"hexamod:SpectersWail+1","floor":48}],"player_experience":561869,"relics_obtained":[{"floor":7,"key":"Ancient Tea Set"},{"floor":10,"key":"hubris:SlimyHat"},{"floor":12,"key":"Strawberry"},{"floor":14,"key":"hubris:Spice"},{"floor":24,"key":"CeramicFish"},{"floor":28,"key":"hexamod:SoulConsumer"},{"floor":41,"key":"Girya"},{"floor":43,"key":"Dead Branch"},{"floor":47,"key":"hexamod:MatchstickCase"}],"event_choices":[{"damage_healed":0,"gold_gain":0,"player_choice":"Stole Relic","damage_taken":0,"relics_obtained":["hubris:Spice"],"max_hp_gain":0,"max_hp_loss":0,"event_name":"Addict","floor":22,"gold_loss":0,"cards_obtained":["Shame"]},{"damage_healed":0,"gold_gain":0,"player_choice":"Upgraded","damage_taken":0,"max_hp_gain":0,"max_hp_loss":0,"event_name":"Upgrade Shrine","floor":46,"gold_loss":0,"cards_upgraded":["hexamod:ApocalypticArmor"]}],"is_beta":false,"boss_relics":[{"not_picked":["hubris:HollowSoul","Busted Crown"],"picked":"Velvet Choker"},{"not_picked":["hubris:Spice","hubris:RunicObelisk"],"picked":"hubris:ScarierMask"}],"items_purged_floors":[21,26,39],"is_endless":false,"potions_floor_spawned":[2,4,5,15,20,28,29,30,33,37,38,47],"killed_by":"Spire Growth","ascension_level":2}}