{"host":"4iyx5awba3brsmhd","time":1610166836,"event":{"mods":["AchievementEnabler","Act Like it!","BaseMod","Better Match","Colored Powertips","Duelist Mod","Hallownest","Hero for Fun","Hubris","Infinite Spire","Magitek Elite","Marisa????????","Melee Mod","Minty Spire (QoL Compilation)","Quick Restart","Rare Cards Sparkle","Replay The Spire","Robot Space Explorer","Shade Mod","StSLib","SuperFastMode","The Blackbeard","The Blue Laboratory","The Bug Knight","The Cursed","The Necromancer","The Servant 0.9.4","TheWitcher"],"gold_per_floor":[139,139,149,149,162,193,193,220,220,220,238,17,28,40,40,135,135,152,170,170,190,90,90,118,129,182,34,49,67,67,67],"floor_reached":30,"playtime":1686,"items_purged":["theDuelist:CastleWalls","theDuelist:CastleWalls"],"score":296,"play_id":"880ac1d3-6d07-494f-9f21-53e414524f15","local_time":"20210108233356","is_ascension_mode":true,"campfire_choices":[{"data":"theDuelist:MirageDragon","floor":10.0,"key":"SMITH"},{"data":"theDuelist:Raigeki","floor":15.0,"key":"SMITH"},{"floor":23,"key":"REST"}],"circlet_count":0,"master_deck":["theDuelist:BabyDragon+1","theDuelist:CaveDragon","theDuelist:CaveDragon","theDuelist:LesserDragon","theDuelist:Sparks","theDuelist:Sparks","theDuelist:YamataDragon","theDuelist:MirageDragon+1","theDuelist:RainbowOverdragon","theDuelist:TwinBarrelDragon","theDuelist:DarkHorus","theDuelist:Raigeki+1","theDuelist:ArmageddonDragonEmp","theDuelist:AncientPixieDragon+1","theDuelist:AncientRules+1","theDuelist:StardustDragon+1"],"relics":["theDuelist:MillenniumPuzzle","theDuelist:CardPoolRelic","theDuelist:CardPoolBasicRelic","theDuelist:BoosterPackPoolRelic","theDuelist:CardPoolAddRelic","theDuelist:CardPoolMinusRelic","theDuelist:CardPoolSaveRelic","theDuelist:CardPoolOptionsRelic","Toxic Egg 2","NlothsMask","theDuelist:DragonBurnRelic","Blue Doll","Golden_Hairpin","infinitespire:Freezer"],"acts_visited":["Exordium","TheCity"],"potions_floor_usage":[21],"damage_taken":[{"damage":0.0,"enemies":"Small Slimes","floor":1.0,"turns":3.0},{"damage":0.0,"enemies":"Cultist","floor":3.0,"turns":2.0},{"damage":0.0,"enemies":"Jaw Worm","floor":5.0,"turns":1.0},{"damage":11.0,"enemies":"Lagavulin","floor":6.0,"turns":5.0},{"damage":9.0,"enemies":"Replay:BlueRogue","floor":8.0,"turns":4.0},{"damage":0.0,"enemies":"3 Louse","floor":11.0,"turns":2.0},{"damage":2.0,"enemies":"Exordium Wildlife","floor":13.0,"turns":2.0},{"damage":7.0,"enemies":"3 Louse","floor":14.0,"turns":2.0},{"damage":25,"enemies":"The Guardian","floor":16,"turns":8},{"damage":0,"enemies":"Spheric Guardian","floor":18,"turns":3},{"damage":12,"enemies":"Shell Parasite","floor":19,"turns":2},{"damage":19,"enemies":"Snake Plant","floor":21,"turns":2},{"damage":6,"enemies":"Snecko","floor":25,"turns":4},{"damage":19,"enemies":"Centurion and Healer","floor":28,"turns":3},{"damage":10,"enemies":"Cultist and Chosen","floor":29,"turns":5},{"damage":26,"enemies":"Sentry and Sphere","floor":30,"turns":3}],"seed_played":"-3047060101625556171","potions_obtained":[{"floor":5.0,"key":"theDuelist:MayhemPotion"},{"floor":8.0,"key":"blueLaboratory:BubblePotion"},{"floor":13.0,"key":"theDuelist:SolderPotionB"},{"floor":28,"key":"blueLaboratory:BottleOfRum"}],"is_trial":false,"path_per_floor":["M","?","M","?","M","E","?","E","T","R","M","$","M","M","R","B",null,"M","M","?","M","$","R","?","M","T","$","M","M","M"],"character_chosen":"THE_DUELIST","items_purchased":["Blue Doll","theDuelist:StardustDragon+1"],"campfire_rested":1,"item_purchase_floors":[12,27],"current_hp_per_floor":[80,80,80,80,80,69,69,60,60,60,60,60,58,51,51,26,80,80,68,53,34,34,59,59,53,53,53,34,24,0,0],"gold":67,"neow_bonus":"RANDOM_EVENT","is_daily":false,"chose_seed":false,"campfire_upgraded":2,"win_rate":0.0,"timestamp":1610166836,"path_taken":["M","?","M","?","M","E","?","E","T","R","M","$","M","?","R","BOSS","M","M","?","M","$","R","?","M","T","$","M","M","?"],"items_purchased_type":["Relic","Card"],"build_version":"2020-12-22","purchased_purges":2,"victory":false,"max_hp_per_floor":[80,80,80,80,80,80,80,80,80,80,80,80,80,80,80,80,80,80,80,85,85,85,85,85,85,85,85,85,85,85,85],"card_choices":[{"not_picked":["theDuelist:RedRisingDragon","theDuelist:NaturiaMantis","theDuelist:NaturiaDragonfly","theDuelist:GalaxySoldier"],"picked":"theDuelist:MirageDragon","floor":1.0},{"not_picked":["theDuelist:NaturiaDragonfly","theDuelist:Kabazauls","theDuelist:CyberDinosaur","theDuelist:BlackBrutdrago","theDuelist:BlackPtera"],"picked":"SKIP","floor":3.0},{"not_picked":["theDuelist:BigFire","theDuelist:Hinotama","theDuelist:LightningDarts","theDuelist:SmashingGround"],"picked":"theDuelist:RainbowOverdragon","floor":5.0},{"not_picked":["theDuelist:Kabazauls","theDuelist:Earthquake","theDuelist:DarkHorus","theDuelist:DarkDriceratops"],"picked":"theDuelist:TwinBarrelDragon","floor":6.0},{"not_picked":["theDuelist:Kabazauls","theDuelist:Duoterion+1","theDuelist:DefenseZone+1","theDuelist:LesserDragon"],"picked":"theDuelist:DarkHorus","floor":8.0},{"not_picked":["theDuelist:MirageDragon","theDuelist:Hydrogeddon","theDuelist:DarkHorus","theDuelist:BlackStego","theDuelist:CyberDragon"],"picked":"SKIP","floor":11.0},{"not_picked":["theDuelist:BattleguardKing","theDuelist:BigFire","theDuelist:Hinotama","theDuelist:RainbowOverdragon"],"picked":"theDuelist:Raigeki","floor":13.0},{"not_picked":["theDuelist:Pyrorex","theDuelist:Kabazauls","theDuelist:DarkHorus","theDuelist:BlackPtera","theDuelist:MythicWaterDragon"],"picked":"SKIP","floor":14.0},{"not_picked":["theDuelist:WaterDragon+1","theDuelist:TailSwipe","theDuelist:SurvivalFittest","theDuelist:Scapegoat+1"],"picked":"theDuelist:ArmageddonDragonEmp","floor":16},{"not_picked":["theDuelist:MythicWaterDragon+1","theDuelist:CurseDragon","theDuelist:BlackVeloci+1","theDuelist:Anthrosaurus+1"],"picked":"theDuelist:AncientPixieDragon+1","floor":18},{"not_picked":["theDuelist:MadSwordBeast","theDuelist:Hydrogeddon","theDuelist:BusterBlader","theDuelist:BlackPtera","theDuelist:StampingDestruction"],"picked":"SKIP","floor":19},{"not_picked":["theDuelist:VolcanicEruption+1","theDuelist:CyberneticRevolution+1","theDuelist:CloudianGhost+1","theDuelist:CyberEmergency+1"],"picked":"theDuelist:AncientRules+1","floor":21},{"not_picked":["theDuelist:ViceDragon","theDuelist:MadSwordBeast","theDuelist:DarkHorus","theDuelist:CurseDragon","theDuelist:FireDarts"],"picked":"SKIP","floor":25},{"not_picked":["theDuelist:CurseDragon","theDuelist:SafeZone+1","theDuelist:CyberDragonNachster+1","theDuelist:Earthquake","theDuelist:CyberDragonCore+1"],"picked":"SKIP","floor":28},{"not_picked":["theDuelist:BusterBlader+1","theDuelist:BlackBrutdrago+1","theDuelist:SafeZone+1","theDuelist:BabyDragon+1","theDuelist:OneDayPeace+1"],"picked":"SKIP","floor":29}],"player_experience":423155,"relics_obtained":[{"floor":6.0,"key":"Toxic Egg 2"},{"floor":8.0,"key":"theDuelist:DragonBurnRelic"},{"floor":26,"key":"infinitespire:Freezer"}],"event_choices":[{"damage_healed":0.0,"max_hp_gain":0.0,"max_hp_loss":0.0,"gold_gain":0.0,"event_name":"Living Wall","player_choice":"Grow","floor":0.0,"gold_loss":0.0,"damage_taken":0.0,"cards_upgraded":["theDuelist:BabyDragon"]},{"damage_healed":0.0,"max_hp_gain":0.0,"max_hp_loss":0.0,"gold_gain":0.0,"event_name":"Relic Duplicator","player_choice":"Leave","duelist":true,"floor":2.0,"gold_loss":0.0,"damage_taken":0.0},{"damage_healed":0.0,"max_hp_gain":0.0,"max_hp_loss":0.0,"gold_gain":0.0,"event_name":"FaceTrader","player_choice":"Trade","floor":7.0,"gold_loss":0.0,"damage_taken":0.0,"relics_obtained":["NlothsMask"]},{"damage_healed":0,"gold_gain":0,"player_choice":"Shed Blood","damage_taken":20,"max_hp_gain":5,"max_hp_loss":0,"event_name":"Forgotten Altar","floor":20,"gold_loss":0},{"damage_healed":0,"gold_gain":0,"player_choice":"Sold Lesser Dragon for 28 Gold.","duelist":true,"damage_taken":0,"max_hp_gain":0,"max_hp_loss":0,"event_name":"Card Trader","floor":24,"gold_loss":0}],"is_beta":false,"boss_relics":[{"not_picked":["Abe\u0027s Treasure","Ring of Chaos"],"picked":"Golden_Hairpin"}],"items_purged_floors":[12,22],"is_endless":false,"potions_floor_spawned":[5,8,13,18,28],"killed_by":"Sentry and Sphere","ascension_level":2}}