{"host":"uv231blk40vjdojr","time":1610225751,"event":{"mods":["AchievementEnabler","BaseMod","Bestiary","Minty Spire (QoL Compilation)","Relic Stats"],"gold_per_floor":[111,186,196,216,47,73,83,93,93,128,138,172,189,200,200,304,304,316,332,6,26,26,57,57,57,57,57,57,91,190,209,209,308,308,319,334,136,136,11,41,41,41,41,41,57,73,73,22,22,22],"floor_reached":51,"playtime":2294,"items_purged":["Strike_B","Shame","Pain"],"score":787,"play_id":"7e950802-0157-4874-83f1-9ae0c2f9ba73","local_time":"20210109215551","is_ascension_mode":false,"campfire_choices":[{"data":"Defragment","floor":15.0,"key":"SMITH"},{"data":"Recycle","floor":25.0,"key":"SMITH"},{"data":"Compile Driver","floor":27.0,"key":"SMITH"},{"data":"Doom and Gloom","floor":32.0,"key":"SMITH"},{"floor":41.0,"key":"REST"},{"data":"White Noise","floor":44.0,"key":"SMITH"},{"data":"White Noise","floor":47,"key":"SMITH"},{"floor":49,"key":"REST"}],"circlet_count":0,"master_deck":["Strike_B","Strike_B","Strike_B","Defend_B","Defend_B","Defend_B","Defend_B","Zap","Dualcast","Conserve Battery","Reinforced Body","Cold Snap","Compile Driver+1","Compile Driver","Ball Lightning","White Noise+1","Glacier","White Noise+1","Defragment+1","Ball Lightning","Echo Form","Recycle+1","Self Repair+1","Lockon","Doom and Gloom+1","Meteor Strike","Genetic Algorithm+1"],"relics":["Cursed Key","Anchor","Question Card","Bronze Scales","Akabeko","SlaversCollar","Mercury Hourglass","Darkstone Periapt","StoneCalendar","Lantern","Inserter","WarpedTongs","InkBottle"],"acts_visited":["Exordium","TheCity","TheBeyond"],"potions_floor_usage":[46,46,46,50,50,50],"damage_taken":[{"damage":6.0,"enemies":"Jaw Worm","floor":1.0,"turns":3.0},{"damage":0.0,"enemies":"Cultist","floor":3.0,"turns":3.0},{"damage":0.0,"enemies":"Small Slimes","floor":4.0,"turns":3.0},{"damage":16.0,"enemies":"Lagavulin","floor":6.0,"turns":7.0},{"damage":4.0,"enemies":"Exordium Thugs","floor":7.0,"turns":4.0},{"damage":0.0,"enemies":"Exordium Wildlife","floor":8.0,"turns":3.0},{"damage":18.0,"enemies":"Gremlin Nob","floor":10.0,"turns":4.0},{"damage":0.0,"enemies":"Gremlin Gang","floor":11.0,"turns":4.0},{"damage":0.0,"enemies":"3 Sentries","floor":12.0,"turns":3.0},{"damage":0.0,"enemies":"2 Fungi Beasts","floor":13.0,"turns":4.0},{"damage":0.0,"enemies":"Red Slaver","floor":14.0,"turns":2.0},{"damage":3.0,"enemies":"Hexaghost","floor":16.0,"turns":8.0},{"damage":0.0,"enemies":"Chosen","floor":18.0,"turns":4.0},{"damage":0.0,"enemies":"Spheric Guardian","floor":19.0,"turns":4.0},{"damage":0.0,"enemies":"Chosen and Byrds","floor":21.0,"turns":4.0},{"damage":0.0,"enemies":"Gremlin Leader","floor":23.0,"turns":7.0},{"damage":5.0,"enemies":"Book of Stabbing","floor":29.0,"turns":4.0},{"damage":1.0,"enemies":"Shelled Parasite and Fungi","floor":31.0,"turns":4.0},{"damage":19.0,"enemies":"Champ","floor":33.0,"turns":8.0},{"damage":10.0,"enemies":"3 Shapes","floor":35.0,"turns":5.0},{"damage":28.0,"enemies":"Orb Walker","floor":36.0,"turns":4.0},{"damage":34.0,"enemies":"Nemesis","floor":40.0,"turns":7.0},{"damage":9,"enemies":"Writhing Mass","floor":45,"turns":7},{"damage":8,"enemies":"4 Shapes","floor":46,"turns":5},{"damage":13,"enemies":"Donu and Deca","floor":50,"turns":7}],"seed_played":"-1486902502108101564","potions_obtained":[{"floor":6.0,"key":"GamblersBrew"},{"floor":11.0,"key":"SkillPotion"},{"floor":13.0,"key":"SmokeBomb"},{"floor":14.0,"key":"CultistPotion"},{"floor":29.0,"key":"GamblersBrew"},{"floor":31.0,"key":"GamblersBrew"},{"floor":33.0,"key":"SkillPotion"},{"floor":45,"key":"Fire Potion"},{"floor":46,"key":"FocusPotion"}],"is_trial":false,"path_per_floor":["M","?","M","M","$","E","M","M","T","E","M","E","M","M","R","B",null,"M","M","$","M","?","E","$","R","T","R","$","E","?","M","R","B",null,"M","M","$","?","$","E","R","T","T","R","M","M","R","$","R","B",null],"character_chosen":"DEFECT","items_purchased":["Compile Driver","Anchor","Mercury Hourglass","EntropicBrew","PowerPotion"],"campfire_rested":2,"item_purchase_floors":[5,5,20,37,48],"current_hp_per_floor":[69,62,62,62,62,46,42,42,42,24,24,24,24,24,24,21,75,75,75,75,75,81,81,81,81,81,81,81,81,81,80,80,71,81,81,63,63,69,69,45,71,71,71,71,72,74,74,74,87,84],"gold":22,"neow_bonus":"BOSS_RELIC","is_daily":false,"chose_seed":false,"campfire_upgraded":6,"win_rate":0.0,"timestamp":1610225751,"path_taken":["M","?","M","M","$","E","M","M","T","E","?","E","M","M","R","BOSS","M","M","$","M","?","E","$","R","T","R","$","E","?","M","R","BOSS","M","M","$","?","?","E","R","?","T","R","M","M","R","$","R","BOSS"],"items_purchased_type":["Card","Relic","Relic","Potion","Potion"],"build_version":"2020-12-22","purchased_purges":3,"victory":true,"max_hp_per_floor":[75,75,75,75,75,75,75,75,75,75,75,75,75,75,75,75,75,75,75,75,75,81,81,81,81,81,81,81,81,81,81,81,81,81,81,81,81,87,87,87,87,87,87,87,87,87,87,87,87,87],"relic_stats":{"Darkstone Periapt":12,"Inserter":[17],"counters":[25,118],"Bronze Scales":[261],"StoneCalendar":[81],"Cursed Key":0,"Question Card":20,"obtain_stats":[{"Darkstone Periapt":22,"Lantern":29,"Inserter":34,"StoneCalendar":23,"Cursed Key":0,"Question Card":6,"Akabeko":12,"Mercury Hourglass":20,"WarpedTongs":38,"SlaversCollar":17,"Anchor":5,"Bronze Scales":10,"Cracked Core":0,"InkBottle":40},{"Darkstone Periapt":15,"Lantern":17,"Inserter":19,"StoneCalendar":16,"Cursed Key":0,"Question Card":4,"Akabeko":9,"Mercury Hourglass":14,"WarpedTongs":21,"SlaversCollar":12,"Anchor":3,"Bronze Scales":7,"Cracked Core":0,"InkBottle":22},{"Darkstone Periapt":60,"Lantern":71,"Inserter":83,"StoneCalendar":67,"Cursed Key":0,"Question Card":16,"Akabeko":34,"Mercury Hourglass":56,"WarpedTongs":92,"SlaversCollar":48,"Anchor":9,"Bronze Scales":27,"Cracked Core":0,"InkBottle":99}],"InkBottle":[8],"Mercury Hourglass":[205],"WarpedTongs":[26]},"card_choices":[{"not_picked":["Gash","Stack"],"picked":"Conserve Battery","floor":1.0},{"not_picked":["Consume","Gash"],"picked":"Reinforced Body","floor":3.0},{"not_picked":["Conserve Battery","Double Energy"],"picked":"Cold Snap","floor":4.0},{"not_picked":["Go for the Eyes","Redo"],"picked":"Compile Driver","floor":6.0},{"not_picked":["Reboot","Rip and Tear","Steam"],"picked":"Ball Lightning","floor":7.0},{"not_picked":["Rebound","Barrage","Chill"],"picked":"White Noise","floor":8.0},{"not_picked":["Rebound","Undo","Go for the Eyes"],"picked":"Glacier","floor":10.0},{"not_picked":["Leap","Redo","Conserve Battery"],"picked":"White Noise","floor":11.0},{"not_picked":["Conserve Battery","Chaos","Machine Learning"],"picked":"Defragment","floor":12.0},{"not_picked":["Coolheaded","Turbo","Rebound"],"picked":"Ball Lightning","floor":13.0},{"not_picked":["Coolheaded","Sweeping Beam","Leap","Rebound"],"picked":"SKIP","floor":14.0},{"not_picked":["Creative AI","Electrodynamics","Seek"],"picked":"Echo Form","floor":16.0},{"not_picked":["Compile Driver","Gash","Streamline"],"picked":"Recycle","floor":18.0},{"not_picked":["Sunder","Beam Cell","Reinforced Body","Rebound"],"picked":"SKIP","floor":19.0},{"not_picked":["Gash+1","Reinforced Body","Cold Snap","Compile Driver"],"picked":"SKIP","floor":21.0},{"not_picked":["Blizzard","Double Energy","Tempest"],"picked":"Self Repair+1","floor":23.0},{"not_picked":["Melter+1","Stack","Sweeping Beam"],"picked":"Lockon","floor":29.0},{"not_picked":["White Noise","Force Field+1","Chill+1"],"picked":"Doom and Gloom","floor":31.0},{"not_picked":["Fission","Multi-Cast","Thunder Strike"],"picked":"Meteor Strike","floor":33.0},{"not_picked":["Compile Driver","Glacier","BootSequence+1","Steam Power"],"picked":"SKIP","floor":35.0},{"not_picked":["Double Energy","Coolheaded+1","Redo+1"],"picked":"Genetic Algorithm+1","floor":36.0},{"not_picked":["Turbo+1","Gash+1","Hello World","BootSequence"],"picked":"SKIP","floor":40.0},{"not_picked":["Tempest+1","Hello World","Chaos","Rebound+1"],"picked":"SKIP","floor":45},{"not_picked":["Lockon","Chaos+1","Rebound+1","Reprogram+1"],"picked":"SKIP","floor":46}],"player_experience":638604,"relics_obtained":[{"floor":6.0,"key":"Question Card"},{"floor":10.0,"key":"Bronze Scales"},{"floor":12.0,"key":"Akabeko"},{"floor":23.0,"key":"StoneCalendar"},{"floor":29.0,"key":"Lantern"},{"floor":40.0,"key":"InkBottle"}],"event_choices":[{"damage_healed":0.0,"max_hp_gain":0.0,"max_hp_loss":0.0,"gold_gain":75.0,"event_name":"FaceTrader","player_choice":"Touch","floor":2.0,"gold_loss":0.0,"damage_taken":7.0},{"damage_healed":0.0,"max_hp_gain":0.0,"max_hp_loss":0.0,"gold_gain":0.0,"event_name":"Addict","player_choice":"Stole Relic","floor":22.0,"gold_loss":0.0,"damage_taken":0.0,"relics_obtained":["Darkstone Periapt"],"cards_obtained":["Shame"]},{"damage_healed":0.0,"max_hp_gain":0.0,"max_hp_loss":0.0,"gold_gain":99.0,"event_name":"Nest","player_choice":"Stole From Cult","floor":30.0,"gold_loss":0.0,"damage_taken":0.0},{"damage_healed":0.0,"max_hp_gain":0.0,"max_hp_loss":0.0,"gold_gain":0.0,"event_name":"Accursed Blacksmith","player_choice":"Rummage","floor":38.0,"gold_loss":0.0,"damage_taken":0.0,"relics_obtained":["WarpedTongs"],"cards_obtained":["Pain"]}],"is_beta":false,"boss_relics":[{"not_picked":["Philosopher\u0027s Stone","Busted Crown"],"picked":"SlaversCollar"},{"not_picked":["Calling Bell","Nuclear Battery"],"picked":"Inserter"}],"items_purged_floors":[20,37,39],"is_endless":false,"potions_floor_spawned":[6,11,13,14,16,21,29,31,33,45,46],"ascension_level":0}}