{"host":"5wznv0010959mrmz","time":1610167249,"event":{"mods":["BaseMod","Highlight Path","Minty Spire (QoL Compilation)","Relic Stats"],"gold_per_floor":[115,115,46,64,64,90,90,105,105,160,188,188,188,199,199,302,302,339,379,423,461,502,502,533,533,533,558,558],"floor_reached":27,"playtime":1067,"items_purged":[],"score":375,"play_id":"cebc968c-644f-4132-90de-4d17e870a867","local_time":"20210108224049","is_ascension_mode":true,"campfire_choices":[{"data":"Meditate","floor":12,"key":"SMITH"},{"data":"MentalFortress","floor":15,"key":"SMITH"},{"floor":23,"key":"REST"},{"floor":25,"key":"REST"}],"circlet_count":0,"master_deck":["Strike_P","Strike_P","Strike_P","Defend_P","Defend_P","Defend_P","Eruption+1","Vigilance","ThirdEye","MentalFortress+1","Meditate+1","SandsOfTime","EmptyFist","Halt","Wish","MentalFortress+1","FearNoEvil","ClearTheMind+1"],"relics":["PureWater","NeowsBlessing","Mercury Hourglass","CultistMask","InkBottle","Dream Catcher","Damaru","SacredBark","CloakClasp","Meat on the Bone"],"acts_visited":["Exordium","TheCity"],"potions_floor_usage":[10,18,22,22,24,27],"damage_taken":[{"damage":0,"enemies":"2 Louse","floor":1,"turns":1},{"damage":0,"enemies":"Cultist","floor":4,"turns":1},{"damage":0,"enemies":"Gremlin Nob","floor":6,"turns":1},{"damage":7,"enemies":"Jaw Worm","floor":8,"turns":3},{"damage":2,"enemies":"3 Sentries","floor":10,"turns":6},{"damage":20,"enemies":"Lagavulin","floor":11,"turns":3},{"damage":0,"enemies":"2 Fungi Beasts","floor":14,"turns":3},{"damage":10,"enemies":"Hexaghost","floor":16,"turns":6},{"damage":7,"enemies":"Shell Parasite","floor":18,"turns":5},{"damage":5,"enemies":"3 Byrds","floor":19,"turns":5},{"damage":20,"enemies":"Centurion and Healer","floor":20,"turns":6},{"damage":0,"enemies":"Snecko","floor":21,"turns":5},{"damage":4,"enemies":"Snake Plant","floor":22,"turns":5},{"damage":25,"enemies":"Book of Stabbing","floor":24,"turns":6},{"damage":48,"enemies":"Gremlin Leader","floor":27,"turns":7}],"seed_played":"-6398280526169818358","potions_obtained":[{"floor":1,"key":"Energy Potion"},{"floor":4,"key":"SpeedPotion"},{"floor":11,"key":"Strength Potion"},{"floor":18,"key":"Explosive Potion"},{"floor":20,"key":"Swift Potion"},{"floor":24,"key":"Weak Potion"}],"is_trial":false,"path_per_floor":["M","?","$","M","?","E","?","M","T","?","E","R","?","M","R","B",null,"M","M","M","M","M","R","E","R","T","E"],"character_chosen":"WATCHER","items_purchased":["MentalFortress"],"campfire_rested":2,"item_purchase_floors":[3],"current_hp_per_floor":[65,65,65,65,58,58,58,51,51,49,29,29,29,29,29,19,59,52,47,27,27,23,44,19,40,40,0,0],"gold":558,"neow_bonus":"THREE_ENEMY_KILL","is_daily":false,"chose_seed":false,"campfire_upgraded":2,"win_rate":0.0,"timestamp":1610167249,"path_taken":["M","?","$","?","?","E","?","?","T","?","E","R","?","?","R","BOSS","M","?","?","M","M","R","E","R","T","E"],"items_purchased_type":["Card"],"build_version":"2020-12-22","purchased_purges":0,"victory":false,"max_hp_per_floor":[72,72,72,72,72,72,72,72,72,72,72,72,72,72,72,72,72,72,72,72,72,72,72,72,72,72,72,72],"relic_stats":{"Dream Catcher":2,"counters":[15,62],"CloakClasp":[27],"obtain_stats":[{"Dream Catcher":10,"NeowsBlessing":0,"SacredBark":17,"Damaru":11,"CultistMask":7,"CloakClasp":24,"PureWater":0,"InkBottle":9,"Mercury Hourglass":6,"Meat on the Bone":26},{"Dream Catcher":5,"NeowsBlessing":0,"SacredBark":8,"Damaru":6,"CultistMask":3,"CloakClasp":14,"PureWater":0,"InkBottle":4,"Mercury Hourglass":3,"Meat on the Bone":14},{"Dream Catcher":11,"NeowsBlessing":0,"SacredBark":23,"Damaru":14,"CultistMask":3,"CloakClasp":55,"PureWater":0,"InkBottle":6,"Mercury Hourglass":3,"Meat on the Bone":55}],"InkBottle":[18],"Mercury Hourglass":[233],"Meat on the Bone":0},"card_choices":[{"not_picked":["Sanctity","JustLucky"],"picked":"ThirdEye","floor":1},{"not_picked":["Prostrate","EmptyMind"],"picked":"Meditate","floor":4},{"not_picked":["CutThroughFate","SignatureMove"],"picked":"SandsOfTime","floor":6},{"not_picked":["Swivel","Halt"],"picked":"EmptyFist","floor":8},{"not_picked":["EmptyBody","SignatureMove"],"picked":"Halt","floor":11},{"not_picked":["Consecrate","Weave","Evaluate"],"picked":"SKIP","floor":14},{"not_picked":["Establishment","SpiritShield"],"picked":"Wish","floor":16},{"not_picked":["Protect","JustLucky+1","ReachHeaven"],"picked":"SKIP","floor":18},{"not_picked":["Crescendo","WindmillStrike"],"picked":"MentalFortress+1","floor":19},{"not_picked":["BowlingBash","Crescendo+1"],"picked":"FearNoEvil","floor":20},{"not_picked":["FearNoEvil","Weave+1","CrushJoints"],"picked":"SKIP","floor":21},{"not_picked":["FlyingSleeves","SandsOfTime","CrushJoints"],"picked":"SKIP","floor":22},{"not_picked":["PathToVictory","Study"],"picked":"ClearTheMind+1","floor":24}],"player_experience":422177,"relics_obtained":[{"floor":6,"key":"Mercury Hourglass"},{"floor":9,"key":"InkBottle"},{"floor":10,"key":"Dream Catcher"},{"floor":11,"key":"Damaru"},{"floor":24,"key":"CloakClasp"},{"floor":26,"key":"Meat on the Bone"}],"event_choices":[{"damage_healed":0,"gold_gain":0,"player_choice":"Upgraded","damage_taken":0,"max_hp_gain":0,"max_hp_loss":0,"event_name":"Upgrade Shrine","floor":2,"gold_loss":0,"cards_upgraded":["Eruption"]},{"cards_removed":["Defend_P"],"damage_healed":0,"gold_gain":0,"player_choice":"Card Removal","damage_taken":7,"max_hp_gain":0,"max_hp_loss":0,"event_name":"Golden Wing","floor":5,"gold_loss":0},{"damage_healed":0,"gold_gain":0,"player_choice":"Trade","damage_taken":0,"relics_obtained":["CultistMask"],"max_hp_gain":0,"max_hp_loss":0,"event_name":"FaceTrader","floor":7,"gold_loss":0},{"damage_healed":0,"gold_gain":30,"player_choice":"Searched \u00273\u0027 times","damage_taken":0,"max_hp_gain":0,"max_hp_loss":0,"event_name":"Dead Adventurer","floor":10,"gold_loss":0},{"cards_removed":["Strike_P"],"damage_healed":0,"gold_gain":0,"player_choice":"Purged","damage_taken":0,"max_hp_gain":0,"max_hp_loss":0,"event_name":"Purifier","floor":13,"gold_loss":0}],"is_beta":false,"boss_relics":[{"not_picked":["Calling Bell","Ectoplasm"],"picked":"SacredBark"}],"items_purged_floors":[],"is_endless":false,"potions_floor_spawned":[1,4,11,18,20,24],"killed_by":"Gremlin Leader","ascension_level":8}}