{"host":"7k2a2omxz3voj5ax","time":1610176327,"event":{"mods":["BaseMod","Marisa£¨ìFÓê¡¡Ä§ÀíÉ³£©","Minty Spire (QoL Compilation)","Quick Restart","Spicy Shops","StSLib","Starting Relic: Pandora\u0027s Box","óô»ðÖ¸ÄÏ"],"gold_per_floor":[117,3806,3806,3824,3824,3855,2937,2956,2982,3011,3024,3024,3050,3063,2626,2703,2703,2723,2737,2255,2266,2266,2000,2000,2000,2080,2080,2111,2137,2149,2181,1983,2055,2055,2066,2115,1950,1950,1334,1110,1144,1164,1190,1202,1233,1244,1269,1269,1269,1269,1269,1269,1132,722,753,753],"floor_reached":57,"playtime":2213,"items_purged":["EventHorizon","RefractionSpark","MasterSpark","DoubleSpark+1","UpSweep","Impatience","Sweeping Beam"],"score":3642,"play_id":"273fb9ec-b27a-4b44-8c29-79498b4695d9","local_time":"20210109161207","is_ascension_mode":true,"campfire_choices":[{"data":"GasGiant","floor":25.0,"key":"SMITH"},{"floor":49,"key":"RECALL"}],"circlet_count":0,"master_deck":["AscendersBane","MagicAbsorber+1","SuperPerseids+1","GasGiant+1","MeteoricShower+1","EarthLightRay+1","PowerUp+1","GasGiant+1","Acceleration+1","Shrug It Off+1","LessonLearned+1"],"relics":["MiniHakkero","Medical Kit","CaptainsWheel","Happy Flower","Akabeko","Chemical X","War Paint","TheAbacus","Whetstone","Vajra","Dream Catcher","Membership Card","Sling","Omamori","MealTicket","Coffee Dripper","SimpleLauncher","PrismaticShard","Thread and Needle","Art of War","Orrery","Molten Egg 2","Red Mask","PreservedInsect","Pantograph","Juzu Bracelet","Fusion Hammer","Torii","TungstenRod","Potion Belt","AmplifyWand","SproutingBranch","Ginger","ClockworkSouvenir","Ancient Tea Set","Matryoshka","Pocketwatch","Bag of Preparation","Lantern","Nunchaku","Bird Faced Urn","Calipers","Kunai","Shuriken","Mummified Hand","InkBottle","StrikeDummy"],"acts_visited":["Exordium","TheCity","TheBeyond","TheEnding"],"potions_floor_usage":[55,56],"damage_taken":[{"damage":0.0,"enemies":"Cultist","floor":1.0,"turns":3.0},{"damage":0.0,"enemies":"Small Slimes","floor":4.0,"turns":3.0},{"damage":10.0,"enemies":"3 Sentries","floor":6.0,"turns":6.0},{"damage":0.0,"enemies":"Jaw Worm","floor":8.0,"turns":1.0},{"damage":0.0,"enemies":"Gremlin Nob","floor":10.0,"turns":2.0},{"damage":0.0,"enemies":"Red Slaver","floor":11.0,"turns":2.0},{"damage":0.0,"enemies":"Lagavulin","floor":13.0,"turns":3.0},{"damage":0.0,"enemies":"Large Slime","floor":14.0,"turns":2.0},{"damage":0.0,"enemies":"Slime Boss","floor":16.0,"turns":5.0},{"damage":0.0,"enemies":"Chosen","floor":18.0,"turns":2.0},{"damage":0.0,"enemies":"2 Thieves","floor":19.0,"turns":2.0},{"damage":0.0,"enemies":"Snecko","floor":21.0,"turns":3.0},{"damage":0.0,"enemies":"Masked Bandits","floor":28.0,"turns":2.0},{"damage":0.0,"enemies":"Slavers","floor":29.0,"turns":2.0},{"damage":0.0,"enemies":"Centurion and Healer","floor":30.0,"turns":2.0},{"damage":0.0,"enemies":"Gremlin Leader","floor":31.0,"turns":3.0},{"damage":0.0,"enemies":"Automaton","floor":33.0,"turns":3.0},{"damage":0.0,"enemies":"Orb Walker","floor":35.0,"turns":1.0},{"damage":24.0,"enemies":"2 Orb Walkers","floor":36.0,"turns":4.0},{"damage":0,"enemies":"Giant Head","floor":41,"turns":2},{"damage":18,"enemies":"3 Shapes","floor":42,"turns":3},{"damage":0,"enemies":"Jaw Worm Horde","floor":44,"turns":3},{"damage":0,"enemies":"Reptomancer","floor":45,"turns":2},{"damage":0,"enemies":"Maw","floor":46,"turns":3},{"damage":0,"enemies":"Giant Head","floor":47,"turns":1},{"damage":0,"enemies":"Awakened One","floor":50,"turns":3},{"damage":0,"enemies":"Donu and Deca","floor":51,"turns":3},{"damage":0,"enemies":"Shield and Spear","floor":55,"turns":2},{"damage":20,"enemies":"The Heart","floor":56,"turns":6}],"seed_played":"-1172188131347624256","potions_obtained":[{"floor":1.0,"key":"Weak Potion"},{"floor":4.0,"key":"Dexterity Potion"},{"floor":12.0,"key":"Strength Potion"},{"floor":18.0,"key":"Energy Potion"},{"floor":19.0,"key":"LiquidBronze"},{"floor":31.0,"key":"FairyPotion"},{"floor":42,"key":"ColorlessPotion"},{"floor":44,"key":"BottledSpark"}],"is_trial":false,"path_per_floor":["M","$","?","M","T","E","R","M","T","E","M","?","E","M","R","B",null,"M","M","$","M","?","R","?","R","T","?","?","E","M","E","R","B",null,"M","?","$","?","$","R","E","M","T","M","E","M","E","?","R","B","B",null,"R","$","E","B",null],"character_chosen":"MARISA","items_purchased":["Medical Kit","CaptainsWheel","Akabeko","Chemical X","War Paint","TheAbacus","Impatience","Membership Card","Sling","Omamori","MealTicket","PowerUp","SimpleLauncher","PrismaticShard","Thread and Needle","Art of War","Orrery","Juzu Bracelet","TungstenRod","Potion Belt","AmplifyWand","SproutingBranch","Ginger","ClockworkSouvenir","Ancient Tea Set","Matryoshka","Calipers","Kunai","Shuriken","Mummified Hand","InkBottle"],"campfire_rested":0,"item_purchase_floors":[2,2,7,7,7,7,7,15,15,15,15,15,20,20,20,23,23,32,37,37,39,39,39,39,40,40,53,53,54,54,54],"current_hp_per_floor":[63,63,56,56,56,46,46,46,46,46,46,46,50,54,54,58,67,67,70,70,70,70,70,50,50,50,50,54,58,62,66,66,75,75,75,51,66,66,75,75,75,70,70,75,75,75,75,75,75,75,75,75,75,75,75,62],"gold":753,"neow_bonus":"REMOVE_CARD","is_daily":false,"chose_seed":false,"campfire_upgraded":1,"win_rate":0.0,"timestamp":1610176327,"path_taken":["M","?","?","M","?","E","R","M","T","E","?","?","E","M","R","BOSS","M","?","$","M","?","R","?","R","T","?","?","E","M","E","R","BOSS","M","?","$","?","$","R","E","M","T","M","E","M","E","?","R","BOSS","BOSS","R","$","E","BOSS"],"items_purchased_type":["Relic","Relic","Relic","Relic","Relic","Relic","Card","Relic","Relic","Relic","Relic","Card","Relic","Relic","Relic","Relic","Relic","Relic","Relic","Relic","Relic","Relic","Relic","Relic","Relic","Relic","Relic","Relic","Relic","Relic","Relic"],"build_version":"2020-12-22","purchased_purges":7,"victory":true,"max_hp_per_floor":[70,70,70,70,70,70,70,70,70,70,70,70,70,70,70,70,70,70,70,70,70,70,70,75,75,75,75,75,75,75,75,75,75,75,75,75,75,75,75,75,75,75,75,75,75,75,75,75,75,75,75,75,75,75,75,75],"card_choices":[{"not_picked":["PulseMagic","AsteroidBelt","GalacticHalo"],"picked":"SKIP","floor":1.0},{"not_picked":["ShootingEcho","GravityBeat"],"picked":"6A","floor":4.0},{"not_picked":["ShootingEcho","MilkyWay"],"picked":"MeteoricShower","floor":6.0},{"not_picked":["StarBarrage","ManaConvection","DC"],"picked":"SKIP","floor":8.0},{"not_picked":["BlazeAway","ShootingEcho","ChargingUp"],"picked":"SKIP","floor":10.0},{"not_picked":["ShootTheMoon","JA"],"picked":"EarthLightRay","floor":11.0},{"not_picked":["WitchOfGreed","PulseMagic","AsteroidBelt"],"picked":"SKIP","floor":13.0},{"not_picked":["NonDirectionalLaser","DarkSpark","StarBarrage"],"picked":"SKIP","floor":14.0},{"not_picked":["AsteroidBelt","AlicesGift"],"picked":"GasGiant","floor":18.0},{"not_picked":["StarBarrage","DarkSpark+1","MysteriousBeam"],"picked":"SKIP","floor":19.0},{"not_picked":["IllusionStar","Flying Knee","Dropkick"],"picked":"SKIP","floor":21.0},{"not_picked":["Steam","Uppercut"],"picked":"Sweeping Beam","floor":23.0},{"not_picked":["FollowUp+1","DeepEcoloBomb"],"picked":"Acceleration","floor":23.0},{"not_picked":["Rainbow","True Grit"],"picked":"Shrug It Off+1","floor":29.0},{"not_picked":["Conclude+1","Quick Slash+1","Weave+1"],"picked":"SKIP","floor":30.0},{"not_picked":["PropBag","True Grit","CrushJoints+1"],"picked":"SKIP","floor":31.0},{"not_picked":["DevaForm","MillisecondPulsars"],"picked":"LessonLearned+1","floor":33.0},{"not_picked":["Rebound+1","Spot Weakness","DoubleSpark+1"],"picked":"SKIP","floor":35.0},{"not_picked":["Vengeance","Body Slam+1","Self Repair+1"],"picked":"SKIP","floor":41},{"not_picked":["FollowUp+1","MilkyWay","Perfected Strike+1"],"picked":"SKIP","floor":42},{"not_picked":["Endless Agony+1","Evaluate+1","ShootingEcho+1"],"picked":"SKIP","floor":44},{"not_picked":["Heavy Blade+1","Envenom","PiercingWail"],"picked":"SKIP","floor":45},{"not_picked":["GrandCross+1","Undo","Deflect"],"picked":"SKIP","floor":46},{"not_picked":["MeteoricShower+1","Beam Cell+1","HandOfGreed+1"],"picked":"SKIP","floor":47},{"not_picked":["BowlingBash+1","Gash+1","Endless Agony+1"],"picked":"SKIP","floor":55}],"player_experience":417502,"relics_obtained":[{"floor":6.0,"key":"Happy Flower"},{"floor":9.0,"key":"Whetstone"},{"floor":10.0,"key":"Vajra"},{"floor":13.0,"key":"Dream Catcher"},{"floor":26.0,"key":"Molten Egg 2"},{"floor":28.0,"key":"Red Mask"},{"floor":29.0,"key":"PreservedInsect"},{"floor":31.0,"key":"Pantograph"},{"floor":36.0,"key":"Torii"},{"floor":41,"key":"Pocketwatch"},{"floor":43,"key":"Bag of Preparation"},{"floor":43,"key":"Lantern"},{"floor":45,"key":"Nunchaku"},{"floor":47,"key":"Bird Faced Urn"},{"floor":55,"key":"StrikeDummy"}],"event_choices":[{"cards_removed":["Writhe"],"damage_healed":0.0,"max_hp_gain":0.0,"max_hp_loss":0.0,"gold_gain":0.0,"event_name":"Golden Wing","player_choice":"Card Removal","floor":3.0,"gold_loss":0.0,"damage_taken":7.0},{"damage_healed":0.0,"max_hp_gain":0.0,"max_hp_loss":0.0,"gold_gain":0.0,"event_name":"Lab","player_choice":"Got Potions","floor":12.0,"gold_loss":0.0,"damage_taken":0.0},{"cards_removed":["AlicesGift"],"damage_healed":0.0,"max_hp_gain":0.0,"max_hp_loss":0.0,"gold_gain":0.0,"event_name":"Back to Basics","player_choice":"Elegance","floor":22.0,"gold_loss":0.0,"damage_taken":0.0},{"damage_healed":0.0,"max_hp_gain":5.0,"max_hp_loss":0.0,"gold_gain":0.0,"event_name":"Forgotten Altar","player_choice":"Shed Blood","floor":24.0,"gold_loss":0.0,"damage_taken":25.0},{"damage_healed":0.0,"max_hp_gain":0.0,"max_hp_loss":0.0,"gold_gain":0.0,"event_name":"Cursed Tome","player_choice":"Ignored","floor":27.0,"gold_loss":0.0,"damage_taken":0.0},{"damage_healed":0.0,"max_hp_gain":0.0,"max_hp_loss":0.0,"gold_gain":0.0,"event_name":"Masked Bandits","player_choice":"Fought Bandits","floor":28.0,"gold_loss":0.0,"damage_taken":0.0},{"damage_healed":0.0,"max_hp_gain":0.0,"max_hp_loss":0.0,"gold_gain":0.0,"event_name":"Mysterious Sphere","player_choice":"Fight","floor":36.0,"gold_loss":0.0,"damage_taken":0.0},{"damage_healed":0,"gold_gain":0,"player_choice":"Memory 1","damage_taken":0,"max_hp_gain":0,"max_hp_loss":0,"event_name":"SensoryStone","floor":38,"gold_loss":0},{"cards_removed":["6A"],"damage_healed":0,"gold_gain":0,"player_choice":"Removed Attack","damage_taken":0,"max_hp_gain":0,"max_hp_loss":0,"event_name":"Falling","floor":48,"gold_loss":0}],"is_beta":false,"boss_relics":[{"not_picked":["Velvet Choker","Tiny House"],"picked":"Coffee Dripper"},{"not_picked":["Black Star","Empty Cage"],"picked":"Fusion Hammer"}],"items_purged_floors":[2,7,15,20,20,23,32],"is_endless":false,"potions_floor_spawned":[1,4,10,16,18,19,21,28,31,42,44,45,46],"ascension_level":20}}