{"host":"q387i5o1hp66091u","time":1610201343,"event":{"mods":["2.2 Compatiblity","BaseMod","Minty Spire (QoL Compilation)","Rare Cards Sparkle"],"gold_per_floor":[113,113,129,52,70,70,90,116,164,203,40,40,83,102,102,208,208,227,247,247,247],"floor_reached":20,"playtime":930,"items_purged":[],"score":243,"play_id":"e6b12caa-f1fe-4763-91e0-bff50b15635b","local_time":"20210109230903","is_ascension_mode":true,"campfire_choices":[{"data":"Uppercut","floor":6.0,"key":"SMITH"},{"floor":12.0,"key":"REST"},{"data":"Discovery","floor":15.0,"key":"SMITH"}],"circlet_count":0,"master_deck":["Strike_R","Strike_R","Strike_R","Strike_R","Strike_R","Defend_R","Defend_R","Defend_R","Defend_R","Bash","Reckless Charge","Metallicize","Uppercut+1","Flame Barrier","Sentinel","Wild Strike","Feel No Pain","Discovery+1","Warcry","True Grit","Disarm","Dark Embrace","Juggernaut","Inflame","Reckless Charge"],"relics":["Burning Blood","Matryoshka","Pen Nib","CeramicFish","Blood Vial","Incense Burner","Oddly Smooth Stone","Runic Cube"],"acts_visited":["Exordium","TheCity"],"potions_floor_usage":[18,18],"damage_taken":[{"damage":1.0,"enemies":"2 Louse","floor":1.0,"turns":3.0},{"damage":4.0,"enemies":"Jaw Worm","floor":3.0,"turns":4.0},{"damage":0.0,"enemies":"Small Slimes","floor":5.0,"turns":3.0},{"damage":6.0,"enemies":"Blue Slaver","floor":7.0,"turns":3.0},{"damage":24.0,"enemies":"Lagavulin","floor":8.0,"turns":8.0},{"damage":26.0,"enemies":"3 Sentries","floor":10.0,"turns":12.0},{"damage":29.0,"enemies":"Lagavulin","floor":13.0,"turns":10.0},{"damage":2.0,"enemies":"2 Fungi Beasts","floor":14.0,"turns":4.0},{"damage":38,"enemies":"Slime Boss","floor":16,"turns":10},{"damage":18,"enemies":"3 Byrds","floor":18,"turns":2},{"damage":4,"enemies":"Chosen","floor":19,"turns":6},{"damage":8,"enemies":"Shelled Parasite and Fungi","floor":20,"turns":2}],"seed_played":"-6303194848204740339","potions_obtained":[{"floor":1.0,"key":"SteroidPotion"},{"floor":8.0,"key":"Energy Potion"},{"floor":10.0,"key":"LiquidBronze"},{"floor":16,"key":"LiquidBronze"},{"floor":19,"key":"FearPotion"}],"is_trial":false,"path_per_floor":["M","?","M","$","M","R","M","E","T","E","$","R","E","M","R","B",null,"M","M","M"],"character_chosen":"IRONCLAD","items_purchased":["Uppercut","Discovery","Warcry","True Grit"],"campfire_rested":1,"item_purchase_floors":[4,11,11,11],"current_hp_per_floor":[88,81,83,83,88,88,88,70,70,52,52,78,57,63,63,33,74,64,68,62,62],"gold":247,"neow_bonus":"TEN_PERCENT_HP_BONUS","is_daily":false,"chose_seed":false,"campfire_upgraded":2,"win_rate":0.0,"timestamp":1610201343,"path_taken":["M","?","M","$","M","R","M","E","T","E","$","R","E","M","R","BOSS","M","M","M"],"items_purchased_type":["Card","Card","Card","Card"],"build_version":"2020-12-22","purchased_purges":0,"victory":false,"max_hp_per_floor":[88,88,88,88,88,88,88,88,88,88,88,88,88,88,88,88,88,88,88,88,88],"card_choices":[{"not_picked":["Sword Boomerang","Feel No Pain"],"picked":"Reckless Charge","floor":1.0},{"not_picked":["Headbutt","Perfected Strike"],"picked":"Metallicize","floor":3.0},{"not_picked":["Pommel Strike","True Grit"],"picked":"Flame Barrier","floor":5.0},{"not_picked":["Anger","Heavy Blade"],"picked":"Sentinel","floor":7.0},{"not_picked":["Bloodletting","Flame Barrier"],"picked":"Wild Strike","floor":8.0},{"not_picked":["Cleave","Iron Wave"],"picked":"Feel No Pain","floor":10.0},{"not_picked":["Flex","Thunderclap"],"picked":"Disarm","floor":13.0},{"not_picked":["Headbutt","Anger"],"picked":"Dark Embrace","floor":14.0},{"not_picked":["Reaper","Fiend Fire"],"picked":"Juggernaut","floor":16},{"not_picked":["Havoc","Pommel Strike"],"picked":"Inflame","floor":18},{"not_picked":["Flex","Whirlwind"],"picked":"Reckless Charge","floor":19}],"player_experience":592296,"relics_obtained":[{"floor":8.0,"key":"Pen Nib"},{"floor":9.0,"key":"CeramicFish"},{"floor":9.0,"key":"Blood Vial"},{"floor":10.0,"key":"Incense Burner"},{"floor":13.0,"key":"Oddly Smooth Stone"}],"event_choices":[{"damage_healed":0.0,"max_hp_gain":0.0,"max_hp_loss":0.0,"gold_gain":0.0,"event_name":"Scrap Ooze","player_choice":"Success","floor":2.0,"gold_loss":0.0,"damage_taken":7.0,"relics_obtained":["Matryoshka"]}],"is_beta":false,"boss_relics":[{"not_picked":["Tiny House","Ectoplasm"],"picked":"Runic Cube"}],"items_purged_floors":[],"is_endless":false,"potions_floor_spawned":[1,8,10,16,19],"killed_by":"Shelled Parasite and Fungi","ascension_level":5}}