{"host":"jvd5k9mqzerszifx","time":1610206858,"event":{"mods":["AchievementEnabler","Act Like it!","BaseMod","Better Note","Better Third Choice","Colored Map","Colored Powertips","Conspire","Gensokyo","Hallownest","Hubris","Infinite Spire","Jorbs\u0027s Wanderer Trilogy","Lobotomy","Minty Spire (QoL Compilation)","MostiFishMod","Replay The Spire","Reworked Bosses","Spicy Shops","StSLib","The Factory","The Jungle","【功能Mod】聪明的最终Boss"],"gold_per_floor":[132,132,170,52,52,106,106,168,168,168,188,212,250,290,290,488,488,524,620,620,660,686,686,742,742,796,796,824,545,573,607,607,797,797,825,97,131,131,157,157,211,211,211,239,239,339,407,429,429,429,429,429,42,110,110],"floor_reached":56,"playtime":6310,"items_purged":[],"score":2196,"play_id":"884dba05-22b1-440b-b63a-973d7a7729f4","local_time":"20210109234058","is_ascension_mode":true,"campfire_choices":[{"data":"Dagger Spray","floor":7,"key":"SMITH"},{"data":"Dagger Spray","floor":7,"key":"SMITH"},{"data":"Blur","floor":7,"key":"SMITH"},{"data":"Blur","floor":7,"key":"SMITH"},{"data":"Burst","floor":7,"key":"SMITH"},{"data":"Noxious Fumes","floor":7,"key":"SMITH"},{"data":"Expertise","floor":7,"key":"SMITH"},{"data":"Bouncing Flask","floor":7,"key":"SMITH"},{"data":"Bouncing Flask","floor":7,"key":"SMITH"},{"data":"Catalyst","floor":7,"key":"SMITH"},{"data":"Terror","floor":7,"key":"SMITH"},{"data":"Caltrops","floor":7,"key":"SMITH"},{"data":"Backflip","floor":7,"key":"SMITH"},{"data":"Hidden Blade","floor":7,"key":"SMITH"},{"data":"MostiFishMod:InvigoratingSolution","floor":7,"key":"SMITH"},{"data":"MostiFishMod:InvigoratingSolution","floor":7,"key":"SMITH"},{"data":"MostiFishMod:PerfectParry","floor":7,"key":"SMITH"},{"floor":7,"key":"REST"},{"data":"Deadly Poison","floor":10,"key":"SMITH"},{"floor":10,"key":"REST"},{"data":"Prepared","floor":15,"key":"SMITH"},{"data":"Poisoned Stab","floor":15,"key":"SMITH"},{"data":"Infinite Blades","floor":15,"key":"SMITH"},{"data":"Acrobatics","floor":15,"key":"SMITH"},{"floor":15,"key":"RECALL"},{"data":"Adrenaline","floor":23,"key":"SMITH"},{"data":"Sneak Up","floor":23,"key":"SMITH"},{"data":"Outmaneuver","floor":23,"key":"SMITH"},{"data":"Catalyst","floor":23,"key":"SMITH"},{"floor":23,"key":"REST"},{"data":"Venomology","floor":25,"key":"SMITH"},{"data":"Expertise+1","floor":25,"key":"PURGE"},{"floor":25,"key":"REST"},{"data":"ReplayTheSpireMod:Chaos Vortex","floor":32,"key":"SMITH"},{"data":"Draining Mist","floor":32,"key":"SMITH"},{"data":"PiercingWail","floor":32,"key":"SMITH"},{"floor":32,"key":"REST"},{"data":"MostiFishMod:SpreadingSpore","floor":40,"key":"SMITH"},{"data":"MostiFishMod:SephirahHod","floor":40,"key":"SMITH"},{"data":"A Thousand Cuts","floor":40,"key":"SMITH"},{"data":"Accuracy","floor":40,"key":"SMITH"},{"data":"Corpse Explosion","floor":40,"key":"SMITH"},{"data":"Deflect","floor":40,"key":"SMITH"},{"floor":40,"key":"REST"},{"floor":42,"key":"REST"},{"data":"hubris:TrickCloak","floor":49,"key":"SMITH"},{"floor":49,"key":"REST"},{"floor":52,"key":"REST"}],"circlet_count":0,"master_deck":["AscendersBane","Dagger Spray+1","Dagger Spray+1","Blur+1","Blur+1","Burst+1","Noxious Fumes+1","Bouncing Flask+1","Bouncing Flask+1","Catalyst+1","Terror+1","Caltrops+1","Backflip+1","Deflect+1","Hidden Blade+1","MostiFishMod:InvigoratingSolution+1","MostiFishMod:InvigoratingSolution+1","MostiFishMod:PerfectParry+1","Deadly Poison+1","Prepared+1","Poisoned Stab+1","Infinite Blades+1","Acrobatics+1","Adrenaline+1","Outmaneuver+1","Calculated Gamble+1","Sneak Up+1","Outmaneuver+1","Catalyst+1","Venomology+1","ReplayTheSpireMod:Chaos Vortex+1","Quick Slash+1","Quick Slash+1","PiercingWail+1","MostiFishMod:SpreadingSpore+1","MostiFishMod:SephirahHod+1","conspire:PoisonWeapons+1","Sucker Punch+1","A Thousand Cuts+1","Accuracy+1","Corpse Explosion+1","Deflect+1","Flechettes+1","hubris:TrickCloak+1","Finisher+1","Slice+1","Adrenaline+1","Deflect","Choke+1"],"relics":["Ring of the Snake","Peace Pipe","Ginger","Turnip","Unceasing Top","Omamori","Ice Cream","The Specimen","The Courier","Medical Kit","WingedGreaves","Blue Candle","DaveBox","SynthV:TestCard","Membership Card","hubris:SlimyHat","infinitespire:Lucky Rock","Potion Belt","Regal Pillow","DianPoetry","Honey Jar","Lantern","Replay:Wax Seal","ChiLing","Chi","Ling","Molten Egg 2","Singing Bowl","MostiFishMod:Hod","conspire:DeflatedDodgeball","BirthdayGift-Tetrahedron","CombinedTypeHook","Orrery","Ring of Misfortune","Gremlin Horn","Replay:PocketPolymizer","InkBottle","Paper Crane","DollysMirror","hubris:HerbalPaste","Garlic","Happy Flower","Strawberry"],"acts_visited":["Gensokyo:Gensokyo","TheCity","TheBeyond","TheEnding"],"potions_floor_usage":[16,16,16,28,30,30,33,41,41,47,47,50,54,55,55,55,55,55,55],"damage_taken":[{"damage":7,"enemies":"Gensokyo:Python","floor":1,"turns":3},{"damage":3,"enemies":"Gensokyo:Gryphon","floor":3,"turns":3},{"damage":0,"enemies":"Gensokyo:Mamizou","floor":6,"turns":4},{"damage":0,"enemies":"Gensokyo:Aya","floor":8,"turns":3},{"damage":1,"enemies":"Gensokyo:3_Fairies","floor":11,"turns":4},{"damage":0,"enemies":"Gensokyo:LivingMonolith","floor":12,"turns":3},{"damage":8,"enemies":"Gensokyo:3_Kodama","floor":13,"turns":2},{"damage":8,"enemies":"Gensokyo:CorruptedTreant","floor":14,"turns":2},{"damage":17,"enemies":"Gensokyo:Reimu","floor":16,"turns":5},{"damage":0,"enemies":"conspire:FuzzyDice","floor":18,"turns":4},{"damage":22,"enemies":"2 Thieves","floor":19,"turns":3},{"damage":0,"enemies":"Snecko","floor":21,"turns":3},{"damage":7,"enemies":"Centurion and Healer","floor":22,"turns":4},{"damage":0,"enemies":"conspire:SneckoGhost","floor":24,"turns":3},{"damage":0,"enemies":"Snake Plant","floor":28,"turns":2},{"damage":9,"enemies":"Snecko","floor":30,"turns":3},{"damage":2,"enemies":"Sentry and Sphere","floor":31,"turns":2},{"damage":1,"enemies":"bossMod:newChamp","floor":33,"turns":4},{"damage":11,"enemies":"3 Darklings","floor":35,"turns":3},{"damage":3,"enemies":"Orb Walker","floor":37,"turns":2},{"damage":1,"enemies":"4 Shapes","floor":39,"turns":2},{"damage":9,"enemies":"Giant Head","floor":41,"turns":3},{"damage":8,"enemies":"Maw","floor":44,"turns":2},{"damage":17,"enemies":"2 Orb Walkers","floor":46,"turns":2},{"damage":9,"enemies":"Nightmare","floor":47,"turns":3},{"damage":3,"enemies":"Jaw Worm Horde","floor":48,"turns":1},{"damage":9,"enemies":"bossMod:newAwakened","floor":50,"turns":5},{"damage":5,"enemies":"Shield and Spear","floor":54,"turns":2},{"damage":9,"enemies":"The Heart","floor":55,"turns":4}],"seed_played":"-5618682643794290501","potions_obtained":[{"floor":3,"key":"Elixir"},{"floor":8,"key":"Dexterity Potion"},{"floor":11,"key":"Adrenaline Potion"},{"floor":12,"key":"Adrenaline Potion"},{"floor":16,"key":"Block Potion"},{"floor":18,"key":"DuplicationPotion"},{"floor":22,"key":"Fire Potion"},{"floor":28,"key":"Block Potion"},{"floor":31,"key":"SpeedPotion"},{"floor":33,"key":"Milkshake"},{"floor":35,"key":"Block Potion"},{"floor":41,"key":"PowerPotion"},{"floor":44,"key":"Venom Potion"}],"is_trial":false,"path_per_floor":["M","?","M","$","?","E","R","E","T","R","M","M","M","M","R","B",null,"M","M","?","M","M","R","E","R","T","AVR","M","$","M","M","R","B",null,"M","$","M","?","M","R","E","R","T","M","?","?","NM","M","R","B",null,"R","$","E","B",null],"character_chosen":"THE_SILENT","items_purchased":["hubris:SlimyHat","MostiFishMod:InvigoratingSolution","infinitespire:Lucky Rock","ChiLing","Molten Egg 2","Singing Bowl","Quick Slash+1","conspire:DeflatedDodgeball","BirthdayGift-Tetrahedron","CombinedTypeHook","Orrery","Paper Crane","DollysMirror","Deflect","hubris:HerbalPaste","Garlic","Happy Flower"],"campfire_rested":9,"item_purchase_floors":[4,4,4,29,29,29,29,36,36,36,36,53,53,53,53,53,53],"current_hp_per_floor":[52,52,49,49,41,41,66,66,66,84,83,83,75,67,67,50,76,76,54,54,54,47,84,84,84,84,84,84,84,75,73,84,83,84,74,76,74,74,75,88,84,88,88,82,82,70,68,65,94,91,93,94,94,97,94],"gold":110,"neow_bonus":"TWENTY_PERCENT_HP_BONUS","is_daily":false,"chose_seed":false,"campfire_upgraded":37,"win_rate":0.0,"timestamp":1610206858,"path_taken":["M","?","M","?","?","E","R","E","T","R","M","M","M","M","R","BOSS","M","M","?","M","M","R","E","R","T","AVR","M","?","M","M","R","BOSS","M","$","M","?","M","R","E","R","T","M","?","?","NM","M","R","BOSS","R","$","E","BOSS"],"items_purchased_type":["Relic","Card","Relic","Relic","Relic","Relic","Card","Relic","Relic","Relic","Relic","Relic","Relic","Card","Relic","Relic","Relic"],"build_version":"2020-12-22","purchased_purges":0,"victory":true,"max_hp_per_floor":[84,84,84,84,84,84,84,84,84,84,84,84,84,84,84,84,84,84,84,84,84,84,84,84,84,84,84,84,84,84,84,84,84,84,84,86,86,86,88,88,88,88,88,90,90,92,94,94,94,94,94,94,94,101,101],"card_choices":[{"not_picked":["Blade Dance","Flying Knee"],"picked":"Backflip","floor":1},{"not_picked":["Flying Knee","PiercingWail","Dash","ReplayTheSpireMod:Shiv Toss"],"picked":"Hidden Blade","floor":3},{"not_picked":["Sucker Punch","Finisher","Dagger Spray","Dagger Throw"],"picked":"MostiFishMod:PerfectParry","floor":6},{"not_picked":["Flying Knee","Riddle With Holes","Outmaneuver","MostiFishMod:PerfectParry"],"picked":"Deadly Poison","floor":8},{"not_picked":["Deflect","Flechettes","Deadly Poison","MostiFishMod:PreservedThorns"],"picked":"Prepared","floor":11},{"not_picked":["Slice","Flying Knee","Sucker Punch","MostiFishMod:ThornCasing"],"picked":"Poisoned Stab","floor":12},{"not_picked":["hubris:SlightOfHand","ReplayTheSpireMod:Speed Training","MostiFishMod:Opportunism","Underhanded Strike"],"picked":"Infinite Blades","floor":13},{"not_picked":["Prepared","Hidden Blade","Reflex","Footwork"],"picked":"Acrobatics","floor":14},{"not_picked":["Glass Knife","ReplayTheSpireMod:Necrosis","MostiFishMod:WinterMarkForm","Bullet Time"],"picked":"Adrenaline","floor":16},{"not_picked":["Sucker Punch","Blade Dance","Accuracy","hubris:SlightOfHand","Cloak And Dagger"],"picked":"Outmaneuver+1","floor":18},{"not_picked":["Hidden Blade+1","Poisoned Stab","Acrobatics","Deflect","Footwork"],"picked":"Calculated Gamble+1","floor":19},{"not_picked":["Unload","Infinite Blades","hubris:SlightOfHand","Cloak And Dagger+1","Dagger Spray+1"],"picked":"Outmaneuver","floor":21},{"not_picked":["Acrobatics","Cloak And Dagger","Dagger Throw","Quick Slash","Endless Agony+1"],"picked":"Catalyst","floor":22},{"not_picked":["Tactician","Sneak Up","Underhanded Strike","MostiFishMod:PerfectParry+1","Caltrops"],"picked":"Venomology","floor":24},{"not_picked":["Acrobatics+1","hubris:Sniper","Blade Dance","Flying Knee","Dodge and Roll"],"picked":"Draining Mist","floor":28},{"not_picked":["ReplayTheSpireMod:Scrap Shanks","Burst","Infinite Blades","Poisoned Stab+1","Dodge and Roll"],"picked":"Quick Slash+1","floor":30},{"not_picked":["Draining Mist+1","Dagger Spray+1","Cloak And Dagger+1","Heel Hook+1","Dodge and Roll"],"picked":"PiercingWail","floor":31},{"not_picked":["Glass Knife+1","MostiFishMod:HiddenBlade","Storm of Steel","Die Die Die+1","After Image"],"picked":"MostiFishMod:SpreadingSpore","floor":33},{"not_picked":["Bane+1","Skewer+1","Dagger Spray+1","Flying Knee+1","Outmaneuver+1"],"picked":"conspire:PoisonWeapons+1","floor":35},{"not_picked":["Deadly Poison+1","Underhanded Strike+1","Flying Knee+1","Acrobatics+1","hubris:SlightOfHand","Infinite Blades+1"],"picked":"Singing Bowl","floor":36},{"not_picked":["MostiFishMod:InvigoratingSolution","Dash+1","Glass Knife+1","Dodge and Roll+1","Flying Knee+1"],"picked":"Sucker Punch+1","floor":36},{"not_picked":["Toxin Wave+1","Backflip+1","Bane+1","Acrobatics","MostiFishMod:FrostNova+1"],"picked":"A Thousand Cuts","floor":36},{"not_picked":["Deadly Poison","MostiFishMod:PoisonShield+1","Distraction","Dagger Spray+1","hubris:SlightOfHand+1"],"picked":"Accuracy","floor":36},{"not_picked":["Prepared+1","MostiFishMod:PerfectParry+1","Hidden Blade+1","Die Die Die+1","Deflect"],"picked":"Corpse Explosion","floor":36},{"not_picked":["Sucker Punch+1","hubris:TrickCloak","MostiFishMod:ThornCasing+1","Reflex+1","MostiFishMod:PerfectParry+1"],"picked":"Deflect","floor":37},{"not_picked":["Bane+1","Quick Slash+1","Backflip+1","Bouncing Flask","Predator+1","Prepared"],"picked":"Singing Bowl","floor":39},{"not_picked":["Tactician","Bouncing Flask+1","hubris:SlightOfHand","Sneak Up","Quick Slash+1"],"picked":"Flechettes+1","floor":41},{"not_picked":["Eviscerate+1","hubris:SlightOfHand","MostiFishMod:Dislodge","Poisoned Stab+1","Dagger Throw+1","Dagger Spray+1"],"picked":"Singing Bowl","floor":44},{"not_picked":["Underhanded Strike+1","Dagger Throw+1","Deadly Poison+1","Blade Dance+1","Infinite Blades","Corpse Explosion"],"picked":"Singing Bowl","floor":46},{"not_picked":["Deflect+1","MostiFishMod:PerfectParry+1","Night Terror","Deadly Poison","Bane+1","Hidden Blade+1"],"picked":"Singing Bowl","floor":47},{"not_picked":["Noxious Fumes","Flying Knee+1","Blade Dance","Dagger Throw+1","Prepared+1"],"picked":"Finisher+1","floor":48},{"not_picked":["Sneak Up","Cloak And Dagger","Dagger Spray+1","Hidden Blade","conspire:DoublingDagger+1"],"picked":"Choke+1","floor":54}],"player_experience":193777,"relics_obtained":[{"floor":1,"key":"SynthV:TestCard"},{"floor":6,"key":"Potion Belt"},{"floor":8,"key":"Regal Pillow"},{"floor":9,"key":"DianPoetry"},{"floor":24,"key":"Lantern"},{"floor":26,"key":"Replay:Wax Seal"},{"floor":38,"key":"Ring of Misfortune"},{"floor":41,"key":"Gremlin Horn"},{"floor":46,"key":"Replay:PocketPolymizer"},{"floor":47,"key":"InkBottle"},{"floor":54,"key":"Strawberry"}],"event_choices":[{"damage_healed":0,"gold_gain":0,"player_choice":"2 cards matched","damage_taken":0,"max_hp_gain":0,"max_hp_loss":0,"event_name":"Match and Keep!","floor":20,"gold_loss":0,"cards_obtained":["Sneak Up","conspire:Blindness"]},{"damage_healed":0,"gold_gain":0,"player_choice":"Fight","damage_taken":0,"max_hp_gain":0,"max_hp_loss":0,"event_name":"Mysterious Sphere","floor":46,"gold_loss":0}],"is_beta":false,"boss_relics":[{"not_picked":["Coffee Dripper","ReplayTheSpireMod:SealedPack"],"picked":"Honey Jar"},{"not_picked":["Replay:Wanted Poster","Replay:Grab Bag"],"picked":"MostiFishMod:Hod"}],"items_purged_floors":[],"is_endless":false,"potions_floor_spawned":[3,8,11,12,16,18,22,28,31,33,35,37,41,44],"ascension_level":11}}