{"host":"gkm149kh1ihaqy0o","time":1610172137,"event":{"mods":["AchievementEnabler","BaseMod","Colored Powertips","Googly Eyes","Key Reminder","Minty Spire (QoL Compilation)","Permanent Neow","Quick Restart","Random Character Button","Rare Cards Sparkle","Relic Sorter","Relic Stats","SuperFastMode","Unceasing Turn Reminder","everything is the same but u backflip on backflip"],"gold_per_floor":[117,117,43,43,62,62,72,91,91,91,91],"floor_reached":10,"playtime":277,"items_purged":[],"score":75,"play_id":"a34a48de-fcd9-4dc0-9370-a0cf6d14c9df","local_time":"20210109000217","is_ascension_mode":true,"campfire_choices":[{"data":"Eruption","floor":6,"key":"SMITH"}],"circlet_count":0,"master_deck":["Strike_P","Strike_P","Strike_P","Strike_P","Defend_P","Defend_P","Defend_P","Defend_P","Eruption+1","Vigilance","Injury","ConjureBlade","Evaluate","Ragnarok","Eruption","MentalFortress","Wireheading","TalkToTheHand","Prostrate"],"relics":["PureWater","Matryoshka"],"acts_visited":["Exordium"],"potions_floor_usage":[10,10],"damage_taken":[{"damage":0,"enemies":"Small Slimes","floor":1,"turns":3},{"damage":0,"enemies":"Cultist","floor":5,"turns":2},{"damage":8,"enemies":"Jaw Worm","floor":7,"turns":3},{"damage":16,"enemies":"3 Louse","floor":8,"turns":2},{"damage":43,"enemies":"3 Sentries","floor":10,"turns":4}],"seed_played":"-305088663753785360","potions_obtained":[{"floor":4,"key":"GamblersBrew"},{"floor":4,"key":"Explosive Potion"},{"floor":4,"key":"FearPotion"}],"is_trial":false,"path_per_floor":["M","?","$","?","M","R","M","M","T","E"],"character_chosen":"WATCHER","items_purchased":["MentalFortress"],"campfire_rested":0,"item_purchase_floors":[3],"current_hp_per_floor":[65,65,65,65,65,65,57,41,41,0,0],"gold":91,"neow_bonus":"THREE_RARE_CARDS","is_daily":false,"chose_seed":false,"campfire_upgraded":1,"win_rate":0.0,"timestamp":1610172137,"path_taken":["M","?","$","?","M","R","M","?","T","E"],"items_purchased_type":["Card"],"build_version":"2020-12-22","purchased_purges":0,"victory":false,"max_hp_per_floor":[72,72,72,72,72,72,72,72,72,72,72],"relic_stats":{"counters":[5,14],"obtain_stats":[{"Matryoshka":9,"PureWater":0},{"Matryoshka":4,"PureWater":0},{"Matryoshka":10,"PureWater":0}]},"card_choices":[{"not_picked":["Wish","Ragnarok"],"picked":"ConjureBlade","floor":0},{"not_picked":["Halt","CrushJoints"],"picked":"Evaluate","floor":1},{"not_picked":["SashWhip","Halt"],"picked":"Wireheading","floor":5},{"not_picked":["EmptyFist","ReachHeaven"],"picked":"TalkToTheHand","floor":7},{"not_picked":["WheelKick","Halt"],"picked":"Prostrate","floor":8}],"player_experience":617346,"relics_obtained":[{"floor":9,"key":"Matryoshka"}],"event_choices":[{"damage_healed":0,"gold_gain":0,"player_choice":"2 cards matched","damage_taken":0,"max_hp_gain":0,"max_hp_loss":0,"event_name":"Match and Keep!","floor":2,"gold_loss":0,"cards_obtained":["Ragnarok","Eruption"]},{"damage_healed":0,"gold_gain":0,"player_choice":"Got Potions","damage_taken":0,"max_hp_gain":0,"max_hp_loss":0,"event_name":"Lab","floor":4,"gold_loss":0}],"is_beta":false,"boss_relics":[],"items_purged_floors":[],"is_endless":false,"potions_floor_spawned":[5],"killed_by":"3 Sentries","ascension_level":6}}