{"host":"sav7uxregyirlf69","time":1610205438,"event":{"mods":["AchievementEnabler","BaseMod","Colored Map","DeckTracker","Keyboard Shortcuts","Minty Spire (QoL Compilation)","READ ME - Guardian Mod","StSLib","SuperFastMode"],"gold_per_floor":[212,226,226,241,241,267,267,297,297,297,328,328,348,364,364,455,455,471,471,231,146,146,156,156,156,156],"floor_reached":25,"playtime":415,"items_purged":["Strike_B"],"score":538,"play_id":"a3e7681e-2714-447c-9d94-cff526a5f3ed","local_time":"20210110001718","is_ascension_mode":true,"campfire_choices":[{"floor":7.0,"key":"REST"},{"floor":10.0,"key":"REST"},{"data":"Dualcast","floor":15.0,"key":"SMITH"},{"data":"Capacitor","floor":24,"key":"SMITH"}],"circlet_count":0,"master_deck":["AscendersBane","Strike_B","Strike_B","Defend_B","Defend_B+1","Defend_B+1","Defend_B","Zap","Dualcast+1","Gash","Lockon","Conserve Battery","Biased Cognition","Chaos+1","Chaos+1","Leap+1","Capacitor+1","Chill+1","Loop","Steam Power+1","Turbo+1"],"relics":["Cracked Core","Akabeko","Toxic Egg 2","Lantern","Art of War","Bloody Idol","Black Star","Toy Ornithopter"],"acts_visited":["Exordium","TheCity"],"potions_floor_usage":[16,25],"damage_taken":[{"damage":1.0,"enemies":"Cultist","floor":1.0,"turns":3.0},{"damage":7.0,"enemies":"2 Louse","floor":2.0,"turns":3.0},{"damage":8.0,"enemies":"Small Slimes","floor":4.0,"turns":2.0},{"damage":27.0,"enemies":"Lagavulin","floor":6.0,"turns":7.0},{"damage":11.0,"enemies":"Gremlin Nob","floor":8.0,"turns":3.0},{"damage":12.0,"enemies":"Lagavulin","floor":11.0,"turns":5.0},{"damage":0.0,"enemies":"Blue Slaver","floor":13.0,"turns":2.0},{"damage":1.0,"enemies":"3 Louse","floor":14.0,"turns":3.0},{"damage":0,"enemies":"Slime Boss","floor":16,"turns":5},{"damage":25,"enemies":"3 Byrds","floor":18,"turns":4},{"damage":0,"enemies":"Shell Parasite","floor":23,"turns":5},{"damage":56,"enemies":"Slavers","floor":25,"turns":4}],"seed_played":"-1252193496006830980","potions_obtained":[{"floor":4.0,"key":"Energy Potion"},{"floor":6.0,"key":"Explosive Potion"},{"floor":8.0,"key":"PowerPotion"},{"floor":18,"key":"GamblersBrew"}],"is_trial":false,"path_per_floor":["M","M","?","M","?","E","R","E","T","R","E","?","M","M","R","B",null,"M","?","$","?","?","M","R","E"],"character_chosen":"DEFECT","items_purchased":["Chill+1","Loop"],"campfire_rested":2,"item_purchase_floors":[20,20],"current_hp_per_floor":[63,56,61,53,30,3,25,14,14,36,24,24,24,23,23,23,58,33,33,33,33,33,38,38,0,0],"gold":156,"neow_bonus":"HUNDRED_GOLD","is_daily":false,"chose_seed":false,"campfire_upgraded":2,"win_rate":0.0,"timestamp":1610205438,"path_taken":["M","M","?","M","?","E","R","E","T","R","E","?","M","M","R","BOSS","M","?","$","?","?","M","R","E"],"items_purchased_type":["Card","Card"],"build_version":"2020-12-22","purchased_purges":1,"victory":false,"max_hp_per_floor":[71,71,76,76,76,76,76,76,76,76,76,69,69,69,69,69,69,69,69,69,69,69,69,69,69,69],"card_choices":[{"not_picked":["Barrage","Conserve Battery"],"picked":"Gash","floor":1.0},{"not_picked":["Redo","Force Field"],"picked":"Lockon","floor":2.0},{"not_picked":["Force Field","Coolheaded"],"picked":"Conserve Battery","floor":4.0},{"not_picked":["Darkness","Double Energy"],"picked":"Biased Cognition","floor":6.0},{"not_picked":["Sweeping Beam","Leap+1"],"picked":"Chaos+1","floor":8.0},{"not_picked":["Barrage","Sweeping Beam","Hello World"],"picked":"SKIP","floor":11.0},{"not_picked":["Leap+1","Conserve Battery+1"],"picked":"Chaos+1","floor":13.0},{"not_picked":["Rip and Tear","Streamline"],"picked":"Leap+1","floor":14.0},{"not_picked":["Blizzard","Tempest+1"],"picked":"Capacitor","floor":18},{"not_picked":["Compile Driver","Streamline+1"],"picked":"Turbo+1","floor":23}],"player_experience":1218708,"relics_obtained":[{"floor":6.0,"key":"Akabeko"},{"floor":8.0,"key":"Toxic Egg 2"},{"floor":9.0,"key":"Lantern"},{"floor":11.0,"key":"Art of War"}],"event_choices":[{"damage_healed":0.0,"max_hp_gain":5.0,"max_hp_loss":0.0,"gold_gain":0.0,"event_name":"Big Fish","player_choice":"Donut","floor":3.0,"gold_loss":0.0,"damage_taken":0.0},{"damage_healed":0.0,"max_hp_gain":0.0,"max_hp_loss":0.0,"gold_gain":0.0,"event_name":"Shining Light","player_choice":"Entered Light","floor":5.0,"gold_loss":0.0,"damage_taken":23.0,"cards_upgraded":["Defend_B","Defend_B"]},{"damage_healed":0.0,"max_hp_gain":0.0,"max_hp_loss":7.0,"gold_gain":0.0,"event_name":"Golden Idol","player_choice":"Lose Max HP","floor":12.0,"gold_loss":0.0,"damage_taken":0.0,"relics_obtained":["Golden Idol"]},{"damage_healed":0,"gold_gain":0,"player_choice":"Gave Idol","damage_taken":0,"relics_obtained":["Bloody Idol"],"max_hp_gain":0,"max_hp_loss":0,"event_name":"Forgotten Altar","floor":19,"relics_lost":["Golden Idol"],"gold_loss":0},{"damage_healed":0,"gold_gain":0,"player_choice":"Obtained Relic","damage_taken":0,"relics_obtained":["Toy Ornithopter"],"max_hp_gain":0,"max_hp_loss":0,"event_name":"Addict","floor":21,"gold_loss":85},{"damage_healed":0,"gold_gain":0,"cards_transformed":["Strike_B"],"player_choice":"Transformed","damage_taken":0,"max_hp_gain":0,"max_hp_loss":0,"event_name":"Transmorgrifier","floor":22,"gold_loss":0,"cards_obtained":["Steam Power"]}],"is_beta":false,"boss_relics":[{"not_picked":["Snecko Eye","Tiny House"],"picked":"Black Star"}],"items_purged_floors":[20],"is_endless":false,"potions_floor_spawned":[4,6,8,11,14,18],"killed_by":"Slavers","ascension_level":20}}