{"host":"sxnl403xm2xmiyj1","time":1610192847,"event":{"mods":["BaseMod","Colored Map","Keyboard Shortcuts","Lobotomy","Minty Spire (QoL Compilation)","Quick Restart","StSLib","SuperFastMode"],"gold_per_floor":[119,137,154,173,16,47,59,59,59,71,95,121,158,189,201,318,330,361,388,400,427,457,469,481,493,557,586,633,151,171,202,202,300,300,310,326,62,80,80,80,112,112,189,189,223,239,253,119,119,119],"floor_reached":51,"playtime":1883,"items_purged":["DespairKnight","Pain"],"score":2209,"play_id":"1af1d1e0-e32e-4fec-887e-bc352dbf3f19","local_time":"20210109204727","is_ascension_mode":true,"campfire_choices":[],"circlet_count":0,"master_deck":["SpecialBullet","SpecialBullet","SpecialBullet","SpecialBullet","SpecialBullet","SpecialBullet","CentralCode","InformationCode","SecurityCode","Justitia+1","Logging+1","Regret_ego","RedEyes","UniverseFragment","LaLuna","Diffraction","DreamingCurrent","PunishingBird","Lantern","SpiderBud","GreenStem","RecordCode","OSAHOGD","CENSORED_ego","CherryBlossom","QueenOfHatred","Regret_ego","TrainingCode","Regret_ego","DisciplinaryCode","FourthMatchFlame","ParadiseLost","Regret_ego+1","RapturousDream","TodaysExpression","RapturousDream+1","CherryBlossom","CENSORED_ego","FourthMatchFlame","FourthMatchFlame","FourthMatchFlame","Flash of Steel","Diffraction","Variant","CherryBlossom+1","BlackSwan","RapturousDream+1"],"relics":["CogitoBucket","Sling","Happy Flower","TreeSap","MawBank","Whetstone","Fusion Hammer","AspirationHeart","Shuriken","WarpedTongs","Smiling Mask","WingedGreaves","Toy Ornithopter","Prayer Wheel","SkinProphecy","AtMidnight","Darkstone Periapt","Coffee Dripper","Bag of Preparation","Kunai","MealTicket","Oddly Smooth Stone"],"acts_visited":["Exordium","TheCity","TheBeyond"],"potions_floor_usage":[6,7,13,16,28,30,31,50,50],"damage_taken":[{"damage":6,"enemies":"Cultist","floor":1,"turns":3},{"damage":7,"enemies":"2 Louse","floor":2,"turns":2},{"damage":0,"enemies":"Small Slimes","floor":3,"turns":2},{"damage":9,"enemies":"2 Fungi Beasts","floor":4,"turns":3},{"damage":20,"enemies":"Lagavulin","floor":6,"turns":7},{"damage":16,"enemies":"Exordium Thugs","floor":7,"turns":4},{"damage":18,"enemies":"Looter","floor":11,"turns":4},{"damage":0,"enemies":"Lots of Slimes","floor":12,"turns":1},{"damage":1,"enemies":"Gremlin Nob","floor":13,"turns":2},{"damage":0,"enemies":"2 Fungi Beasts","floor":14,"turns":1},{"damage":30,"enemies":"Slime Boss","floor":16,"turns":6},{"damage":9,"enemies":"Shell Parasite","floor":18,"turns":4},{"damage":32,"enemies":"Spheric Guardian","floor":19,"turns":8},{"damage":54,"enemies":"Cultist and Chosen","floor":21,"turns":8},{"damage":37,"enemies":"Chosen and Byrds","floor":22,"turns":9},{"damage":94,"enemies":"3 Cultists","floor":27,"turns":6},{"damage":16,"enemies":"Slavers","floor":28,"turns":3},{"damage":5,"enemies":"Snecko","floor":30,"turns":14},{"damage":26,"enemies":"Book of Stabbing","floor":31,"turns":7},{"damage":21,"enemies":"Automaton","floor":33,"turns":11},{"damage":11,"enemies":"3 Darklings","floor":35,"turns":8},{"damage":37,"enemies":"3 Shapes","floor":36,"turns":3},{"damage":3,"enemies":"Maw","floor":38,"turns":8},{"damage":13,"enemies":"Giant Head","floor":41,"turns":8},{"damage":35,"enemies":"Nemesis","floor":45,"turns":11},{"damage":34,"enemies":"4 Shapes","floor":46,"turns":2},{"damage":15,"enemies":"Sphere and 2 Shapes","floor":47,"turns":2},{"damage":18,"enemies":"Awakened One","floor":50,"turns":5},{"damage":7,"enemies":"Malkuth","floor":51,"turns":11},{"damage":34,"enemies":"Netzach","floor":51,"turns":12},{"damage":35,"enemies":"Geburah","floor":51,"turns":19},{"damage":11,"enemies":"Binah","floor":51,"turns":21},{"damage":140,"enemies":"Angela","floor":51,"turns":17}],"seed_played":"1796909954129101388","potions_obtained":[{"floor":1,"key":"Fire Potion"},{"floor":3,"key":"DistilledChaos"},{"floor":6,"key":"SteroidPotion"},{"floor":7,"key":"Swift Potion"},{"floor":12,"key":"SteroidPotion"},{"floor":14,"key":"Block Potion"},{"floor":18,"key":"Regen Potion"},{"floor":28,"key":"Strength Potion"},{"floor":33,"key":"CultistPotion"},{"floor":38,"key":"CultistPotion"}],"is_trial":false,"path_per_floor":["M","M","M","M","$","E","M","R","T","R","M","M","E","M","R","B",null,"M","M","?","M","M","R","?","R","T","M","E","$","M","E","R","B",null,"M","M","$","M","?","R","E","R","T","R","E","M","M","?","R","B",null],"character_chosen":"Angela","items_purchased":["Sling","Toy Ornithopter","Prayer Wheel","CherryBlossom","CENSORED_ego","FourthMatchFlame"],"campfire_rested":0,"item_purchase_floors":[5,29,29,37,37,37],"current_hp_per_floor":[47,48,56,55,55,43,35,35,35,35,47,55,74,78,78,74,80,92,93,93,89,100,100,100,100,100,32,51,51,100,102,102,104,104,106,97,97,110,110,110,112,112,112,112,118,104,113,113,113,130],"gold":119,"neow_bonus":"TRANSFORM_TWO_CARDS","is_daily":false,"chose_seed":false,"campfire_upgraded":0,"win_rate":0.0,"timestamp":1610192847,"path_taken":["M","M","M","M","$","E","M","R","T","R","M","M","E","M","R","BOSS","M","M","?","M","M","R","?","R","T","?","E","$","M","E","R","R","BOSS","M","M","$","M","?","R","E","R","T","R","E","M","M","?","R","BOSS"],"items_purchased_type":["Relic","Relic","Relic","Card","Card","Card"],"build_version":"2020-12-22","purchased_purges":2,"victory":true,"max_hp_per_floor":[70,70,70,70,70,70,70,70,70,70,74,74,74,78,78,82,82,92,96,96,100,100,100,100,100,100,100,100,100,100,102,102,104,104,106,108,108,110,110,110,112,112,112,112,118,120,126,126,126,130],"card_choices":[{"not_picked":["BloodyDesire"],"picked":"Regret_ego","floor":1},{"not_picked":["Loneliness"],"picked":"RedEyes","floor":2},{"not_picked":["Horn","Discord"],"picked":"SKIP","floor":3},{"not_picked":["ShyLook","MHz"],"picked":"UniverseFragment","floor":4},{"not_picked":["InTheNameOfLoveAndHate","SomewhereSpear"],"picked":"SKIP","floor":4},{"not_picked":["VoidDream","Wellcheers"],"picked":"LaLuna","floor":6},{"not_picked":["Pleasure"],"picked":"Diffraction","floor":6},{"not_picked":["MeltingLove","BlackArmy"],"picked":"DreamingCurrent","floor":7},{"not_picked":["CrimsonScar","Harmony"],"picked":"SKIP","floor":7},{"not_picked":["BigBird","BlackArmy"],"picked":"PunishingBird","floor":11},{"not_picked":["Amita","BearPaw"],"picked":"SKIP","floor":11},{"not_picked":["Lantern","ShedSkin"],"picked":"SKIP","floor":12},{"not_picked":["Harmony"],"picked":"Lantern","floor":13},{"not_picked":["GalaxyChild","Murderer"],"picked":"SpiderBud","floor":14},{"not_picked":["Mimicry"],"picked":"GreenStem","floor":14},{"not_picked":["Mercenary","MHz"],"picked":"OSAHOGD","floor":16},{"not_picked":["Twilight"],"picked":"CENSORED_ego","floor":16},{"not_picked":["CUTE","Lantern"],"picked":"SKIP","floor":18},{"not_picked":["NakedNest","CherryBlossoms"],"picked":"DespairKnight","floor":19},{"not_picked":["Pinks"],"picked":"CherryBlossom","floor":19},{"not_picked":["LittleHelper","VoidDream"],"picked":"QueenOfHatred","floor":21},{"not_picked":["Pleasure"],"picked":"Regret_ego","floor":21},{"not_picked":["CrimsonScar"],"picked":"Regret_ego","floor":22},{"not_picked":["BearPaw","Loneliness+1"],"picked":"SKIP","floor":27},{"not_picked":["Harvest","SoundOfStar"],"picked":"SKIP","floor":28},{"not_picked":["ParadiseLost"],"picked":"FourthMatchFlame","floor":30},{"not_picked":["Hornet","Tough+1"],"picked":"SKIP","floor":30},{"not_picked":["Tough","Loneliness"],"picked":"SKIP","floor":31},{"not_picked":["Tough","Loneliness"],"picked":"SKIP","floor":31},{"not_picked":["SoundOfStar"],"picked":"ParadiseLost","floor":33},{"not_picked":["Harmony+1"],"picked":"Regret_ego+1","floor":35},{"not_picked":["Horn"],"picked":"RapturousDream","floor":35},{"not_picked":["Loneliness"],"picked":"TodaysExpression","floor":36},{"not_picked":["Hypocrisy+1"],"picked":"RapturousDream+1","floor":36},{"not_picked":["SomewhereSpear"],"picked":"FourthMatchFlame","floor":38},{"not_picked":["Gaze"],"picked":"FourthMatchFlame","floor":38},{"not_picked":["Enlightenment"],"picked":"Flash of Steel","floor":39},{"not_picked":["Beak+1"],"picked":"Diffraction","floor":41},{"not_picked":["SilentOrchestra","Scorched"],"picked":"Variant","floor":45},{"not_picked":["Justitia","Lantern"],"picked":"SKIP","floor":45},{"not_picked":["InTheNameOfLoveAndHate"],"picked":"CherryBlossom+1","floor":46},{"not_picked":["Noise+1","Hornet"],"picked":"SKIP","floor":46},{"not_picked":["BearPaw","RapturousDream+1"],"picked":"SKIP","floor":47},{"not_picked":["Tough","SomewhereSpear"],"picked":"SKIP","floor":47},{"not_picked":["CENSORED","NothingThere"],"picked":"BlackSwan","floor":47},{"not_picked":["BearPaw"],"picked":"RapturousDream+1","floor":47},{"not_picked":["Tough","SomewhereSpear"],"picked":"SKIP","floor":47}],"player_experience":213234,"relics_obtained":[{"floor":6,"key":"Happy Flower"},{"floor":9,"key":"MawBank"},{"floor":13,"key":"Whetstone"},{"floor":26,"key":"Smiling Mask"},{"floor":28,"key":"WingedGreaves"},{"floor":30,"key":"AtMidnight"},{"floor":31,"key":"Darkstone Periapt"},{"floor":41,"key":"Bag of Preparation"},{"floor":43,"key":"Kunai"},{"floor":45,"key":"MealTicket"}],"event_choices":[{"damage_healed":0,"gold_gain":0,"player_choice":"Opened","damage_taken":0,"relics_obtained":["Shuriken"],"max_hp_gain":0,"max_hp_loss":0,"event_name":"The Mausoleum","floor":20,"gold_loss":0},{"damage_healed":0,"gold_gain":0,"player_choice":"Rummage","damage_taken":0,"relics_obtained":["WarpedTongs"],"max_hp_gain":0,"max_hp_loss":0,"event_name":"Accursed Blacksmith","floor":24,"gold_loss":0,"cards_obtained":["Pain"]},{"damage_healed":0,"gold_gain":0,"player_choice":"Memory 1","damage_taken":0,"max_hp_gain":0,"max_hp_loss":0,"event_name":"SensoryStone","floor":39,"gold_loss":0},{"damage_healed":0,"gold_gain":0,"player_choice":"Paid Gold","damage_taken":0,"relics_obtained":["Oddly Smooth Stone"],"max_hp_gain":0,"max_hp_loss":0,"event_name":"WeMeetAgain","floor":48,"gold_loss":134}],"is_beta":false,"boss_relics":[{"not_picked":["Philosopher\u0027s Stone","Ectoplasm"],"picked":"Fusion Hammer"},{"not_picked":["Runic Dome","Astrolabe"],"picked":"Coffee Dripper"}],"items_purged_floors":[29,37],"is_endless":false,"potions_floor_spawned":[1,3,6,7,12,14,18,19,27,28,33,38,41,46],"ascension_level":7}}