{"host":"sxuxxxc6yxgqlsd9","time":1610191795,"event":{"mods":["BaseMod","Minty Spire (QoL Compilation)","Shop Mod","StSLib"],"gold_per_floor":[113,128,139,151,161,175,189,206,231,243,257,271,80,100,100,202,202,217,227,239,239,239],"floor_reached":21,"playtime":1598,"items_purged":[],"score":210,"play_id":"2f6647bf-a7cd-4890-87de-4ba0b0518e08","local_time":"20210109192955","is_ascension_mode":false,"campfire_choices":[{"data":"Clash","floor":15,"key":"SMITH"}],"circlet_count":0,"master_deck":["Strike_R","Strike_R","Strike_R","Strike_R","Strike_R","Defend_R","Defend_R","Defend_R","Defend_R","Clash+1","Anger","Headbutt","Armaments","Armaments","Anger","Fire Breathing","Anger","Rampage","Anger","Iron Wave","Shrug It Off"],"relics":["Black Blood","Oddly Smooth Stone","Pen Nib"],"acts_visited":["Exordium","TheCity"],"potions_floor_usage":[11,12,12],"damage_taken":[{"damage":0.0,"enemies":"Cultist","floor":1.0,"turns":3.0},{"damage":2.0,"enemies":"Small Slimes","floor":2.0,"turns":3.0},{"damage":1.0,"enemies":"Jaw Worm","floor":3.0,"turns":2.0},{"damage":9.0,"enemies":"Blue Slaver","floor":4.0,"turns":3.0},{"damage":1.0,"enemies":"Exordium Wildlife","floor":5.0,"turns":3.0},{"damage":4,"enemies":"Gremlin Gang","floor":6,"turns":3},{"damage":7,"enemies":"Blue Slaver","floor":7,"turns":4},{"damage":0,"enemies":"3 Louse","floor":8,"turns":2},{"damage":0,"enemies":"Exordium Wildlife","floor":10,"turns":4},{"damage":0,"enemies":"Looter","floor":11,"turns":3},{"damage":2,"enemies":"Blue Slaver","floor":12,"turns":3},{"damage":19,"enemies":"3 Louse","floor":14,"turns":6},{"damage":39,"enemies":"Slime Boss","floor":16,"turns":7},{"damage":20,"enemies":"Shell Parasite","floor":18,"turns":5},{"damage":0,"enemies":"Spheric Guardian","floor":19,"turns":3},{"damage":60,"enemies":"Shelled Parasite and Fungi","floor":20,"turns":7},{"damage":34,"enemies":"Snake Plant","floor":21,"turns":5}],"seed_played":"-4424872339368036405","potions_obtained":[{"floor":3.0,"key":"LiquidMemories"},{"floor":4.0,"key":"LiquidMemories"},{"floor":8,"key":"EssenceOfSteel"},{"floor":16,"key":"SkillPotion"},{"floor":19,"key":"SteroidPotion"}],"is_trial":false,"path_per_floor":["M","M","M","M","M","M","M","M","T","M","M","M","$","M","R","B",null,"M","M","M","M"],"character_chosen":"IRONCLAD","items_purchased":["Pen Nib","Rampage"],"campfire_rested":0,"item_purchase_floors":[13,13],"current_hp_per_floor":[80,80,80,77,80,80,79,80,80,80,80,80,80,67,67,34,80,72,80,32,0,0],"gold":239,"neow_bonus":"TRANSFORM_CARD","is_daily":false,"chose_seed":false,"campfire_upgraded":1,"win_rate":0.0,"timestamp":1610191795,"path_taken":["M","?","M","M","M","M","M","M","T","M","M","M","$","M","R","BOSS","M","M","M","M"],"items_purchased_type":["Relic","Card"],"build_version":"2020-12-22","purchased_purges":0,"victory":false,"max_hp_per_floor":[80,80,80,80,80,80,80,80,80,80,80,80,80,80,80,80,80,80,80,80,80,80],"card_choices":[{"not_picked":["Armaments","Entrench"],"picked":"Anger","floor":1.0},{"not_picked":["Bloodletting","Sword Boomerang"],"picked":"Headbutt","floor":2.0},{"not_picked":["Bloodletting","Twin Strike","Searing Blow"],"picked":"SKIP","floor":3.0},{"not_picked":["Iron Wave","Power Through"],"picked":"Armaments","floor":4.0},{"not_picked":["Body Slam","Twin Strike","Pommel Strike"],"picked":"SKIP","floor":5.0},{"not_picked":["Inflame","Perfected Strike"],"picked":"Armaments","floor":6},{"not_picked":["Rage","Intimidate"],"picked":"Anger","floor":7},{"not_picked":["Perfected Strike","Havoc","Thunderclap"],"picked":"SKIP","floor":8},{"not_picked":["Headbutt","Searing Blow"],"picked":"Fire Breathing","floor":10},{"not_picked":["True Grit","Combust"],"picked":"Anger","floor":11},{"not_picked":["Cleave","Feed","Seeing Red"],"picked":"SKIP","floor":12},{"not_picked":["Shrug It Off","Clothesline"],"picked":"Anger","floor":14},{"not_picked":["Perfected Strike","Searing Blow","Disarm"],"picked":"SKIP","floor":18},{"not_picked":["Armaments","Feel No Pain"],"picked":"Iron Wave","floor":19},{"not_picked":["Dropkick","Intimidate"],"picked":"Shrug It Off","floor":20}],"player_experience":108749,"relics_obtained":[{"floor":9,"key":"Oddly Smooth Stone"}],"event_choices":[],"is_beta":false,"boss_relics":[{"not_picked":["Black Star","Calling Bell"],"picked":"Black Blood"}],"items_purged_floors":[],"is_endless":false,"potions_floor_spawned":[3,4,8,10,16,19],"killed_by":"Snake Plant","ascension_level":0}}