{"host":"T","time":1610219510,"event":{"mods":["Aspiration","BaseMod","Downfall","GungeonMod","Hunter ¡‘»À","Minty Spire (QoL Compilation)","READ ME - Guardian Mod","Relic Stats","StSLib","The Alterego","The Cursed","The Jungle","The Runesmith","The Servant 0.9.4"],"gold_per_floor":[116,116,189,199,215,215,244,244,244,259,284,303,303,320,320,423,423,441,441,441,454,475,510,524,524,548,548,548,581,581,600,600,600,600],"floor_reached":33,"playtime":4407,"items_purged":[],"score":326,"play_id":"0e8d5b47-6a3c-428b-acfc-64d126b75cc8","local_time":"20210110031150","is_ascension_mode":false,"campfire_choices":[{"data":"DemoMod:SkilledReload","floor":6,"key":"SMITH"},{"floor":8,"key":"REST"},{"data":"DemoMod:Slinger","floor":15,"key":"SMITH"},{"floor":25,"key":"REST"},{"data":"DemoMod:PotionOfGunFriendShip","floor":32,"key":"SMITH"}],"circlet_count":0,"master_deck":["DemoMod:Strike_Huntress","DemoMod:Strike_Huntress","DemoMod:Strike_Huntress","DemoMod:Defend_Huntress+1","DemoMod:Defend_Huntress","DemoMod:Defend_Huntress+1","DemoMod:Defend_Huntress","DemoMod:Roll","DemoMod:ManualReload","DemoMod:RustySidearm","DemoMod:CrossBow","DemoMod:SkilledReload+1","DemoMod:TripleGun","DemoMod:Unmoved","DemoMod:ShadowBullets","DemoMod:Slinger+1","DemoMod:TableSutra","Parasite","DemoMod:BattleInHaste","DemoMod:ThirdPartyController","CurseOfTheBell","DemoMod:BattleInHaste+1","DemoMod:JK47","DemoMod:ManualReload","expansioncontent:AwakenDeath","DemoMod:ShadowBullets","DemoMod:EasyReloadBullets","DemoMod:ConditionalReflex+1","DemoMod:BSG","DemoMod:PotionOfGunFriendShip+1"],"relics":["DemoMod:Dog","aspiration:Nostalgia","TheCursedMod:BlackMagic101","Darkstone Periapt","Anchor","Kunai","DemoMod:GreenGuonStone","Calling Bell","Strawberry","DemoMod:SerJunkan","DemoMod:Antibody","Matryoshka","DemoMod:Junk","DemoMod:Limited","aspiration:HiddenCompartment"],"acts_visited":["Exordium","Exordium"],"potions_floor_usage":[7,7,12,16,22,23,23,23,28,30,31],"damage_taken":[{"damage":0,"enemies":"2 Louse","floor":1,"turns":3},{"damage":1,"enemies":"Jaw Worm","floor":4,"turns":5},{"damage":0,"enemies":"Cultist","floor":5,"turns":4},{"damage":18,"enemies":"Gremlin Nob","floor":7,"turns":4},{"damage":4,"enemies":"Exordium Thugs","floor":10,"turns":5},{"damage":8,"enemies":"3 Sentries","floor":11,"turns":8},{"damage":3,"enemies":"Blue Slaver","floor":12,"turns":5},{"damage":0,"enemies":"Exordium Wildlife","floor":14,"turns":4},{"damage":28,"enemies":"Slime Boss","floor":16,"turns":9},{"damage":0,"enemies":"theJungle:GiantWrat","floor":18,"turns":6},{"damage":29,"enemies":"theJungle:MUSHROOMGANG","floor":21,"turns":6},{"damage":31,"enemies":"theJungle:2_Snecko_Cultists","floor":22,"turns":8},{"damage":24,"enemies":"theJungle:MamaSnecko","floor":23,"turns":7},{"damage":33,"enemies":"theJungle:JungleHuntersEncounter","floor":24,"turns":8},{"damage":0,"enemies":"theJungle:Lyon","floor":28,"turns":2},{"damage":113,"enemies":"theJungle:Cassacara","floor":29,"turns":12},{"damage":3,"enemies":"theJungle:Snecko_Cultist_And_Trap","floor":30,"turns":2},{"damage":28,"enemies":"theJungle:JungleHuntersEncounter","floor":31,"turns":8},{"damage":88,"enemies":"theJungle:TotemBoss","floor":33,"turns":7}],"seed_played":"1757373842201423602","potions_obtained":[{"floor":1,"key":"Explosive Potion"},{"floor":5,"key":"DistilledChaos"},{"floor":12,"key":"Fruit Juice"},{"floor":14,"key":"Ancient Potion"},{"floor":16,"key":"BlessingOfTheForge"},{"floor":22,"key":"champ:CounterPotion"},{"floor":24,"key":"ColorlessPotion"}],"is_trial":false,"path_per_floor":["M","?","T","M","M","R","E","R","T","M","E","M","?","M","R","B",null,"M","?","?","M","M","E","M","R","T","?","M","E","M","M","R","B"],"character_chosen":"HUNTRESS","items_purchased":[],"campfire_rested":2,"item_purchase_floors":[],"current_hp_per_floor":[70,56,56,55,55,55,37,58,58,54,46,48,72,72,72,44,94,94,94,94,77,46,22,7,63,63,63,63,10,7,48,48,0,0],"gold":600,"neow_bonus":"NOSTALGIA","is_daily":false,"chose_seed":false,"campfire_upgraded":3,"win_rate":0.0,"timestamp":1610219510,"path_taken":["M","?","?","M","M","R","E","R","T","M","E","?","?","M","R","BOSS","M","?","?","?","M","E","M","R","T","?","M","E","M","M","R","BOSS"],"items_purchased_type":[],"build_version":"2020-12-18","purchased_purges":0,"victory":false,"max_hp_per_floor":[70,70,70,70,70,70,70,70,70,70,70,75,81,81,81,81,94,94,94,94,94,94,94,94,94,94,94,94,94,94,94,94,94,94],"relic_stats":{"Darkstone Periapt":12,"counters":[19,113],"Kunai":[32],"obtain_stats":[{"Darkstone Periapt":3,"DemoMod:GreenGuonStone":11,"DemoMod:Junk":26,"TheCursedMod:BlackMagic101":0,"DemoMod:Dog":0,"aspiration:Nostalgia":0,"DemoMod:Antibody":17,"DemoMod:GlassGuonStoneRelic":1,"DemoMod:Limited":27,"aspiration:HiddenCompartment":29,"Calling Bell":17,"Anchor":7,"Matryoshka":23,"Strawberry":17,"DemoMod:SerJunkan":17,"Kunai":9},{"Darkstone Periapt":1,"DemoMod:GreenGuonStone":6,"DemoMod:Junk":14,"TheCursedMod:BlackMagic101":0,"DemoMod:Dog":0,"aspiration:Nostalgia":0,"DemoMod:Antibody":9,"DemoMod:GlassGuonStoneRelic":1,"DemoMod:Limited":14,"aspiration:HiddenCompartment":16,"Calling Bell":9,"Anchor":4,"Matryoshka":13,"Strawberry":9,"DemoMod:SerJunkan":9,"Kunai":4},{"Darkstone Periapt":3,"DemoMod:GreenGuonStone":29,"DemoMod:Junk":82,"TheCursedMod:BlackMagic101":0,"DemoMod:Dog":0,"aspiration:Nostalgia":0,"DemoMod:Antibody":47,"DemoMod:GlassGuonStoneRelic":3,"DemoMod:Limited":82,"aspiration:HiddenCompartment":96,"Calling Bell":47,"Anchor":16,"Matryoshka":74,"Strawberry":47,"DemoMod:SerJunkan":47,"Kunai":16}]},"card_choices":[{"not_picked":["DemoMod:HardPowerCard","DemoMod:RadGun"],"picked":"DemoMod:SkilledReload","floor":1},{"not_picked":["DemoMod:AC15","DemoMod:HardPowerCard"],"picked":"DemoMod:DirectionalPad","floor":4},{"not_picked":["DemoMod:EasyReloadBullets","DemoMod:MachoBrace"],"picked":"DemoMod:TripleGun","floor":5},{"not_picked":["DemoMod:BattleInHaste","DemoMod:DoubleSwitch"],"picked":"DemoMod:Unmoved","floor":7},{"not_picked":["DemoMod:GunShield","DemoMod:LifeOrb"],"picked":"DemoMod:ShadowBullets","floor":10},{"not_picked":["DemoMod:FortunesFavor","DemoMod:FastSwitch"],"picked":"DemoMod:Slinger","floor":11},{"not_picked":["DemoMod:ZorGun","DemoMod:Ejector"],"picked":"DemoMod:TableSutra","floor":12},{"not_picked":["DemoMod:SAA","DemoMod:DirectionalPad"],"picked":"DemoMod:BattleInHaste","floor":14},{"not_picked":["DemoMod:Elimentaler","DemoMod:FinishedGun"],"picked":"DemoMod:ThirdPartyController","floor":16},{"not_picked":["DemoMod:BoxingGlove","DemoMod:GunstockTap"],"picked":"DemoMod:BattleInHaste+1","floor":18},{"not_picked":["DemoMod:BoxingGlove","DemoMod:ProbeStrike"],"picked":"DemoMod:DirectionalPad","floor":21},{"not_picked":["DemoMod:DirectionalPad","DemoMod:HuntsMan"],"picked":"DemoMod:ShadowBullets","floor":22},{"not_picked":["DemoMod:DoubleSwitch","DemoMod:PotionOfGunFriendShip"],"picked":"DemoMod:EasyReloadBullets","floor":23},{"not_picked":["DemoMod:StickyCrossBow","DemoMod:TableSutra"],"picked":"DemoMod:ConditionalReflex+1","floor":24},{"not_picked":["DemoMod:HungryBullets","DemoMod:DirectionalPad"],"picked":"DemoMod:BSG","floor":29},{"not_picked":["DemoMod:ProbeStrike","DemoMod:MegaHand"],"picked":"DemoMod:PotionOfGunFriendShip","floor":31}],"player_experience":390857,"relics_obtained":[{"floor":3,"key":"Darkstone Periapt"},{"floor":7,"key":"Anchor"},{"floor":9,"key":"Kunai"},{"floor":11,"key":"DemoMod:GreenGuonStone"},{"floor":17,"key":"Strawberry"},{"floor":17,"key":"DemoMod:SerJunkan"},{"floor":17,"key":"DemoMod:Antibody"},{"floor":23,"key":"Matryoshka"},{"floor":26,"key":"DemoMod:Junk"},{"floor":26,"key":"DemoMod:Junk"},{"floor":29,"key":"aspiration:HiddenCompartment"}],"event_choices":[{"damage_healed":0,"gold_gain":0,"player_choice":"Entered Light","damage_taken":14,"max_hp_gain":0,"max_hp_loss":0,"event_name":"Shining Light","floor":2,"gold_loss":0,"cards_upgraded":["DemoMod:Defend_Huntress","DemoMod:Defend_Huntress"]},{"damage_healed":18,"gold_gain":0,"player_choice":"Healed and dodged fight","damage_taken":0,"max_hp_gain":0,"max_hp_loss":0,"event_name":"Mushrooms","floor":13,"gold_loss":0,"cards_obtained":["Parasite"]},{"damage_healed":0,"gold_gain":0,"player_choice":"3 cards matched","damage_taken":0,"max_hp_gain":0,"max_hp_loss":0,"event_name":"Match and Keep!","floor":20,"gold_loss":0,"cards_obtained":["DemoMod:JK47","DemoMod:ManualReload","expansioncontent:AwakenDeath"]}],"is_beta":true,"boss_relics":[{"not_picked":["Fusion Hammer","aspiration:RunesmithSkillbook"],"picked":"Calling Bell"}],"items_purged_floors":[],"is_endless":false,"potions_floor_spawned":[1,5,12,14,16,21,22,22,24,28],"killed_by":"theJungle:TotemBoss","ascension_level":0}}