{"host":"d1za9dvx43o9v494","time":1610197760,"event":{"mods":["2.2 Compatiblity","BaseMod","Better-Laid Plans","Colored Map","Downfall","Emptier Cage","Minty Spire (QoL Compilation)","Permanent Neow","StSLib","Wandering Minibosses"],"gold_per_floor":[99,112,128,30,80,80,132,145,145,145,173,22,48,82,94,193,193,193,193],"floor_reached":17,"playtime":1691,"items_purged":[],"score":222,"play_id":"4eda6c7e-539a-4369-a49b-01e27e3f053f","local_time":"20210109160920","is_ascension_mode":true,"campfire_choices":[{"data":"champ:Execute","floor":1,"key":"SMITH"},{"data":"champ:FaceSlap","floor":10,"key":"SMITH"}],"circlet_count":0,"master_deck":["champ:Strike","champ:Strike","champ:Strike","champ:Strike","champ:Defend","champ:Defend","champ:Defend","champ:Defend","champ:Execute+1","champ:Taunt+1","champ:RageSigil","champ:FaceSlap+1","expansioncontent:QuickStudy+1","champ:IronFortress","champ:Encircle","champ:GutPunch","champ:FaceSlap","expansioncontent:PrepareCrush+1","champ:SwordThrow","champ:VampiricStrike"],"relics":["champ:ChampionCrown","Blood Vial","Pear","Bag of Preparation","Centennial Puzzle","sneckomod:SneckoTalon"],"acts_visited":["Exordium","TheCity"],"potions_floor_usage":[15],"damage_taken":[{"damage":10,"enemies":"Cultist","floor":2,"turns":3},{"damage":10,"enemies":"Small Slimes","floor":3,"turns":3},{"damage":21,"enemies":"downfall:FleeingMerchant","floor":4,"turns":4},{"damage":3,"enemies":"2 Louse","floor":8,"turns":2},{"damage":39,"enemies":"Gremlin Nob","floor":11,"turns":4},{"damage":10,"enemies":"downfall:FleeingMerchant","floor":12,"turns":4},{"damage":12,"enemies":"Lagavulin","floor":14,"turns":4},{"damage":42,"enemies":"Lots of Slimes","floor":15,"turns":7},{"damage":39,"enemies":"downfall:Watcher","floor":16,"turns":5}],"seed_played":"4414366265218804908","potions_obtained":[{"floor":11,"key":"LiquidBronze"},{"floor":14,"key":"SkillPotion"}],"is_trial":false,"path_per_floor":["R","M","M","$","T","?","T","M","?","R","E","$","T","E","M","B",null],"character_chosen":"THE_CHAMP","items_purchased":["expansioncontent:QuickStudy+1","champ:FaceSlap","expansioncontent:PrepareCrush+1"],"campfire_rested":0,"item_purchase_floors":[4,12,12],"current_hp_per_floor":[90,90,90,80,80,80,80,82,87,87,68,70,70,69,55,34,105,105,105],"gold":193,"neow_bonus":"UPGRADE_CARD","is_daily":false,"chose_seed":false,"campfire_upgraded":2,"win_rate":0.0,"timestamp":1610197760,"path_taken":["R","M","M","$","?","?","T","M","?","R","E","?","?","E","M","BOSS"],"items_purchased_type":["Card","Card","Card"],"build_version":"2020-12-22","purchased_purges":0,"victory":false,"max_hp_per_floor":[90,90,90,90,90,90,90,90,95,95,105,105,105,105,105,105,105,105,105],"card_choices":[{"not_picked":["champ:Shatter","champ:Backstep"],"picked":"champ:RageSigil","floor":2},{"not_picked":["champ:SwordSigil","champ:TornadoPunch"],"picked":"champ:FaceSlap","floor":3},{"not_picked":["champ:EnGarde","champ:ShieldWall","champ:Backstep"],"picked":"SKIP","floor":4},{"not_picked":["champ:FalseCounter","champ:PreemptiveStrike"],"picked":"champ:IronFortress","floor":8},{"not_picked":["champ:TornadoPunch","champ:ShieldSigil"],"picked":"champ:Encircle","floor":11},{"not_picked":["champ:Endure","champ:FalseCounter"],"picked":"champ:GutPunch","floor":12},{"not_picked":["champ:GutPunch","champ:PreciseThrust","champ:CrookedStrike"],"picked":"SKIP","floor":14},{"not_picked":["champ:DefensiveShout","champ:BerserkerStyle"],"picked":"champ:SwordThrow","floor":15},{"not_picked":["champ:EnchantCrown","champ:CheapShot"],"picked":"champ:VampiricStrike","floor":16}],"player_experience":690601,"relics_obtained":[{"floor":5,"key":"Blood Vial"},{"floor":11,"key":"Pear"},{"floor":13,"key":"Bag of Preparation"},{"floor":14,"key":"Centennial Puzzle"}],"event_choices":[{"damage_healed":0,"gold_gain":0,"player_choice":"Donut","damage_taken":0,"max_hp_gain":5,"max_hp_loss":0,"event_name":"Big Fish","floor":9,"gold_loss":0}],"is_beta":false,"boss_relics":[{"not_picked":["Cursed Key","Runic Pyramid"],"picked":"sneckomod:SneckoTalon"}],"items_purged_floors":[],"is_endless":false,"potions_floor_spawned":[11,14],"ascension_level":1}}