{"host":"ha6p5pdchuduffeg","time":1610172176,"event":{"mods":["Act Like it!","BaseMod","Gensokyo","KinomotoSakuraMod(ƒæ÷Æ±æ”£)","Koishi","Marisa£®ÏF”Í°°ƒß¿Ì…≥£©","Minty Spire (QoL Compilation)","Reimu£®≤©¿ˆ¡È√Œ£©","Remilia£®¿Ÿ√◊¿Ú—«£©","Replay The Spire","StSLib","The Servant 0.9.4","Youmu£®ªÍ∆«—˝√Œ£©"],"gold_per_floor":[118,118,220,145,164,189,204,234,234,234,81,81,110,75,75,178,178,188,188,211,231,81,108,108,128,208,218,218,218,231,265,265,265,265],"floor_reached":33,"playtime":980,"items_purged":["Regret"],"score":441,"play_id":"044ed4f3-5abd-4c28-83fc-c45f9bbd9ec5","local_time":"20210109140256","is_ascension_mode":true,"campfire_choices":[{"floor":10.0,"key":"REST"},{"data":"Pummel","floor":12.0,"key":"SMITH"},{"data":"Uppercut","floor":15.0,"key":"SMITH"},{"floor":24.0,"key":"REST"},{"floor":28.0,"key":"REST"},{"floor":32.0,"key":"REST"}],"circlet_count":0,"master_deck":["Strike_R","Strike_R+1","Strike_R","Strike_R","Strike_R","Defend_R","Defend_R+1","Defend_R","Defend_R","Bash","Pummel+1","Uppercut+1","Shrug It Off","Twin Strike","Heavy Blade","Heavy Blade","Feed","Headbutt+1","Infernal Blade","Offering+1"],"relics":["Burning Blood","NeowsBlessing","Boot","FossilizedHelix","Replay:Ringing Soul","Replay:WaspNest","Strawberry","Pen Nib","Black Star","Simple Rune","Omamori","Centennial Puzzle","Bag of Marbles","White Beast Statue","Replay:Wax Seal","Golden Egg"],"acts_visited":["Exordium","TheCity"],"potions_floor_usage":[33],"damage_taken":[{"damage":0.0,"enemies":"Jaw Worm","floor":1.0,"turns":1.0},{"damage":0.0,"enemies":"Cultist","floor":5.0,"turns":1.0},{"damage":0.0,"enemies":"Gremlin Nob","floor":6.0,"turns":1.0},{"damage":0.0,"enemies":"Small Slimes","floor":7.0,"turns":2.0},{"damage":40.0,"enemies":"3 Sentries","floor":8.0,"turns":8.0},{"damage":16.0,"enemies":"Gremlin Nob","floor":13.0,"turns":4.0},{"damage":44.0,"enemies":"The Guardian","floor":16.0,"turns":10.0},{"damage":1.0,"enemies":"Spheric Guardian","floor":18.0,"turns":3.0},{"damage":0.0,"enemies":"3 Byrds","floor":21.0,"turns":4.0},{"damage":53.0,"enemies":"Book of Stabbing","floor":23.0,"turns":5.0},{"damage":46.0,"enemies":"Sentry and Sphere","floor":25.0,"turns":6.0},{"damage":34.0,"enemies":"Snake Plant","floor":27.0,"turns":3.0},{"damage":10.0,"enemies":"Snecko","floor":30.0,"turns":4.0},{"damage":47.0,"enemies":"Slavers","floor":31.0,"turns":6.0},{"damage":101,"enemies":"Collector","floor":33,"turns":7}],"seed_played":"5336140563284973517","potions_obtained":[{"floor":6.0,"key":"SpeedPotion"},{"floor":7.0,"key":"Swift Potion"},{"floor":16.0,"key":"SpeedPotion"},{"floor":18.0,"key":"GrandPatriotsElixir:ReiMu"},{"floor":27.0,"key":"Milkshake"},{"floor":30.0,"key":"Elixir"},{"floor":31.0,"key":"DistilledChaos"}],"is_trial":false,"path_per_floor":["M","?","?","$","M","E","M","E","T","R","$","R","E","?","R","B",null,"M","?","T","M","$","E","R","M","T","M","R","?","M","E","R","B"],"character_chosen":"IRONCLAD","items_purchased":["Strawberry","Omamori"],"campfire_rested":4,"item_purchase_floors":[11,22],"current_hp_per_floor":[80,80,80,80,80,80,80,49,49,73,80,80,73,93,93,58,96,96,96,96,99,99,52,81,44,44,19,50,105,101,66,99,0,0],"gold":265,"neow_bonus":"THREE_ENEMY_KILL","is_daily":false,"chose_seed":false,"campfire_upgraded":2,"win_rate":0.0,"timestamp":1610172176,"path_taken":["M","?","?","?","?","E","M","E","T","R","$","R","E","?","R","BOSS","M","?","?","M","?","E","R","M","T","M","R","?","M","E","R","BOSS"],"items_purchased_type":["Relic","Relic"],"build_version":"2020-12-22","purchased_purges":1,"victory":false,"max_hp_per_floor":[80,80,80,80,80,80,80,83,83,83,90,90,93,93,93,96,96,96,96,96,99,99,99,99,102,102,105,105,105,105,111,111,111,111],"card_choices":[{"not_picked":["Pommel Strike","Run Through","Twin Strike"],"picked":"SKIP","floor":1.0},{"not_picked":["Hemokinesis","Blood for Blood"],"picked":"Pummel","floor":3.0},{"not_picked":["Warcry","Clothesline"],"picked":"Uppercut","floor":3.0},{"not_picked":["Massacre","Warcry"],"picked":"Shrug It Off","floor":3.0},{"not_picked":["Wild Strike","Run Through"],"picked":"Twin Strike","floor":5.0},{"not_picked":["Wild Strike","Clash","Body Slam"],"picked":"SKIP","floor":6.0},{"not_picked":["Pommel Strike","ReplayTheSpireMod:Limb From Limb"],"picked":"Bloodletting","floor":7.0},{"not_picked":["Brutality","ReplayTheSpireMod:Strike From Hell"],"picked":"Heavy Blade","floor":8.0},{"not_picked":["ReplayTheSpireMod:Strike From Hell","Wild Strike"],"picked":"Heavy Blade","floor":13.0},{"not_picked":["Fiend Fire","Juggernaut"],"picked":"Feed","floor":16.0},{"not_picked":["Massacre","Power Through+1","Thunderclap"],"picked":"SKIP","floor":18.0},{"not_picked":["Body Slam","Twin Strike","Battle Trance"],"picked":"SKIP","floor":21.0},{"not_picked":["Rage","ReplayTheSpireMod:LeadingStrike","Pommel Strike"],"picked":"SKIP","floor":23.0},{"not_picked":["Pommel Strike+1","Anger"],"picked":"Headbutt+1","floor":25.0},{"not_picked":["Warcry","Sword Boomerang"],"picked":"Infernal Blade","floor":27.0},{"not_picked":["Clash+1","Heavy Blade","Wild Strike"],"picked":"SKIP","floor":30.0},{"not_picked":["Shrug It Off","ReplayTheSpireMod:Corrosion Curse"],"picked":"Offering","floor":31.0}],"player_experience":26153,"relics_obtained":[{"floor":6.0,"key":"FossilizedHelix"},{"floor":8.0,"key":"Replay:Ringing Soul"},{"floor":9.0,"key":"Replay:WaspNest"},{"floor":13.0,"key":"Pen Nib"},{"floor":20.0,"key":"Simple Rune"},{"floor":23.0,"key":"Centennial Puzzle"},{"floor":23.0,"key":"Bag of Marbles"},{"floor":26.0,"key":"White Beast Statue"},{"floor":31.0,"key":"Replay:Wax Seal"},{"floor":31.0,"key":"Golden Egg"}],"event_choices":[{"damage_healed":0.0,"max_hp_gain":0.0,"max_hp_loss":0.0,"gold_gain":0.0,"event_name":"Big Fish","player_choice":"Box","floor":2.0,"gold_loss":0.0,"damage_taken":0.0,"relics_obtained":["Boot"],"cards_obtained":["Regret"]},{"damage_healed":23.0,"max_hp_gain":0.0,"max_hp_loss":0.0,"gold_gain":0.0,"event_name":"The Cleric","player_choice":"Healed","floor":14.0,"gold_loss":35.0,"damage_taken":0.0},{"damage_healed":0.0,"max_hp_gain":0.0,"max_hp_loss":0.0,"gold_gain":0.0,"event_name":"Ghosts","player_choice":"Ignored","floor":19.0,"gold_loss":0.0,"damage_taken":0.0},{"cards_removed":["Bloodletting"],"damage_healed":55.0,"max_hp_gain":0.0,"max_hp_loss":0.0,"gold_gain":0.0,"event_name":"Bonfire Elementals","player_choice":"Offered Uncommon","floor":29.0,"gold_loss":0.0,"damage_taken":0.0}],"is_beta":false,"boss_relics":[{"not_picked":["Honey Jar","Replay:Drink Me"],"picked":"Black Star"}],"items_purged_floors":[4],"is_endless":false,"potions_floor_spawned":[6,7,16,18,27,30,31],"killed_by":"Collector","ascension_level":4}}