{"host":"3a1ypf1irl30q4k8","time":1610232648,"event":{"mods":["AchievementEnabler","BaseMod","Bestiary","Colored Map","Minty Spire (QoL Compilation)","Relic Stats"],"gold_per_floor":[113,124,144,162,174,174,21,44,44,44,69,402,402,445,445,576,576,594,369,369,415,415,450,468,506,506,530,546,562,562,562,562,692,692,706,581,605,85,85,120,120,60,60,75,75,89,34,65,65,65,65,65,15,54,54],"floor_reached":56,"playtime":4057,"items_purged":["Strike_P","Devotion","CrushJoints"],"score":1331,"play_id":"2a2cfc57-c9ca-42a5-a0e4-f2b4c3a27117","local_time":"20210109225048","is_ascension_mode":true,"campfire_choices":[{"data":"WheelKick","floor":10.0,"key":"SMITH"},{"data":"Wallop","floor":13.0,"key":"SMITH"},{"data":"Eruption","floor":15.0,"key":"SMITH"},{"data":"TalkToTheHand","floor":30,"key":"SMITH"},{"floor":32,"key":"REST"},{"floor":41,"key":"REST"},{"floor":45,"key":"RECALL"},{"data":"DevaForm","floor":49,"key":"SMITH"},{"data":"SandsOfTime","floor":52,"key":"SMITH"}],"circlet_count":0,"master_deck":["Eruption+1","Vigilance","CutThroughFate","FollowUp+1","EmptyFist","FlurryOfBlows+1","Adaptation","ClearTheMind","Wallop+1","LessonLearned+1","Meditate+1","ThirdEye+1","WheelKick","FlyingSleeves","TalkToTheHand+1","EmptyBody","Wallop","WheelKick+1","ThirdEye","ClearTheMind+1","Necronomicurse","DevaForm+1","Protect","SandsOfTime+1","TalkToTheHand+1","Scrawl","Parasite","WaveOfTheHand"],"relics":["PureWater","NeowsBlessing","Golden Idol","Pocketwatch","Old Coin","Bottled Flame","Pandora\u0027s Box","Bag of Marbles","Dead Branch","Letter Opener","Mango","Necronomicon","Snecko Eye","DollysMirror","Incense Burner","Yang","TungstenRod","Happy Flower","Pear"],"acts_visited":["Exordium","TheCity","TheBeyond","TheEnding"],"potions_floor_usage":[24,25,25,28,40,48,48,48,50,50,55,55],"damage_taken":[{"damage":0.0,"enemies":"2 Louse","floor":1.0,"turns":1.0},{"damage":0.0,"enemies":"Small Slimes","floor":2.0,"turns":2.0},{"damage":0.0,"enemies":"Jaw Worm","floor":3.0,"turns":1.0},{"damage":11.0,"enemies":"Large Slime","floor":4.0,"turns":3.0},{"damage":18.0,"enemies":"Gremlin Gang","floor":5.0,"turns":5.0},{"damage":0.0,"enemies":"Exordium Wildlife","floor":8.0,"turns":2.0},{"damage":2.0,"enemies":"Looter","floor":11.0,"turns":3.0},{"damage":6.0,"enemies":"3 Sentries","floor":12.0,"turns":5.0},{"damage":0.0,"enemies":"Gremlin Nob","floor":14.0,"turns":3.0},{"damage":24.0,"enemies":"Slime Boss","floor":16.0,"turns":6.0},{"damage":5.0,"enemies":"Shell Parasite","floor":18.0,"turns":5.0},{"damage":12,"enemies":"Slavers","floor":23,"turns":6},{"damage":3,"enemies":"Spheric Guardian","floor":24,"turns":3},{"damage":12,"enemies":"Book of Stabbing","floor":25,"turns":4},{"damage":0,"enemies":"Centurion and Healer","floor":27,"turns":4},{"damage":0,"enemies":"Shelled Parasite and Fungi","floor":28,"turns":4},{"damage":0,"enemies":"Snake Plant","floor":29,"turns":1},{"damage":15,"enemies":"Collector","floor":33,"turns":4},{"damage":18,"enemies":"3 Shapes","floor":35,"turns":4},{"damage":0,"enemies":"Orb Walker","floor":37,"turns":2},{"damage":17,"enemies":"Reptomancer","floor":40,"turns":5},{"damage":0,"enemies":"Writhing Mass","floor":44,"turns":6},{"damage":0,"enemies":"Spire Growth","floor":46,"turns":3},{"damage":0,"enemies":"Nemesis","floor":48,"turns":5},{"damage":21,"enemies":"Time Eater","floor":50,"turns":9},{"damage":14,"enemies":"Shield and Spear","floor":54,"turns":7},{"damage":32,"enemies":"The Heart","floor":55,"turns":9}],"seed_played":"6758488618226692414","potions_obtained":[{"floor":5.0,"key":"CultistPotion"},{"floor":8.0,"key":"DuplicationPotion"},{"floor":14.0,"key":"FearPotion"},{"floor":23,"key":"DuplicationPotion"},{"floor":24,"key":"LiquidMemories"},{"floor":25,"key":"Block Potion"},{"floor":33,"key":"Ambrosia"},{"floor":44,"key":"Fire Potion"},{"floor":46,"key":"EntropicBrew"}],"is_trial":false,"path_per_floor":["M","M","M","M","M","?","$","M","T","R","M","E","R","E","R","B",null,"M","$","?","T","?","E","M","E","T","M","M","M","R","?","R","B",null,"M","$","M","$","?","E","R","?","T","M","R","M","?","E","R","B",null,"R","$","E","B",null],"character_chosen":"WATCHER","items_purchased":["WheelKick","EmptyBody","Wallop","SandsOfTime","DollysMirror","Incense Burner","Strength Potion"],"campfire_rested":2,"item_purchase_floors":[7,19,19,38,38,38,53],"current_hp_per_floor":[72,72,72,61,43,43,43,43,43,43,41,35,35,35,35,11,67,62,62,62,62,62,50,47,35,49,49,49,49,49,33,57,42,81,63,63,63,63,63,46,70,70,70,70,70,70,70,70,70,49,81,81,81,77,45],"gold":54,"neow_bonus":"THREE_ENEMY_KILL","is_daily":false,"chose_seed":false,"campfire_upgraded":6,"win_rate":0.0,"timestamp":1610232648,"path_taken":["M","M","M","M","M","?","$","M","T","R","M","E","R","E","R","BOSS","M","$","?","?","?","E","M","E","T","?","M","M","R","?","R","BOSS","M","$","M","$","?","E","R","?","T","M","R","?","?","E","R","BOSS","R","$","E","BOSS"],"items_purchased_type":["Card","Card","Card","Card","Relic","Relic","Potion"],"build_version":"2020-12-22","purchased_purges":3,"victory":true,"max_hp_per_floor":[72,72,72,72,72,67,67,67,67,67,67,67,67,67,67,67,67,67,67,67,67,67,67,67,67,81,81,81,81,81,81,81,81,81,81,81,81,81,81,81,81,81,81,81,81,81,81,81,81,81,81,81,81,91,91],"relic_stats":{"Happy Flower":[8],"counters":[27,112],"Golden Idol":201,"Dead Branch":[62],"Snecko Eye":[90,98,106,83],"Pandora\u0027s Box":["Devotion","Meditate","LikeWater","ThirdEye","BattleHymn","WheelKick","FlyingSleeves"],"Yang":[171],"Necronomicon":[45],"Letter Opener":[36],"obtain_stats":[{"Pear":54,"NeowsBlessing":0,"Happy Flower":48,"Golden Idol":6,"Dead Branch":23,"Mango":26,"Yang":40,"Incense Burner":38,"Letter Opener":25,"Old Coin":12,"Bottled Flame":14,"DollysMirror":38,"Snecko Eye":34,"Pandora\u0027s Box":17,"Bag of Marbles":21,"Necronomicon":31,"PureWater":0,"TungstenRod":47,"Pocketwatch":9},{"Pear":26,"NeowsBlessing":0,"Happy Flower":24,"Golden Idol":5,"Dead Branch":12,"Mango":14,"Yang":21,"Incense Burner":20,"Letter Opener":14,"Old Coin":8,"Bottled Flame":9,"DollysMirror":20,"Snecko Eye":18,"Pandora\u0027s Box":10,"Bag of Marbles":11,"Necronomicon":17,"PureWater":0,"TungstenRod":23,"Pocketwatch":6},{"Pear":103,"NeowsBlessing":0,"Happy Flower":87,"Golden Idol":12,"Dead Branch":42,"Mango":49,"Yang":73,"Incense Burner":68,"Letter Opener":49,"Old Coin":22,"Bottled Flame":25,"DollysMirror":68,"Snecko Eye":62,"Pandora\u0027s Box":31,"Bag of Marbles":36,"Necronomicon":58,"PureWater":0,"TungstenRod":82,"Pocketwatch":14}],"TungstenRod":14,"Pocketwatch":[58]},"card_choices":[{"not_picked":["EmptyBody","ClearTheMind"],"picked":"CutThroughFate","floor":1.0},{"not_picked":["SandsOfTime","ReachHeaven"],"picked":"CrushJoints","floor":2.0},{"not_picked":["ClearTheMind","WreathOfFlame"],"picked":"FollowUp","floor":3.0},{"not_picked":["Prostrate","Meditate"],"picked":"EmptyFist","floor":4.0},{"not_picked":["JustLucky","SpiritShield"],"picked":"FlurryOfBlows","floor":5.0},{"not_picked":["ClearTheMind","PathToVictory"],"picked":"Adaptation","floor":8.0},{"not_picked":["Evaluate","Judgement"],"picked":"ClearTheMind","floor":11.0},{"not_picked":["Consecrate","FlyingSleeves"],"picked":"Wallop","floor":12.0},{"not_picked":["JustLucky","Swivel"],"picked":"SashWhip","floor":14.0},{"not_picked":["Vault","Wish"],"picked":"LessonLearned","floor":16.0},{"not_picked":["Wallop","BowlingBash"],"picked":"TalkToTheHand","floor":18},{"not_picked":["Prostrate+1","Wireheading","ReachHeaven"],"picked":"SKIP","floor":23},{"not_picked":["CrushJoints","PathToVictory"],"picked":"ThirdEye","floor":24},{"not_picked":["Study","JustLucky","Weave"],"picked":"SKIP","floor":25},{"not_picked":["ReachHeaven","CarveReality","Meditate"],"picked":"SKIP","floor":27},{"not_picked":["CutThroughFate","ReachHeaven","ForeignInfluence"],"picked":"SKIP","floor":28},{"not_picked":["Nirvana","PathToVictory+1"],"picked":"ClearTheMind+1","floor":29},{"not_picked":["Vault","Blasphemy"],"picked":"DevaForm","floor":33},{"not_picked":["JustLucky","Consecrate+1"],"picked":"Protect","floor":35},{"not_picked":["Protect","EmptyBody","Consecrate"],"picked":"SKIP","floor":37},{"not_picked":["Sanctity","FearNoEvil+1"],"picked":"Scrawl","floor":40},{"not_picked":["ReachHeaven","Perseverance","EmptyFist+1"],"picked":"SKIP","floor":44},{"not_picked":["CrushJoints","SashWhip+1","Prostrate+1"],"picked":"SKIP","floor":46},{"not_picked":["Crescendo","EmptyMind+1","Study+1"],"picked":"SKIP","floor":48},{"not_picked":["JustLucky+1","Adaptation"],"picked":"WaveOfTheHand","floor":54}],"player_experience":1006197,"relics_obtained":[{"floor":9.0,"key":"Pocketwatch"},{"floor":12.0,"key":"Old Coin"},{"floor":14.0,"key":"Bottled Flame"},{"floor":21,"key":"Bag of Marbles"},{"floor":23,"key":"Dead Branch"},{"floor":25,"key":"Letter Opener"},{"floor":26,"key":"Mango"},{"floor":31,"key":"Necronomicon"},{"floor":40,"key":"Yang"},{"floor":48,"key":"Happy Flower"},{"floor":54,"key":"Pear"}],"event_choices":[{"damage_healed":0.0,"max_hp_gain":0.0,"max_hp_loss":5.0,"gold_gain":0.0,"event_name":"Golden Idol","player_choice":"Lose Max HP","floor":6.0,"gold_loss":0.0,"damage_taken":0.0,"relics_obtained":["Golden Idol"]},{"cards_removed":["SashWhip"],"damage_healed":0,"gold_gain":0,"player_choice":"Elegance","damage_taken":0,"max_hp_gain":0,"max_hp_loss":0,"event_name":"Back to Basics","floor":20,"gold_loss":0},{"cards_removed":["WheelKick"],"damage_healed":0,"gold_gain":0,"player_choice":"Took Card","damage_taken":0,"max_hp_gain":0,"max_hp_loss":0,"event_name":"NoteForYourself","floor":22,"gold_loss":0,"cards_obtained":["WheelKick"]},{"damage_healed":0,"gold_gain":0,"player_choice":"Obtained Book","damage_taken":16,"max_hp_gain":0,"max_hp_loss":0,"event_name":"Cursed Tome","floor":31,"gold_loss":0},{"cards_removed":["LikeWater"],"damage_healed":0,"gold_gain":0,"player_choice":"Removed Power","damage_taken":0,"max_hp_gain":0,"max_hp_loss":0,"event_name":"Falling","floor":39,"gold_loss":0},{"cards_removed":["BattleHymn"],"damage_healed":0,"gold_gain":0,"player_choice":"Single Remove","damage_taken":0,"max_hp_gain":0,"max_hp_loss":0,"event_name":"Designer","floor":42,"gold_loss":60},{"damage_healed":0,"gold_gain":0,"player_choice":"Paid Gold","damage_taken":0,"relics_obtained":["TungstenRod"],"max_hp_gain":0,"max_hp_loss":0,"event_name":"WeMeetAgain","floor":47,"gold_loss":55}],"is_beta":false,"boss_relics":[{"not_picked":["Calling Bell","Tiny House"],"picked":"Pandora\u0027s Box"},{"not_picked":["VioletLotus","HolyWater"],"picked":"Snecko Eye"}],"items_purged_floors":[7,19,36],"is_endless":false,"potions_floor_spawned":[5,8,14,23,24,25,33,44,46],"ascension_level":1}}