{"host":"vk3oecxhswhylj4a","time":1610203456,"event":{"mods":["Act Like it!","BaseMod","Colored Powertips","Decade(王小明)","Downfall","Gensokyo","Hallownest","KinomotoSakuraMod(木之本樱)","Lobotomy","LobotomyExtend","Marisa（F雨　魔理沙）","Minty Spire (QoL Compilation)","Relic Stats","Replay The Spire","Spicy Shops","StSLib","TestMod","The Bug Knight","UnlockEverythingMod","Waifu the Spire","[IsaacMod]以撒尖塔","vexMod","【遗物卡牌】REMEMod"],"gold_per_floor":[109,121,121,231,242,270,289,289,289,318,328,328,343,203,203,300,300,600,600],"floor_reached":18,"playtime":2251,"items_purged":[],"score":172,"play_id":"0b458395-e859-4f68-93fa-d9619062dc73","local_time":"20210109224416","is_ascension_mode":false,"campfire_choices":[{"data":"DoctorFetus","floor":8,"key":"SMITH"},{"data":"ClowCardTheFlower","floor":15,"key":"SMITH"}],"circlet_count":0,"master_deck":["SakuraCardTheDream+","ClowCardTheSword","ClowCardTheSword","ClowCardTheSword","ClowCardTheSword","ClowCardTheShield","ClowCardTheShield","ClowCardTheShield","SpellCardSeal","SpellCardRelease","DoctorFetus+1","testmod-AdversityCounterattack","ClowCardTheDream","ClowCardTheMirror","ClowCardTheMirror","ClowCardTheFlower+1","ClowCardTheSilent","ClowCardTheMove","Gensokyo:Shovel","Gensokyo:BlemishedSteel","ClowCardTheTime"],"relics":["KSMOD_SealedBook","KSMOD_SealedWand","testmod-TestBox","HushsDoor","REME_ComplimentaryCards","BookOfRevelations","CogitoBucket","LetterFromLob","Gensokyo:LunaticRedEyes","Blue Candle","Boot","Replay:Rubber Ducky","PillsDrop","Bottled Flame","Happy Flower","testmod-Nine","Incubus"],"acts_visited":["Gensokyo:Gensokyo","Gensokyo:Gensokyoer"],"potions_floor_usage":[6,16,18],"damage_taken":[{"damage":4,"enemies":"Gensokyo:2_Kodama","floor":1,"turns":3},{"damage":0,"enemies":"Gensokyo:Python","floor":2,"turns":2},{"damage":2,"enemies":"Hiden Room Battle","floor":4,"turns":4},{"damage":1,"enemies":"Gensokyo:Gryphon","floor":5,"turns":3},{"damage":5,"enemies":"Gensokyo:Mamizou","floor":6,"turns":5},{"damage":15,"enemies":"Gensokyo:Python_and_Kodama","floor":7,"turns":5},{"damage":2,"enemies":"Gensokyo:Aya","floor":10,"turns":6},{"damage":0,"enemies":"Gensokyo:LivingMonolith","floor":11,"turns":3},{"damage":0,"enemies":"Gensokyo:Gryphon_and_Rabbit","floor":13,"turns":3},{"damage":22,"enemies":"Gensokyo:Yukari","floor":16,"turns":15},{"damage":45,"enemies":"Gensokyo:Chomper","floor":18,"turns":5}],"seed_played":"3214747734148472724","potions_obtained":[{"floor":2,"key":"SneckoOil"},{"floor":6,"key":"SpeedPotion"},{"floor":7,"key":"Explosive Potion"},{"floor":11,"key":"Weak Potion"},{"floor":16,"key":"ColorlessPotion"}],"is_trial":false,"path_per_floor":["M","M","?","?","M","E","M","R","T","E","M","T","M","COS","R","B",null,"M"],"character_chosen":"KINOMOTOSAKURA","items_purchased":["ClowCardTheTime","Incubus"],"campfire_rested":0,"item_purchase_floors":[17,17],"current_hp_per_floor":[66,66,66,64,63,58,43,43,43,41,41,41,41,41,41,40,45,0,0],"gold":600,"neow_bonus":"","is_daily":false,"chose_seed":false,"campfire_upgraded":2,"win_rate":0.0,"timestamp":1610203456,"path_taken":["M","M","?","?","?","E","M","R","T","E","?","?","M","COS","R","BOSS","M"],"items_purchased_type":["Card","Relic"],"build_version":"2020-12-22","purchased_purges":0,"victory":false,"max_hp_per_floor":[70,70,70,70,70,70,70,70,70,70,65,65,65,65,65,68,45,36,36],"relic_stats":{"Happy Flower":[8],"counters":[13,56],"Blue Candle":[3],"Boot":[22],"obtain_stats":[{"KeepersGift":0,"testmod-TestBox":0,"Happy Flower":12,"KSMOD_SealedBook":0,"Blue Candle":4,"BookOfRevelations":0,"Incubus":17,"Boot":4,"Gensokyo:LunaticRedEyes":3,"Replay:Rubber Ducky":6,"CogitoBucket":0,"Bottled Flame":10,"PillsDrop":9,"KSMOD_SealedWand":0,"LetterFromLob":1,"HushsDoor":0,"testmod-Nine":17,"REME_ComplimentaryCards":0},{"KeepersGift":0,"testmod-TestBox":0,"Happy Flower":9,"KSMOD_SealedBook":0,"Blue Candle":3,"BookOfRevelations":0,"Incubus":11,"Boot":3,"Gensokyo:LunaticRedEyes":2,"Replay:Rubber Ducky":5,"CogitoBucket":0,"Bottled Flame":8,"PillsDrop":7,"KSMOD_SealedWand":0,"LetterFromLob":1,"HushsDoor":0,"testmod-Nine":11,"REME_ComplimentaryCards":0},{"KeepersGift":0,"testmod-TestBox":0,"Happy Flower":32,"KSMOD_SealedBook":0,"Blue Candle":9,"BookOfRevelations":0,"Incubus":50,"Boot":9,"Gensokyo:LunaticRedEyes":5,"Replay:Rubber Ducky":17,"CogitoBucket":0,"Bottled Flame":29,"PillsDrop":23,"KSMOD_SealedWand":0,"LetterFromLob":3,"HushsDoor":0,"testmod-Nine":50,"REME_ComplimentaryCards":0}]},"card_choices":[{"not_picked":[],"picked":"DoctorFetus","floor":0},{"not_picked":["OSAHOGD","GreedKing","OldLady"],"picked":"Singing Bowl","floor":1},{"not_picked":["ClowCardTheMist","ClowCardTheMaze"],"picked":"ClowCardTheDream","floor":1},{"not_picked":["ClowCardTheShot","ClowCardTheJump","ClowCardTheIllusion"],"picked":"SKIP","floor":2},{"not_picked":["Laetitia","SnowQueen","MeatLantern"],"picked":"Singing Bowl","floor":4},{"not_picked":["ClowCardTheShadow","ClowCardTheWindy"],"picked":"ClowCardTheDream","floor":5},{"not_picked":["ClowCardTheFirey","ClowCardTheWood"],"picked":"ClowCardTheMirror","floor":6},{"not_picked":["ClowCardTheSleep","ClowCardTheDark"],"picked":"ClowCardTheMirror","floor":7},{"not_picked":["ClowCardTheVoice","ClowCardTheSong","ClowCardTheMirror"],"picked":"SKIP","floor":10},{"not_picked":["ClowCardTheArrow","ClowCardTheFreeze"],"picked":"ClowCardTheSilent","floor":11},{"not_picked":["ClowCardTheFloat","ClowCardTheFlower"],"picked":"ClowCardTheMove","floor":13},{"not_picked":["ClowCardTheThrough","ClowCardTheFight"],"picked":"ClowCardTheCreate","floor":16}],"player_experience":93479,"relics_obtained":[{"floor":1,"key":"LetterFromLob"},{"floor":4,"key":"Blue Candle"},{"floor":4,"key":"Boot"},{"floor":6,"key":"Replay:Rubber Ducky"},{"floor":9,"key":"PillsDrop"},{"floor":10,"key":"Bottled Flame"},{"floor":12,"key":"Happy Flower"}],"event_choices":[{"damage_healed":0,"gold_gain":0,"player_choice":"Fight","damage_taken":0,"max_hp_gain":0,"max_hp_loss":0,"event_name":"HidenRoomEvent","floor":4,"gold_loss":0}],"is_beta":false,"boss_relics":[{"not_picked":["testmod-IncinerationGenerator","Abe\u0027s Treasure"],"picked":"testmod-Nine"},{"not_picked":[]}],"items_purged_floors":[],"is_endless":false,"potions_floor_spawned":[2,6,7,11,16],"killed_by":"Gensokyo:Chomper","ascension_level":0}}