{"host":"dn6kke80v5f7isus","time":1610168768,"event":{"mods":["AchievementEnabler","Act Like it!","BaseMod","Colored Powertips","Custom Start","Defuse TimeMaze Blight","Downfall","Duelist Mod","Gremlin Skip","Highlight Path","Hubris","Infinite Spire","Minty Spire (QoL Compilation)","Rare Cards Sparkle","Replay The Spire","StSLib","Uncapped"],"gold_per_floor":[135,135,135,135,155,190,190,32,85,85,110,250,51702,51720,51720,51841,51841,51859,51959,51455,50933,50993,50993,51032,51055,51055,51073,50322,50362,50381,50381,50381,50512,50512,50533,50558,50102,50117,50138,50179,50179,50203,50228,50267,49822,49822,49847,49847,49847,49847],"floor_reached":51,"playtime":1862,"items_purged":["theDuelist:Sparks","theDuelist:Sparks","theDuelist:CastleWalls","theDuelist:CastleWalls","theDuelist:FeedbackWarrior"],"score":1304,"play_id":"524d25c7-d90b-4905-9319-78af0107bcf6","local_time":"20210109000608","is_ascension_mode":true,"campfire_choices":[{"data":"theDuelist:SuperheavySoulbuster","floor":7.0,"key":"SMITH"},{"data":"theDuelist:MightyWarrior","floor":15.0,"key":"SMITH"},{"floor":23,"key":"DIG"},{"floor":32,"key":"DIG"},{"floor":46,"key":"DIG"},{"floor":49,"key":"DIG"}],"circlet_count":0,"master_deck":["theDuelist:ColossalFighter+1","theDuelist:CommandKnight","theDuelist:FeedbackWarrior","theDuelist:MightyWarrior+1","theDuelist:SuperheavySoulbuster+1","theDuelist:SwordsConcealing+1","theDuelist:SuperheavyBenkei","theDuelist:SuperheavySoulbuster+1","theDuelist:LegendarySword+2"],"relics":["theDuelist:MillenniumPuzzle","theDuelist:CardPoolRelic","theDuelist:CardPoolBasicRelic","theDuelist:BoosterPackPoolRelic","theDuelist:CardPoolAddRelic","theDuelist:CardPoolMinusRelic","theDuelist:CardPoolSaveRelic","theDuelist:CardPoolOptionsRelic","NeowsBlessing","hubris:Icosahedron","hubris:Towel","theDuelist:WhiteBowlRelic","Replay:Wax Seal","Bag of Preparation","Golden Idol","Potion Belt","Chemical X","Anchor","Blood Vial","hubris:TerracottaHorce","infinitespire:PuzzleCube","Replay:Wanted Poster","Brimstone","hubris:TenFootPole","HornCleat","theDuelist:ElectricToken","Shovel","Turnip","Centennial Puzzle","FossilizedHelix","theDuelist:MillenniumPeriapt","Frozen Eye","MealTicket","infinitespire:CursedDice","Bag of Marbles","Replay:Bottled Flurry","SacredBark","Melange","theDuelist:DuelistOrichalcum","Guardian:PocketSentry","theDuelist:DuelistLetterOpener","Paper Frog","Whetstone","ReplayTheSpireMod:TigerMarble","Brimstone","Orichalcum","Blue Doll","infinitespire:Beetle Shell","Happy Flower"],"acts_visited":["Exordium","TheCity","TheBeyond"],"potions_floor_usage":[24,33,33,33],"damage_taken":[{"damage":0.0,"enemies":"2 Louse","floor":1.0,"turns":1.0},{"damage":0.0,"enemies":"Jaw Worm","floor":5.0,"turns":1.0},{"damage":0.0,"enemies":"Lagavulin","floor":6.0,"turns":1.0},{"damage":0.0,"enemies":"Cultist","floor":11.0,"turns":2.0},{"damage":12.0,"enemies":"3 Sentries","floor":12.0,"turns":3.0},{"damage":0.0,"enemies":"3 Louse","floor":14.0,"turns":2.0},{"damage":98.0,"enemies":"Hexaghost","floor":16.0,"turns":7.0},{"damage":0.0,"enemies":"Spheric Guardian","floor":18.0,"turns":3.0},{"damage":25,"enemies":"Spheric Guardian","floor":22,"turns":4},{"damage":22,"enemies":"Book of Stabbing","floor":24,"turns":2},{"damage":0,"enemies":"2 Thieves","floor":25,"turns":2},{"damage":0,"enemies":"Centurion and Healer","floor":27,"turns":2},{"damage":0,"enemies":"Gremlin Leader","floor":29,"turns":2},{"damage":0,"enemies":"Snecko","floor":30,"turns":1},{"damage":37,"enemies":"hubris:MusketHawk","floor":33,"turns":4},{"damage":0,"enemies":"3 Shapes","floor":35,"turns":2},{"damage":0,"enemies":"Orb Walker","floor":36,"turns":2},{"damage":0,"enemies":"Transient","floor":38,"turns":5},{"damage":0,"enemies":"Spire Growth","floor":39,"turns":2},{"damage":0,"enemies":"R_Hoarder","floor":40,"turns":6},{"damage":0,"enemies":"3 Darklings","floor":42,"turns":2},{"damage":0,"enemies":"Reptomancer","floor":44,"turns":2},{"damage":0,"enemies":"Sphere and 2 Shapes","floor":47,"turns":3},{"damage":0,"enemies":"Awakened One","floor":50,"turns":3}],"seed_played":"-5546387453943997346","potions_obtained":[{"floor":11.0,"key":"Explosive Potion"},{"floor":14.0,"key":"Block Potion"},{"floor":18.0,"key":"theDuelist:BottledKuriboh"},{"floor":22,"key":"theDuelist:BigOrbBottle"},{"floor":24,"key":"theDuelist:DestructPotionPot"},{"floor":30,"key":"ColorlessPotion"},{"floor":40,"key":"SpeedPotion"},{"floor":42,"key":"Elixir"}],"is_trial":false,"path_per_floor":["M","?","?","?","M","E","R","$","T","?","M","E","$","M","R","B",null,"M","AVR","?","$","?","R","E","M","T","M","$","E","M","?","R","B",null,"M","M","$","M","M","E","T","M","T","E","$","R","M","?","R","B",null],"character_chosen":"THE_DUELIST","items_purchased":["Replay:Wax Seal","Chemical X","Anchor","Blood Vial","hubris:TenFootPole","HornCleat","Frozen Eye","MealTicket","infinitespire:CursedDice","Melange","theDuelist:DuelistOrichalcum","Guardian:PocketSentry","Brimstone","Orichalcum","Blue Doll"],"campfire_rested":0,"item_purchase_floors":[8,13,13,13,21,21,28,28,28,37,37,37,45,45,45],"current_hp_per_floor":[80,80,80,80,80,80,80,80,80,60,60,48,180,180,180,82,156,158,158,158,158,155,155,135,137,137,139,139,141,143,143,143,116,170,172,174,188,188,188,188,188,188,188,188,188,188,188,188,188,188],"gold":49847,"neow_bonus":"THREE_ENEMY_KILL","is_daily":false,"chose_seed":false,"campfire_upgraded":2,"win_rate":0.0,"timestamp":1610168768,"path_taken":["M","?","?","?","?","E","R","?","T","?","M","E","$","M","R","BOSS","M","AVR","?","$","?","R","E","M","T","M","$","E","M","?","R","BOSS","M","M","$","?","M","E","?","M","T","E","?","R","M","?","R","BOSS"],"items_purchased_type":["Relic","Relic","Relic","Relic","Relic","Relic","Relic","Relic","Relic","Relic","Relic","Relic","Relic","Relic","Relic"],"build_version":"2020-12-22","purchased_purges":5,"victory":true,"max_hp_per_floor":[80,80,80,80,80,80,80,80,80,80,80,80,180,180,180,180,180,180,180,180,180,180,180,180,180,180,180,180,180,180,180,180,188,188,188,188,188,188,188,188,188,188,188,188,188,188,188,188,188,188],"card_choices":[{"not_picked":["theDuelist:GoyoChaser","theDuelist:CelticGuardian","theDuelist:CombinationAttack","theDuelist:SuperheavySwordsman","theDuelist:SoldierLady"],"picked":"SKIP","floor":1.0},{"not_picked":["theDuelist:GauntletWarrior","theDuelist:LegendHeart","theDuelist:SoldierLady","theDuelist:NitroWarrior","theDuelist:HarmonicWaves"],"picked":"SKIP","floor":5.0},{"not_picked":["theDuelist:MeteorDestruction","theDuelist:MightyWarrior","theDuelist:BullBlader","theDuelist:JudgeMan","theDuelist:CrossAttack"],"picked":"SKIP","floor":6.0},{"not_picked":["theDuelist:NinjaGrandmaster","theDuelist:HardArmor","theDuelist:DarkGrepher","theDuelist:DeltaAttacker","theDuelist:ComboFighter"],"picked":"SKIP","floor":11.0},{"not_picked":["theDuelist:EarthquakeGiant","theDuelist:LightningRodLord","theDuelist:FeatherPho","theDuelist:WeepingIdol","theDuelist:RainbowOverdragon"],"picked":"SKIP","floor":12.0},{"not_picked":["theDuelist:LightningDarts","theDuelist:DarkHole","theDuelist:WeepingIdol","theDuelist:Electrowhip","theDuelist:Jinzo"],"picked":"SKIP","floor":14.0},{"not_picked":[],"picked":"theDuelist:SwordsConcealing+1","floor":18.0},{"not_picked":["theDuelist:LightningBlade","theDuelist:CrossAttack","theDuelist:LegendHeart","theDuelist:HiddenArmory","theDuelist:GlowingCrossbow"],"picked":"SKIP","floor":24},{"not_picked":["theDuelist:MeteorDestruction","theDuelist:LegendarySword","theDuelist:HarmonicWaves","theDuelist:EgoBoost","theDuelist:ReinforcementsArmy"],"picked":"SKIP","floor":25},{"not_picked":["theDuelist:GauntletWarrior","theDuelist:Kuriboh","theDuelist:Jinzo","theDuelist:JamBreeding+1","theDuelist:BattleOx"],"picked":"SKIP","floor":27},{"not_picked":["theDuelist:EvilswarmHeliotrope","theDuelist:Mudora","theDuelist:WormKing","theDuelist:DestroyerGolem","theDuelist:GaiaMidNightSun"],"picked":"SKIP","floor":29},{"not_picked":["theDuelist:MeteorDestruction","theDuelist:BladeKnight","theDuelist:NinjaGrandmaster","theDuelist:FortressWarrior","theDuelist:FlameSwordsman"],"picked":"SKIP","floor":30},{"not_picked":["theDuelist:SpiritForce","theDuelist:GridRod","theDuelist:GravityLash","theDuelist:SwordDragonSoul"],"picked":"theDuelist:SuperheavyBenkei","floor":33},{"not_picked":["theDuelist:ColossalFighter+1","theDuelist:CombinationAttack","theDuelist:MeteorDestruction","theDuelist:BrushfireKnight+1","theDuelist:BladeKnight+1"],"picked":"SKIP","floor":35},{"not_picked":["theDuelist:GoyoChaser","theDuelist:HardArmor+1","theDuelist:Zombyra+1","theDuelist:AfterTheStorm","theDuelist:CircleFireKings+1"],"picked":"SKIP","floor":36},{"not_picked":["theDuelist:DestroyerGolem","theDuelist:HammerShot","theDuelist:MudragonSwamp+1","theDuelist:BigFire+1","theDuelist:FuryFire+1"],"picked":"SKIP","floor":38},{"not_picked":["theDuelist:SoldierLady","theDuelist:GaiaFierce+1","theDuelist:SuperheavyOgre+1","theDuelist:Hayate+1"],"picked":"theDuelist:SuperheavySoulbuster","floor":39},{"not_picked":["theDuelist:MeteorDestruction+2","theDuelist:LegendaryBlackBelt+1","theDuelist:ChaosSeed+1","theDuelist:CombinationAttack+1"],"picked":"theDuelist:LegendarySword+1","floor":40},{"not_picked":["theDuelist:BladeKnight+1","theDuelist:LegendaryBlackBelt","theDuelist:ArmorBreaker","theDuelist:MagnumShield+2","theDuelist:BattleWarrior"],"picked":"SKIP","floor":42},{"not_picked":["theDuelist:BrushfireKnight+1","theDuelist:FlameSwordsman+1","theDuelist:SuperheavyBlueBrawler+1"],"picked":"SKIP","floor":44},{"not_picked":["theDuelist:Mudora+1","theDuelist:RedHeadedOni","theDuelist:Metronome+1","theDuelist:ObeliskTormentor+1","theDuelist:RainbowJar"],"picked":"SKIP","floor":47}],"player_experience":562096,"relics_obtained":[{"floor":6.0,"key":"theDuelist:WhiteBowlRelic"},{"floor":9.0,"key":"Bag of Preparation"},{"floor":12.0,"key":"Potion Belt"},{"floor":22,"key":"theDuelist:ElectricToken"},{"floor":22,"key":"Shovel"},{"floor":22,"key":"Turnip"},{"floor":23,"key":"Centennial Puzzle"},{"floor":24,"key":"FossilizedHelix"},{"floor":26,"key":"theDuelist:MillenniumPeriapt"},{"floor":29,"key":"Bag of Marbles"},{"floor":32,"key":"Replay:Bottled Flurry"},{"floor":40,"key":"theDuelist:DuelistLetterOpener"},{"floor":41,"key":"Paper Frog"},{"floor":43,"key":"Whetstone"},{"floor":44,"key":"ReplayTheSpireMod:TigerMarble"},{"floor":46,"key":"infinitespire:Beetle Shell"},{"floor":49,"key":"Happy Flower"}],"event_choices":[{"damage_healed":0.0,"max_hp_gain":0.0,"max_hp_loss":0.0,"gold_gain":0.0,"event_name":"Golden Idol","player_choice":"Take Damage","floor":10.0,"gold_loss":0.0,"damage_taken":20.0,"relics_obtained":["Golden Idol"]},{"damage_healed":0,"gold_gain":0,"player_choice":"Fight","duelist":true,"damage_taken":0,"max_hp_gain":0,"max_hp_loss":0,"event_name":"Battle City","floor":22,"gold_loss":0},{"damage_healed":0,"gold_gain":0,"player_choice":"Forge","damage_taken":0,"max_hp_gain":0,"max_hp_loss":0,"event_name":"Accursed Blacksmith","floor":31,"gold_loss":0,"cards_upgraded":["theDuelist:ColossalFighter"]},{"damage_healed":0,"gold_gain":0,"player_choice":"Ignored","damage_taken":0,"max_hp_gain":0,"max_hp_loss":0,"event_name":"The Moai Head","floor":48,"gold_loss":0}],"is_beta":false,"boss_relics":[{"not_picked":["hubris:BlackHole","Inserter"],"picked":"hubris:TerracottaHorce"},{"not_picked":["Painkiller Herb","ReplayTheSpireMod:SealedPack"],"picked":"SacredBark"}],"items_purged_floors":[8,13,19,21,28],"is_endless":false,"potions_floor_spawned":[11,14,18,22,24,30,40,42],"ascension_level":5}}