{"host":"Qube","time":1610219621,"event":{"mods":["AchievementEnabler","BaseMod","Colored Map","Colored Powertips","Minty Spire (QoL Compilation)","Quick Restart","Random Character Button","StSLib"],"gold_per_floor":[110,120,139,150,167,167,199,199,225,225,243,272,289,289,289,362,362,382,30,43,43,60,60,89,89,116,116,166,178,208,208,208,208,208],"floor_reached":33,"playtime":976,"items_purged":[],"score":725,"play_id":"b6220bc1-0435-4b78-841e-5ae58293676d","local_time":"20210109111341","is_ascension_mode":true,"campfire_choices":[{"data":"Zap","floor":6.0,"key":"SMITH"},{"data":"Dualcast","floor":8.0,"key":"SMITH"},{"data":"All For One","floor":10.0,"key":"SMITH"},{"floor":15.0,"key":"REST"},{"floor":23,"key":"REST"},{"data":"Go for the Eyes","floor":25,"key":"SMITH"},{"data":"Seek","floor":27,"key":"SMITH"},{"data":"Ghostly","floor":32,"key":"SMITH"}],"circlet_count":0,"master_deck":["AscendersBane","Strike_B","Strike_B","Strike_B","Strike_B","Defend_B","Defend_B","Defend_B","Defend_B","Zap+1","Dualcast+1","Ball Lightning","Doom and Gloom","Ball Lightning","Go for the Eyes+1","All For One+1","Beam Cell","Glacier","Go for the Eyes","Seek+1","FTL","Chaos+1","Beam Cell","Steam","Ghostly+1","Ghostly","Ghostly"],"relics":["Cracked Core","NeowsBlessing","Bottled Flame","Bag of Preparation","Anchor","Lantern","SacredBark","PreservedInsect","Juzu Bracelet","Eternal Feather","Orichalcum","Frozen Egg 2"],"acts_visited":["Exordium","TheCity"],"potions_floor_usage":[24,33],"damage_taken":[{"damage":0.0,"enemies":"2 Louse","floor":1.0,"turns":1.0},{"damage":0.0,"enemies":"Jaw Worm","floor":2.0,"turns":1.0},{"damage":0.0,"enemies":"Cultist","floor":3.0,"turns":1.0},{"damage":0.0,"enemies":"Large Slime","floor":4.0,"turns":3.0},{"damage":6.0,"enemies":"Looter","floor":5.0,"turns":2.0},{"damage":0.0,"enemies":"Gremlin Nob","floor":7.0,"turns":2.0},{"damage":16.0,"enemies":"Exordium Wildlife","floor":11.0,"turns":2.0},{"damage":12.0,"enemies":"3 Sentries","floor":12.0,"turns":3.0},{"damage":0.0,"enemies":"2 Fungi Beasts","floor":13.0,"turns":2.0},{"damage":0.0,"enemies":"Slime Boss","floor":16.0,"turns":3.0},{"damage":5.0,"enemies":"Shell Parasite","floor":18.0,"turns":2.0},{"damage":2.0,"enemies":"2 Thieves","floor":20.0,"turns":3.0},{"damage":31,"enemies":"Cultist and Chosen","floor":22,"turns":4},{"damage":17,"enemies":"Gremlin Leader","floor":24,"turns":5},{"damage":5,"enemies":"Sentry and Sphere","floor":29,"turns":4},{"damage":44,"enemies":"Book of Stabbing","floor":30,"turns":5},{"damage":71,"enemies":"Automaton","floor":33,"turns":12}],"seed_played":"-4978619112636303389","potions_obtained":[{"floor":3.0,"key":"BlessingOfTheForge"},{"floor":5.0,"key":"SteroidPotion"},{"floor":11.0,"key":"Swift Potion"},{"floor":12.0,"key":"SkillPotion"},{"floor":18.0,"key":"CultistPotion"},{"floor":24,"key":"Dexterity Potion"},{"floor":29,"key":"FairyPotion"}],"is_trial":false,"path_per_floor":["M","M","M","M","M","R","E","R","T","R","M","E","M","?","R","B",null,"M","$","M","?","M","R","E","R","T","R","?","M","E","?","R","B"],"character_chosen":"DEFECT","items_purchased":["PreservedInsect","Seek","FTL"],"campfire_rested":2,"item_purchase_floors":[19,19,19],"current_hp_per_floor":[64,64,64,64,58,58,58,58,58,58,42,30,30,19,40,40,63,58,58,56,56,25,46,29,41,41,53,53,48,4,4,19,0,0],"gold":208,"neow_bonus":"THREE_ENEMY_KILL","is_daily":false,"chose_seed":false,"campfire_upgraded":6,"win_rate":0.0,"timestamp":1610219621,"path_taken":["M","M","M","M","M","R","E","R","T","R","M","E","M","?","R","BOSS","M","$","M","?","M","R","E","R","T","R","?","M","E","?","R","BOSS"],"items_purchased_type":["Relic","Card","Card"],"build_version":"2020-12-18","purchased_purges":0,"victory":false,"max_hp_per_floor":[71,71,71,71,71,71,71,71,71,71,71,71,71,71,71,71,71,71,71,71,71,71,71,71,71,71,71,71,71,71,35,35,35,35],"card_choices":[{"not_picked":["Stack","Reinforced Body"],"picked":"Ball Lightning","floor":1.0},{"not_picked":["Conserve Battery","Barrage"],"picked":"Doom and Gloom","floor":2.0},{"not_picked":["Hologram","Capacitor"],"picked":"Ball Lightning","floor":3.0},{"not_picked":["Conserve Battery","Streamline"],"picked":"Go for the Eyes","floor":4.0},{"not_picked":["Conserve Battery","Go for the Eyes"],"picked":"All For One","floor":5.0},{"not_picked":["Conserve Battery","Hologram"],"picked":"Beam Cell","floor":7.0},{"not_picked":["Redo","Skim"],"picked":"Glacier","floor":11.0},{"not_picked":["Ball Lightning","Loop"],"picked":"Go for the Eyes","floor":12.0},{"not_picked":["Fusion","Melter","Force Field"],"picked":"SKIP","floor":13.0},{"not_picked":["Hyperbeam","Buffer"],"picked":"Multi-Cast","floor":16.0},{"not_picked":["Tempest","Doom and Gloom","Rebound"],"picked":"SKIP","floor":18.0},{"not_picked":["Fusion","Conserve Battery","Sweeping Beam"],"picked":"SKIP","floor":20.0},{"not_picked":["Redo","Sweeping Beam"],"picked":"Chaos+1","floor":22},{"not_picked":["Thunder Strike","Leap"],"picked":"Beam Cell","floor":24},{"not_picked":["Hello World","Stack","Self Repair"],"picked":"SKIP","floor":29},{"not_picked":["Double Energy","Leap"],"picked":"Steam","floor":30}],"player_experience":860567,"relics_obtained":[{"floor":7.0,"key":"Bottled Flame"},{"floor":9.0,"key":"Bag of Preparation"},{"floor":12.0,"key":"Anchor"},{"floor":24,"key":"Eternal Feather"},{"floor":26,"key":"Orichalcum"},{"floor":30,"key":"Frozen Egg 2"}],"event_choices":[{"damage_healed":0.0,"max_hp_gain":0.0,"max_hp_loss":0.0,"gold_gain":0.0,"event_name":"Scrap Ooze","player_choice":"Success","floor":14.0,"gold_loss":0.0,"damage_taken":11.0,"relics_obtained":["Lantern"]},{"cards_removed":["Multi-Cast"],"damage_healed":0.0,"max_hp_gain":0.0,"max_hp_loss":0.0,"gold_gain":0.0,"event_name":"WeMeetAgain","player_choice":"Gave Card","floor":21.0,"gold_loss":0.0,"damage_taken":0.0,"relics_obtained":["Juzu Bracelet"]},{"damage_healed":0,"gold_gain":50,"player_choice":"Stole From Cult","damage_taken":0,"max_hp_gain":0,"max_hp_loss":0,"event_name":"Nest","floor":28,"gold_loss":0},{"damage_healed":0,"gold_gain":0,"player_choice":"Became a Ghost","damage_taken":0,"max_hp_gain":0,"max_hp_loss":36,"event_name":"Ghosts","floor":31,"gold_loss":0,"cards_obtained":["Ghostly","Ghostly","Ghostly"]}],"is_beta":true,"boss_relics":[{"not_picked":["Snecko Eye","Fusion Hammer"],"picked":"SacredBark"}],"items_purged_floors":[],"is_endless":false,"potions_floor_spawned":[3,5,11,12,18,24,29],"killed_by":"Automaton","ascension_level":19}}