{"host":"1p0ug38l8q9et435","time":1610225759,"event":{"mods":["AchievementEnabler","BaseMod","Colored Powertips","Downfall","Minty Spire (QoL Compilation)","StSLib","UnlockEverythingMod"],"gold_per_floor":[112,129,146,2,18,51,51,51,51,51,69,94,94,108,108,203,203,213,138,138,138,64,64,77,77,77,77,77,77],"floor_reached":28,"playtime":1452,"items_purged":[],"score":226,"play_id":"c63dde10-dd52-442e-a798-3ef1fa45fbf4","local_time":"20210109125559","is_ascension_mode":false,"campfire_choices":[{"floor":8,"key":"REST"},{"floor":10,"key":"REST"},{"floor":13,"key":"REST"},{"data":"SashWhip","floor":15,"key":"SMITH"},{"floor":23,"key":"REST"},{"floor":25,"key":"REST"}],"circlet_count":0,"master_deck":["Strike_P","Strike_P","Strike_P","Strike_P","Defend_P","Defend_P","Defend_P","Defend_P","Eruption","Vigilance","Nirvana","SashWhip+1","FollowUp","Adaptation","Vengeance","EmptyBody","ForeignInfluence","Judgement","MentalFortress+1","Collect+1","Writhe","RitualDagger","Study+1","EmptyMind+1"],"relics":["PureWater","ClockworkSouvenir","Unceasing Top","Singing Bowl","Frozen Egg 2","VioletLotus","Bag of Preparation","Bottled Flame"],"acts_visited":["Exordium","TheCity"],"potions_floor_usage":[6,16,16],"damage_taken":[{"damage":1,"enemies":"Jaw Worm","floor":1,"turns":3},{"damage":4,"enemies":"Cultist","floor":2,"turns":3},{"damage":15,"enemies":"Small Slimes","floor":3,"turns":3},{"damage":0,"enemies":"Exordium Wildlife","floor":5,"turns":3},{"damage":23,"enemies":"Lagavulin","floor":6,"turns":7},{"damage":3,"enemies":"3 Louse","floor":11,"turns":3},{"damage":10,"enemies":"Gremlin Nob","floor":12,"turns":4},{"damage":10,"enemies":"Looter","floor":14,"turns":2},{"damage":51,"enemies":"Slime Boss","floor":16,"turns":15},{"damage":52,"enemies":"Shell Parasite","floor":18,"turns":8},{"damage":17,"enemies":"2 Thieves","floor":19,"turns":5},{"damage":29,"enemies":"Centurion and Healer","floor":24,"turns":6},{"damage":55,"enemies":"Book of Stabbing","floor":28,"turns":6}],"seed_played":"9186481547737693709","potions_obtained":[{"floor":3,"key":"Fire Potion"},{"floor":12,"key":"Explosive Potion"},{"floor":14,"key":"Weak Potion"},{"floor":24,"key":"FearPotion"}],"is_trial":false,"path_per_floor":["M","M","M","$","M","E","?","R","T","R","M","E","R","M","R","B",null,"M","M","?","?","$","R","M","R","T","?","E"],"character_chosen":"WATCHER","items_purchased":["ClockworkSouvenir","Study+1"],"campfire_rested":5,"item_purchase_floors":[4,22],"current_hp_per_floor":[78,74,59,59,59,36,36,59,59,79,78,68,81,71,71,20,81,29,12,12,6,6,30,1,25,25,52,0,0],"gold":77,"neow_bonus":"TEN_PERCENT_HP_BONUS","is_daily":false,"chose_seed":false,"campfire_upgraded":1,"win_rate":0.0,"timestamp":1610225759,"path_taken":["M","M","M","$","M","E","?","R","T","R","M","E","R","?","R","BOSS","M","?","?","?","$","R","M","R","T","?","E"],"items_purchased_type":["Relic","Card"],"build_version":"2020-12-22","purchased_purges":0,"victory":false,"max_hp_per_floor":[79,79,79,79,79,79,79,79,79,79,81,81,81,81,81,81,81,81,81,81,81,81,81,81,81,81,81,81,81],"card_choices":[{"not_picked":["CrushJoints","WaveOfTheHand"],"picked":"Nirvana","floor":1},{"not_picked":["EmptyMind","Evaluate"],"picked":"SashWhip","floor":2},{"not_picked":["Swivel","FlurryOfBlows"],"picked":"FollowUp","floor":3},{"not_picked":["Halt","SashWhip"],"picked":"Adaptation","floor":5},{"not_picked":["ClearTheMind","Evaluate"],"picked":"Vengeance","floor":6},{"not_picked":["EmptyMind","LikeWater","Collect"],"picked":"Singing Bowl","floor":11},{"not_picked":["Pray","WaveOfTheHand"],"picked":"EmptyBody","floor":12},{"not_picked":["EmptyFist","EmptyMind"],"picked":"ForeignInfluence","floor":14},{"not_picked":["Devotion+1","Vault"],"picked":"Judgement","floor":16},{"not_picked":["CutThroughFate","SashWhip"],"picked":"MentalFortress+1","floor":18},{"not_picked":["WaveOfTheHand","BowlingBash"],"picked":"Collect+1","floor":19},{"not_picked":["InnerPeace","Vengeance+1"],"picked":"EmptyMind+1","floor":24}],"player_experience":12302,"relics_obtained":[{"floor":6,"key":"Unceasing Top"},{"floor":9,"key":"Singing Bowl"},{"floor":12,"key":"Frozen Egg 2"},{"floor":26,"key":"Bottled Flame"}],"event_choices":[{"damage_healed":0,"gold_gain":0,"player_choice":"Bought 0 Potions","damage_taken":0,"max_hp_gain":0,"max_hp_loss":0,"event_name":"The Woman in Blue","floor":7,"gold_loss":0},{"damage_healed":0,"gold_gain":0,"player_choice":"Opened","damage_taken":0,"relics_obtained":["Bag of Preparation"],"max_hp_gain":0,"max_hp_loss":0,"event_name":"The Mausoleum","floor":20,"gold_loss":0,"cards_obtained":["Writhe"]},{"damage_healed":0,"gold_gain":0,"player_choice":"Joined the Cult","damage_taken":6,"max_hp_gain":0,"max_hp_loss":0,"event_name":"Nest","floor":21,"gold_loss":0,"cards_obtained":["RitualDagger"]},{"damage_healed":27,"gold_gain":0,"player_choice":"Heal","damage_taken":0,"max_hp_gain":0,"max_hp_loss":0,"event_name":"The Library","floor":27,"gold_loss":0}],"is_beta":false,"boss_relics":[{"not_picked":["Tiny House","Black Star"],"picked":"VioletLotus"}],"items_purged_floors":[],"is_endless":false,"potions_floor_spawned":[3,12,14,16,24],"killed_by":"Book of Stabbing","ascension_level":0}}