{"host":"7gewg82ormp6yt4e","time":1610184135,"event":{"mods":["BaseMod","Block Reminder","Colored Map","Colored Powertips","DeckTracker","Highlight Path","Minty Spire (QoL Compilation)","Relic Stats","StSLib","ojb\u0027s Info Mod"],"gold_per_floor":[217,9,9,9,27,57,83,95,133,145,157,169,181,229,241,337,349,387,425,487,55,76,76,76,76],"floor_reached":24,"playtime":772,"items_purged":["Strike_B"],"score":504,"play_id":"9797e9f1-1aa8-4bd3-b473-6a3fcbc9800a","local_time":"20210109182215","is_ascension_mode":true,"campfire_choices":[{"data":"Consume","floor":8,"key":"SMITH"},{"data":"Zap","floor":10,"key":"SMITH"},{"floor":12,"key":"REST"},{"data":"Go for the Eyes","floor":15,"key":"SMITH"},{"floor":23,"key":"REST"}],"circlet_count":0,"master_deck":["AscendersBane","Defend_B","Defend_B","Defend_B","Defend_B","Zap+1","Dualcast","FTL","The Bomb+1","Consume+1","FTL","Go for the Eyes+1","Meteor Strike","Go for the Eyes+1","Turbo","Impatience","Conserve Battery"],"relics":["Cracked Core","MawBank","CeramicFish","Meat on the Bone","Empty Cage","Runic Capacitor"],"acts_visited":["Exordium","TheCity"],"potions_floor_usage":[18,19,19,24,24],"damage_taken":[{"damage":0,"enemies":"2 Louse","floor":1,"turns":2},{"damage":9,"enemies":"Small Slimes","floor":5,"turns":3},{"damage":25,"enemies":"Lagavulin","floor":6,"turns":6},{"damage":2,"enemies":"Cultist","floor":7,"turns":4},{"damage":25,"enemies":"3 Sentries","floor":14,"turns":4},{"damage":0,"enemies":"Slime Boss","floor":16,"turns":6},{"damage":11,"enemies":"Spheric Guardian","floor":18,"turns":3},{"damage":13,"enemies":"Shell Parasite","floor":19,"turns":3},{"damage":39,"enemies":"Snake Plant","floor":22,"turns":5},{"damage":53,"enemies":"Book of Stabbing","floor":24,"turns":6}],"seed_played":"2200516872180426940","potions_obtained":[{"floor":7,"key":"EssenceOfSteel"},{"floor":14,"key":"Block Potion"},{"floor":16,"key":"Regen Potion"},{"floor":18,"key":"Fire Potion"}],"is_trial":false,"path_per_floor":["M","$","?","?","M","E","M","R","T","R","$","R","?","E","R","B",null,"M","M","?","$","M","R","E"],"character_chosen":"DEFECT","items_purchased":["The Bomb","Runic Capacitor","Impatience","Explosive Potion","BlessingOfTheForge"],"campfire_rested":2,"item_purchase_floors":[2,21,21,21,21],"current_hp_per_floor":[64,64,69,69,60,35,33,33,33,33,33,55,55,30,30,42,68,57,56,56,56,29,51,0,0],"gold":76,"neow_bonus":"HUNDRED_GOLD","is_daily":false,"chose_seed":false,"campfire_upgraded":3,"win_rate":0.0,"timestamp":1610184135,"path_taken":["M","$","?","?","?","E","M","R","T","R","$","R","?","E","R","BOSS","M","?","?","$","M","R","E"],"items_purchased_type":["Card","Relic","Card","Potion","Potion"],"build_version":"2020-12-22","purchased_purges":1,"victory":false,"max_hp_per_floor":[71,71,76,76,76,76,76,76,76,76,76,76,76,76,76,76,76,76,76,76,76,76,76,76,76],"relic_stats":{"counters":[10,42],"CeramicFish":54,"MawBank":180,"obtain_stats":[{"CeramicFish":9,"Runic Capacitor":21,"Cracked Core":0,"MawBank":6,"Empty Cage":17,"Meat on the Bone":14},{"CeramicFish":4,"Runic Capacitor":8,"Cracked Core":0,"MawBank":3,"Empty Cage":6,"Meat on the Bone":5},{"CeramicFish":15,"Runic Capacitor":31,"Cracked Core":0,"MawBank":11,"Empty Cage":25,"Meat on the Bone":19}],"Meat on the Bone":24},"card_choices":[{"not_picked":["Cold Snap","Hologram"],"picked":"FTL","floor":1},{"not_picked":["Loop","Streamline","Storm"],"picked":"SKIP","floor":5},{"not_picked":["Streamline","Loop"],"picked":"Consume","floor":6},{"not_picked":["Redo","Rebound"],"picked":"FTL","floor":7},{"not_picked":["Heatsinks","Fusion"],"picked":"Go for the Eyes","floor":14},{"not_picked":["Fission","Rainbow"],"picked":"Meteor Strike","floor":16},{"not_picked":["Steam","Fusion"],"picked":"Go for the Eyes+1","floor":18},{"not_picked":["Redo","Leap"],"picked":"Turbo","floor":19},{"not_picked":["Sunder","Doom and Gloom"],"picked":"Conserve Battery","floor":22}],"player_experience":2514005,"relics_obtained":[{"floor":6,"key":"MawBank"},{"floor":9,"key":"CeramicFish"},{"floor":14,"key":"Meat on the Bone"}],"event_choices":[{"damage_healed":0,"gold_gain":0,"player_choice":"Donut","damage_taken":0,"max_hp_gain":5,"max_hp_loss":0,"event_name":"Big Fish","floor":3,"gold_loss":0},{"damage_healed":0,"gold_gain":0,"player_choice":"Upgraded","damage_taken":0,"max_hp_gain":0,"max_hp_loss":0,"event_name":"Upgrade Shrine","floor":4,"gold_loss":0,"cards_upgraded":["The Bomb"]},{"cards_removed":["Strike_B"],"damage_healed":0,"gold_gain":0,"player_choice":"Purged","damage_taken":0,"max_hp_gain":0,"max_hp_loss":0,"event_name":"Purifier","floor":13,"gold_loss":0},{"damage_healed":0,"gold_gain":50,"player_choice":"Stole From Cult","damage_taken":0,"max_hp_gain":0,"max_hp_loss":0,"event_name":"Nest","floor":20,"gold_loss":0}],"is_beta":false,"boss_relics":[{"not_picked":["Tiny House","Sozu"],"picked":"Empty Cage"}],"items_purged_floors":[21],"is_endless":false,"potions_floor_spawned":[7,14,16,18,22],"killed_by":"Book of Stabbing","ascension_level":20}}