{"host":"hj54bcoh2isxm8b7","time":1610214207,"event":{"mods":["AchievementEnabler","Arknights The Spire","BaseMod","BetterRewards","Card Forge","Custom Start","GifTheSpireLib","Mimic Mod","Minty Spire (QoL Compilation)","Spicy Shops","StSLib","The Alterego","Waifu the Spire","Yuri Mod","slay the spire mod where everything is the same but ironclad has a cowboy hat"],"gold_per_floor":[116,41,41,55,72,92,110,144,169,195,195,195,222,241,241,241,241],"floor_reached":16,"playtime":501,"items_purged":["Strike_R"],"score":122,"play_id":"5e57a01e-49a5-40e4-8f24-23573b31487d","local_time":"20210109124327","is_ascension_mode":false,"campfire_choices":[{"data":"Whirlwind","floor":15,"key":"SMITH"}],"circlet_count":0,"master_deck":["Strike_R","Strike_R","Strike_R","Strike_R","Defend_R","Defend_R","Defend_R","Defend_R","Bash","Feel No Pain","Whirlwind+1","Rampage","Second Wind","Sever Soul","Pommel Strike","Thunderclap","Uppercut"],"relics":["Hammer of Thor","Seething Fire","Anvil of the Gods","Philosopher\u0027s Stone","Toxic Egg 2","Lantern","Bronze Scales","Ancient Tea Set","PreservedInsect","Strawberry"],"acts_visited":["Exordium"],"potions_floor_usage":[8,8,13,16,16],"damage_taken":[{"damage":0,"enemies":"Cultist","floor":1,"turns":2},{"damage":0,"enemies":"2 Louse","floor":4,"turns":3},{"damage":0,"enemies":"Jaw Worm","floor":5,"turns":3},{"damage":13,"enemies":"Red Slaver","floor":6,"turns":3},{"damage":33,"enemies":"Gremlin Gang","floor":7,"turns":4},{"damage":7,"enemies":"Gremlin Nob","floor":8,"turns":3},{"damage":13,"enemies":"3 Sentries","floor":10,"turns":5},{"damage":9,"enemies":"Gremlin Nob","floor":13,"turns":3},{"damage":7,"enemies":"Large Slime","floor":14,"turns":4},{"damage":5,"enemies":"Hexaghost","floor":16,"turns":4}],"seed_played":"2315835961781005556","potions_obtained":[{"floor":5,"key":"LiquidMemories"},{"floor":7,"key":"Swift Potion"},{"floor":8,"key":"FearPotion"},{"floor":13,"key":"AttackPotion"},{"floor":14,"key":"Weak Potion"}],"is_trial":false,"path_per_floor":["M","$","?","M","M","M","M","E","T","E","?","T","E","M","R","B"],"character_chosen":"IRONCLAD","items_purchased":[],"campfire_rested":0,"item_purchase_floors":[],"current_hp_per_floor":[80,80,80,80,80,67,34,27,27,14,14,14,12,5,5,0,0],"gold":241,"neow_bonus":"BOSS_RELIC","is_daily":false,"chose_seed":false,"campfire_upgraded":1,"win_rate":0.0,"timestamp":1610214207,"path_taken":["M","$","?","M","M","?","M","E","T","E","?","?","E","?","R","BOSS"],"items_purchased_type":[],"build_version":"2020-12-22","purchased_purges":1,"victory":false,"max_hp_per_floor":[80,80,80,80,80,80,80,80,80,80,80,80,87,87,87,87,87],"card_choices":[{"not_picked":["True Grit","Perfected Strike"],"picked":"Feel No Pain","floor":1},{"not_picked":["Shrug It Off","Body Slam"],"picked":"Whirlwind","floor":4},{"not_picked":["Anger","Heavy Blade"],"picked":"Rampage","floor":5},{"not_picked":["Perfected Strike","Blood for Blood"],"picked":"Second Wind","floor":6},{"not_picked":["Warcry","Headbutt"],"picked":"Sever Soul","floor":7},{"not_picked":["Flex+1","Pummel","Perfected Strike"],"picked":"SKIP","floor":8},{"not_picked":["Bludgeon","Rupture"],"picked":"Pommel Strike","floor":10},{"not_picked":["Cleave","Heavy Blade"],"picked":"Thunderclap","floor":13},{"not_picked":["Headbutt","Armaments+1"],"picked":"Uppercut","floor":14}],"player_experience":294419,"relics_obtained":[{"floor":8,"key":"Toxic Egg 2"},{"floor":9,"key":"Lantern"},{"floor":10,"key":"Bronze Scales"},{"floor":12,"key":"PreservedInsect"},{"floor":13,"key":"Strawberry"}],"event_choices":[{"damage_healed":0,"gold_gain":0,"player_choice":"Cursed","damage_taken":0,"max_hp_gain":0,"max_hp_loss":0,"event_name":"Wheel of Change","floor":3,"gold_loss":0,"cards_obtained":["Decay"]},{"damage_healed":0,"gold_gain":0,"player_choice":"Searched \u00272\u0027 times","damage_taken":0,"relics_obtained":["Ancient Tea Set"],"max_hp_gain":0,"max_hp_loss":0,"event_name":"Dead Adventurer","floor":11,"gold_loss":0}],"is_beta":false,"boss_relics":[],"items_purged_floors":[2],"is_endless":false,"potions_floor_spawned":[5,7,8,13,14],"killed_by":"Hexaghost","ascension_level":0}}