{"host":"tzk9wfvgzgbq651e","time":1610172293,"event":{"mods":["AchievementEnabler","Aspiration","BaseMod","Better Vampires","Colored Map","Conspire","Downfall","Hermit","Hubris","Infinite Spire","Jorbs\u0027s Wanderer Trilogy","Minty Spire (QoL Compilation)","StSLib","The Cursed","The Disciple","The Hierophant","The Necromancer","The Servant 0.9.4"],"gold_per_floor":[138,112,112,148,178,178,217,259,259,292,292,328,428,467,467,764,764,806,746,746],"floor_reached":19,"playtime":1409,"items_purged":[],"score":263,"play_id":"e03c6ddb-6d96-4e02-8a58-806fa612602c","local_time":"20210109170453","daily_mods":["Insanity","Chimera","ControlledChaos","downfall:ChampStances","Cursed Run","Lethality","Midas","Night Terrors"],"is_ascension_mode":false,"campfire_choices":[{"floor":6,"key":"REST"},{"floor":11,"key":"REST"},{"floor":15,"key":"REST"}],"circlet_count":0,"master_deck":["Demon Form","Wraith Form v2","Echo Form","DevaForm","stsjorbsmod:ArcaneForm","Guardian:ConstructionForm","stsjorbsmod:WastingForm","hexamod:ParanormalForm","OracleForm","Slimebound:DuplicatedForm","sneckomod:SerpentMind","FlawlessForm","Allargando","OverTime","Strike_Br","BackFourSeconds","OracleForm","MasterKey","Defend_Br","Engulf","LockedUrn","LockedThread","Rallentando","LockedCalendar","WindUp","Stagnate","LockedCalendar","Vivace","LockedOrichalcum","OverTime","Echoward","BackFourSeconds","Accruing","OracleForm","LockedAnchor","LockedBell","LockedThread","Parity","Engulf","EscortCommand","Fragmentalize","HandsUpC","Recurrance","Allargando","Rallentando","LockedUrn","Grave","OldTimer","BackFourSeconds","WatchCommand","Echoward","WindUp","LockedThread","Strike_Br","ShortSighted","Chronoelasticity","Cuckoo","TiringSlam","Lento","LockedBell","Strike_Br","Break","Negative_Energy_Sphere","Chill_Blood","Vampiric_Strike","hexamod:GhostShield","TheCursedMod:SaltUponWound","TheCursedMod:Stigma","Bone_Armor","hermit:Manifest","champ:SteelEdge","stsjorbsmod:Withering","sneckomod:Mudshield","stsjorbsmod:Frostbite","stsjorbsmod:RepressedMemory","TheCursedMod:Torture+1"],"relics":["Snecko Eye","champ:ChampStancesModRelic","infinitespire:Cubic Diamond","Juzu Bracelet","hubris:Backtick","stsjorbsmod:BookOfTrialsRelic"],"acts_visited":["Exordium","TheCity"],"potions_floor_usage":[],"damage_taken":[{"damage":0,"enemies":"Cultist","floor":1,"turns":2},{"damage":14,"enemies":"Jaw Worm","floor":4,"turns":2},{"damage":0,"enemies":"Small Slimes","floor":5,"turns":2},{"damage":9,"enemies":"Red Slaver","floor":7,"turns":1},{"damage":35,"enemies":"Exordium Wildlife","floor":8,"turns":6},{"damage":1,"enemies":"Looter","floor":10,"turns":2},{"damage":12,"enemies":"Exordium Thugs","floor":12,"turns":2},{"damage":11,"enemies":"Large Slime","floor":14,"turns":5},{"damage":15,"enemies":"Slime Boss","floor":16,"turns":3},{"damage":70,"enemies":"Shell Parasite","floor":18,"turns":7},{"damage":49,"enemies":"2 Thieves","floor":19,"turns":2}],"seed_played":"-3037783396109227522","potions_obtained":[{"floor":5,"key":"AttackPotion"},{"floor":8,"key":"BlessingOfTheForge"},{"floor":10,"key":"Dexterity Potion"}],"is_trial":true,"path_per_floor":["M","$","?","M","M","R","M","M","T","M","R","M","?","M","R","B",null,"M","M"],"character_chosen":"CHRONO_CLASS","items_purchased":["Chill_Blood"],"campfire_rested":3,"item_purchase_floors":[2],"current_hp_per_floor":[65,65,65,51,57,60,60,37,37,40,55,55,55,49,50,50,50,43,0,0],"gold":746,"neow_bonus":"","is_daily":false,"chose_seed":false,"campfire_upgraded":0,"win_rate":0.0,"timestamp":1610172293,"path_taken":["M","?","?","?","M","R","M","M","T","M","R","M","?","M","R","BOSS","M","M"],"items_purchased_type":["Card"],"build_version":"2020-12-22","purchased_purges":0,"victory":false,"max_hp_per_floor":[65,65,65,65,65,60,60,60,60,60,55,55,55,55,50,50,50,50,50,50],"card_choices":[{"not_picked":["Slimebound:SamplingLick","Spin"],"picked":"Negative_Energy_Sphere","floor":1},{"not_picked":["hierophant:Endure","hexamod:FastForward"],"picked":"Vampiric_Strike","floor":4},{"not_picked":["stsjorbsmod:Message","ReapSow"],"picked":"hexamod:GhostShield","floor":5},{"not_picked":["Slimebound:Grow","PrimeTime"],"picked":"TheCursedMod:SaltUponWound","floor":7},{"not_picked":["champ:FocusedDefense","TheCursedMod:EmpowerCircles"],"picked":"TheCursedMod:Stigma","floor":8},{"not_picked":["stsjorbsmod:Channel","Slimebound:FinishingTackle"],"picked":"Bone_Armor","floor":10},{"not_picked":["Slimebound:FlameTackle","TheCursedMod:CursedBoomerang"],"picked":"hermit:Manifest","floor":12},{"not_picked":["hexamod:FastForward","TheCursedMod:CircleOfCorruption"],"picked":"champ:SteelEdge","floor":14},{"not_picked":["hierophant:Batter","hierophant:Levitation"],"picked":"sneckomod:Mudshield","floor":16},{"not_picked":["hexamod:ThermalTransfer","Guardian:GuardianWhirl+1"],"picked":"TheCursedMod:Torture+1","floor":18}],"player_experience":15665,"relics_obtained":[{"floor":9,"key":"Juzu Bracelet"}],"event_choices":[{"damage_healed":0,"gold_gain":100,"player_choice":"Gold","damage_taken":0,"max_hp_gain":0,"max_hp_loss":0,"event_name":"Wheel of Change","floor":13,"gold_loss":0}],"is_beta":false,"boss_relics":[{"not_picked":["Astrolabe","aspiration:IroncladSkillbook"],"picked":"hubris:Backtick"}],"items_purged_floors":[],"is_endless":false,"potions_floor_spawned":[5,8,10,14],"killed_by":"2 Thieves","ascension_level":0}}