{"host":"uflv0e3ja7hvnij7","time":1610154218,"event":{"mods":["BaseMod","Better Altar","Better Match","Better Note","Better Sensory Stone","Better Skull","Better Third Choice","Marisa????????","Minty Spire (QoL Compilation)","Permanent Neow","Replay The Spire","StSLib"],"gold_per_floor":[110,110,35,48,48,74,74,86,109,129,142,142,175,175,175,277,277,296,496,516,532,550,587,587,596,605,344,376,376,401,440,440,544,544,570,570,870,889,922,922,941,941,950,870,154,176,176,190,190,190],"floor_reached":51,"playtime":2689,"items_purged":["ReplayTheSpireMod:Restless Dread","ReplayTheSpireMod:Restless Dread","Parasite"],"score":906,"play_id":"c45249f8-d464-4aa4-89bd-a391c5260749","local_time":"20210108200338","is_ascension_mode":true,"campfire_choices":[{"data":"LuminesStrike","floor":7,"key":"SMITH"},{"data":"Strike_MRS","floor":15,"key":"PURGE"},{"floor":24,"key":"REST"},{"floor":29,"key":"REST"},{"floor":32,"key":"DIG"},{"floor":40,"key":"DIG"},{"floor":42,"key":"DIG"},{"floor":49,"key":"DIG"}],"circlet_count":0,"master_deck":["Strike_MRS","Defend_MRS","Defend_MRS","Defend_MRS","Defend_MRS+1","MasterSpark","UpSweep","LuminesStrike","LuminesStrike+1","MagicAbsorber","MagicAbsorber","CasketOfStar","CasketOfStar","ChargingUp","GalacticHalo","FairyDestructionRay+1","AsteroidBelt+1","PropBag","Apotheosis","SuperPerseids+1","SporeBomb","LuminesStrike+1","BlazeAway+1","ChargingUp+1","GalacticHalo","GalacticHalo","GravityBeat","MagicChant+1"],"relics":["MiniHakkero","Cursed Key","Bronze Scales","PreservedInsect","Eternal Feather","Fusion Hammer","CeramicFish","ReplayFunnel","Replay:Ringing Soul","Shovel","Happy Flower","ChewingGum","Blood Vial","Replay:PocketPolymizer","Mango","ReplayTheSpireMod:Ninjato","Bag of Marbles","OrangePellets","Ice Cream"],"acts_visited":["Exordium","TheCity","TheBeyond"],"potions_floor_usage":[20,23,23,31,33,33,44,50],"damage_taken":[{"damage":6,"enemies":"Jaw Worm","floor":1,"turns":2},{"damage":0,"enemies":"Cultist","floor":4,"turns":3},{"damage":1,"enemies":"3 Sentries","floor":6,"turns":5},{"damage":0,"enemies":"2 Louse","floor":8,"turns":1},{"damage":1,"enemies":"Red Slaver","floor":10,"turns":2},{"damage":1,"enemies":"2 Fungi Beasts","floor":11,"turns":2},{"damage":5,"enemies":"Lagavulin","floor":13,"turns":3},{"damage":0,"enemies":"Slime Boss","floor":16,"turns":8},{"damage":0,"enemies":"Chosen","floor":18,"turns":3},{"damage":0,"enemies":"3 Byrds","floor":20,"turns":3},{"damage":25,"enemies":"Shelled Parasite and Fungi","floor":21,"turns":4},{"damage":3,"enemies":"Centurion and Healer","floor":22,"turns":4},{"damage":10,"enemies":"Slavers","floor":23,"turns":3},{"damage":4,"enemies":"Replay:Snechameleon","floor":28,"turns":3},{"damage":0,"enemies":"Sentry and Sphere","floor":30,"turns":3},{"damage":4,"enemies":"Slavers","floor":31,"turns":3},{"damage":32,"enemies":"Champ","floor":33,"turns":7},{"damage":3,"enemies":"Orb Walker","floor":35,"turns":2},{"damage":0,"enemies":"3 Shapes","floor":38,"turns":3},{"damage":0,"enemies":"Writhing Mass","floor":39,"turns":3},{"damage":0,"enemies":"Transient","floor":41,"turns":5},{"damage":19,"enemies":"Maw","floor":44,"turns":5},{"damage":0,"enemies":"Sphere and 2 Shapes","floor":46,"turns":1},{"damage":6,"enemies":"4 Shapes","floor":48,"turns":2},{"damage":7,"enemies":"Time Eater","floor":50,"turns":6}],"seed_played":"-8780087930947229662","potions_obtained":[{"floor":8,"key":"SpeedPotion"},{"floor":10,"key":"Swift Potion"},{"floor":16,"key":"Energy Potion"},{"floor":21,"key":"Dexterity Potion"},{"floor":30,"key":"Energy Potion"},{"floor":31,"key":"GamblersBrew"},{"floor":35,"key":"Strength Potion"},{"floor":39,"key":"BlessingOfTheForge"},{"floor":41,"key":"Weak Potion"},{"floor":48,"key":"SkillPotion"}],"is_trial":false,"path_per_floor":["M","?","$","M","?","E","R","M","T","M","M","?","E","$","R","B",null,"M","?","M","M","M","E","R","?","T","$","E","R","M","E","R","B",null,"M","?","?","M","M","R","M","R","T","M","$","M","?","M","R","B",null],"character_chosen":"MARISA","items_purchased":["Apotheosis","ReplayTheSpireMod:Ninjato","Bag of Marbles","OrangePellets","GalacticHalo","GravityBeat"],"campfire_rested":2,"item_purchase_floors":[27,45,45,45,45,45],"current_hp_per_floor":[69,69,69,69,69,68,68,68,68,67,66,66,61,61,67,67,75,75,75,75,50,47,37,68,68,68,68,64,75,78,77,81,49,81,81,80,80,80,83,83,86,86,103,84,87,92,92,88,103,98],"gold":190,"neow_bonus":"CURSED_BOSS_RELIC","is_daily":false,"chose_seed":false,"campfire_upgraded":1,"win_rate":0.0,"timestamp":1610154218,"path_taken":["M","?","$","M","?","E","R","?","T","M","M","?","E","$","R","BOSS","M","?","M","M","?","E","R","?","T","$","E","R","M","E","R","BOSS","M","?","?","?","M","R","M","R","T","M","$","M","?","M","R","BOSS"],"items_purchased_type":["Card","Relic","Relic","Relic","Card","Card"],"build_version":"2020-12-22","purchased_purges":3,"victory":true,"max_hp_per_floor":[75,75,75,75,75,75,75,75,75,75,75,75,75,75,75,75,75,75,75,75,75,75,75,75,75,75,75,75,75,78,81,81,81,81,84,80,80,80,83,83,86,86,103,103,103,106,106,106,106,106],"card_choices":[{"not_picked":["MagicChant","SporeBomb"],"picked":"LuminesStrike","floor":1},{"not_picked":["SprinkleStarSeal","PowerUp"],"picked":"LuminesStrike","floor":4},{"not_picked":["DC","Orbital","MachineGunSpark"],"picked":"SKIP","floor":6},{"not_picked":["MysteriousBeam","EnergyRecoil","WitchLeyline"],"picked":"SKIP","floor":8},{"not_picked":["AlicesGift","GalacticHalo"],"picked":"MagicAbsorber","floor":10},{"not_picked":["EnergyRecoil","WitchOfGreed","IllusionStar"],"picked":"SKIP","floor":11},{"not_picked":["SporeBomb","MeteoricShower"],"picked":"CasketOfStar","floor":13},{"not_picked":["FinalSpark","BlazingStar"],"picked":"CasketOfStar","floor":16},{"not_picked":["GalacticHalo","MagicChant"],"picked":"ChargingUp","floor":18},{"not_picked":["DragonMeteor","ShootingEcho"],"picked":"GalacticHalo","floor":20},{"not_picked":["MachineGunSpark","GrandCross","PowerUp+1"],"picked":"SKIP","floor":21},{"not_picked":["ChargeUpSpray","OrrerysSun"],"picked":"FairyDestructionRay+1","floor":22},{"not_picked":["UnstableBomb","WitchLeyline+1"],"picked":"AsteroidBelt+1","floor":23},{"not_picked":["PowerUp+1","TreasureHunter","Acceleration"],"picked":"SKIP","floor":28},{"not_picked":["OortCloud","WitchLeyline+1"],"picked":"SuperPerseids+1","floor":30},{"not_picked":["Acceleration","GrandCross"],"picked":"SporeBomb","floor":31},{"not_picked":["AsteroidBelt","DoubleSpark+1"],"picked":"LuminesStrike+1","floor":35},{"not_picked":["MysteriousBeam","FairyDestructionRay+1","EarthLightRay"],"picked":"SKIP","floor":38},{"not_picked":["MysteriousBeam+1","SporeBomb+1"],"picked":"BlazeAway+1","floor":39},{"not_picked":["DarkMatter","Acceleration+1"],"picked":"ChargingUp+1","floor":41},{"not_picked":["Robbery","ShootTheMoon","OpenUniverse+1"],"picked":"SKIP","floor":44},{"not_picked":["MilkyWay+1","PowerUp+1"],"picked":"MagicChant","floor":46},{"not_picked":["MysteriousBeam+1","IllusionStar","UnstableBomb+1"],"picked":"SKIP","floor":48}],"player_experience":519939,"relics_obtained":[{"floor":6,"key":"Bronze Scales"},{"floor":9,"key":"PreservedInsect"},{"floor":13,"key":"Eternal Feather"},{"floor":23,"key":"CeramicFish"},{"floor":26,"key":"ReplayFunnel"},{"floor":28,"key":"Replay:Ringing Soul"},{"floor":31,"key":"Shovel"},{"floor":32,"key":"Happy Flower"},{"floor":40,"key":"Blood Vial"},{"floor":42,"key":"Replay:PocketPolymizer"},{"floor":43,"key":"Mango"},{"floor":49,"key":"Ice Cream"}],"event_choices":[{"damage_healed":0,"gold_gain":0,"cards_transformed":["Strike_MRS"],"player_choice":"Transformed","damage_taken":0,"max_hp_gain":0,"max_hp_loss":0,"event_name":"Transmorgrifier","floor":5,"gold_loss":0,"cards_obtained":["MagicAbsorber"]},{"cards_removed":["Regret"],"damage_healed":0,"gold_gain":0,"player_choice":"Removed Curses","damage_taken":0,"max_hp_gain":0,"max_hp_loss":0,"event_name":"Fountain of Cleansing","floor":12,"gold_loss":0},{"damage_healed":0,"gold_gain":250,"player_choice":"Bet on Owner","damage_taken":0,"max_hp_gain":0,"max_hp_loss":0,"event_name":"The Joust","floor":19,"gold_loss":50},{"damage_healed":0,"gold_gain":0,"cards_transformed":["Strike_MRS"],"player_choice":"Transformed","damage_taken":0,"max_hp_gain":0,"max_hp_loss":0,"event_name":"Transmorgrifier","floor":25,"gold_loss":0,"cards_obtained":["PropBag"]},{"damage_healed":0,"gold_gain":0,"player_choice":"Max HP","damage_taken":0,"max_hp_gain":0,"max_hp_loss":4,"event_name":"Winding Halls","floor":36,"gold_loss":0},{"damage_healed":0,"gold_gain":300,"player_choice":"Gold","damage_taken":0,"max_hp_gain":0,"max_hp_loss":0,"event_name":"Wheel of Change","floor":37,"gold_loss":0},{"damage_healed":0,"gold_gain":0,"player_choice":"Upgraded","damage_taken":0,"max_hp_gain":0,"max_hp_loss":0,"event_name":"Upgrade Shrine","floor":47,"gold_loss":0,"cards_upgraded":["MagicChant"]}],"is_beta":false,"boss_relics":[{"not_picked":["Runic Dome","Calling Bell"],"picked":"Fusion Hammer"},{"not_picked":["Black Star","SacredBark"],"picked":"ChewingGum"}],"items_purged_floors":[3,27,45],"is_endless":false,"potions_floor_spawned":[8,10,16,21,30,31,35,39,41,48],"ascension_level":1}}