{"host":"qxeepl7ydvsgmfdb","time":1610168722,"event":{"mods":["AchievementEnabler","BaseMod","Colored Powertips","Minty Spire (QoL Compilation)","Quick Restart","slay the spire mod where everything is the same but ironclad has a cowboy hat"],"gold_per_floor":[114,114,131,131,131,131,131,156,156,177,221,146,166,180,180,180,180],"floor_reached":16,"playtime":323,"items_purged":["Strike_G"],"score":102,"play_id":"b44852be-9569-4c76-a444-75a6abd2929a","local_time":"20210109000522","is_ascension_mode":false,"campfire_choices":[{"floor":6,"key":"REST"},{"floor":15,"key":"REST"}],"circlet_count":0,"master_deck":["Strike_G","Strike_G","Strike_G","Defend_G+1","Defend_G+1","Defend_G","Defend_G","Defend_G","Survivor","Neutralize","Poisoned Stab","Cloak And Dagger","Deadly Poison","All Out Attack","Poisoned Stab","Slice","Backflip"],"relics":["Ring of the Snake","NeowsBlessing","Prayer Wheel","Golden Idol","War Paint","HornCleat","Mummified Hand"],"acts_visited":["Exordium"],"potions_floor_usage":[11],"damage_taken":[{"damage":0,"enemies":"2 Louse","floor":1,"turns":1},{"damage":0,"enemies":"Small Slimes","floor":3,"turns":1},{"damage":0,"enemies":"Jaw Worm","floor":8,"turns":1},{"damage":0,"enemies":"2 Fungi Beasts","floor":10,"turns":3},{"damage":2,"enemies":"3 Sentries","floor":11,"turns":7},{"damage":8,"enemies":"3 Louse","floor":13,"turns":2},{"damage":16,"enemies":"Large Slime","floor":14,"turns":6},{"damage":59,"enemies":"Slime Boss","floor":16,"turns":8}],"seed_played":"7829386018266678953","potions_obtained":[{"floor":3,"key":"PowerPotion"},{"floor":8,"key":"SmokeBomb"},{"floor":14,"key":"Ancient Potion"}],"is_trial":false,"path_per_floor":["M","?","M","?","T","R","?","M","T","M","E","$","M","M","R","B"],"character_chosen":"THE_SILENT","items_purchased":[],"campfire_rested":2,"item_purchase_floors":[],"current_hp_per_floor":[70,63,63,46,46,67,60,60,60,60,58,58,50,34,55,0,0],"gold":180,"neow_bonus":"THREE_ENEMY_KILL","is_daily":false,"chose_seed":false,"campfire_upgraded":0,"win_rate":0.0,"timestamp":1610168722,"path_taken":["M","?","M","?","?","R","?","M","T","M","E","$","M","M","R","BOSS"],"items_purchased_type":[],"build_version":"2020-12-22","purchased_purges":1,"victory":false,"max_hp_per_floor":[70,70,70,70,70,70,70,70,70,70,70,70,70,70,70,70,70],"card_choices":[{"not_picked":["PiercingWail","Finisher","Crippling Poison"],"picked":"SKIP","floor":1},{"not_picked":["Calculated Gamble","Choke"],"picked":"Poisoned Stab","floor":3},{"not_picked":["Escape Plan","Predator","Acrobatics"],"picked":"SKIP","floor":3},{"not_picked":["Masterful Stab","Prepared"],"picked":"Cloak And Dagger","floor":8},{"not_picked":["Prepared","Expertise"],"picked":"Deadly Poison","floor":8},{"not_picked":["Crippling Poison","Underhanded Strike","Setup"],"picked":"SKIP","floor":10},{"not_picked":["Acrobatics","Heel Hook","Underhanded Strike"],"picked":"SKIP","floor":10},{"not_picked":["Well Laid Plans","Dagger Throw"],"picked":"All Out Attack","floor":11},{"not_picked":["Dash","Deflect"],"picked":"Poisoned Stab","floor":13},{"not_picked":["Cloak And Dagger","Masterful Stab","Leg Sweep"],"picked":"SKIP","floor":13},{"not_picked":["Flying Knee","Quick Slash"],"picked":"Slice","floor":14},{"not_picked":["PiercingWail","Acrobatics"],"picked":"Backflip","floor":14}],"player_experience":152394,"relics_obtained":[{"floor":5,"key":"War Paint"},{"floor":9,"key":"HornCleat"},{"floor":11,"key":"Mummified Hand"}],"event_choices":[{"damage_healed":0,"gold_gain":0,"player_choice":"Success","damage_taken":7,"relics_obtained":["Prayer Wheel"],"max_hp_gain":0,"max_hp_loss":0,"event_name":"Scrap Ooze","floor":2,"gold_loss":0},{"damage_healed":0,"gold_gain":0,"player_choice":"Take Damage","damage_taken":17,"relics_obtained":["Golden Idol"],"max_hp_gain":0,"max_hp_loss":0,"event_name":"Golden Idol","floor":4,"gold_loss":0},{"cards_removed":["Strike_G"],"damage_healed":0,"gold_gain":0,"player_choice":"Card Removal","damage_taken":7,"max_hp_gain":0,"max_hp_loss":0,"event_name":"Golden Wing","floor":7,"gold_loss":0}],"is_beta":false,"boss_relics":[],"items_purged_floors":[12],"is_endless":false,"potions_floor_spawned":[3,8,14],"killed_by":"Slime Boss","ascension_level":0}}