{"host":"u1dfzl6o6mfmauc3","time":1610159174,"event":{"mods":["2.2 Compatiblity","BaseMod","Block Reminder","Hermit","Minty Spire (QoL Compilation)","Relic Stats","StSLib"],"gold_per_floor":[109,109,122,39,39,4,4,39,85,97,97,128,155,170,170,266,266,285,285,295,309,328,328,358,21,21,32,32,32,43,57,57,153,153,168,178,195,195,206,206,234,316,316,316,30,30,47,61,61,61,61],"floor_reached":50,"playtime":5435,"items_purged":["Doubt"],"score":529,"play_id":"2dcf8997-c108-49bd-8272-2361634424d0","local_time":"20210108212614","is_ascension_mode":false,"campfire_choices":[{"data":"BattleHymn","floor":11,"key":"SMITH"},{"floor":15,"key":"REST"},{"data":"DeceiveReality","floor":23,"key":"SMITH"},{"floor":28,"key":"REST"},{"floor":29,"key":"REST"},{"floor":32,"key":"REST"},{"data":"Establishment","floor":40,"key":"SMITH"},{"floor":44,"key":"REST"},{"floor":49,"key":"REST"}],"circlet_count":0,"master_deck":["Strike_P+1","Defend_P+1","Defend_P","Defend_P+1","Eruption+1","Vigilance+1","Vengeance","TalkToTheHand+1","Meditate+1","Consecrate","BattleHymn+1","FearNoEvil","FlurryOfBlows+1","DeceiveReality+1","MasterReality+1","LessonLearned+1","EmptyMind+1","Conclude+1","BowlingBash","LikeWater+1","ThirdEye+1","Brilliance","Swivel+1","EmptyBody","Establishment+1","Decay","Wallop","LikeWater+1","DevaForm","Indignation"],"relics":["PureWater","Bronze Scales","War Paint","Vajra","MealTicket","Astrolabe","Nloth\u0027s Gift","WingedGreaves","Torii","Damaru","Cursed Key","Smiling Mask","Mercury Hourglass","Ice Cream","DollysMirror"],"acts_visited":["Exordium","TheCity","TheBeyond"],"potions_floor_usage":[12,16,24,31,33,33,39,47,50,50,50],"damage_taken":[{"damage":0,"enemies":"Jaw Worm","floor":1,"turns":1},{"damage":0,"enemies":"2 Louse","floor":3,"turns":1},{"damage":0,"enemies":"Lagavulin","floor":8,"turns":1},{"damage":0,"enemies":"Cultist","floor":10,"turns":3},{"damage":24,"enemies":"Gremlin Nob","floor":12,"turns":3},{"damage":5,"enemies":"Lots of Slimes","floor":14,"turns":4},{"damage":2,"enemies":"Hexaghost","floor":16,"turns":6},{"damage":0,"enemies":"3 Byrds","floor":18,"turns":3},{"damage":12,"enemies":"2 Thieves","floor":20,"turns":5},{"damage":11,"enemies":"Snecko","floor":21,"turns":4},{"damage":18,"enemies":"Shelled Parasite and Fungi","floor":22,"turns":5},{"damage":29,"enemies":"Slavers","floor":24,"turns":5},{"damage":1,"enemies":"Snake Plant","floor":27,"turns":4},{"damage":14,"enemies":"3 Cultists","floor":30,"turns":5},{"damage":9,"enemies":"Centurion and Healer","floor":31,"turns":4},{"damage":37,"enemies":"Collector","floor":33,"turns":10},{"damage":1,"enemies":"3 Shapes","floor":35,"turns":4},{"damage":32,"enemies":"3 Darklings","floor":36,"turns":3},{"damage":1,"enemies":"Maw","floor":37,"turns":6},{"damage":2,"enemies":"Transient","floor":39,"turns":5},{"damage":1,"enemies":"Giant Head","floor":41,"turns":9},{"damage":27,"enemies":"Writhing Mass","floor":47,"turns":5},{"damage":22,"enemies":"Jaw Worm Horde","floor":48,"turns":3},{"damage":63,"enemies":"Time Eater","floor":50,"turns":7}],"seed_played":"-3651169479432804481","potions_obtained":[{"floor":1,"key":"SkillPotion"},{"floor":8,"key":"BlessingOfTheForge"},{"floor":14,"key":"Block Potion"},{"floor":20,"key":"LiquidBronze"},{"floor":27,"key":"DuplicationPotion"},{"floor":31,"key":"SpeedPotion"},{"floor":33,"key":"LiquidMemories"},{"floor":36,"key":"SpeedPotion"},{"floor":41,"key":"Fire Potion"},{"floor":47,"key":"AttackPotion"}],"is_trial":false,"path_per_floor":["M","?","M","$","?","$","$","E","T","M","R","E","T","M","R","B",null,"M","?","M","M","M","R","E","$","T","M","R","R","M","M","R","B",null,"M","M","M","?","M","R","E","T","T","R","$","?","M","M","R","B"],"character_chosen":"WATCHER","items_purchased":["Meditate","Consecrate","BattleHymn","Torii","Strength Potion","Wallop","DollysMirror"],"campfire_rested":6,"item_purchase_floors":[4,4,6,25,25,45,45],"current_hp_per_floor":[72,58,58,58,58,58,58,58,58,58,58,34,34,29,50,48,72,72,72,60,49,31,31,2,17,17,16,37,58,44,35,56,19,72,71,39,38,38,36,36,35,35,35,56,71,68,41,19,39,0,0],"gold":61,"neow_bonus":"THREE_ENEMY_KILL","is_daily":false,"chose_seed":false,"campfire_upgraded":3,"win_rate":0.0,"timestamp":1610159174,"path_taken":["M","?","M","$","?","?","$","E","T","M","R","E","?","M","R","BOSS","M","?","?","M","M","R","E","$","T","?","R","R","?","M","R","BOSS","M","M","M","?","M","R","E","?","T","R","$","?","M","M","R","BOSS"],"items_purchased_type":["Card","Card","Card","Relic","Potion","Card","Relic"],"build_version":"2020-12-22","purchased_purges":1,"victory":false,"max_hp_per_floor":[72,72,72,72,72,72,72,72,72,72,72,72,72,72,72,72,72,72,72,72,72,72,72,72,72,72,72,72,72,72,72,72,72,72,72,72,72,72,72,72,72,72,72,72,72,68,68,68,68,68,68],"relic_stats":{"Torii":24,"counters":[24,106],"Bronze Scales":[328],"Astrolabe":["LessonLearned","EmptyMind","Conclude"],"MealTicket":30,"Nloth\u0027s Gift":5,"War Paint":["Meditate","Vigilance"],"Cursed Key":2,"Smiling Mask":25,"obtain_stats":[{"Ice Cream":43,"NeowsBlessing":0,"Torii":25,"Astrolabe":17,"Vajra":12,"Damaru":26,"War Paint":9,"Cursed Key":34,"Smiling Mask":41,"Mercury Hourglass":42,"DollysMirror":45,"Bronze Scales":8,"MealTicket":13,"WingedGreaves":24,"Nloth\u0027s Gift":19,"PureWater":0},{"Ice Cream":21,"NeowsBlessing":0,"Torii":12,"Astrolabe":7,"Vajra":5,"Damaru":12,"War Paint":3,"Cursed Key":16,"Smiling Mask":21,"Mercury Hourglass":21,"DollysMirror":21,"Bronze Scales":3,"MealTicket":5,"WingedGreaves":12,"Nloth\u0027s Gift":8,"PureWater":0},{"Ice Cream":91,"NeowsBlessing":0,"Torii":41,"Astrolabe":19,"Vajra":9,"Damaru":41,"War Paint":3,"Cursed Key":64,"Smiling Mask":91,"Mercury Hourglass":91,"DollysMirror":91,"Bronze Scales":3,"MealTicket":9,"WingedGreaves":41,"Nloth\u0027s Gift":22,"PureWater":0}],"Mercury Hourglass":[27]},"card_choices":[{"not_picked":["Weave","Crescendo"],"picked":"Vengeance","floor":1},{"not_picked":["Worship","Protect"],"picked":"TalkToTheHand","floor":3},{"not_picked":["Halt","EmptyFist"],"picked":"FearNoEvil","floor":8},{"not_picked":["Fasting2","Weave"],"picked":"FlurryOfBlows","floor":10},{"not_picked":["DeusExMachina","ReachHeaven"],"picked":"DeceiveReality","floor":12},{"not_picked":["Pray","FollowUp","Crescendo"],"picked":"SKIP","floor":14},{"not_picked":["Vault","Omniscience"],"picked":"MasterReality","floor":16},{"not_picked":["Crescendo","FollowUp"],"picked":"BowlingBash","floor":18},{"not_picked":["Evaluate+1","Crescendo","SignatureMove"],"picked":"SKIP","floor":20},{"not_picked":["SignatureMove","FollowUp+1"],"picked":"LikeWater+1","floor":21},{"not_picked":["Halt+1","Crescendo"],"picked":"ThirdEye","floor":22},{"not_picked":["WreathOfFlame+1","Brilliance","Protect"],"picked":"SKIP","floor":24},{"not_picked":["ClearTheMind+1","MasterReality","Evaluate+1"],"picked":"SKIP","floor":27},{"not_picked":["Protect+1","SandsOfTime+1","Pray+1"],"picked":"SKIP","floor":30},{"not_picked":["Weave","ThirdEye","Adaptation"],"picked":"SKIP","floor":31},{"not_picked":["Judgement","ConjureBlade"],"picked":"Brilliance","floor":33},{"not_picked":["ClearTheMind+1","DeceiveReality","Weave+1"],"picked":"SKIP","floor":35},{"not_picked":["CrushJoints","Halt+1"],"picked":"Swivel+1","floor":36},{"not_picked":["Collect+1","SashWhip+1"],"picked":"EmptyBody","floor":37},{"not_picked":["TalkToTheHand+1","Omniscience"],"picked":"Establishment","floor":39},{"not_picked":["Weave+1","ClearTheMind+1","SignatureMove+1"],"picked":"SKIP","floor":41},{"not_picked":["EmptyFist","EmptyBody+1"],"picked":"DevaForm","floor":47},{"not_picked":["CrushJoints+1","Consecrate"],"picked":"Indignation","floor":48}],"player_experience":30071,"relics_obtained":[{"floor":8,"key":"Bronze Scales"},{"floor":9,"key":"War Paint"},{"floor":12,"key":"Vajra"},{"floor":13,"key":"MealTicket"},{"floor":24,"key":"WingedGreaves"},{"floor":26,"key":"Damaru"},{"floor":41,"key":"Smiling Mask"},{"floor":42,"key":"Mercury Hourglass"},{"floor":43,"key":"Ice Cream"}],"event_choices":[{"damage_healed":0,"gold_gain":0,"player_choice":"Entered Light","damage_taken":14,"max_hp_gain":0,"max_hp_loss":0,"event_name":"Shining Light","floor":2,"gold_loss":0,"cards_upgraded":["Defend_P","Defend_P"]},{"damage_healed":0,"gold_gain":0,"player_choice":"Leave","damage_taken":0,"max_hp_gain":0,"max_hp_loss":0,"event_name":"The Cleric","floor":5,"gold_loss":0},{"damage_healed":0,"gold_gain":0,"player_choice":"Traded Relic","damage_taken":0,"relics_obtained":["Nloth\u0027s Gift"],"max_hp_gain":0,"max_hp_loss":0,"event_name":"N\u0027loth","floor":19,"relics_lost":["NeowsBlessing"],"gold_loss":0},{"cards_removed":["Strike_P"],"damage_healed":0,"gold_gain":0,"player_choice":"Removed Attack","damage_taken":0,"max_hp_gain":0,"max_hp_loss":0,"event_name":"Falling","floor":38,"gold_loss":0},{"damage_healed":0,"gold_gain":0,"player_choice":"Max HP","damage_taken":0,"max_hp_gain":0,"max_hp_loss":4,"event_name":"Winding Halls","floor":46,"gold_loss":0}],"is_beta":false,"boss_relics":[{"not_picked":["Snecko Eye","Philosopher\u0027s Stone"],"picked":"Astrolabe"},{"not_picked":["Tiny House","HolyWater"],"picked":"Cursed Key"}],"items_purged_floors":[45],"is_endless":false,"potions_floor_spawned":[1,8,14,20,27,30,31,33,36,41,47],"killed_by":"Time Eater","ascension_level":0}}