{"host":"hyrsuayny3efwwum","time":1610230213,"event":{"mods":["BaseMod","Bestiary","Colored Map","Highlight Path","Minty Spire (QoL Compilation)","Relic Stats","StSLib"],"gold_per_floor":[118,8,22,22,41,41,72,0,0,75,105,122,122,141,141,241,241,258,273,12,12,12,12,12],"floor_reached":23,"playtime":4913,"items_purged":["Strike_G"],"score":324,"play_id":"95ab3a7a-74f4-4240-873d-8d400eaa356b","local_time":"20210109171013","is_ascension_mode":true,"campfire_choices":[{"data":"A Thousand Cuts","floor":6,"key":"SMITH"},{"data":"Neutralize","floor":13,"key":"SMITH"},{"data":"Survivor","floor":15,"key":"SMITH"}],"circlet_count":0,"master_deck":["AscendersBane","Strike_G+1","Strike_G+1","Strike_G+1","Defend_G+1","Defend_G+1","Defend_G+1","Defend_G+1","Defend_G+1","Survivor+1","Neutralize+1","Underhanded Strike","Backstab","Sucker Punch","A Thousand Cuts+1","Backflip","Blur","Masterful Stab","Burst","PiercingWail","Night Terror","PiercingWail+1","Terror","Ghostly+1","Ghostly+1","Ghostly+1","Ghostly+1","Ghostly+1"],"relics":["Ring of the Snake","Tingsha","Sundial","Ninja Scroll","Lantern","HoveringKite","Toxic Egg 2"],"acts_visited":["Exordium","TheCity"],"potions_floor_usage":[7,16,16,23],"damage_taken":[{"damage":2,"enemies":"Cultist","floor":1,"turns":4},{"damage":0,"enemies":"Jaw Worm","floor":3,"turns":3},{"damage":0,"enemies":"2 Louse","floor":5,"turns":3},{"damage":1,"enemies":"Lagavulin","floor":7,"turns":8},{"damage":12,"enemies":"3 Sentries","floor":11,"turns":5},{"damage":0,"enemies":"Blue Slaver","floor":12,"turns":1},{"damage":0,"enemies":"2 Fungi Beasts","floor":14,"turns":2},{"damage":3,"enemies":"Slime Boss","floor":16,"turns":7},{"damage":7,"enemies":"Chosen","floor":18,"turns":5},{"damage":0,"enemies":"Spheric Guardian","floor":19,"turns":2},{"damage":42,"enemies":"Gremlin Leader","floor":23,"turns":13}],"seed_played":"8134887769949220233","potions_obtained":[{"floor":5,"key":"PowerPotion"},{"floor":7,"key":"PowerPotion"},{"floor":11,"key":"SkillPotion"},{"floor":12,"key":"Swift Potion"}],"is_trial":false,"path_per_floor":["M","$","M","?","M","R","E","$","T","?","E","M","R","M","R","B",null,"M","M","$","?","?","E"],"character_chosen":"THE_SILENT","items_purchased":["Backstab","Blur","Toxic Egg 2"],"campfire_rested":0,"item_purchase_floors":[2,8,20],"current_hp_per_floor":[61,61,61,54,54,54,53,53,53,42,30,30,30,30,30,27,54,47,47,47,31,31,0,0],"gold":12,"neow_bonus":"ONE_RARE_RELIC","is_daily":false,"chose_seed":false,"campfire_upgraded":3,"win_rate":0.0,"timestamp":1610230213,"path_taken":["M","$","?","?","M","R","E","$","T","?","E","M","R","M","R","BOSS","M","M","$","?","?","E"],"items_purchased_type":["Card","Card","Relic"],"build_version":"2020-12-22","purchased_purges":1,"victory":false,"max_hp_per_floor":[63,63,63,63,63,63,63,63,63,63,63,63,63,63,63,63,63,63,63,63,31,31,31,31],"relic_stats":{"counters":[11,53],"Sundial":[4],"HoveringKite":[1],"Tingsha":[20],"obtain_stats":[{"Lantern":11,"Sundial":7,"Ninja Scroll":9,"HoveringKite":17,"Tingsha":0,"Toxic Egg 2":20,"Ring of the Snake":0},{"Lantern":5,"Sundial":4,"Ninja Scroll":4,"HoveringKite":8,"Tingsha":0,"Toxic Egg 2":10,"Ring of the Snake":0},{"Lantern":23,"Sundial":18,"Ninja Scroll":18,"HoveringKite":33,"Tingsha":0,"Toxic Egg 2":40,"Ring of the Snake":0}],"Ring of the Snake":[22]},"card_choices":[{"not_picked":["Blade Dance","Acrobatics"],"picked":"Underhanded Strike","floor":1},{"not_picked":["Deadly Poison","Finisher"],"picked":"Sucker Punch","floor":3},{"not_picked":["Backflip","Setup"],"picked":"A Thousand Cuts","floor":5},{"not_picked":["Bane","Sucker Punch"],"picked":"Backflip","floor":7},{"not_picked":["Underhanded Strike","Quick Slash"],"picked":"Masterful Stab","floor":11},{"not_picked":["Backflip","Dodge and Roll"],"picked":"Burst","floor":12},{"not_picked":["Dagger Spray","Cloak And Dagger"],"picked":"PiercingWail","floor":14},{"not_picked":["Grand Finale","Doppelganger"],"picked":"Night Terror","floor":16},{"not_picked":["Choke","Cloak And Dagger+1"],"picked":"PiercingWail+1","floor":18},{"not_picked":["PiercingWail","Cloak And Dagger"],"picked":"Terror","floor":19}],"player_experience":772109,"relics_obtained":[{"floor":7,"key":"Sundial"},{"floor":9,"key":"Ninja Scroll"},{"floor":11,"key":"Lantern"}],"event_choices":[{"cards_removed":["Strike_G"],"damage_healed":0,"gold_gain":0,"player_choice":"Card Removal","damage_taken":7,"max_hp_gain":0,"max_hp_loss":0,"event_name":"Golden Wing","floor":4,"gold_loss":0},{"damage_healed":0,"gold_gain":75,"player_choice":"Gather Gold","damage_taken":11,"max_hp_gain":0,"max_hp_loss":0,"event_name":"World of Goop","floor":10,"gold_loss":0},{"damage_healed":0,"gold_gain":0,"player_choice":"Became a Ghost","damage_taken":0,"max_hp_gain":0,"max_hp_loss":32,"event_name":"Ghosts","floor":21,"gold_loss":0,"cards_obtained":["Ghostly","Ghostly","Ghostly","Ghostly","Ghostly"]},{"damage_healed":0,"gold_gain":0,"player_choice":"Simplicity","damage_taken":0,"max_hp_gain":0,"max_hp_loss":0,"event_name":"Back to Basics","floor":22,"gold_loss":0,"cards_upgraded":["Strike_G","Strike_G","Strike_G","Defend_G","Defend_G","Defend_G","Defend_G","Defend_G"]}],"is_beta":false,"boss_relics":[{"not_picked":["Velvet Choker","Tiny House"],"picked":"HoveringKite"}],"items_purged_floors":[2],"is_endless":false,"potions_floor_spawned":[5,7,11,12,14],"killed_by":"Gremlin Leader","ascension_level":10}}