{"host":"sxuxxxc6yxgqlsd9","time":1610174905,"event":{"mods":["BaseMod","Minty Spire (QoL Compilation)","Shop Mod","StSLib"],"gold_per_floor":[114,126,141,152,171,203,278,306,306,306,326,326,383,396,396,497,497,479,495,509,525,525,525],"floor_reached":22,"playtime":1998,"items_purged":[],"score":227,"play_id":"0a3a1f57-da74-4a3c-8dd6-73f3ee448f37","local_time":"20210109144825","is_ascension_mode":false,"campfire_choices":[{"floor":10,"key":"REST"},{"floor":15,"key":"REST"}],"circlet_count":0,"master_deck":["Strike_B","Strike_B","Strike_B","Defend_B","Defend_B","Defend_B","Zap","Dualcast","Conserve Battery","Ball Lightning","Go for the Eyes","Static Discharge","Genetic Algorithm","Conserve Battery","Ball Lightning","Capacitor","Leap+1"],"relics":["Cracked Core","Ancient Tea Set","Strawberry","Lantern","Singing Bowl","Matryoshka","Juzu Bracelet","Empty Cage"],"acts_visited":["Exordium","TheCity"],"potions_floor_usage":[19],"damage_taken":[{"damage":0,"enemies":"Cultist","floor":1,"turns":3},{"damage":0,"enemies":"Jaw Worm","floor":2,"turns":4},{"damage":0,"enemies":"Small Slimes","floor":3,"turns":3},{"damage":4,"enemies":"Blue Slaver","floor":4,"turns":3},{"damage":5,"enemies":"2 Fungi Beasts","floor":5,"turns":4},{"damage":9,"enemies":"Lagavulin","floor":6,"turns":6},{"damage":14,"enemies":"3 Sentries","floor":8,"turns":6},{"damage":9,"enemies":"Lots of Slimes","floor":11,"turns":6},{"damage":15,"enemies":"3 Sentries","floor":13,"turns":6},{"damage":10,"enemies":"Looter","floor":14,"turns":2},{"damage":28,"enemies":"Hexaghost","floor":16,"turns":9},{"damage":7,"enemies":"2 Thieves","floor":18,"turns":4},{"damage":7,"enemies":"Spheric Guardian","floor":19,"turns":4},{"damage":14,"enemies":"Chosen and Byrds","floor":20,"turns":5},{"damage":16,"enemies":"Centurion and Healer","floor":21,"turns":9},{"damage":62,"enemies":"3 Cultists","floor":22,"turns":5}],"seed_played":"6066296303642588721","potions_obtained":[{"floor":3,"key":"BlessingOfTheForge"},{"floor":4,"key":"PowerPotion"},{"floor":13,"key":"Explosive Potion"},{"floor":20,"key":"Dexterity Potion"}],"is_trial":false,"path_per_floor":["M","M","M","M","M","E","?","E","T","R","M","?","?","M","R","B",null,"M","M","M","M","M"],"character_chosen":"DEFECT","items_purchased":[],"campfire_rested":2,"item_purchase_floors":[],"current_hp_per_floor":[75,75,75,71,66,64,53,39,39,63,54,47,32,24,49,23,86,81,76,64,48,0,0],"gold":525,"neow_bonus":"RANDOM_COMMON_RELIC","is_daily":false,"chose_seed":false,"campfire_upgraded":0,"win_rate":0.0,"timestamp":1610174905,"path_taken":["M","M","M","M","M","E","?","E","T","R","M","?","?","M","R","BOSS","M","M","M","M","M"],"items_purchased_type":[],"build_version":"2020-12-22","purchased_purges":0,"victory":false,"max_hp_per_floor":[75,75,75,75,75,82,82,82,82,82,82,82,82,84,84,86,86,88,90,92,92,92,92],"card_choices":[{"not_picked":["Streamline","Redo"],"picked":"Conserve Battery","floor":1},{"not_picked":["Sweeping Beam","Coolheaded"],"picked":"Ball Lightning","floor":2},{"not_picked":["Redo","Hologram"],"picked":"Go for the Eyes","floor":3},{"not_picked":["Redo","Defragment"],"picked":"Static Discharge","floor":4},{"not_picked":["Storm","Hologram"],"picked":"Genetic Algorithm","floor":5},{"not_picked":["Biased Cognition","Rebound","Redo"],"picked":"SKIP","floor":6},{"not_picked":["Streamline","Compile Driver"],"picked":"Conserve Battery","floor":8},{"not_picked":["Recycle","Steam Power"],"picked":"Ball Lightning","floor":11},{"not_picked":["Biased Cognition","Coolheaded"],"picked":"Capacitor","floor":13},{"not_picked":["Barrage","Reprogram","Stack"],"picked":"Singing Bowl","floor":14},{"not_picked":["All For One","Amplify","Echo Form"],"picked":"Singing Bowl","floor":16},{"not_picked":["Leap","Hologram","BootSequence"],"picked":"Singing Bowl","floor":18},{"not_picked":["Stack+1","Redo","Reinforced Body"],"picked":"Singing Bowl","floor":19},{"not_picked":["Beam Cell","Go for the Eyes","Rebound"],"picked":"Singing Bowl","floor":20},{"not_picked":["Sweeping Beam+1","Stack+1"],"picked":"Leap+1","floor":21}],"player_experience":103004,"relics_obtained":[{"floor":6,"key":"Strawberry"},{"floor":8,"key":"Lantern"},{"floor":9,"key":"Singing Bowl"},{"floor":13,"key":"Juzu Bracelet"}],"event_choices":[{"damage_healed":0,"gold_gain":75,"player_choice":"Gather Gold","damage_taken":11,"max_hp_gain":0,"max_hp_loss":0,"event_name":"World of Goop","floor":7,"gold_loss":0},{"damage_healed":0,"gold_gain":0,"player_choice":"Success","damage_taken":7,"relics_obtained":["Matryoshka"],"max_hp_gain":0,"max_hp_loss":0,"event_name":"Scrap Ooze","floor":12,"gold_loss":0},{"damage_healed":0,"gold_gain":0,"player_choice":"Searched \u00272\u0027 times","damage_taken":0,"max_hp_gain":0,"max_hp_loss":0,"event_name":"Dead Adventurer","floor":13,"gold_loss":0}],"is_beta":false,"boss_relics":[{"not_picked":["Runic Dome","Ectoplasm"],"picked":"Empty Cage"}],"items_purged_floors":[],"is_endless":false,"potions_floor_spawned":[3,4,13,14,20,21],"killed_by":"3 Cultists","ascension_level":0}}