{"host":"3jjxuhjpio8e4zkv","time":1610225151,"event":{"mods":["BaseMod","Colored Map","Highlight Path","Minty Spire (QoL Compilation)","Permanent Neow","Relic Stats","StSLib"],"gold_per_floor":[114,132,148,148,148,148,128,153,177,211,241,84,84,105,105,198,198,214,237,262,312,312,348,348,348,348],"floor_reached":25,"playtime":1112,"items_purged":[],"score":442,"play_id":"ae463e7f-f212-4f08-b68c-c60b50e3d38c","local_time":"20210109154551","is_ascension_mode":true,"campfire_choices":[{"data":"Glass Knife","floor":6.0,"key":"SMITH"},{"data":"Skewer","floor":13.0,"key":"SMITH"},{"data":"Predator","floor":15.0,"key":"SMITH"},{"data":"Burst","floor":24,"key":"SMITH"}],"circlet_count":0,"master_deck":["AscendersBane","Strike_G","Strike_G","Strike_G","Strike_G","Defend_G","Defend_G","Defend_G","Defend_G","Survivor","Neutralize","Dodge and Roll","Predator+1","Glass Knife+1","Burst+1","Noxious Fumes","Skewer+1","Masterful Stab","Dash","Terror"],"relics":["Ring of the Snake","Golden Idol","Blood Vial","Smiling Mask","Orrery","Coffee Dripper","Centennial Puzzle"],"acts_visited":["Exordium","TheCity"],"potions_floor_usage":[23],"damage_taken":[{"damage":16.0,"enemies":"Cultist","floor":1.0,"turns":6.0},{"damage":3.0,"enemies":"Jaw Worm","floor":2.0,"turns":3.0},{"damage":1.0,"enemies":"Small Slimes","floor":3.0,"turns":3.0},{"damage":12.0,"enemies":"3 Louse","floor":8.0,"turns":3.0},{"damage":10.0,"enemies":"3 Sentries","floor":10.0,"turns":9.0},{"damage":2.0,"enemies":"Red Slaver","floor":14.0,"turns":2.0},{"damage":2.0,"enemies":"The Guardian","floor":16.0,"turns":9.0},{"damage":13.0,"enemies":"Shell Parasite","floor":18.0,"turns":3.0},{"damage":11.0,"enemies":"3 Byrds","floor":19.0,"turns":6.0},{"damage":9.0,"enemies":"Centurion and Healer","floor":20.0,"turns":7.0},{"damage":70,"enemies":"Book of Stabbing","floor":23,"turns":5},{"damage":12,"enemies":"3 Cultists","floor":25,"turns":2}],"seed_played":"2089527704405554803","potions_obtained":[{"floor":3.0,"key":"PowerPotion"},{"floor":7.0,"key":"EntropicBrew"},{"floor":10.0,"key":"SkillPotion"},{"floor":16.0,"key":"BlessingOfTheForge"},{"floor":18.0,"key":"SpeedPotion"},{"floor":19.0,"key":"Regen Potion"}],"is_trial":false,"path_per_floor":["M","M","M","?","?","R","?","M","T","E","?","$","R","M","R","B",null,"M","M","M","?","?","E","R","M"],"character_chosen":"THE_SILENT","items_purchased":["Orrery"],"campfire_rested":0,"item_purchase_floors":[12],"current_hp_per_floor":[43,40,39,39,32,32,32,20,20,12,12,12,12,12,12,27,52,41,32,25,25,70,9,9,0,0],"gold":348,"neow_bonus":"TRANSFORM_CARD","is_daily":false,"chose_seed":false,"campfire_upgraded":4,"win_rate":0.0,"timestamp":1610225151,"path_taken":["M","?","M","?","?","R","?","?","T","E","?","?","R","M","R","BOSS","M","?","M","?","?","E","R","?"],"items_purchased_type":["Relic"],"build_version":"2020-12-22","purchased_purges":0,"victory":false,"max_hp_per_floor":[66,66,66,60,60,60,60,60,60,60,60,60,60,60,60,60,60,60,60,60,60,70,70,70,70,70],"relic_stats":{"Blood Vial":14,"Centennial Puzzle":[3],"counters":[12,58],"Golden Idol":60,"Smiling Mask":0,"obtain_stats":[{"Blood Vial":9,"Centennial Puzzle":23,"Golden Idol":4,"Orrery":12,"Coffee Dripper":17,"Smiling Mask":10,"Ring of the Snake":0},{"Blood Vial":4,"Centennial Puzzle":11,"Golden Idol":3,"Orrery":5,"Coffee Dripper":7,"Smiling Mask":5,"Ring of the Snake":0},{"Blood Vial":15,"Centennial Puzzle":56,"Golden Idol":12,"Orrery":24,"Coffee Dripper":35,"Smiling Mask":24,"Ring of the Snake":0}],"Ring of the Snake":[24]},"card_choices":[{"not_picked":["Dodge and Roll","Finisher"],"picked":"Predator","floor":1.0},{"not_picked":["Setup","Bane","Sucker Punch"],"picked":"SKIP","floor":2.0},{"not_picked":["Sucker Punch","Underhanded Strike"],"picked":"Glass Knife","floor":3.0},{"not_picked":["Finisher","Slice","Cloak And Dagger"],"picked":"SKIP","floor":8.0},{"not_picked":["Prepared","Expertise"],"picked":"Burst","floor":10.0},{"not_picked":["Crippling Poison","Storm of Steel"],"picked":"Noxious Fumes","floor":12.0},{"not_picked":["Concentrate","Blade Dance"],"picked":"Skewer","floor":12.0},{"not_picked":["Bane","Cloak And Dagger"],"picked":"Masterful Stab","floor":14.0},{"not_picked":["Burst","A Thousand Cuts"],"picked":"Bullet Time","floor":16.0},{"not_picked":["Sucker Punch","Riddle With Holes","Poisoned Stab"],"picked":"SKIP","floor":18.0},{"not_picked":["Prepared","Infinite Blades"],"picked":"Dash","floor":19.0},{"not_picked":["Choke","Finisher","Cloak And Dagger"],"picked":"SKIP","floor":20.0},{"not_picked":["Deflect+1","Backstab"],"picked":"Terror","floor":23}],"player_experience":1207905,"relics_obtained":[{"floor":9.0,"key":"Blood Vial"},{"floor":10.0,"key":"Smiling Mask"},{"floor":23,"key":"Centennial Puzzle"}],"event_choices":[{"damage_healed":0.0,"max_hp_gain":0.0,"max_hp_loss":6.0,"gold_gain":0.0,"event_name":"Golden Idol","player_choice":"Lose Max HP","floor":4.0,"gold_loss":0.0,"damage_taken":0.0,"relics_obtained":["Golden Idol"]},{"cards_removed":["Defend_G"],"damage_healed":0.0,"max_hp_gain":0.0,"max_hp_loss":0.0,"gold_gain":0.0,"event_name":"Golden Wing","player_choice":"Card Removal","floor":5.0,"gold_loss":0.0,"damage_taken":7.0},{"damage_healed":0.0,"max_hp_gain":0.0,"max_hp_loss":0.0,"gold_gain":0.0,"event_name":"The Woman in Blue","player_choice":"Bought 1 Potion","floor":7.0,"gold_loss":0.0,"damage_taken":0.0},{"damage_healed":0.0,"max_hp_gain":0.0,"max_hp_loss":0.0,"gold_gain":30.0,"event_name":"Dead Adventurer","player_choice":"Searched \u00271\u0027 times","floor":11.0,"gold_loss":0.0,"damage_taken":0.0},{"damage_healed":0.0,"max_hp_gain":0.0,"max_hp_loss":0.0,"gold_gain":50.0,"event_name":"Nest","player_choice":"Stole From Cult","floor":21.0,"gold_loss":0.0,"damage_taken":0.0},{"cards_removed":["Bullet Time"],"damage_healed":35.0,"max_hp_gain":10.0,"max_hp_loss":0.0,"gold_gain":0.0,"event_name":"Bonfire Elementals","player_choice":"Offered Rare","floor":22.0,"gold_loss":0.0,"damage_taken":0.0}],"is_beta":false,"boss_relics":[{"not_picked":["Tiny House","HoveringKite"],"picked":"Coffee Dripper"}],"items_purged_floors":[],"is_endless":false,"potions_floor_spawned":[3,10,16,18,19],"killed_by":"3 Cultists","ascension_level":20}}