{"host":"dowi7cgbhepuzvpj","time":1610189635,"event":{"mods":["AchievementEnabler","BaseMod","Colored Map","Highlight Path","Keyboard Shortcuts","Minty Spire (QoL Compilation)","Permanent Neow","Quick Restart","StSLib","SuperFastMode"],"gold_per_floor":[111,131,19,19,29,29,40,5,59,59,59,74,74,90,90,163,163,182,127,140,155,155,155],"floor_reached":22,"playtime":571,"items_purged":["Doppelganger"],"score":320,"play_id":"712a9e10-8c0d-4067-b4b0-9191f54c5ca5","local_time":"20210109195355","is_ascension_mode":true,"campfire_choices":[{"data":"Neutralize","floor":6,"key":"SMITH"},{"data":"Dagger Spray","floor":11,"key":"SMITH"},{"data":"Dodge and Roll","floor":13,"key":"SMITH"},{"data":"Glass Knife","floor":15,"key":"SMITH"}],"circlet_count":0,"master_deck":["AscendersBane","Survivor","Neutralize+1","Masterful Stab+1","Deflect+1","Infinite Blades","Unload","Tactician","Infinite Blades","Dagger Spray","Dagger Spray+1","Glass Knife+1","Dodge and Roll+1","Leg Sweep","Backflip","Backflip","PiercingWail","Tools of the Trade","Blade Dance","Blade Dance","Cloak And Dagger"],"relics":["Pandora\u0027s Box","Omamori","Black Star"],"acts_visited":["Exordium","TheCity"],"potions_floor_usage":[],"damage_taken":[{"damage":0,"enemies":"2 Louse","floor":1,"turns":2},{"damage":8,"enemies":"Small Slimes","floor":2,"turns":3},{"damage":0,"enemies":"Cultist","floor":5,"turns":2},{"damage":0,"enemies":"3 Louse","floor":7,"turns":2},{"damage":3,"enemies":"Looter","floor":12,"turns":3},{"damage":0,"enemies":"2 Fungi Beasts","floor":14,"turns":2},{"damage":5,"enemies":"Slime Boss","floor":16,"turns":7},{"damage":9,"enemies":"2 Thieves","floor":18,"turns":4},{"damage":0,"enemies":"Chosen","floor":20,"turns":4},{"damage":27,"enemies":"Sentry and Sphere","floor":21,"turns":6},{"damage":12,"enemies":"Centurion and Healer","floor":22,"turns":3}],"seed_played":"4869274616485925423","potions_obtained":[{"floor":1,"key":"LiquidBronze"},{"floor":2,"key":"SteroidPotion"}],"is_trial":false,"path_per_floor":["M","M","$","?","M","R","M","?","T","?","R","M","R","M","R","B",null,"M","$","M","M","M"],"character_chosen":"THE_SILENT","items_purchased":["Leg Sweep","Blade Dance"],"campfire_rested":0,"item_purchase_floors":[3,19],"current_hp_per_floor":[59,51,51,31,31,31,31,47,47,47,47,44,44,44,44,39,59,50,50,50,23,11,11],"gold":155,"neow_bonus":"BOSS_RELIC","is_daily":false,"chose_seed":false,"campfire_upgraded":4,"win_rate":0.0,"timestamp":1610189635,"path_taken":["M","M","$","?","M","R","M","?","T","?","R","M","R","M","R","BOSS","M","$","M","?","M"],"items_purchased_type":["Card","Card"],"build_version":"2020-12-22","purchased_purges":1,"victory":false,"max_hp_per_floor":[66,66,66,66,66,66,66,66,66,66,66,66,66,66,66,66,66,66,66,66,66,66,66],"card_choices":[{"not_picked":["Predator","Calculated Gamble","Bane"],"picked":"SKIP","floor":1},{"not_picked":["Crippling Poison","Acrobatics"],"picked":"Dodge and Roll","floor":2},{"not_picked":["Acrobatics","Setup"],"picked":"Backflip","floor":5},{"not_picked":["Catalyst","Slice"],"picked":"Backflip","floor":7},{"not_picked":["Flying Knee","Bane","Reflex"],"picked":"SKIP","floor":12},{"not_picked":["Masterful Stab","Flechettes"],"picked":"PiercingWail","floor":14},{"not_picked":["Wraith Form v2","Corpse Explosion"],"picked":"Tools of the Trade","floor":16},{"not_picked":["Leg Sweep","Skewer"],"picked":"Blade Dance","floor":18},{"not_picked":["Skewer","Sucker Punch","Bouncing Flask"],"picked":"SKIP","floor":20},{"not_picked":["Distraction","Dagger Throw"],"picked":"Cloak And Dagger","floor":21}],"player_experience":786278,"relics_obtained":[{"floor":9,"key":"Omamori"}],"event_choices":[{"damage_healed":0,"gold_gain":0,"player_choice":"Entered Light","damage_taken":20,"max_hp_gain":0,"max_hp_loss":0,"event_name":"Shining Light","floor":4,"gold_loss":0,"cards_upgraded":["Masterful Stab","Deflect"]},{"damage_healed":16,"gold_gain":0,"player_choice":"Healed","damage_taken":0,"max_hp_gain":0,"max_hp_loss":0,"event_name":"The Cleric","floor":8,"gold_loss":35},{"damage_healed":0,"gold_gain":0,"player_choice":"Got Potions","damage_taken":0,"max_hp_gain":0,"max_hp_loss":0,"event_name":"Lab","floor":10,"gold_loss":0}],"is_beta":false,"boss_relics":[{"not_picked":["Tiny House","Empty Cage"],"picked":"Black Star"}],"items_purged_floors":[3],"is_endless":false,"potions_floor_spawned":[1,2,14,16],"killed_by":"Centurion and Healer","ascension_level":16}}