{"host":"9d9dhukr2jywmy0f","time":1610218159,"event":{"mods":["2.2 Compatiblity","Alarm Clock","BaseMod","Bestiary","Block Reminder","Colored Map","Colored Powertips","Curses Come First","DeckTracker","Energized Spire","Highlight Path","Key Reminder","Minty Spire (QoL Compilation)","Quick Restart","Rare Cards Sparkle","Relic Sorter","Relic Stats","Spire Birthday Party","StSLib","SuperFastMode","Synergy Search","Unceasing Turn Reminder","Unknown Chances"],"gold_per_floor":[113,38,38,50,65,65,78,88,135,162,177,51,51,51,51,123,123,133,152,0,0,13,13,26,26,52,102,102,112,112,112,112,112,112],"floor_reached":33,"playtime":877,"items_purged":["Strike_B","Strike_B"],"score":494,"play_id":"4a735e86-1580-4665-badb-87745705eb34","local_time":"20210110024919","is_ascension_mode":true,"campfire_choices":[{"data":"Zap","floor":6.0,"key":"SMITH"},{"data":"Dualcast","floor":13.0,"key":"SMITH"},{"data":"Capacitor","floor":15.0,"key":"SMITH"},{"floor":23,"key":"REST"},{"data":"Coolheaded","floor":25,"key":"SMITH"},{"floor":32,"key":"REST"}],"circlet_count":0,"master_deck":["AscendersBane","Strike_B","Strike_B","Defend_B","Defend_B","Defend_B","Defend_B","Zap+1","Dualcast+1","Ball Lightning","Ball Lightning","Ball Lightning","Capacitor+1","Coolheaded+1","Turbo","Ghostly","Ghostly","Ghostly","Coolheaded","Biased Cognition"],"relics":["Cracked Core","Anchor","Omamori","Gremlin Horn","Sozu","Nunchaku"],"acts_visited":["Exordium","TheCity"],"potions_floor_usage":[29,29],"damage_taken":[{"damage":0.0,"enemies":"Cultist","floor":1.0,"turns":4.0},{"damage":0.0,"enemies":"Small Slimes","floor":4.0,"turns":3.0},{"damage":1.0,"enemies":"2 Louse","floor":5.0,"turns":3.0},{"damage":0.0,"enemies":"2 Fungi Beasts","floor":7.0,"turns":3.0},{"damage":6.0,"enemies":"Exordium Thugs","floor":8.0,"turns":4.0},{"damage":25.0,"enemies":"3 Sentries","floor":10.0,"turns":6.0},{"damage":0.0,"enemies":"Large Slime","floor":11.0,"turns":3.0},{"damage":19.0,"enemies":"Slime Boss","floor":16.0,"turns":8.0},{"damage":6.0,"enemies":"Spheric Guardian","floor":18.0,"turns":3.0},{"damage":25.0,"enemies":"Shell Parasite","floor":19.0,"turns":5.0},{"damage":15,"enemies":"Shelled Parasite and Fungi","floor":22,"turns":6},{"damage":15,"enemies":"Snake Plant","floor":24,"turns":5},{"damage":0,"enemies":"Sentry and Sphere","floor":29,"turns":5},{"damage":0,"enemies":"Automaton","floor":33,"turns":2}],"seed_played":"-7845328686162500673","potions_obtained":[{"floor":1.0,"key":"Block Potion"},{"floor":7.0,"key":"LiquidBronze"},{"floor":8.0,"key":"Swift Potion"},{"floor":14.0,"key":"DistilledChaos"},{"floor":16.0,"key":"Energy Potion"}],"is_trial":false,"path_per_floor":["M","$","$","M","M","R","M","M","T","E","M","$","R","?","R","B",null,"M","M","?","?","M","R","M","R","T","?","$","M","?","$","R","B"],"character_chosen":"DEFECT","items_purchased":["Coolheaded"],"campfire_rested":2,"item_purchase_floors":[12],"current_hp_per_floor":[64,64,64,64,63,63,63,57,57,32,32,32,32,32,32,13,57,51,26,26,26,11,21,6,6,6,6,6,6,1,1,11,11,11],"gold":112,"neow_bonus":"RANDOM_COMMON_RELIC","is_daily":false,"chose_seed":false,"campfire_upgraded":4,"win_rate":0.0,"timestamp":1610218159,"path_taken":["M","?","$","M","M","R","M","?","T","E","M","$","R","?","R","BOSS","M","?","?","?","M","R","M","R","T","?","$","?","?","?","R","BOSS"],"items_purchased_type":["Card"],"build_version":"2020-11-30","purchased_purges":2,"victory":false,"max_hp_per_floor":[71,71,71,71,71,71,71,71,71,71,71,71,71,71,71,71,71,71,71,71,35,35,35,35,35,35,35,35,35,35,35,35,35,35],"relic_stats":{"Sozu":2,"Nunchaku":[1],"Gremlin Horn":[6,6],"counters":[14,60],"obtain_stats":[{"Sozu":17,"Anchor":0,"Nunchaku":26,"Gremlin Horn":10,"Omamori":9,"Cracked Core":0},{"Sozu":8,"Anchor":0,"Nunchaku":12,"Gremlin Horn":6,"Omamori":5,"Cracked Core":0},{"Sozu":34,"Anchor":0,"Nunchaku":53,"Gremlin Horn":23,"Omamori":17,"Cracked Core":0}]},"card_choices":[{"not_picked":["Reinforced Body","Leap","Loop"],"picked":"SKIP","floor":1.0},{"not_picked":["Sunder","Compile Driver"],"picked":"Ball Lightning","floor":4.0},{"not_picked":["Conserve Battery","Scrape","Steam"],"picked":"SKIP","floor":5.0},{"not_picked":["Redo","Leap"],"picked":"Ball Lightning","floor":7.0},{"not_picked":["Barrage","Sweeping Beam"],"picked":"Ball Lightning","floor":8.0},{"not_picked":["Compile Driver","Rebound","BootSequence"],"picked":"SKIP","floor":10.0},{"not_picked":["Static Discharge","Genetic Algorithm"],"picked":"Capacitor","floor":11.0},{"not_picked":["Ball Lightning","Redo"],"picked":"Turbo","floor":18.0},{"not_picked":["Rebound","Gash","Aggregate"],"picked":"SKIP","floor":19.0},{"not_picked":["Compile Driver","Glacier"],"picked":"Coolheaded","floor":22},{"not_picked":["Reprogram","Steam Power","Ball Lightning"],"picked":"SKIP","floor":24},{"not_picked":["Force Field","Lockon"],"picked":"Biased Cognition","floor":29}],"player_experience":802578,"relics_obtained":[{"floor":9.0,"key":"Omamori"},{"floor":10.0,"key":"Gremlin Horn"},{"floor":26,"key":"Nunchaku"}],"event_choices":[{"damage_healed":0.0,"max_hp_gain":0.0,"max_hp_loss":0.0,"gold_gain":0.0,"event_name":"Lab","player_choice":"Got Potions","floor":14.0,"gold_loss":0.0,"damage_taken":0.0},{"damage_healed":0,"gold_gain":0,"player_choice":"Paid Fearfully","damage_taken":0,"max_hp_gain":0,"max_hp_loss":0,"event_name":"Masked Bandits","floor":20,"gold_loss":152},{"damage_healed":0,"gold_gain":0,"player_choice":"Became a Ghost","damage_taken":0,"max_hp_gain":0,"max_hp_loss":36,"event_name":"Ghosts","floor":21,"gold_loss":0,"cards_obtained":["Ghostly","Ghostly","Ghostly"]},{"damage_healed":0,"gold_gain":100,"player_choice":"Bet on Murderer","damage_taken":0,"max_hp_gain":0,"max_hp_loss":0,"event_name":"The Joust","floor":27,"gold_loss":50},{"damage_healed":0,"gold_gain":0,"player_choice":"Damaged","damage_taken":5,"max_hp_gain":0,"max_hp_loss":0,"event_name":"Wheel of Change","floor":30,"gold_loss":0}],"is_beta":false,"boss_relics":[{"not_picked":["Empty Cage","Snecko Eye"],"picked":"Sozu"}],"items_purged_floors":[2,12],"is_endless":false,"potions_floor_spawned":[1,7,8,16,18,22],"killed_by":"Automaton","ascension_level":20}}