{"host":"5wznv0010959mrmz","time":1610163197,"event":{"mods":["BaseMod","Highlight Path","Minty Spire (QoL Compilation)","Relic Stats"],"gold_per_floor":[367,385,37,48,61,61,96,96,175,194,194,208,248,248,248,339,339,357,357,357],"floor_reached":19,"playtime":549,"items_purged":["Pain"],"score":358,"play_id":"7ab653e6-57b5-435f-b743-f65ea668c322","local_time":"20210108213317","is_ascension_mode":true,"campfire_choices":[{"data":"Poisoned Stab","floor":6,"key":"SMITH"},{"floor":11,"key":"REST"},{"floor":15,"key":"REST"}],"circlet_count":0,"master_deck":["AscendersBane","Strike_G","Strike_G","Strike_G","Strike_G","Strike_G","Defend_G","Defend_G","Defend_G","Defend_G","Defend_G","Survivor","Neutralize","Poisoned Stab+1","Deadly Poison","Slice","Backflip","Masterful Stab","Dagger Throw","Dash"],"relics":["Ring of the Snake","Shuriken","Ginger","Golden Idol","Kunai","Ancient Tea Set","SlaversCollar"],"acts_visited":["Exordium","TheCity"],"potions_floor_usage":[5,7,13,16],"damage_taken":[{"damage":5,"enemies":"Cultist","floor":1,"turns":4},{"damage":10,"enemies":"Small Slimes","floor":2,"turns":4},{"damage":3,"enemies":"2 Louse","floor":4,"turns":3},{"damage":0,"enemies":"Large Slime","floor":5,"turns":6},{"damage":30,"enemies":"Lagavulin","floor":7,"turns":5},{"damage":0,"enemies":"3 Louse","floor":10,"turns":3},{"damage":20,"enemies":"Exordium Thugs","floor":12,"turns":5},{"damage":8,"enemies":"Gremlin Nob","floor":13,"turns":3},{"damage":17,"enemies":"The Guardian","floor":16,"turns":10},{"damage":32,"enemies":"Shell Parasite","floor":18,"turns":6},{"damage":17,"enemies":"Chosen","floor":19,"turns":3}],"seed_played":"-8793436297504498365","potions_obtained":[{"floor":1,"key":"Block Potion"},{"floor":4,"key":"CultistPotion"},{"floor":7,"key":"GamblersBrew"},{"floor":12,"key":"BlessingOfTheForge"}],"is_trial":false,"path_per_floor":["M","M","$","M","M","R","E","?","T","M","R","M","E","?","R","B",null,"M","M"],"character_chosen":"THE_SILENT","items_purchased":["Shuriken"],"campfire_rested":2,"item_purchase_floors":[3],"current_hp_per_floor":[54,44,44,41,41,41,11,11,11,11,29,9,1,1,19,2,46,14,0,0],"gold":357,"neow_bonus":"TWO_FIFTY_GOLD","is_daily":false,"chose_seed":false,"campfire_upgraded":1,"win_rate":0.0,"timestamp":1610163197,"path_taken":["M","M","$","?","M","R","E","?","T","M","R","M","E","?","R","BOSS","M","M"],"items_purchased_type":["Relic"],"build_version":"2020-12-22","purchased_purges":1,"victory":false,"max_hp_per_floor":[66,66,66,66,66,66,66,60,60,60,60,60,60,60,60,60,60,60,60,60],"relic_stats":{"counters":[11,52],"Shuriken":[19],"Golden Idol":37,"Ginger":[4],"Kunai":[13],"obtain_stats":[{"SlaversCollar":17,"Shuriken":3,"Golden Idol":8,"Ginger":7,"Kunai":9,"Ancient Tea Set":13,"Ring of the Snake":0},{"SlaversCollar":9,"Shuriken":2,"Golden Idol":5,"Ginger":5,"Kunai":5,"Ancient Tea Set":8,"Ring of the Snake":0},{"SlaversCollar":43,"Shuriken":8,"Golden Idol":22,"Ginger":22,"Kunai":22,"Ancient Tea Set":33,"Ring of the Snake":0}],"Ring of the Snake":[22]},"card_choices":[{"not_picked":["PiercingWail","Dagger Throw"],"picked":"Poisoned Stab","floor":1},{"not_picked":["Footwork","Flechettes"],"picked":"Deadly Poison","floor":2},{"not_picked":["Bane","Dodge and Roll"],"picked":"Slice","floor":4},{"not_picked":["Setup","PiercingWail"],"picked":"Backflip","floor":5},{"not_picked":["Bane","Quick Slash","Burst"],"picked":"SKIP","floor":7},{"not_picked":["All Out Attack","Flying Knee"],"picked":"Masterful Stab","floor":10},{"not_picked":["Distraction","Acrobatics"],"picked":"Dagger Throw","floor":12},{"not_picked":["Prepared","Terror"],"picked":"Dash","floor":13},{"not_picked":["Bane","Reflex","Setup"],"picked":"SKIP","floor":18}],"player_experience":418707,"relics_obtained":[{"floor":7,"key":"Ginger"},{"floor":9,"key":"Kunai"},{"floor":13,"key":"Ancient Tea Set"}],"event_choices":[{"damage_healed":0,"gold_gain":0,"player_choice":"Lose Max HP","damage_taken":0,"relics_obtained":["Golden Idol"],"max_hp_gain":0,"max_hp_loss":6,"event_name":"Golden Idol","floor":8,"gold_loss":0},{"damage_healed":0,"gold_gain":0,"player_choice":"Fled","damage_taken":0,"max_hp_gain":0,"max_hp_loss":0,"event_name":"Scrap Ooze","floor":14,"gold_loss":0}],"is_beta":false,"boss_relics":[{"not_picked":["Tiny House","Ring of the Serpent"],"picked":"SlaversCollar"}],"items_purged_floors":[3],"is_endless":false,"potions_floor_spawned":[1,4,7,12],"killed_by":"Chosen","ascension_level":20}}