{"host":"Qube","time":1610154176,"event":{"mods":["AchievementEnabler","BaseMod","Colored Map","Colored Powertips","Minty Spire (QoL Compilation)","Quick Restart","Random Character Button","StSLib"],"gold_per_floor":[359,370,335,346,24,75,105,131,131,179,234,234,273,299,299,377,377,394,394,428,11,11,11,38,38,64,96,115,115,142,174,174,271,271,271,271],"floor_reached":35,"playtime":2117,"items_purged":["Defend_B"],"score":916,"play_id":"11541db8-3015-40b6-a18f-18aaa6f8f5c3","local_time":"20210108170256","is_ascension_mode":true,"campfire_choices":[{"floor":12.0,"key":"REST"},{"data":"Coolheaded","floor":15.0,"key":"SMITH"},{"data":"Coolheaded","floor":23.0,"key":"SMITH"},{"data":"Glacier","floor":29.0,"key":"SMITH"},{"floor":32.0,"key":"REST"}],"circlet_count":0,"master_deck":["AscendersBane","Strike_B+1","Strike_B+1","Zap","Dualcast","Cold Snap","Capacitor","Chill","HandOfGreed","Reinforced Body","Ball Lightning","Hologram","Coolheaded+1","Glacier","Capacitor","Consume","Glacier+1","Coolheaded+1","Redo","Skim","Ball Lightning","HandOfGreed","Loop","Cold Snap","Reboot","Streamline+1","Hello World+1","BootSequence+1"],"relics":["Cracked Core","Membership Card","Thread and Needle","Matryoshka","Mercury Hourglass","HornCleat","Bottled Tornado","Tiny Chest","Inserter","Torii","DollysMirror","Omamori","PreservedInsect","Shuriken","Anchor","Bag of Marbles","Whetstone","Astrolabe"],"acts_visited":["Exordium","TheCity","TheBeyond"],"potions_floor_usage":[],"damage_taken":[{"damage":7.0,"enemies":"Jaw Worm","floor":1.0,"turns":3.0},{"damage":10.0,"enemies":"Small Slimes","floor":2.0,"turns":2.0},{"damage":7.0,"enemies":"2 Louse","floor":4.0,"turns":3.0},{"damage":12.0,"enemies":"Lagavulin","floor":6.0,"turns":6.0},{"damage":0.0,"enemies":"Large Slime","floor":7.0,"turns":5.0},{"damage":24.0,"enemies":"Gremlin Nob","floor":8.0,"turns":4.0},{"damage":0.0,"enemies":"3 Sentries","floor":10.0,"turns":6.0},{"damage":5.0,"enemies":"Exordium Thugs","floor":11.0,"turns":5.0},{"damage":0.0,"enemies":"2 Fungi Beasts","floor":13.0,"turns":3.0},{"damage":0.0,"enemies":"Lagavulin","floor":14.0,"turns":9.0},{"damage":12.0,"enemies":"Hexaghost","floor":16.0,"turns":11.0},{"damage":0.0,"enemies":"Chosen","floor":18.0,"turns":6.0},{"damage":11.0,"enemies":"2 Thieves","floor":20.0,"turns":5.0},{"damage":23.0,"enemies":"Book of Stabbing","floor":24.0,"turns":8.0},{"damage":0.0,"enemies":"Shelled Parasite and Fungi","floor":27.0,"turns":10.0},{"damage":2.0,"enemies":"Snake Plant","floor":28.0,"turns":5.0},{"damage":0.0,"enemies":"Centurion and Healer","floor":31.0,"turns":9.0},{"damage":32.0,"enemies":"Collector","floor":33.0,"turns":17.0},{"damage":55,"enemies":"3 Darklings","floor":35,"turns":5}],"seed_played":"2509288971160057438","potions_obtained":[{"floor":1.0,"key":"BlessingOfTheForge"},{"floor":4.0,"key":"SkillPotion"},{"floor":8.0,"key":"Block Potion"},{"floor":13.0,"key":"SneckoOil"},{"floor":14.0,"key":"FearPotion"},{"floor":18.0,"key":"BlessingOfTheForge"},{"floor":27.0,"key":"LiquidBronze"}],"is_trial":false,"path_per_floor":["M","M","?","M","$","E","M","E","T","E","M","R","M","E","R","B",null,"M","?","M","$","?","R","E","?","T","M","M","R","T","M","R","B",null,"M"],"character_chosen":"DEFECT","items_purchased":["Membership Card","HandOfGreed","Reinforced Body","Ball Lightning","Torii","DollysMirror","Omamori","DuplicationPotion"],"campfire_rested":2,"item_purchase_floors":[5,5,5,5,21,21,21,21],"current_hp_per_floor":[57,47,63,56,56,44,44,20,20,20,15,34,34,34,34,22,54,54,54,43,43,43,43,20,20,20,20,18,18,18,18,37,5,49,0,0],"gold":271,"neow_bonus":"TWO_FIFTY_GOLD","is_daily":false,"chose_seed":false,"campfire_upgraded":3,"win_rate":0.0,"timestamp":1610154176,"path_taken":["M","M","?","M","$","E","M","E","T","E","M","R","M","E","R","BOSS","M","?","M","$","?","R","E","?","T","M","M","R","?","M","R","BOSS","M"],"items_purchased_type":["Relic","Card","Card","Card","Relic","Relic","Relic","Potion"],"build_version":"2020-12-18","purchased_purges":1,"victory":false,"max_hp_per_floor":[64,64,64,64,64,64,64,64,64,64,64,64,64,64,64,64,64,64,64,64,64,64,64,64,64,64,64,64,64,64,64,64,64,64,64,64],"card_choices":[{"not_picked":["Turbo","Steam"],"picked":"Cold Snap","floor":1.0},{"not_picked":["Aggregate","Beam Cell"],"picked":"Capacitor","floor":2.0},{"not_picked":["Lockon","Go for the Eyes"],"picked":"Chill","floor":4.0},{"not_picked":["Recycle","Chaos"],"picked":"Hologram","floor":6.0},{"not_picked":["Conserve Battery","Leap"],"picked":"Coolheaded","floor":7.0},{"not_picked":["White Noise","Go for the Eyes"],"picked":"Glacier","floor":8.0},{"not_picked":["Force Field","Rebound"],"picked":"Capacitor","floor":10.0},{"not_picked":["FTL","Rip and Tear"],"picked":"Consume","floor":11.0},{"not_picked":["Core Surge","Hologram"],"picked":"Glacier","floor":13.0},{"not_picked":["Streamline","Leap"],"picked":"Coolheaded","floor":14.0},{"not_picked":["Go for the Eyes","Coolheaded","Steam"],"picked":"SKIP","floor":18.0},{"not_picked":["Glacier","Redo"],"picked":"Ball Lightning","floor":20.0},{"not_picked":["Streamline","Hello World"],"picked":"Loop","floor":24.0},{"not_picked":["Stack","Beam Cell"],"picked":"Cold Snap","floor":27.0},{"not_picked":["Hologram","Gash"],"picked":"Reboot","floor":28.0},{"not_picked":["Stack","Conserve Battery","Consume"],"picked":"SKIP","floor":31.0}],"player_experience":855008,"relics_obtained":[{"floor":6.0,"key":"Thread and Needle"},{"floor":8.0,"key":"Matryoshka"},{"floor":9.0,"key":"Mercury Hourglass"},{"floor":9.0,"key":"HornCleat"},{"floor":10.0,"key":"Bottled Tornado"},{"floor":14.0,"key":"Tiny Chest"},{"floor":24.0,"key":"Shuriken"},{"floor":26.0,"key":"Anchor"},{"floor":26.0,"key":"Bag of Marbles"},{"floor":30.0,"key":"Whetstone"}],"event_choices":[{"damage_healed":16.0,"max_hp_gain":0.0,"max_hp_loss":0.0,"gold_gain":0.0,"event_name":"The Cleric","player_choice":"Healed","floor":3.0,"gold_loss":35.0,"damage_taken":0.0},{"damage_healed":0.0,"max_hp_gain":0.0,"max_hp_loss":0.0,"gold_gain":0.0,"cards_transformed":["Strike_B","Defend_B"],"event_name":"Drug Dealer","player_choice":"Became Test Subject","floor":19.0,"gold_loss":0.0,"damage_taken":0.0,"cards_obtained":["Redo","Skim"]},{"damage_healed":0.0,"max_hp_gain":0.0,"max_hp_loss":0.0,"gold_gain":0.0,"event_name":"The Mausoleum","player_choice":"Opened","floor":22.0,"gold_loss":0.0,"damage_taken":0.0,"relics_obtained":["PreservedInsect"],"cards_obtained":["Writhe"]},{"damage_healed":0.0,"max_hp_gain":0.0,"max_hp_loss":0.0,"gold_gain":0.0,"event_name":"Cursed Tome","player_choice":"Ignored","floor":25.0,"gold_loss":0.0,"damage_taken":0.0}],"is_beta":true,"boss_relics":[{"not_picked":["SlaversCollar","Calling Bell"],"picked":"Inserter"},{"not_picked":["SacredBark","Tiny House"],"picked":"Astrolabe"}],"items_purged_floors":[21],"is_endless":false,"potions_floor_spawned":[1,4,8,13,14,18,27,31],"killed_by":"3 Darklings","ascension_level":19}}