{"host":"15f3wpiimhe5yrng","time":1610191715,"event":{"mods":["100% Spire Juice","2.2 Compatiblity","BaseMod","Bestiary","Better Altar","Better Match","Better Note","Better Sensory Stone","Better Skull","Better Third Choice","Colored Map","Colored Powertips","Downfall","Good Game Mod","Marisa????????","Minty Spire (QoL Compilation)","Permanent Neow","Relic Filter","SacredBarkPlus","Spicy Shops","StSLib","The Animator","The Marked","TheSwordswoman"],"gold_per_floor":[110,110,130,145,145,145,177,196,222,397,397,422,469,483,483,583,583,600,236,252,252,252,252,277,309,309,325,325,325,344,378,378,483,483,500,520,520,211,221,221,250,261,286,286,286,314,314,327,327,327],"floor_reached":51,"playtime":2496,"items_purged":["Doubt","Strike_B","Strike_B"],"score":803,"play_id":"7c3d7b60-2f7b-4007-9fb9-d87864224f04","local_time":"20210109122835","is_ascension_mode":false,"campfire_choices":[{"data":"Zap","floor":6,"key":"SMITH"},{"floor":11,"key":"REST"},{"data":"Creative AI","floor":15,"key":"SMITH"},{"data":"Rainbow","floor":23,"key":"SMITH"},{"floor":29,"key":"REST"},{"data":"Heatsinks","floor":32,"key":"SMITH"},{"data":"Capacitor","floor":40,"key":"SMITH"},{"data":"Force Field","floor":44,"key":"SMITH"},{"data":"Lockon","floor":47,"key":"SMITH"},{"data":"Seek","floor":49,"key":"SMITH"}],"circlet_count":0,"master_deck":["Strike_B","Defend_B","Defend_B","Defend_B","Zap+1","Dualcast","Creative AI+1","Genetic Algorithm+1","Heatsinks+1","White Noise","Ball Lightning+1","Streamline+1","Coolheaded","Rainbow+1","Streamline+1","Lockon+1","Hologram","expansioncontent:DefensiveStance+1","Force Field+1","Storm","Necronomicurse","Storm","Self Repair+1","Seek+1","Capacitor+1","Leap+1","Capacitor+1"],"relics":["REME:ComplimentaryCards","Velvet Choker","Vajra","Regal Pillow","Blood Vial","Bronze Scales","Runic Dome","Whetstone","Ancient Tea Set","Red Mask","Toy Ornithopter","Necronomicon","Bag of Preparation","Busted Crown","Pear","Happy Flower","Potion Belt"],"acts_visited":["Exordium","TheCity","TheBeyond"],"potions_floor_usage":[7,16,16,27,27,27,27,31,33],"damage_taken":[{"damage":10,"enemies":"Jaw Worm","floor":1,"turns":5},{"damage":5,"enemies":"Cultist","floor":3,"turns":5},{"damage":7,"enemies":"Small Slimes","floor":4,"turns":5},{"damage":32,"enemies":"Gremlin Nob","floor":7,"turns":5},{"damage":15,"enemies":"2 Fungi Beasts","floor":8,"turns":4},{"damage":26,"enemies":"3 Sentries","floor":12,"turns":5},{"damage":0,"enemies":"Looter","floor":14,"turns":3},{"damage":11,"enemies":"The Guardian","floor":16,"turns":6},{"damage":0,"enemies":"3 Byrds","floor":18,"turns":4},{"damage":6,"enemies":"Spheric Guardian","floor":20,"turns":4},{"damage":34,"enemies":"Slavers","floor":24,"turns":4},{"damage":28,"enemies":"Masked Bandits","floor":25,"turns":4},{"damage":5,"enemies":"Snake Plant","floor":27,"turns":1},{"damage":2,"enemies":"Snecko","floor":30,"turns":4},{"damage":31,"enemies":"Book of Stabbing","floor":31,"turns":3},{"damage":12,"enemies":"Automaton","floor":33,"turns":7},{"damage":0,"enemies":"Orb Walker","floor":35,"turns":3},{"damage":21,"enemies":"3 Darklings","floor":36,"turns":4},{"damage":18,"enemies":"Spire Growth","floor":39,"turns":4},{"damage":0,"enemies":"Nemesis","floor":41,"turns":5},{"damage":0,"enemies":"Maw","floor":42,"turns":6},{"damage":0,"enemies":"Giant Head","floor":46,"turns":6},{"damage":3,"enemies":"Jaw Worm Horde","floor":48,"turns":4},{"damage":1,"enemies":"Donu and Deca","floor":50,"turns":4}],"seed_played":"-828048152288065402","potions_obtained":[{"floor":1,"key":"Regen Potion"},{"floor":7,"key":"FearPotion"},{"floor":8,"key":"champ:CounterPotion"},{"floor":14,"key":"Weak Potion"},{"floor":20,"key":"EntropicBrew"},{"floor":24,"key":"Fire Potion"},{"floor":27,"key":"Energy Potion"},{"floor":31,"key":"hexamod:EctoCoolerPotion"},{"floor":33,"key":"AttackPotion"},{"floor":46,"key":"Explosive Potion"}],"is_trial":false,"path_per_floor":["M","?","M","M","?","R","E","M","T","?","R","E","T","M","R","B",null,"M","$","M","?","?","R","E","?","T","M","?","R","M","E","R","B",null,"M","M","?","$","M","R","E","M","T","R","?","E","R","M","R","B",null],"character_chosen":"DEFECT","items_purchased":["Lockon","Whetstone","Fruit Juice","Capacitor"],"campfire_rested":2,"item_purchase_floors":[19,19,38,38],"current_hp_per_floor":[65,65,60,53,48,48,21,6,6,6,43,17,17,19,19,10,75,75,75,69,69,69,69,37,11,11,28,12,49,49,25,25,27,75,75,61,61,61,55,55,77,85,85,85,85,85,85,85,85,85],"gold":327,"neow_bonus":"BOSS_RELIC","is_daily":false,"chose_seed":false,"campfire_upgraded":8,"win_rate":0.0,"timestamp":1610191715,"path_taken":["M","?","?","M","?","R","E","M","T","?","R","E","?","M","R","BOSS","M","$","M","?","?","R","E","?","T","M","?","R","M","E","R","BOSS","M","M","?","$","M","R","E","?","T","R","?","E","R","M","R","BOSS"],"items_purchased_type":["Card","Relic","Potion","Card"],"build_version":"2020-12-22","purchased_purges":3,"victory":true,"max_hp_per_floor":[75,75,75,75,75,75,75,75,75,75,75,75,75,75,75,75,75,75,75,75,75,75,75,75,75,75,75,75,75,75,75,75,75,75,75,75,75,75,75,75,85,85,85,85,85,85,85,85,85,85],"card_choices":[{"not_picked":["Steam","Ball Lightning"],"picked":"Genetic Algorithm","floor":1},{"not_picked":["Ball Lightning","Undo"],"picked":"Heatsinks","floor":3},{"not_picked":["Sweeping Beam","Cold Snap"],"picked":"White Noise","floor":4},{"not_picked":["Double Energy","Barrage"],"picked":"Ball Lightning","floor":7},{"not_picked":["Steam Power","FTL"],"picked":"Streamline","floor":8},{"not_picked":["Ball Lightning","Compile Driver"],"picked":"Coolheaded","floor":12},{"not_picked":["Compile Driver","Sweeping Beam","Fission"],"picked":"SKIP","floor":14},{"not_picked":["Buffer","Creative AI"],"picked":"Rainbow","floor":16},{"not_picked":["Leap","Barrage+1"],"picked":"Streamline+1","floor":18},{"not_picked":["Barrage","Steam"],"picked":"Hologram","floor":20},{"not_picked":["Ball Lightning","Conserve Battery"],"picked":"Storm","floor":24},{"not_picked":["Melter","Double Energy","Aggregate"],"picked":"SKIP","floor":27},{"not_picked":["Hologram+1","Darkness"],"picked":"Storm","floor":30},{"not_picked":["Melter","Beam Cell"],"picked":"Self Repair","floor":31},{"not_picked":["All For One","Fission"],"picked":"Seek","floor":33},{"not_picked":["Steam Power+1"],"picked":"SKIP","floor":35},{"not_picked":["Tempest"],"picked":"SKIP","floor":36},{"not_picked":[],"picked":"Leap+1","floor":39},{"not_picked":["Hologram"],"picked":"SKIP","floor":41},{"not_picked":[],"picked":"Capacitor+1","floor":42},{"not_picked":["Auto Shields"],"picked":"SKIP","floor":46},{"not_picked":["Capacitor"],"picked":"SKIP","floor":48}],"player_experience":136656,"relics_obtained":[{"floor":7,"key":"Vajra"},{"floor":9,"key":"Regal Pillow"},{"floor":12,"key":"Blood Vial"},{"floor":13,"key":"Bronze Scales"},{"floor":24,"key":"Ancient Tea Set"},{"floor":25,"key":"Red Mask"},{"floor":26,"key":"Toy Ornithopter"},{"floor":28,"key":"Necronomicon"},{"floor":31,"key":"Bag of Preparation"},{"floor":41,"key":"Pear"},{"floor":43,"key":"Happy Flower"},{"floor":46,"key":"Potion Belt"}],"event_choices":[{"cards_removed":["Defend_B"],"damage_healed":0,"gold_gain":0,"player_choice":"Offered Basic","damage_taken":0,"max_hp_gain":0,"max_hp_loss":0,"event_name":"Bonfire Elementals","floor":2,"gold_loss":0},{"damage_healed":0,"gold_gain":175,"player_choice":"AGREE","damage_taken":222,"max_hp_gain":0,"max_hp_loss":0,"event_name":"betterThird:BetterSerpent","floor":10,"gold_loss":0},{"cards_removed":["Creative AI"],"damage_healed":0,"gold_gain":0,"player_choice":"Take \u0026 Give","damage_taken":0,"max_hp_gain":0,"max_hp_loss":0,"event_name":"betterNote:BetterNote","floor":21,"gold_loss":0,"cards_obtained":["expansioncontent:DefensiveStance"]},{"damage_healed":0,"gold_gain":0,"player_choice":"Read","damage_taken":0,"max_hp_gain":0,"max_hp_loss":0,"event_name":"The Library","floor":22,"gold_loss":0,"cards_obtained":["Force Field"]},{"damage_healed":0,"gold_gain":0,"player_choice":"Fought Bandits","damage_taken":0,"max_hp_gain":0,"max_hp_loss":0,"event_name":"Masked Bandits","floor":25,"gold_loss":0},{"damage_healed":0,"gold_gain":0,"player_choice":"Obtained Book","damage_taken":16,"max_hp_gain":0,"max_hp_loss":0,"event_name":"Cursed Tome","floor":28,"gold_loss":0},{"damage_healed":0,"gold_gain":0,"player_choice":"Forge","damage_taken":0,"max_hp_gain":0,"max_hp_loss":0,"event_name":"Accursed Blacksmith","floor":37,"gold_loss":0,"cards_upgraded":["Self Repair"]},{"damage_healed":0,"gold_gain":0,"player_choice":"Random: Orange","damage_taken":0,"max_hp_gain":0,"max_hp_loss":0,"event_name":"betterThird:BetterPortal","floor":45,"gold_loss":0},{"damage_healed":0,"gold_gain":0,"player_choice":"2","damage_taken":0,"max_hp_gain":0,"max_hp_loss":0,"event_name":"betterMatch:BetterMatch","floor":45,"gold_loss":0,"cards_obtained":["betterMatch:ColorlessUncommonCard"]}],"is_beta":false,"boss_relics":[{"not_picked":["SlaversCollar","SacredBark"],"picked":"Runic Dome"},{"not_picked":["Nuclear Battery","Tiny House"],"picked":"Busted Crown"}],"items_purged_floors":[19,19,38],"is_endless":false,"potions_floor_spawned":[1,7,8,12,14,20,24,27,30,31,33,35,36,41,46],"ascension_level":0}}