{"host":"rdr6bm7k3j6er0v3","time":1610228722,"event":{"mods":["BaseMod","CapriCore","Colored Powertips","Dio Mod","Ekko","Friendly Minions","Kratos Character Expansion","Minty Spire (QoL Compilation)","Retaliation","StSLib","TheHero","TheWitcher"],"gold_per_floor":[114,114,128,128,142,168,168,180,229,241,254,254,254,254],"floor_reached":13,"playtime":614,"items_purged":[],"score":87,"play_id":"7f39f586-7a84-4ae0-8097-3dea00a6d989","local_time":"20210109194522","is_ascension_mode":false,"campfire_choices":[{"data":"dioMod:Pluck","floor":7,"key":"SMITH"}],"circlet_count":0,"master_deck":["dioMod:Strike+1","dioMod:Strike","dioMod:Strike+1","dioMod:Strike","Bite","dioMod:Defend","dioMod:Defend","dioMod:Defend","dioMod:Defend","dioMod:SlashThroughTime","dioMod:BloodSuck","dioMod:SlashThroughTime","dioMod:Pluck+1","dioMod:TripleThreat","dioMod:StreetSign","dioMod:DaggerToss"],"relics":["dioMod:VampireBlood","Ornamental Fan","Smiling Mask","Art of War","KratosMod:chalice","SacredBark"],"acts_visited":["Exordium"],"potions_floor_usage":[],"damage_taken":[{"damage":5,"enemies":"Small Slimes","floor":1,"turns":4},{"damage":6,"enemies":"Jaw Worm","floor":3,"turns":3},{"damage":0,"enemies":"2 Louse","floor":5,"turns":2},{"damage":19,"enemies":"Gremlin Nob","floor":6,"turns":4},{"damage":16,"enemies":"Red Slaver","floor":8,"turns":3},{"damage":12,"enemies":"2 Fungi Beasts","floor":10,"turns":3},{"damage":11,"enemies":"Looter","floor":11,"turns":3},{"damage":51,"enemies":"Lagavulin","floor":13,"turns":5}],"seed_played":"2365689305347302851","potions_obtained":[{"floor":5,"key":"LiquidBronze"},{"floor":6,"key":"BlessingOfTheForge"}],"is_trial":false,"path_per_floor":["M","?","M","T","M","E","R","M","T","M","M","?","E"],"character_chosen":"THE_DEFAULT","items_purchased":[],"campfire_rested":0,"item_purchase_floors":[],"current_hp_per_floor":[82,66,67,67,82,68,68,64,64,72,74,74,37,37],"gold":254,"neow_bonus":"TEN_PERCENT_HP_BONUS","is_daily":false,"chose_seed":false,"campfire_upgraded":1,"win_rate":0.0,"timestamp":1610228722,"path_taken":["M","?","M","?","M","E","R","M","T","M","M","?","E"],"items_purchased_type":[],"build_version":"2020-12-22","purchased_purges":0,"victory":false,"max_hp_per_floor":[82,82,82,82,82,82,82,82,82,82,82,82,82,82],"card_choices":[{"not_picked":["dioMod:CautiousMuda","dioMod:BloodShield"],"picked":"dioMod:SlashThroughTime","floor":1},{"not_picked":["dioMod:BlendIn","dioMod:VengefulMuda"],"picked":"dioMod:BloodSuck","floor":3},{"not_picked":["dioMod:Minions","dioMod:Donut"],"picked":"dioMod:SlashThroughTime","floor":5},{"not_picked":["dioMod:CutDeep","dioMod:Hiss"],"picked":"dioMod:Pluck","floor":6},{"not_picked":["dioMod:SadisticLaugh","dioMod:CautiousMuda"],"picked":"dioMod:TripleThreat","floor":8},{"not_picked":["dioMod:BloodShield","dioMod:ComboFever"],"picked":"dioMod:StreetSign","floor":10},{"not_picked":["dioMod:CutDeep","dioMod:Minions"],"picked":"dioMod:DaggerToss","floor":11}],"player_experience":278665,"relics_obtained":[{"floor":4,"key":"Ornamental Fan"},{"floor":6,"key":"Smiling Mask"},{"floor":9,"key":"Art of War"}],"event_choices":[{"damage_healed":0,"gold_gain":0,"player_choice":"Entered Light","damage_taken":16,"max_hp_gain":0,"max_hp_loss":0,"event_name":"Shining Light","floor":2,"gold_loss":0,"cards_upgraded":["dioMod:Strike","dioMod:Strike"]}],"is_beta":false,"boss_relics":[],"items_purged_floors":[],"is_endless":false,"potions_floor_spawned":[5,6],"killed_by":"Lagavulin","ascension_level":0}}