{"host":"f5uumzf5hfexzk8l","time":1610178291,"event":{"mods":["AchievementEnabler","BaseMod","Bestiary","Colored Map","Googly Eyes","Minty Spire (QoL Compilation)","Permanent Neow","Relic Sorter","Relic Stats","SuperFastMode","Unceasing Turn Reminder","everything is the same but u backflip on backflip"],"gold_per_floor":[112,112,187,44,64,100,100,135,160,160,191,191,230,81,81,207,207,231,231,299,125,149,163,207,245,245,260,260,113,139,172,172,172,172],"floor_reached":33,"playtime":1019,"items_purged":["Strike_P","Strike_P"],"score":573,"play_id":"5e23546a-7abb-478b-9b98-2c8d830562f4","local_time":"20210108234451","is_ascension_mode":true,"campfire_choices":[{"data":"TalkToTheHand","floor":7.0,"key":"SMITH"},{"floor":10,"key":"REST"},{"floor":15,"key":"REST"},{"floor":32,"key":"REST"}],"circlet_count":0,"master_deck":["AscendersBane","Strike_P","Defend_P","Defend_P","Eruption","Vigilance","TalkToTheHand+1","CrushJoints+1","WheelKick+1","TalkToTheHand","SpiritShield","Conclude","CutThroughFate","Crescendo","FlurryOfBlows","Ragnarok","ThirdEye+1","J.A.X.","FearNoEvil+1","FlurryOfBlows+1","MentalFortress","ClearTheMind+1","LikeWater","Wallop+1","Blasphemy"],"relics":["PureWater","Golden Idol","Strange Spoon","Omamori","Tiny Chest","Happy Flower","Whetstone","PreservedInsect","Sozu","Molten Egg 2","Red Mask","Art of War","InkBottle","Smiling Mask","Torii"],"acts_visited":["Exordium","TheCity"],"potions_floor_usage":[8,11,16],"damage_taken":[{"damage":0.0,"enemies":"Small Slimes","floor":1.0,"turns":2.0},{"damage":5.0,"enemies":"Jaw Worm","floor":5.0,"turns":4.0},{"damage":15.0,"enemies":"Lagavulin","floor":6.0,"turns":6.0},{"damage":5,"enemies":"Gremlin Nob","floor":8,"turns":3},{"damage":14,"enemies":"3 Sentries","floor":11,"turns":7},{"damage":0,"enemies":"Gremlin Nob","floor":13,"turns":2},{"damage":0,"enemies":"Slime Boss","floor":16,"turns":5},{"damage":4,"enemies":"2 Thieves","floor":18,"turns":4},{"damage":13,"enemies":"Shell Parasite","floor":22,"turns":4},{"damage":12,"enemies":"Snake Plant","floor":23,"turns":5},{"damage":0,"enemies":"Masked Bandits","floor":24,"turns":2},{"damage":7,"enemies":"Gremlin Leader","floor":25,"turns":4},{"damage":12,"enemies":"Shelled Parasite and Fungi","floor":27,"turns":4},{"damage":4,"enemies":"Book of Stabbing","floor":31,"turns":4},{"damage":36,"enemies":"Collector","floor":33,"turns":3}],"seed_played":"-1202889996866711290","potions_obtained":[{"floor":5.0,"key":"Fire Potion"},{"floor":6.0,"key":"DuplicationPotion"},{"floor":11,"key":"AttackPotion"}],"is_trial":false,"path_per_floor":["M","?","?","$","M","E","R","E","T","R","E","?","E","$","R","B",null,"M","?","T","$","M","M","?","E","T","M","?","$","T","E","R","B"],"character_chosen":"WATCHER","items_purchased":["Strange Spoon","Crescendo","FlurryOfBlows","FearNoEvil+1","LikeWater","Wallop+1"],"campfire_rested":3,"item_purchase_floors":[4,14,14,21,29,29],"current_hp_per_floor":[65,49,38,38,33,18,18,13,13,32,18,11,11,11,30,30,56,52,52,52,52,39,27,27,20,20,8,8,8,8,4,23,0,0],"gold":172,"neow_bonus":"TRANSFORM_TWO_CARDS","is_daily":false,"chose_seed":false,"campfire_upgraded":1,"win_rate":0.0,"timestamp":1610178291,"path_taken":["M","?","?","$","M","E","R","E","T","R","E","?","E","?","R","BOSS","M","?","?","$","M","M","?","E","T","M","?","?","?","E","R","BOSS"],"items_purchased_type":["Relic","Card","Card","Card","Card","Card"],"build_version":"2020-12-22","purchased_purges":2,"victory":false,"max_hp_per_floor":[65,65,65,65,65,65,65,65,65,65,65,65,65,65,65,65,65,65,65,65,65,65,65,65,65,65,65,65,65,65,65,65,65,65],"relic_stats":{"Happy Flower":[14],"Torii":0,"counters":[15,59],"Golden Idol":97,"PreservedInsect":91,"Whetstone":["CrushJoints","WheelKick"],"Smiling Mask":0,"Sozu":2,"Strange Spoon":[20],"Tiny Chest":2,"Art of War":[0],"obtain_stats":[{"Happy Flower":9,"Torii":31,"Golden Idol":2,"PreservedInsect":13,"Omamori":6,"Whetstone":11,"Smiling Mask":30,"Sozu":17,"Strange Spoon":4,"Tiny Chest":8,"Molten Egg 2":20,"Red Mask":24,"Art of War":25,"PureWater":0,"InkBottle":26},{"Happy Flower":4,"Torii":14,"Golden Idol":1,"PreservedInsect":6,"Omamori":3,"Whetstone":5,"Smiling Mask":13,"Sozu":7,"Strange Spoon":1,"Tiny Chest":4,"Molten Egg 2":8,"Red Mask":11,"Art of War":12,"PureWater":0,"InkBottle":12},{"Happy Flower":15,"Torii":56,"Golden Idol":2,"PreservedInsect":24,"Omamori":12,"Whetstone":22,"Smiling Mask":52,"Sozu":29,"Strange Spoon":2,"Tiny Chest":15,"Molten Egg 2":33,"Red Mask":44,"Art of War":48,"PureWater":0,"InkBottle":48}],"InkBottle":[4]},"card_choices":[{"not_picked":["Consecrate","JustLucky"],"picked":"WheelKick","floor":1.0},{"not_picked":["Perseverance","EmptyBody"],"picked":"TalkToTheHand","floor":5.0},{"not_picked":["SashWhip","Adaptation","FlyingSleeves"],"picked":"SKIP","floor":6.0},{"not_picked":["TalkToTheHand","BowlingBash"],"picked":"SpiritShield","floor":8},{"not_picked":["SignatureMove","FlurryOfBlows"],"picked":"Conclude","floor":11},{"not_picked":["Halt","WindmillStrike"],"picked":"CutThroughFate","floor":13},{"not_picked":["ConjureBlade","DeusExMachina"],"picked":"Ragnarok","floor":16},{"not_picked":["FollowUp+1","Sanctity"],"picked":"ThirdEye+1","floor":18},{"not_picked":["SashWhip+1","ForeignInfluence"],"picked":"FlurryOfBlows+1","floor":22},{"not_picked":["PathToVictory","CutThroughFate+1","Prostrate"],"picked":"SKIP","floor":23},{"not_picked":["Worship","Perseverance"],"picked":"MentalFortress","floor":24},{"not_picked":["PathToVictory","FlyingSleeves+1","SashWhip+1"],"picked":"SKIP","floor":25},{"not_picked":["WheelKick+1","PathToVictory"],"picked":"ClearTheMind+1","floor":27},{"not_picked":["PathToVictory","Prostrate"],"picked":"Blasphemy","floor":31}],"player_experience":382516,"relics_obtained":[{"floor":6.0,"key":"Omamori"},{"floor":8,"key":"Tiny Chest"},{"floor":9,"key":"Happy Flower"},{"floor":11,"key":"Whetstone"},{"floor":13,"key":"PreservedInsect"},{"floor":20,"key":"Molten Egg 2"},{"floor":24,"key":"Red Mask"},{"floor":25,"key":"Art of War"},{"floor":26,"key":"InkBottle"},{"floor":30,"key":"Smiling Mask"},{"floor":31,"key":"Torii"}],"event_choices":[{"damage_healed":0.0,"max_hp_gain":0.0,"max_hp_loss":0.0,"gold_gain":0.0,"event_name":"Golden Idol","player_choice":"Take Damage","floor":2.0,"gold_loss":0.0,"damage_taken":16.0,"relics_obtained":["Golden Idol"]},{"damage_healed":0.0,"max_hp_gain":0.0,"max_hp_loss":0.0,"gold_gain":75.0,"event_name":"World of Goop","player_choice":"Gather Gold","floor":3.0,"gold_loss":0.0,"damage_taken":11.0},{"cards_removed":["Defend_P"],"damage_healed":0,"gold_gain":0,"player_choice":"Card Removal","damage_taken":7,"max_hp_gain":0,"max_hp_loss":0,"event_name":"Golden Wing","floor":12,"gold_loss":0},{"damage_healed":0,"gold_gain":0,"player_choice":"Obtain J.A.X.","damage_taken":0,"max_hp_gain":0,"max_hp_loss":0,"event_name":"Drug Dealer","floor":19,"gold_loss":0,"cards_obtained":["J.A.X."]},{"damage_healed":0,"gold_gain":0,"player_choice":"Fought Bandits","damage_taken":0,"max_hp_gain":0,"max_hp_loss":0,"event_name":"Masked Bandits","floor":24,"gold_loss":0},{"damage_healed":0,"gold_gain":0,"player_choice":"Ignored","damage_taken":0,"max_hp_gain":0,"max_hp_loss":0,"event_name":"The Mausoleum","floor":28,"gold_loss":0}],"is_beta":false,"boss_relics":[{"not_picked":["Busted Crown","Runic Pyramid"],"picked":"Sozu"}],"items_purged_floors":[14,21],"is_endless":false,"potions_floor_spawned":[5,6,11,18,25],"killed_by":"Collector","ascension_level":10}}