{"host":"ELF","time":1610207088,"event":{"mods":["BaseMod","Minty Spire (QoL Compilation)"],"gold_per_floor":[110,128,143,162,174,174,202,219,219,179,189,205,205,205,205],"floor_reached":14,"playtime":664,"items_purged":[],"score":192,"play_id":"090d377f-ef7d-4d50-b0c4-431673bc98f0","local_time":"20210109094448","is_ascension_mode":true,"campfire_choices":[{"floor":6,"key":"REST"},{"floor":13,"key":"REST"}],"circlet_count":0,"master_deck":["AscendersBane","Strike_G","Strike_G","Strike_G","Strike_G","Strike_G","Defend_G","Defend_G","Defend_G","Defend_G","Defend_G","Survivor","Neutralize","PiercingWail","Deadly Poison","Bane","After Image","Acrobatics","Slice","Accuracy","Flying Knee+1","Sucker Punch+1"],"relics":["Ring of the Snake","Centennial Puzzle","Pen Nib","Molten Egg 2"],"acts_visited":["Exordium"],"potions_floor_usage":[7,7,11,14],"damage_taken":[{"damage":11,"enemies":"Cultist","floor":1,"turns":6},{"damage":2,"enemies":"2 Louse","floor":2,"turns":3},{"damage":1,"enemies":"Jaw Worm","floor":3,"turns":5},{"damage":3,"enemies":"Looter","floor":4,"turns":3},{"damage":8,"enemies":"Red Slaver","floor":5,"turns":5},{"damage":23,"enemies":"Lagavulin","floor":7,"turns":6},{"damage":3,"enemies":"Blue Slaver","floor":8,"turns":4},{"damage":12,"enemies":"Large Slime","floor":11,"turns":7},{"damage":5,"enemies":"2 Fungi Beasts","floor":12,"turns":3},{"damage":31,"enemies":"3 Sentries","floor":14,"turns":7}],"seed_played":"-6320416509103323997","potions_obtained":[{"floor":1,"key":"Ancient Potion"},{"floor":2,"key":"SteroidPotion"},{"floor":7,"key":"AttackPotion"},{"floor":10,"key":"LiquidMemories"},{"floor":12,"key":"ColorlessPotion"}],"is_trial":false,"path_per_floor":["M","M","M","M","M","R","E","M","T","?","M","M","R","E"],"character_chosen":"THE_SILENT","items_purchased":[],"campfire_rested":2,"item_purchase_floors":[],"current_hp_per_floor":[48,46,45,42,34,53,30,27,27,27,15,10,29,0,0],"gold":205,"neow_bonus":"RANDOM_COMMON_RELIC","is_daily":false,"chose_seed":false,"campfire_upgraded":0,"win_rate":0.0,"timestamp":1610207088,"path_taken":["M","M","M","?","M","R","E","M","T","?","M","?","R","E"],"items_purchased_type":[],"build_version":"2020-12-18","purchased_purges":0,"victory":false,"max_hp_per_floor":[66,66,66,66,66,66,66,66,66,66,66,66,66,66,66],"card_choices":[{"not_picked":["Infinite Blades","Concentrate"],"picked":"PiercingWail","floor":1},{"not_picked":["Cloak And Dagger","Flying Knee"],"picked":"Deadly Poison","floor":2},{"not_picked":["Caltrops","Quick Slash"],"picked":"Bane","floor":3},{"not_picked":["PiercingWail","Dodge and Roll"],"picked":"After Image","floor":4},{"not_picked":["Slice","Bouncing Flask"],"picked":"Acrobatics","floor":5},{"not_picked":["Dodge and Roll","Deadly Poison"],"picked":"Slice","floor":7},{"not_picked":["Noxious Fumes","Footwork"],"picked":"Accuracy","floor":8},{"not_picked":["Outmaneuver","Dodge and Roll"],"picked":"Flying Knee+1","floor":11},{"not_picked":["PiercingWail","Backflip"],"picked":"Sucker Punch+1","floor":12}],"player_experience":3155050,"relics_obtained":[{"floor":7,"key":"Pen Nib"},{"floor":9,"key":"Molten Egg 2"}],"event_choices":[{"damage_healed":0,"gold_gain":0,"player_choice":"Bought 3 Potions","damage_taken":0,"max_hp_gain":0,"max_hp_loss":0,"event_name":"The Woman in Blue","floor":10,"gold_loss":0}],"is_beta":true,"boss_relics":[],"items_purged_floors":[],"is_endless":false,"potions_floor_spawned":[1,2,5,7,12],"killed_by":"3 Sentries","ascension_level":20}}