{"host":"z9811rt50ti81n54","time":1610199904,"event":{"mods":["BaseMod","Better Altar","Better Match","Better Note","Better Sensory Stone","Better Skull","Better Third Choice","Minty Spire (QoL Compilation)","StSLib","SuperFastMode"],"gold_per_floor":[117,117,137,147,20,20,37,37,92,24,53,0,0,43,43,162,162,178,178,103,103,122,122,135,135,190,190,204,204,223,243,243,368,368,384,384,344,360,110,150,150,165,165,165,180,25,88,113,113,113],"floor_reached":51,"playtime":1767,"items_purged":["Strike_R","Defend_R"],"score":785,"play_id":"c5128a19-8bf2-40b3-a5bb-174dc44c5d8d","local_time":"20210109224504","is_ascension_mode":false,"campfire_choices":[{"data":"Seeing Red","floor":6,"key":"SMITH"},{"data":"Whirlwind","floor":8,"key":"SMITH"},{"data":"Enlightenment","floor":15,"key":"SMITH"},{"data":"Offering","floor":23,"key":"SMITH"},{"data":"Bandage Up","floor":25,"key":"SMITH"},{"data":"Bloodletting","floor":27,"key":"SMITH"},{"data":"Berserk","floor":29,"key":"SMITH"},{"floor":32,"key":"REST"},{"floor":49,"key":"REST"}],"circlet_count":0,"master_deck":["Defend_R","Defend_R","Bash","Whirlwind+1","Seeing Red+1","Blood for Blood+1","Spot Weakness","Shrug It Off","Heavy Blade+1","Bloodletting+1","Burning Pact","Enlightenment+1","Battle Trance","Offering+1","Rupture+1","Offering+1","Havoc+1","Pommel Strike+1","Echo Form+1","Bandage Up+1","Thinking Ahead","Berserk+1","Demon Form","Madness","Madness","Fiend Fire","Feel No Pain","Good Instincts","Ghostly Armor","Metallicize+1"],"relics":["Burning Blood","Whetstone","Nunchaku","Golden Idol","Calipers","Astrolabe","Lantern","SlaversCollar","Juzu Bracelet","MealTicket","Bottled Flame","Dead Branch"],"acts_visited":["Exordium","TheCity","TheBeyond"],"potions_floor_usage":[2,11,33,33,45,50,50,50],"damage_taken":[{"damage":15,"enemies":"Jaw Worm","floor":1,"turns":5},{"damage":6,"enemies":"Cultist","floor":3,"turns":3},{"damage":0,"enemies":"2 Louse","floor":4,"turns":3},{"damage":11,"enemies":"Large Slime","floor":7,"turns":5},{"damage":9,"enemies":"3 Sentries","floor":11,"turns":3},{"damage":3,"enemies":"Gremlin Nob","floor":14,"turns":2},{"damage":43,"enemies":"The Guardian","floor":16,"turns":7},{"damage":20,"enemies":"2 Thieves","floor":18,"turns":3},{"damage":6,"enemies":"Spheric Guardian","floor":22,"turns":1},{"damage":9,"enemies":"Cultist and Chosen","floor":24,"turns":1},{"damage":9,"enemies":"Chosen and Byrds","floor":28,"turns":1},{"damage":9,"enemies":"Snake Plant","floor":30,"turns":2},{"damage":19,"enemies":"Centurion and Healer","floor":31,"turns":2},{"damage":48,"enemies":"Automaton","floor":33,"turns":3},{"damage":9,"enemies":"Orb Walker","floor":35,"turns":2},{"damage":6,"enemies":"3 Shapes","floor":38,"turns":4},{"damage":15,"enemies":"Giant Head","floor":40,"turns":1},{"damage":20,"enemies":"Spire Growth","floor":42,"turns":3},{"damage":0,"enemies":"Jaw Worm Horde","floor":45,"turns":1},{"damage":51,"enemies":"Mind Bloom Boss Battle","floor":47,"turns":4},{"damage":6,"enemies":"4 Shapes","floor":48,"turns":7},{"damage":25,"enemies":"Donu and Deca","floor":50,"turns":4}],"seed_played":"862762017460379855","potions_obtained":[{"floor":1,"key":"Explosive Potion"},{"floor":2,"key":"BloodPotion"},{"floor":2,"key":"SpeedPotion"},{"floor":2,"key":"GamblersBrew"},{"floor":16,"key":"CultistPotion"},{"floor":28,"key":"ColorlessPotion"},{"floor":37,"key":"Strength Potion"},{"floor":37,"key":"Ancient Potion"},{"floor":42,"key":"DuplicationPotion"},{"floor":45,"key":"EssenceOfSteel"}],"is_trial":false,"path_per_floor":["M","?","M","M","$","R","M","R","T","$","E","?","?","E","R","B",null,"M","?","$","?","M","R","M","R","T","R","M","R","M","M","R","B",null,"M","?","?","M","$","E","?","M","T","?","M","$","?","M","R","B",null],"character_chosen":"IRONCLAD","items_purchased":["Spot Weakness","Shrug It Off","Bloodletting","Juzu Bracelet","Feel No Pain","Good Instincts"],"campfire_rested":2,"item_purchase_floors":[5,5,10,39,46,46],"current_hp_per_floor":[63,72,72,72,72,72,67,67,67,67,64,70,70,72,72,35,72,58,58,58,58,58,58,55,55,55,55,58,58,61,54,72,36,72,72,72,72,72,72,69,69,61,61,52,64,72,27,33,54,41],"gold":113,"neow_bonus":"REMOVE_TWO","is_daily":false,"chose_seed":false,"campfire_upgraded":7,"win_rate":0.0,"timestamp":1610199904,"path_taken":["M","?","M","M","?","R","M","R","T","$","E","?","?","E","R","BOSS","M","?","$","?","M","R","M","R","T","R","M","R","M","M","R","BOSS","M","?","?","?","$","E","?","M","T","?","M","$","?","M","R","BOSS"],"items_purchased_type":["Card","Card","Card","Relic","Card","Card"],"build_version":"2020-12-22","purchased_purges":2,"victory":true,"max_hp_per_floor":[72,72,72,72,72,72,72,72,72,72,72,78,72,72,72,72,72,72,72,72,72,72,72,72,72,72,72,72,72,72,72,72,72,72,72,72,72,72,72,72,72,72,72,72,72,72,72,72,72,72],"card_choices":[{"not_picked":["Flex","Clothesline"],"picked":"Whirlwind","floor":1},{"not_picked":["Armaments","Combust"],"picked":"Seeing Red","floor":3},{"not_picked":["Whirlwind","Thunderclap"],"picked":"Blood for Blood","floor":4},{"not_picked":["Armaments","Sword Boomerang"],"picked":"Heavy Blade","floor":7},{"not_picked":["Perfected Strike","Fire Breathing"],"picked":"Burning Pact","floor":11},{"not_picked":["Combust","Seeing Red"],"picked":"Battle Trance","floor":14},{"not_picked":["Corruption","Berserk"],"picked":"Offering","floor":16},{"not_picked":["Twin Strike","Armaments"],"picked":"Pommel Strike+1","floor":18},{"not_picked":["Trip","Dramatic Entrance"],"picked":"Bandage Up","floor":21},{"not_picked":["Mind Blast","Jack Of All Trades"],"picked":"Thinking Ahead","floor":21},{"not_picked":["Sword Boomerang","Dropkick","Havoc"],"picked":"SKIP","floor":22},{"not_picked":["Clothesline","Iron Wave","Heavy Blade"],"picked":"SKIP","floor":24},{"not_picked":["Iron Wave","Armaments"],"picked":"Berserk","floor":28},{"not_picked":["Twin Strike","Rampage","Perfected Strike"],"picked":"SKIP","floor":30},{"not_picked":["Wild Strike","Fire Breathing","Perfected Strike"],"picked":"SKIP","floor":31},{"not_picked":["Berserk","Feed"],"picked":"Demon Form","floor":33},{"not_picked":["Clash+1","Cleave+1","Havoc+1"],"picked":"SKIP","floor":35},{"not_picked":["Clash","Anger+1","Wild Strike"],"picked":"SKIP","floor":38},{"not_picked":["Twin Strike+1","Armaments","Blood for Blood+1"],"picked":"SKIP","floor":40},{"not_picked":["Body Slam","Headbutt","Cleave"],"picked":"SKIP","floor":42},{"not_picked":["Sever Soul","Second Wind+1"],"picked":"Fiend Fire","floor":45},{"not_picked":["Anger","Clash+1"],"picked":"Ghostly Armor","floor":47},{"not_picked":["Iron Wave+1","Flame Barrier"],"picked":"Metallicize+1","floor":48}],"player_experience":340988,"relics_obtained":[{"floor":9,"key":"Whetstone"},{"floor":11,"key":"Nunchaku"},{"floor":14,"key":"Calipers"},{"floor":26,"key":"Lantern"},{"floor":40,"key":"MealTicket"},{"floor":43,"key":"Bottled Flame"},{"floor":47,"key":"Dead Branch"}],"event_choices":[{"damage_healed":0,"gold_gain":0,"player_choice":"Got Potions","damage_taken":0,"max_hp_gain":0,"max_hp_loss":0,"event_name":"Lab","floor":2,"gold_loss":0},{"damage_healed":0,"gold_gain":0,"player_choice":"RENOUNCE","damage_taken":53,"max_hp_gain":0,"max_hp_loss":0,"event_name":"betterThird:BetterSerpent","floor":12,"gold_loss":53,"cards_obtained":["Enlightenment"]},{"damage_healed":0,"gold_gain":0,"player_choice":"Lose Max HP","damage_taken":0,"relics_obtained":["Golden Idol"],"max_hp_gain":0,"max_hp_loss":6,"event_name":"Golden Idol","floor":13,"gold_loss":0},{"cards_removed":["Offering"],"damage_healed":0,"gold_gain":0,"player_choice":"Take \u0026 Give","damage_taken":0,"max_hp_gain":0,"max_hp_loss":0,"event_name":"betterNote:BetterNote","floor":19,"gold_loss":0,"cards_obtained":["Echo Form"]},{"damage_healed":0,"gold_gain":2,"player_choice":"1","damage_taken":0,"max_hp_gain":0,"max_hp_loss":0,"event_name":"betterStone:BetterStone","floor":21,"gold_loss":0},{"damage_healed":0,"gold_gain":0,"player_choice":"Ignored","damage_taken":0,"max_hp_gain":0,"max_hp_loss":0,"event_name":"Tomb of Lord Red Mask","floor":36,"gold_loss":0},{"damage_healed":0,"gold_gain":0,"player_choice":"Bought 3 Potions","damage_taken":0,"max_hp_gain":0,"max_hp_loss":0,"event_name":"The Woman in Blue","floor":37,"gold_loss":0},{"damage_healed":0,"gold_gain":0,"player_choice":"Ignored","damage_taken":0,"max_hp_gain":0,"max_hp_loss":0,"event_name":"Mysterious Sphere","floor":41,"gold_loss":0},{"damage_healed":0,"gold_gain":0,"player_choice":"Embrace Madness","damage_taken":9,"max_hp_gain":0,"max_hp_loss":0,"event_name":"Winding Halls","floor":44,"gold_loss":0,"cards_obtained":["Madness","Madness"]},{"damage_healed":0,"gold_gain":0,"player_choice":"Fight","damage_taken":0,"max_hp_gain":0,"max_hp_loss":0,"event_name":"MindBloom","floor":47,"gold_loss":0}],"is_beta":false,"boss_relics":[{"not_picked":["SacredBark","Pandora\u0027s Box"],"picked":"Astrolabe"},{"not_picked":["Velvet Choker","Runic Dome"],"picked":"SlaversCollar"}],"items_purged_floors":[20,39],"is_endless":false,"potions_floor_spawned":[1,4,16,22,28,31,42,45],"ascension_level":0}}