{"host":"yecadp3kwkksam5a","time":1610199550,"event":{"mods":["BaseMod","Minty Spire (QoL Compilation)","StSLib"],"gold_per_floor":[413,413,427,427,427,461,481,513,536,555,434,453,488,498,498,569,569,580,599,617,617,407,440,440,467,521,521,552,570,602,613,613,613,613],"floor_reached":33,"playtime":715,"items_purged":["Survivor+1","Neutralize+1"],"score":1269,"play_id":"d21be1c9-0c96-42b3-b826-e1a867e9dfce","local_time":"20210109223910","is_ascension_mode":true,"campfire_choices":[{"floor":15,"key":"RECALL"},{"floor":24,"key":"REST"},{"data":"After Image","floor":27,"key":"SMITH"},{"floor":32,"key":"REST"}],"circlet_count":0,"master_deck":["AscendersBane","Grand Finale+1","Reflex+1","Acrobatics+1","Prepared+1","Backflip+1","Acrobatics+1","Well Laid Plans+1","Tactician+1","Concentrate+1","Deflect+1","After Image+1","Calculated Gamble+1","After Image+1"],"relics":["Ring of the Snake","Gambling Chip","SacredBark","Art of War","Snake Skull","Bag of Preparation","The Specimen","Red Mask","Black Star","Torii","Membership Card","Old Coin","Happy Flower","Sundial","Ginger","Whetstone","Blue Candle","Boot","Sling","StrikeDummy","Pen Nib","Bag of Marbles","Vajra","Pear","Bronze Scales","Strawberry","Pantograph","Letter Opener","Busted Crown","OrangePellets","PreservedInsect","Prayer Wheel","Question Card","Tingsha","Boot","Akabeko","Sundial","Bottled Lightning","MealTicket"],"acts_visited":["Exordium","TheCity"],"potions_floor_usage":[20],"damage_taken":[{"damage":0,"enemies":"Jaw Worm","floor":1,"turns":1},{"damage":0,"enemies":"Cultist","floor":3,"turns":1},{"damage":0,"enemies":"Gremlin Nob","floor":6,"turns":1},{"damage":0,"enemies":"Small Slimes","floor":7,"turns":1},{"damage":0,"enemies":"3 Sentries","floor":8,"turns":1},{"damage":0,"enemies":"3 Louse","floor":10,"turns":1},{"damage":0,"enemies":"Blue Slaver","floor":12,"turns":1},{"damage":0,"enemies":"Lagavulin","floor":13,"turns":1},{"damage":0,"enemies":"Gremlin Gang","floor":14,"turns":1},{"damage":1,"enemies":"Hexaghost","floor":16,"turns":1},{"damage":0,"enemies":"Spheric Guardian","floor":18,"turns":1},{"damage":0,"enemies":"Chosen","floor":19,"turns":1},{"damage":0,"enemies":"Snake Plant","floor":20,"turns":1},{"damage":0,"enemies":"Gremlin Leader","floor":23,"turns":1},{"damage":0,"enemies":"Book of Stabbing","floor":25,"turns":1},{"damage":0,"enemies":"Slavers","floor":28,"turns":1},{"damage":0,"enemies":"Chosen and Byrds","floor":29,"turns":1},{"damage":0,"enemies":"Gremlin Leader","floor":30,"turns":1},{"damage":0,"enemies":"Snecko","floor":31,"turns":1},{"damage":1,"enemies":"Champ","floor":33,"turns":1}],"seed_played":"-8690400471502640348","potions_obtained":[{"floor":3,"key":"Weak Potion"},{"floor":7,"key":"Swift Potion"},{"floor":20,"key":"Fruit Juice"},{"floor":23,"key":"PowerPotion"}],"is_trial":false,"path_per_floor":["M","?","M","?","?","E","M","E","T","M","$","M","E","M","R","B",null,"M","M","M","?","$","E","R","E","T","R","E","M","E","M","R","B"],"character_chosen":"THE_SILENT","items_purchased":["Strawberry","OrangePellets","PreservedInsect"],"campfire_rested":2,"item_purchase_floors":[11,22,22],"current_hp_per_floor":[61,61,61,61,61,61,61,71,71,71,78,78,78,78,78,77,78,78,78,88,88,88,88,88,88,88,88,88,88,88,88,88,87,87],"gold":613,"neow_bonus":"REMOVE_TWO","is_daily":false,"chose_seed":false,"campfire_upgraded":1,"win_rate":0.0,"timestamp":1610199550,"path_taken":["M","?","?","?","?","E","M","E","T","M","?","M","E","M","R","BOSS","M","M","M","?","$","E","R","E","T","R","E","M","E","M","R","BOSS"],"items_purchased_type":["Relic","Relic","Relic"],"build_version":"2020-12-22","purchased_purges":2,"victory":false,"max_hp_per_floor":[61,61,61,61,61,61,61,71,71,71,78,78,78,78,78,78,78,78,78,88,88,88,88,88,88,88,88,88,88,88,88,88,88,88],"card_choices":[{"not_picked":["Dodge and Roll","Riddle With Holes","Slice"],"picked":"SKIP","floor":1},{"not_picked":["Poisoned Stab","Backflip","Dagger Spray"],"picked":"SKIP","floor":3},{"not_picked":["Night Terror","Setup","Acrobatics"],"picked":"SKIP","floor":6},{"not_picked":["Masterful Stab","Escape Plan","Riddle With Holes"],"picked":"SKIP","floor":7},{"not_picked":["Acrobatics","Leg Sweep","Sucker Punch"],"picked":"SKIP","floor":8},{"not_picked":["Expertise","Caltrops","Heel Hook"],"picked":"SKIP","floor":10},{"not_picked":["Sucker Punch","Outmaneuver","Riddle With Holes"],"picked":"SKIP","floor":12},{"not_picked":["Terror","Setup","Bane"],"picked":"SKIP","floor":13},{"not_picked":["Setup","Slice","Riddle With Holes"],"picked":"SKIP","floor":14},{"not_picked":["Tools of the Trade","Storm of Steel"],"picked":"After Image","floor":16},{"not_picked":["Flying Knee"],"picked":"SKIP","floor":18},{"not_picked":["Quick Slash"],"picked":"SKIP","floor":19},{"not_picked":["Flying Knee"],"picked":"SKIP","floor":20},{"not_picked":["Catalyst"],"picked":"SKIP","floor":23},{"not_picked":["Flying Knee","Dagger Spray"],"picked":"SKIP","floor":25},{"not_picked":["Unload","Dodge and Roll"],"picked":"SKIP","floor":28},{"not_picked":["Quick Slash+1","Finisher"],"picked":"SKIP","floor":29},{"not_picked":["Well Laid Plans","Acrobatics+1"],"picked":"SKIP","floor":29},{"not_picked":["Flying Knee","All Out Attack"],"picked":"SKIP","floor":30},{"not_picked":["Crippling Poison","Blur"],"picked":"SKIP","floor":31},{"not_picked":["Distraction","Flying Knee"],"picked":"SKIP","floor":31}],"player_experience":465772,"relics_obtained":[{"floor":6,"key":"Bag of Marbles"},{"floor":6,"key":"Vajra"},{"floor":8,"key":"Pear"},{"floor":8,"key":"Bronze Scales"},{"floor":13,"key":"Pantograph"},{"floor":13,"key":"Letter Opener"},{"floor":23,"key":"Prayer Wheel"},{"floor":23,"key":"Question Card"},{"floor":25,"key":"Tingsha"},{"floor":26,"key":"Boot"},{"floor":28,"key":"Akabeko"},{"floor":28,"key":"Sundial"},{"floor":30,"key":"Bottled Lightning"},{"floor":30,"key":"MealTicket"}],"event_choices":[{"damage_healed":0,"gold_gain":0,"player_choice":"Upgraded","damage_taken":0,"max_hp_gain":0,"max_hp_loss":0,"event_name":"Upgrade Shrine","floor":2,"gold_loss":0,"cards_upgraded":["Calculated Gamble"]},{"damage_healed":0,"gold_gain":0,"player_choice":"Ignored","damage_taken":0,"max_hp_gain":0,"max_hp_loss":0,"event_name":"Liars Game","floor":4,"gold_loss":0},{"cards_removed":["Defend_G"],"damage_healed":0,"gold_gain":0,"player_choice":"Forget","damage_taken":0,"max_hp_gain":0,"max_hp_loss":0,"event_name":"Living Wall","floor":5,"gold_loss":0},{"damage_healed":0,"gold_gain":0,"player_choice":"Upgraded","damage_taken":0,"max_hp_gain":0,"max_hp_loss":0,"event_name":"Upgrade Shrine","floor":21,"gold_loss":0,"cards_upgraded":["After Image"]}],"is_beta":false,"boss_relics":[{"not_picked":["SacredBark","Cursed Key"],"picked":"Busted Crown"}],"items_purged_floors":[11,22],"is_endless":false,"potions_floor_spawned":[3,7,12,14,18,19,20,23],"killed_by":"Champ","ascension_level":20}}