{"host":"9tzam4717zt8ei1o","time":1610187874,"event":{"mods":["BaseMod","Colored Map","Keyboard Shortcuts","Minty Spire (QoL Compilation)","Quick Restart","StSLib","SuperFastMode"],"gold_per_floor":[118,143,161,178,178,24,43,43,43,43,71,71,104,104,104,176,226,241,257,46,96,108,108,139,139,166,166,199,211,211,243,243,315,315,326,338,357,357,110,141,141,141,141,141,25,45,45,76,76,76,76,76],"floor_reached":51,"playtime":1769,"items_purged":["Strike_G","Strike_G","Strike_G"],"score":1763,"play_id":"97d6b369-f9fe-47ed-9cb1-b16dd351dd8e","local_time":"20210109192434","is_ascension_mode":true,"campfire_choices":[{"data":"A Thousand Cuts","floor":8.0,"key":"SMITH"},{"data":"Flechettes","floor":10.0,"key":"SMITH"},{"data":"Terror","floor":12.0,"key":"SMITH"},{"data":"Blur","floor":15.0,"key":"SMITH"},{"data":"Calculated Gamble","floor":23.0,"key":"SMITH"},{"data":"Adrenaline","floor":27.0,"key":"SMITH"},{"floor":30.0,"key":"REST"},{"data":"Leg Sweep","floor":32.0,"key":"SMITH"},{"data":"Apotheosis","floor":41.0,"key":"SMITH"},{"data":"1","floor":47.0,"key":"LIFT"},{"floor":49.0,"key":"RECALL"}],"circlet_count":0,"master_deck":["AscendersBane","Strike_G+1","Defend_G","Defend_G","Defend_G","Defend_G","Defend_G","Survivor","Neutralize","Masterful Stab","Blur+1","Flechettes+1","A Thousand Cuts+1","Terror+1","Leg Sweep+1","Adrenaline+1","Calculated Gamble+1","Blur+1","Backflip+1","Escape Plan","Grand Finale+1","Acrobatics","Apotheosis+1","Adrenaline+1","Master of Strategy","Acrobatics"],"relics":["Ring of the Snake","Strawberry","InkBottle","Ninja Scroll","Toy Ornithopter","Pantograph","Tiny House","Membership Card","Molten Egg 2","Vajra","Ginger","Ancient Tea Set","HoveringKite","DollysMirror","Girya","Anchor","TheAbacus","Paper Crane"],"acts_visited":["Exordium","TheCity","TheBeyond"],"potions_floor_usage":[51],"damage_taken":[{"damage":3.0,"enemies":"Cultist","floor":1.0,"turns":5.0},{"damage":4.0,"enemies":"Jaw Worm","floor":3.0,"turns":6.0},{"damage":0.0,"enemies":"2 Louse","floor":4.0,"turns":3.0},{"damage":0.0,"enemies":"Blue Slaver","floor":7.0,"turns":7.0},{"damage":12.0,"enemies":"Lagavulin","floor":11.0,"turns":5.0},{"damage":0.0,"enemies":"Gremlin Nob","floor":13.0,"turns":2.0},{"damage":28.0,"enemies":"Hexaghost","floor":16.0,"turns":11.0},{"damage":4.0,"enemies":"3 Byrds","floor":18.0,"turns":4.0},{"damage":8.0,"enemies":"Chosen","floor":19.0,"turns":5.0},{"damage":21.0,"enemies":"Centurion and Healer","floor":22.0,"turns":14.0},{"damage":33.0,"enemies":"Slavers","floor":24.0,"turns":7.0},{"damage":28.0,"enemies":"Book of Stabbing","floor":28.0,"turns":6.0},{"damage":0.0,"enemies":"Chosen and Byrds","floor":29.0,"turns":6.0},{"damage":0.0,"enemies":"Gremlin Leader","floor":31.0,"turns":7.0},{"damage":14.0,"enemies":"Collector","floor":33.0,"turns":11.0},{"damage":27.0,"enemies":"3 Darklings","floor":35.0,"turns":14.0},{"damage":0.0,"enemies":"Orb Walker","floor":36.0,"turns":2.0},{"damage":0.0,"enemies":"Sphere and 2 Shapes","floor":37.0,"turns":3.0},{"damage":0.0,"enemies":"Giant Head","floor":40.0,"turns":7.0},{"damage":6.0,"enemies":"Transient","floor":46.0,"turns":6.0},{"damage":0.0,"enemies":"Reptomancer","floor":48.0,"turns":6.0},{"damage":23.0,"enemies":"Donu and Deca","floor":50.0,"turns":18.0},{"damage":101,"enemies":"Time Eater","floor":51,"turns":18}],"seed_played":"7083179927865975574","potions_obtained":[{"floor":3.0,"key":"Strength Potion"},{"floor":7.0,"key":"DistilledChaos"},{"floor":16.0,"key":"FairyPotion"},{"floor":19.0,"key":"CunningPotion"},{"floor":29.0,"key":"Energy Potion"},{"floor":31.0,"key":"SkillPotion"},{"floor":35.0,"key":"SkillPotion"},{"floor":36.0,"key":"Explosive Potion"},{"floor":46.0,"key":"Fire Potion"},{"floor":48.0,"key":"Energy Potion"}],"is_trial":false,"path_per_floor":["M","T","M","M","?","$","M","R","T","R","E","R","E","?","R","B",null,"M","M","$","?","M","R","E","?","T","R","E","M","R","E","R","B",null,"M","M","M","?","$","E","R","?","T","T","$","M","R","E","R","B","B"],"character_chosen":"THE_SILENT","items_purchased":["Flechettes","Membership Card","DollysMirror","Master of Strategy","TheAbacus","Acrobatics"],"campfire_rested":1,"item_purchase_floors":[6,20,39,39,45,45],"current_hp_per_floor":[53,60,56,56,51,51,51,51,51,51,39,39,44,37,37,34,77,73,70,70,70,54,54,21,21,21,21,22,22,49,49,49,70,85,58,58,58,58,58,58,58,58,58,58,58,62,62,67,67,67,0,0],"gold":76,"neow_bonus":"TWENTY_PERCENT_HP_BONUS","is_daily":false,"chose_seed":false,"campfire_upgraded":8,"win_rate":0.0,"timestamp":1610187874,"path_taken":["M","?","M","M","?","$","M","R","T","R","E","R","E","?","R","BOSS","M","M","$","?","M","R","E","?","T","R","E","M","R","E","R","BOSS","M","M","M","?","$","E","R","?","T","?","$","?","R","E","R","BOSS","BOSS"],"items_purchased_type":["Card","Relic","Relic","Card","Relic","Card"],"build_version":"2020-12-22","purchased_purges":3,"victory":false,"max_hp_per_floor":[78,85,85,85,85,85,85,85,85,85,85,85,85,85,85,85,90,90,90,90,90,90,90,90,90,90,90,90,90,90,90,90,90,90,90,90,90,90,90,90,90,90,90,90,90,90,90,90,90,90,90,90],"card_choices":[{"not_picked":["Sucker Punch","Deflect","Dodge and Roll"],"picked":"SKIP","floor":1.0},{"not_picked":["Slice","Crippling Poison"],"picked":"Masterful Stab","floor":3.0},{"not_picked":["Cloak And Dagger","Underhanded Strike"],"picked":"Blur","floor":4.0},{"not_picked":["Terror","Dagger Throw"],"picked":"A Thousand Cuts","floor":7.0},{"not_picked":["Quick Slash","Distraction"],"picked":"Terror","floor":11.0},{"not_picked":["Deadly Poison","Dagger Throw"],"picked":"Leg Sweep","floor":13.0},{"not_picked":["Burst","Night Terror"],"picked":"Adrenaline","floor":16.0},{"not_picked":["Prepared","Outmaneuver"],"picked":"Calculated Gamble","floor":17.0},{"not_picked":["Poisoned Stab+1","Masterful Stab","Flying Knee"],"picked":"SKIP","floor":18.0},{"not_picked":["Accuracy","Underhanded Strike","Sucker Punch"],"picked":"SKIP","floor":19.0},{"not_picked":["Leg Sweep","Blade Dance","Flying Knee+1"],"picked":"SKIP","floor":22.0},{"not_picked":["Accuracy","Outmaneuver","Night Terror"],"picked":"SKIP","floor":24.0},{"not_picked":["Dagger Throw+1","PiercingWail"],"picked":"Blur+1","floor":28.0},{"not_picked":["Deflect+1","All Out Attack+1"],"picked":"Backflip+1","floor":29.0},{"not_picked":["Dagger Spray+1","Skewer+1"],"picked":"Escape Plan","floor":31.0},{"not_picked":["A Thousand Cuts","Glass Knife+1"],"picked":"Grand Finale+1","floor":33.0},{"not_picked":["Expertise","Caltrops+1","Dagger Spray+1"],"picked":"SKIP","floor":35.0},{"not_picked":["Flying Knee+1","Backflip+1"],"picked":"Acrobatics","floor":36.0},{"not_picked":["Dodge and Roll","Dagger Spray+1","Deflect+1"],"picked":"SKIP","floor":37.0},{"not_picked":["Transmutation","Dark Shackles"],"picked":"Apotheosis","floor":38.0},{"not_picked":["Setup","Slice+1","Cloak And Dagger+1"],"picked":"SKIP","floor":40.0},{"not_picked":["Bane+1","Slice+1","Distraction+1"],"picked":"SKIP","floor":46.0},{"not_picked":["Burst","Dagger Throw+1","Sucker Punch+1"],"picked":"SKIP","floor":48.0}],"player_experience":168444,"relics_obtained":[{"floor":2.0,"key":"Strawberry"},{"floor":9.0,"key":"Ninja Scroll"},{"floor":11.0,"key":"Toy Ornithopter"},{"floor":13.0,"key":"Pantograph"},{"floor":24.0,"key":"Molten Egg 2"},{"floor":26.0,"key":"Vajra"},{"floor":28.0,"key":"Ginger"},{"floor":31.0,"key":"Ancient Tea Set"},{"floor":40.0,"key":"Girya"},{"floor":44.0,"key":"Anchor"},{"floor":48.0,"key":"Paper Crane"}],"event_choices":[{"damage_healed":0.0,"max_hp_gain":0.0,"max_hp_loss":0.0,"gold_gain":0.0,"event_name":"Scrap Ooze","player_choice":"Success","floor":5.0,"gold_loss":0.0,"damage_taken":5.0,"relics_obtained":["InkBottle"]},{"cards_removed":["Strike_G"],"damage_healed":0.0,"max_hp_gain":0.0,"max_hp_loss":0.0,"gold_gain":0.0,"event_name":"Golden Wing","player_choice":"Card Removal","floor":14.0,"gold_loss":0.0,"damage_taken":7.0},{"damage_healed":0.0,"max_hp_gain":0.0,"max_hp_loss":0.0,"gold_gain":50.0,"event_name":"Nest","player_choice":"Stole From Cult","floor":21.0,"gold_loss":0.0,"damage_taken":0.0},{"damage_healed":0.0,"max_hp_gain":0.0,"max_hp_loss":0.0,"gold_gain":0.0,"event_name":"The Mausoleum","player_choice":"Ignored","floor":25.0,"gold_loss":0.0,"damage_taken":0.0},{"damage_healed":0.0,"max_hp_gain":0.0,"max_hp_loss":0.0,"gold_gain":0.0,"event_name":"SensoryStone","player_choice":"Memory 1","floor":38.0,"gold_loss":0.0,"damage_taken":0.0},{"damage_healed":0.0,"max_hp_gain":0.0,"max_hp_loss":0.0,"gold_gain":0.0,"event_name":"Tomb of Lord Red Mask","player_choice":"Ignored","floor":42.0,"gold_loss":0.0,"damage_taken":0.0}],"is_beta":false,"boss_relics":[{"not_picked":["Fusion Hammer","Velvet Choker"],"picked":"Tiny House"},{"not_picked":["SlaversCollar","Calling Bell"],"picked":"HoveringKite"}],"items_purged_floors":[6,20,39],"is_endless":false,"potions_floor_spawned":[3,7,16,18,19,29,31,35,36,46,48],"killed_by":"Time Eater","ascension_level":20}}