{"host":"mydft8i2zzydgggw","time":1610203001,"event":{"mods":["AchievementEnabler","BaseMod","BetterRewards","Colored Map","Colored Powertips","DeckTracker","Keyboard Shortcuts","Minty Spire (QoL Compilation)","Quick Restart","Rare Cards Sparkle","StSLib","SuperFastMode","The Poker Player","everything is the same but u backflip on backflip"],"gold_per_floor":[113,113,130,147,160,192,192,517,517,552,621,635,635,650,650,650,650],"floor_reached":16,"playtime":266,"items_purged":[],"score":140,"play_id":"4aa63fa4-a4a6-43ee-9061-d21f6796597a","local_time":"20210109233641","is_ascension_mode":true,"campfire_choices":[{"data":"Armaments","floor":7.0,"key":"SMITH"},{"floor":15,"key":"REST"}],"circlet_count":0,"master_deck":["Strike_R","Strike_R","Strike_R","Strike_R","Strike_R","Defend_R","Defend_R","Defend_R","Defend_R","Bash","Armaments+1","Feed","Shrug It Off"],"relics":["Burning Blood","NeowsBlessing","The Courier","Bag of Preparation","Old Coin","Pen Nib","Regal Pillow","Molten Egg 2","Golden Idol"],"acts_visited":["Exordium"],"potions_floor_usage":[16,16],"damage_taken":[{"damage":0.0,"enemies":"Cultist","floor":1.0,"turns":1.0},{"damage":0.0,"enemies":"Jaw Worm","floor":3.0,"turns":1.0},{"damage":0.0,"enemies":"2 Louse","floor":4.0,"turns":1.0},{"damage":5.0,"enemies":"2 Fungi Beasts","floor":5.0,"turns":4.0},{"damage":8.0,"enemies":"Gremlin Nob","floor":6.0,"turns":3.0},{"damage":43.0,"enemies":"Lagavulin","floor":8.0,"turns":8.0},{"damage":32.0,"enemies":"Gremlin Nob","floor":10.0,"turns":4.0},{"damage":10.0,"enemies":"Exordium Thugs","floor":12.0,"turns":6.0},{"damage":7,"enemies":"Looter","floor":14,"turns":3},{"damage":48,"enemies":"The Guardian","floor":16,"turns":8}],"seed_played":"-9047376695481955418","potions_obtained":[{"floor":4.0,"key":"Fire Potion"},{"floor":5.0,"key":"CultistPotion"},{"floor":6.0,"key":"Dexterity Potion"},{"floor":14,"key":"Swift Potion"}],"is_trial":false,"path_per_floor":["M","T","M","M","M","E","R","E","T","E","T","M","?","M","R","B"],"character_chosen":"IRONCLAD","items_purchased":[],"campfire_rested":1,"item_purchase_floors":[],"current_hp_per_floor":[80,80,80,80,80,78,78,41,41,15,15,11,11,10,47,0,0],"gold":650,"neow_bonus":"THREE_ENEMY_KILL","is_daily":false,"chose_seed":false,"campfire_upgraded":1,"win_rate":0.0,"timestamp":1610203001,"path_taken":["M","?","M","M","M","E","R","E","T","E","?","?","?","M","R","BOSS"],"items_purchased_type":[],"build_version":"2020-12-22","purchased_purges":0,"victory":false,"max_hp_per_floor":[80,80,80,80,80,80,80,80,80,80,80,80,74,74,74,74,74],"card_choices":[{"not_picked":["True Grit","Flex","Sentinel"],"picked":"SKIP","floor":1.0},{"not_picked":["Anger","Heavy Blade","Uppercut"],"picked":"SKIP","floor":3.0},{"not_picked":["Metallicize","Headbutt","Seeing Red"],"picked":"SKIP","floor":4.0},{"not_picked":["Rampage","Dual Wield"],"picked":"Armaments","floor":5.0},{"not_picked":["Pummel","Wild Strike","Havoc"],"picked":"SKIP","floor":6.0},{"not_picked":["Headbutt","Wild Strike"],"picked":"Feed","floor":8.0},{"not_picked":["Searing Blow","Sentinel","Havoc"],"picked":"SKIP","floor":10.0},{"not_picked":["Blood for Blood+1","Clash+1","Clothesline+1"],"picked":"SKIP","floor":12.0},{"not_picked":["Corruption","Cleave+1"],"picked":"Shrug It Off","floor":14}],"player_experience":161365,"relics_obtained":[{"floor":2.0,"key":"The Courier"},{"floor":6.0,"key":"Bag of Preparation"},{"floor":8.0,"key":"Old Coin"},{"floor":9.0,"key":"Pen Nib"},{"floor":10.0,"key":"Regal Pillow"},{"floor":11.0,"key":"Molten Egg 2"}],"event_choices":[{"damage_healed":0.0,"max_hp_gain":0.0,"max_hp_loss":6.0,"gold_gain":0.0,"event_name":"Golden Idol","player_choice":"Lose Max HP","floor":13.0,"gold_loss":0.0,"damage_taken":0.0,"relics_obtained":["Golden Idol"]}],"is_beta":false,"boss_relics":[],"items_purged_floors":[],"is_endless":false,"potions_floor_spawned":[4,5,6,14],"killed_by":"The Guardian","ascension_level":3}}