{"host":"5s7sm4h73jkd9266","time":1610192138,"event":{"mods":["AchievementEnabler","Bartender","BaseMod","Better Match","Better Vampires","BetterRewards","Colored Map","Colored Powertips","Conspire","Downfall","Energized Spire","GifTheSpireLib","Hermit","Hubris","Magitek Elite","Marisa????????","Melee Mod","Minty Spire (QoL Compilation)","Potion Indicator Mod","Rare Cards Sparkle","Relic Stats","Replay The Spire","Robot Space Explorer","Shop Mod","StSLib","Stuff the Spire","The Bladedancer","The Blue Laboratory","The Cursed","The Disciple","The Dragon Tamer","The Forsaken","The Necromancer","The Wild Card","The Witch","Virulent Crown","everything is the same but u backflip on backflip","slay the spire mod where everything is the same but ironclad has a cowboy hat","vexMod"],"gold_per_floor":[117,117,23,0,0,0,31,49,73,133,133,145,145,285,285,385,385,396,32,32,48,48,48,59,199,225,225,12,124,124,224,224,327,327,343,313,324,339,339,339,384,397,465,565,22,22,22,41,41,41,41,41,7,123,23],"floor_reached":56,"playtime":16608,"items_purged":[],"score":1587,"play_id":"58b44134-af80-482e-97c3-319682297ea8","local_time":"20210109063538","is_ascension_mode":false,"campfire_choices":[{"floor":6.0,"key":"REST"},{"floor":11.0,"key":"REST"},{"floor":15.0,"key":"RECALL"},{"data":"Replay:SS_hec_2","floor":23.0,"key":"SMITH"},{"floor":27.0,"key":"REST"},{"floor":30.0,"key":"REST"},{"data":"hubris:DuctTapeCard","floor":40.0,"key":"SMITH"},{"data":"ReplayTheSpireMod:Limb From Limb","floor":46,"key":"SMITH"},{"floor":49,"key":"REST"},{"data":"expansioncontent:QuickStudy","floor":52,"key":"SMITH"}],"circlet_count":0,"master_deck":["Strike_R","Strike_R","Strike_R","Strike_R+1","Strike_R+1","Defend_R+1","Defend_R+1","Defend_R","Defend_R","Bash","StuffTheSpire:Pyroclast+1","Anger","Replay:SS_hec_2+1","Thunderclap","Anger","ReplayTheSpireMod:Limb From Limb+1","conspire:Charge","Thunderclap","Feed+1","ReplayTheSpireMod:Brewmster+1","Clash","Headbutt+1","expansioncontent:BronzeBeam","expansioncontent:QuickStudy+1","Finesse","expansioncontent:FaceSlap","Body Slam","Thunderclap+1","Brutality","Impervious","StuffTheSpire:RockThrow","Headbutt","ReplayTheSpireMod:Corrosion Curse","Flame Barrier","hubris:DuctTapeCard","Sword Boomerang","Run Through","Impervious+1","Blind+1","Sadistic Nature","Life Link","ReplayTheSpireMod:LeadingStrike","Havoc+1","Heavy Blade"],"relics":["Burning Blood","vexMod:InvisibilityCloak","Simple Rune","StuffTheSpire:Mouthbags","King of Hearts","StuffTheSpire:TintedRock","MealTicket","conspire:DeflatedDodgeball","hubris:ChampionShield","Busted Crown","vexMod:PaidLearning","hubris:Towel","Oddly Smooth Stone","ReplayTheSpireMod:ShopPack","Bird Faced Urn","hubris:DuctTape","Cursed Key","hubris:Icosahedron","CatCart","Toxic Egg 2","Smiling Mask","Mummified Hand","StuffTheSpire:GrapeVine"],"acts_visited":["TheCity","TheBeyond","TheEnding"],"potions_floor_usage":[41,41,42,44,44,44,44,48,50,50,50,50,50,54,55,55,55,55,55,55,55,55,55,55,55],"damage_taken":[{"damage":10.0,"enemies":"Jaw Worm","floor":1.0,"turns":5.0},{"damage":0.0,"enemies":"3 Sentries","floor":7.0,"turns":10.0},{"damage":0.0,"enemies":"conspire:RoseBush","floor":8.0,"turns":3.0},{"damage":0.0,"enemies":"Gremlin Nob","floor":10.0,"turns":4.0},{"damage":0.0,"enemies":"Small Slimes","floor":12.0,"turns":2.0},{"damage":17.0,"enemies":"Lagavulin","floor":14.0,"turns":7.0},{"damage":25.0,"enemies":"Hexaghost","floor":16.0,"turns":9.0},{"damage":2.0,"enemies":"Chosen","floor":18.0,"turns":3.0},{"damage":11.0,"enemies":"Spheric Guardian","floor":21.0,"turns":4.0},{"damage":10.0,"enemies":"Snecko","floor":24.0,"turns":4.0},{"damage":37.0,"enemies":"Gremlin Leader","floor":25.0,"turns":5.0},{"damage":36.0,"enemies":"Slavers","floor":29.0,"turns":5.0},{"damage":3.0,"enemies":"conspire:Head Lice","floor":31.0,"turns":9.0},{"damage":0.0,"enemies":"Champ","floor":33.0,"turns":8.0},{"damage":13.0,"enemies":"3 Darklings","floor":35.0,"turns":2.0},{"damage":13.0,"enemies":"3 Shapes","floor":37.0,"turns":6.0},{"damage":27.0,"enemies":"Transient","floor":38.0,"turns":5.0},{"damage":32,"enemies":"Orin","floor":41,"turns":12},{"damage":9,"enemies":"Sphere and 2 Shapes","floor":42,"turns":3},{"damage":18,"enemies":"Giant Head","floor":44,"turns":10},{"damage":0,"enemies":"3 Darklings","floor":48,"turns":8},{"damage":53,"enemies":"hubris:GrandSnecko","floor":50,"turns":12},{"damage":68,"enemies":"Shield and Spear","floor":54,"turns":5},{"damage":64,"enemies":"The Heart","floor":55,"turns":12}],"seed_played":"-8756016489991961146","potions_obtained":[{"floor":8.0,"key":"blueLaboratory:LouseDecoction"},{"floor":10.0,"key":"blueLaboratory:PhilterOfMotion"},{"floor":14.0,"key":"blueLaboratory:NullPotion"},{"floor":18.0,"key":"blueLaboratory:HorrorPotion"},{"floor":25.0,"key":"FairyPotion"},{"floor":31.0,"key":"blueLaboratory:HorrorPotion"},{"floor":36.0,"key":"Ancient Potion"},{"floor":36.0,"key":"blueLaboratory:Moonshine"},{"floor":38.0,"key":"Dexterity Potion"},{"floor":42,"key":"Energy Potion"},{"floor":54,"key":"Adrenaline Potion"}],"is_trial":false,"path_per_floor":["M","?","$","?","$","R","E","M","T","?","R","M","?","E","R","B",null,"M","$","?","M","?","R","M","E","T","R","$","E","R","E","R_BF","B",null,"M","?","M","M","?","R","?","M","T","E","$","R","?","M","R","B",null,"R","$","E","B",null],"character_chosen":"IRONCLAD","items_purchased":["vexMod:InvisibilityCloak","Simple Rune","Flex","Flame Barrier","StuffTheSpire:Mouthbags","StuffTheSpire:Pyroclast+1","SteroidPotion","Replay:SS_hec_2","ReplayTheSpireMod:Brewmster","vexMod:PaidLearning","Flex","ReplayTheSpireMod:ShopPack","expansioncontent:BronzeBeam","Mummified Hand","Blind+1","Sadistic Nature","Life Link","Havoc+1"],"campfire_rested":5,"item_purchase_floors":[0,0,0,0,0,0,0,3,19,19,19,28,28,45,45,45,45,53],"current_hp_per_floor":[43,27,27,27,27,51,57,63,63,69,80,80,80,69,69,50,80,83,83,83,78,78,78,78,47,47,73,87,61,88,91,91,91,91,84,84,85,66,66,66,44,47,47,52,67,67,67,81,99,60,99,99,99,47,30],"gold":23,"neow_bonus":"","is_daily":false,"chose_seed":false,"campfire_upgraded":4,"win_rate":0.0,"timestamp":1610192138,"path_taken":["M","?","$","?","?","R","E","M","T","?","R","?","?","E","R","BOSS","M","$","?","M","?","R","M","E","T","R","?","E","R","E","R_BF","BOSS","M","?","?","M","?","R","?","M","T","E","$","R","?","?","R","BOSS","R","$","E","BOSS"],"items_purchased_type":["Relic","Relic","Card","Card","Relic","Card","Potion","Card","Card","Relic","Card","Relic","Card","Relic","Card","Card","Card","Card"],"build_version":"2020-12-22","purchased_purges":0,"victory":true,"max_hp_per_floor":[80,80,80,80,80,80,80,80,80,80,80,80,80,80,80,80,80,83,83,83,83,83,83,87,87,87,87,87,91,91,91,91,91,91,91,91,95,95,95,95,95,99,99,99,99,99,99,99,99,99,99,99,99,103,103],"relic_stats":{"Busted Crown":82,"counters":[72,384],"Mummified Hand":[23],"Bird Faced Urn":[54],"MealTicket":29,"Cursed Key":1,"Smiling Mask":0,"obtain_stats":[{"vexMod:MemoryStick":10,"StuffTheSpire:Barrel":19,"StuffTheSpire:SapphireSignet":43,"vexMod:InvisibilityCloak":0,"Strawberry":0,"Replay:Bronze Core":17,"Prayer Wheel":11,"MealTicket":9,"Toxic Egg 2":43,"hubris:DuctTape":31,"vexMod:ScavengeHelm":28,"ReplayTheSpireMod:Ring of Addiction":7,"Astrolabe":17,"Oddly Smooth Stone":25,"hubris:FruitBowl":19,"vexMod:PaidLearning":19,"Question Card":28,"Bottled Flame":19,"Brimstone":0,"Bird Faced Urn":29,"Simple Rune":0,"conspire:BottledYoYo":20,"hubris:ToyBattleship":26,"CatCart":41,"Lantern":9,"Regal Pillow":21,"hubris:Metronome":9,"SacredBark":7,"King of Hearts":4,"StuffTheSpire:GrapeVine":54,"Cursed Key":17,"Power_Wrist":26,"Smiling Mask":44,"Burning Blood":0,"hubris:Icosahedron":30,"theForsaken:Kindling":0,"Mummified Hand":45,"hubris:ChampionShield":14,"Potion Belt":7,"StuffTheSpire:TintedRock":7,"StuffTheSpire:Saxophone":14,"The Courier":9,"PreservedInsect":29,"energizedSpire:SpiderWeb":34,"hubris:Towel":22,"Replay:Arrowhead":12,"Strange Spoon":12,"CaptainsWheel":39,"Busted Crown":17,"StuffTheSpire:Mouthbags":0,"Orrery":21,"ChewingGum":34,"Bag of Marbles":10,"Membership Card":0,"conspire:DeflatedDodgeball":10,"ReplayTheSpireMod:Lightbulb":7,"ReplayTheSpireMod:ShopPack":46},{"vexMod:MemoryStick":6,"StuffTheSpire:Barrel":8,"StuffTheSpire:SapphireSignet":45,"vexMod:InvisibilityCloak":48,"Strawberry":0,"Replay:Bronze Core":35,"Prayer Wheel":6,"MealTicket":51,"Toxic Egg 2":67,"hubris:DuctTape":61,"vexMod:ScavengeHelm":24,"ReplayTheSpireMod:Ring of Addiction":13,"Astrolabe":18,"Oddly Smooth Stone":59,"hubris:FruitBowl":36,"vexMod:PaidLearning":56,"Question Card":40,"Bottled Flame":19,"Brimstone":10,"Bird Faced Urn":60,"Simple Rune":48,"conspire:BottledYoYo":8,"hubris:ToyBattleship":39,"CatCart":66,"Lantern":14,"Regal Pillow":20,"hubris:Metronome":31,"SacredBark":13,"King of Hearts":49,"StuffTheSpire:GrapeVine":71,"Cursed Key":7,"Power_Wrist":22,"Smiling Mask":68,"Burning Blood":0,"hubris:Icosahedron":24,"theForsaken:Kindling":27,"Mummified Hand":68,"hubris:ChampionShield":54,"Potion Belt":13,"StuffTheSpire:TintedRock":50,"StuffTheSpire:Saxophone":6,"The Courier":5,"PreservedInsect":40,"energizedSpire:SpiderWeb":26,"hubris:Towel":57,"Replay:Arrowhead":15,"Strange Spoon":32,"CaptainsWheel":45,"Busted Crown":55,"StuffTheSpire:Mouthbags":10,"Orrery":8,"ChewingGum":42,"Bag of Marbles":15,"Membership Card":0,"conspire:DeflatedDodgeball":52,"ReplayTheSpireMod:Lightbulb":31,"ReplayTheSpireMod:ShopPack":46},{"vexMod:MemoryStick":24,"StuffTheSpire:Barrel":46,"StuffTheSpire:SapphireSignet":212,"vexMod:InvisibilityCloak":231,"Strawberry":0,"Replay:Bronze Core":164,"Prayer Wheel":24,"MealTicket":249,"Toxic Egg 2":337,"hubris:DuctTape":301,"vexMod:ScavengeHelm":110,"ReplayTheSpireMod:Ring of Addiction":62,"Astrolabe":84,"Oddly Smooth Stone":287,"hubris:FruitBowl":168,"vexMod:PaidLearning":274,"Question Card":189,"Bottled Flame":88,"Brimstone":54,"Bird Faced Urn":292,"Simple Rune":231,"conspire:BottledYoYo":46,"hubris:ToyBattleship":183,"CatCart":334,"Lantern":65,"Regal Pillow":94,"hubris:Metronome":142,"SacredBark":62,"King of Hearts":236,"StuffTheSpire:GrapeVine":372,"Cursed Key":37,"Power_Wrist":103,"Smiling Mask":347,"Burning Blood":0,"hubris:Icosahedron":110,"theForsaken:Kindling":124,"Mummified Hand":347,"hubris:ChampionShield":262,"Potion Belt":62,"StuffTheSpire:TintedRock":246,"StuffTheSpire:Saxophone":24,"The Courier":19,"PreservedInsect":189,"energizedSpire:SpiderWeb":124,"hubris:Towel":278,"Replay:Arrowhead":72,"Strange Spoon":145,"CaptainsWheel":212,"Busted Crown":271,"StuffTheSpire:Mouthbags":54,"Orrery":46,"ChewingGum":199,"Bag of Marbles":72,"Membership Card":0,"conspire:DeflatedDodgeball":253,"ReplayTheSpireMod:Lightbulb":142,"ReplayTheSpireMod:ShopPack":215}],"Burning Blood":392},"card_choices":[{"not_picked":["Headbutt","ReplayReversal"],"picked":"Anger","floor":1.0},{"not_picked":["Bloodletting","True Grit"],"picked":"Thunderclap","floor":7.0},{"not_picked":["Perfected Strike","Heavy Blade"],"picked":"Anger","floor":8.0},{"not_picked":["StuffTheSpire:Incineration","Run Through"],"picked":"ReplayTheSpireMod:Limb From Limb","floor":10.0},{"not_picked":["StuffTheSpire:Slingshot","Replay:Undeath\u0027s Touch"],"picked":"conspire:Charge","floor":12.0},{"not_picked":["Fiend Fire","Replay:Undeath\u0027s Touch"],"picked":"Thunderclap","floor":14.0},{"not_picked":["conspire:HitWhereItHurts","Juggernaut"],"picked":"Feed","floor":16.0},{"not_picked":[],"picked":"True Grit","floor":18.0},{"not_picked":[],"picked":"Clash","floor":21.0},{"not_picked":[],"picked":"Headbutt+1","floor":24.0},{"not_picked":[],"picked":"Replay:Undeath\u0027s Touch","floor":25.0},{"not_picked":[],"picked":"expansioncontent:QuickStudy","floor":28.0},{"not_picked":[],"picked":"Finesse","floor":28.0},{"not_picked":[],"picked":"expansioncontent:FaceSlap","floor":28.0},{"not_picked":[],"picked":"Body Slam","floor":29.0},{"not_picked":[],"picked":"Thunderclap+1","floor":31.0},{"not_picked":[],"picked":"Impervious","floor":33.0},{"not_picked":[],"picked":"StuffTheSpire:RockThrow","floor":35.0},{"not_picked":[],"picked":"Headbutt","floor":37.0},{"not_picked":[],"picked":"ReplayTheSpireMod:Corrosion Curse","floor":38.0},{"not_picked":[],"picked":"Sword Boomerang","floor":41},{"not_picked":[],"picked":"Run Through","floor":42},{"not_picked":[],"picked":"Impervious+1","floor":44},{"not_picked":["Havoc+1"],"picked":"SKIP","floor":48},{"not_picked":[],"picked":"Heavy Blade","floor":54}],"player_experience":5452231,"relics_obtained":[{"floor":7.0,"key":"StuffTheSpire:TintedRock"},{"floor":9.0,"key":"MealTicket"},{"floor":10.0,"key":"conspire:DeflatedDodgeball"},{"floor":14.0,"key":"hubris:ChampionShield"},{"floor":25.0,"key":"Oddly Smooth Stone"},{"floor":29.0,"key":"Bird Faced Urn"},{"floor":31.0,"key":"hubris:DuctTape"},{"floor":41,"key":"CatCart"},{"floor":43,"key":"Toxic Egg 2"},{"floor":44,"key":"Smiling Mask"},{"floor":54,"key":"StuffTheSpire:GrapeVine"}],"event_choices":[{"damage_healed":0.0,"max_hp_gain":0.0,"max_hp_loss":0.0,"gold_gain":0.0,"event_name":"Shining Light","player_choice":"Entered Light","floor":2.0,"gold_loss":0.0,"damage_taken":16.0,"cards_upgraded":["Strike_R","Defend_R"]},{"damage_healed":0.0,"max_hp_gain":0.0,"max_hp_loss":0.0,"gold_gain":30.0,"event_name":"Dead Adventurer","player_choice":"Searched \u00273\u0027 times","floor":10.0,"gold_loss":0.0,"damage_taken":0.0},{"damage_healed":0.0,"max_hp_gain":0.0,"max_hp_loss":0.0,"gold_gain":0.0,"event_name":"Purifier","player_choice":"Ignored","floor":13.0,"gold_loss":0.0,"damage_taken":0.0},{"damage_healed":0.0,"max_hp_gain":0.0,"max_hp_loss":0.0,"gold_gain":0.0,"event_name":"Ghosts","player_choice":"Ignored","floor":20.0,"gold_loss":0.0,"damage_taken":0.0},{"damage_healed":0.0,"max_hp_gain":0.0,"max_hp_loss":0.0,"gold_gain":0.0,"event_name":"The Woman in Blue","player_choice":"Bought 2 Potions","floor":36.0,"gold_loss":0.0,"damage_taken":0.0},{"damage_healed":0,"gold_gain":0,"player_choice":"Fight","damage_taken":0,"max_hp_gain":0,"max_hp_loss":0,"event_name":"OrinTheCat","floor":41,"gold_loss":0},{"damage_healed":0,"gold_gain":0,"cards_transformed":["Replay:Undeath\u0027s Touch"],"player_choice":"Transformed","damage_taken":0,"max_hp_gain":0,"max_hp_loss":0,"event_name":"Transmorgrifier","floor":47,"gold_loss":0,"cards_obtained":["ReplayTheSpireMod:LeadingStrike"]}],"is_beta":false,"boss_relics":[{"not_picked":["ReplayTheSpireMod:DimensionalGlitch","energizedSpire:DecayingSkull"],"picked":"Busted Crown"},{"not_picked":["Replay:Wanted Poster","conspire:SeveredTorchhead"],"picked":"Cursed Key"}],"items_purged_floors":[],"is_endless":false,"potions_floor_spawned":[8,10,14,18,25,29,31,37,38,42,54],"ascension_level":0}}