{"host":"yoibuf8dtscl5joe","time":1610230583,"event":{"mods":["BaseMod","Better Third Choice","Downfall","Marisa????????","Minty Spire (QoL Compilation)","Replay The Spire","StSLib","The Construct","The Cursed","The Servant 0.9.4"],"gold_per_floor":[109,109,121,174,184,211,176,231,231,250,89,89,120,170,170,270,270,282,295,295,295,345,345,371,386,386,396,396,408,421,68,68,166,166,185,185,196,241,191,191,225,225,273,273,66,80,93,106,106,106,106,106,56,82,82,82],"floor_reached":55,"playtime":5540,"items_purged":["Strike_G","Defend_G","Defend_G","Strike_G"],"score":675,"play_id":"af63db66-d04c-4cde-ae0d-3af436309e36","local_time":"20210110001623","is_ascension_mode":false,"campfire_choices":[{"floor":12,"key":"REST"},{"floor":15,"key":"REST"},{"floor":23,"key":"REST"},{"floor":28,"key":"REST"},{"floor":32,"key":"DIG"},{"floor":40,"key":"REST"},{"data":"Noxious Fumes","floor":42,"key":"SMITH"},{"floor":44,"key":"REST"},{"floor":49,"key":"RECALL"},{"data":"Envenom","floor":52,"key":"SMITH"}],"circlet_count":0,"master_deck":["Defend_G+1","Defend_G+1","Survivor+1","Neutralize","Masterful Stab","Blur","Unload+1","Heel Hook+1","Deadly Poison","Noxious Fumes+1","Backflip+1","Burst+1","Crippling Poison+1","Bouncing Flask","Prepared+1","Sucker Punch+1","Envenom+1","Flying Knee+1","Catalyst+1","PiercingWail+1"],"relics":["Ring of the Snake","NeowsBlessing","Mirror","Molten Egg 2","Centennial Puzzle","Gremlin Food","Smiling Mask","Orichalcum","Busted Crown","Onion Ring","Blood Vial","FossilizedHelix","Bottled Tornado","Astrolabe","Nunchaku","Turnip","Du-Vu Doll","PreservedInsect","Bronze Scales","Replay:Accelerometer"],"acts_visited":["Exordium","TheCity","TheBeyond","TheEnding"],"potions_floor_usage":[8,13,18,18,33,33,38,41,50,55],"damage_taken":[{"damage":0,"enemies":"Jaw Worm","floor":1,"turns":1},{"damage":0,"enemies":"2 Louse","floor":3,"turns":1},{"damage":0,"enemies":"Small Slimes","floor":5,"turns":1},{"damage":20,"enemies":"Replay:BlueRogue","floor":6,"turns":8},{"damage":31,"enemies":"Lagavulin Event","floor":8,"turns":8},{"damage":2,"enemies":"Looter","floor":10,"turns":2},{"damage":8,"enemies":"Gremlin Nob","floor":13,"turns":3},{"damage":39,"enemies":"Hexaghost","floor":16,"turns":10},{"damage":10,"enemies":"2 Thieves","floor":18,"turns":3},{"damage":0,"enemies":"Spheric Guardian","floor":19,"turns":5},{"damage":13,"enemies":"Gremlin Leader","floor":24,"turns":9},{"damage":11,"enemies":"Snecko","floor":25,"turns":4},{"damage":0,"enemies":"Cultist and Chosen","floor":27,"turns":5},{"damage":4,"enemies":"Centurion and Healer","floor":29,"turns":6},{"damage":5,"enemies":"Sentry and Sphere","floor":30,"turns":3},{"damage":52,"enemies":"Champ","floor":33,"turns":10},{"damage":17,"enemies":"3 Darklings","floor":35,"turns":5},{"damage":0,"enemies":"3 Shapes","floor":37,"turns":4},{"damage":17,"enemies":"2 Orb Walkers","floor":38,"turns":5},{"damage":9,"enemies":"R_Hoarder","floor":41,"turns":6},{"damage":12,"enemies":"3 Darklings","floor":46,"turns":4},{"damage":0,"enemies":"Sphere and 2 Shapes","floor":47,"turns":5},{"damage":0,"enemies":"Maw","floor":48,"turns":5},{"damage":66,"enemies":"Awakened One","floor":50,"turns":12},{"damage":48,"enemies":"Shield and Spear","floor":54,"turns":7},{"damage":47,"enemies":"The Heart","floor":55,"turns":3}],"seed_played":"-1209923986464513693","potions_obtained":[{"floor":6,"key":"SkillPotion"},{"floor":10,"key":"Toxic Potion"},{"floor":13,"key":"Adrenaline Potion"},{"floor":16,"key":"Dexterity Potion"},{"floor":19,"key":"Block Potion"},{"floor":25,"key":"LiquidBronze"},{"floor":29,"key":"FairyPotion"},{"floor":35,"key":"Energy Potion"},{"floor":38,"key":"Flashbang"},{"floor":46,"key":"Reflective Coating"}],"is_trial":false,"path_per_floor":["M","?","M","?","M","E","?","?","T","M","$","R","E","T","R","B",null,"M","M","?","?","?","R","E","M","T","M","R","M","M","$","R","B",null,"M","T","M","?","$","R","E","R","T","R","$","M","M","M","R","B",null,"R","$","E","B"],"character_chosen":"THE_SILENT","items_purchased":["Noxious Fumes","Backflip","FossilizedHelix","Bronze Scales","ColorlessPotion"],"campfire_rested":6,"item_purchase_floors":[11,11,31,45,53],"current_hp_per_floor":[70,70,70,53,53,33,50,19,19,17,17,38,30,30,51,12,70,60,60,60,60,60,70,57,48,48,50,70,66,63,63,63,13,70,53,53,55,40,40,61,54,54,54,70,70,58,60,62,62,21,70,70,70,22,0,0],"gold":82,"neow_bonus":"THREE_ENEMY_KILL","is_daily":false,"chose_seed":false,"campfire_upgraded":2,"win_rate":0.0,"timestamp":1610230583,"path_taken":["M","?","M","?","?","E","?","?","T","M","$","R","E","?","R","BOSS","M","M","?","?","?","R","E","M","T","?","R","M","M","$","R","BOSS","M","?","M","?","$","R","E","R","T","R","?","M","M","M","R","BOSS","R","$","E","BOSS"],"items_purchased_type":["Card","Card","Relic","Relic","Potion"],"build_version":"2020-12-22","purchased_purges":4,"victory":false,"max_hp_per_floor":[70,70,70,70,70,70,70,70,70,70,70,70,70,70,70,70,70,70,70,70,70,70,70,70,70,70,70,70,70,70,70,70,70,70,70,70,70,70,70,70,70,70,70,70,70,70,70,70,70,70,70,70,70,70,70,70],"card_choices":[{"not_picked":["Bane","Dagger Throw"],"picked":"Masterful Stab","floor":1},{"not_picked":["Expertise","Poisoned Stab"],"picked":"Blur","floor":3},{"not_picked":["Cloak And Dagger","Tactician","Riddle With Holes"],"picked":"SKIP","floor":5},{"not_picked":["Deflect","Hidden Blade"],"picked":"Unload+1","floor":6},{"not_picked":["Slice+1","Calculated Gamble"],"picked":"Heel Hook+1","floor":8},{"not_picked":["Tactician","Reflex"],"picked":"Deadly Poison","floor":10},{"not_picked":["Dodge and Roll","Draining Mist","Flying Knee+1"],"picked":"SKIP","floor":13},{"not_picked":["Wraith Form v2","Unload+1"],"picked":"Burst","floor":16},{"not_picked":[],"picked":"Crippling Poison","floor":18},{"not_picked":["Underhanded Strike+1"],"picked":"SKIP","floor":19},{"not_picked":[],"picked":"Bouncing Flask","floor":24},{"not_picked":[],"picked":"Prepared+1","floor":25},{"not_picked":["Well Laid Plans"],"picked":"SKIP","floor":27},{"not_picked":[],"picked":"Sucker Punch+1","floor":29},{"not_picked":["Cloak And Dagger"],"picked":"SKIP","floor":30},{"not_picked":[],"picked":"Envenom","floor":33},{"not_picked":["Poisoned Stab+1"],"picked":"SKIP","floor":35},{"not_picked":["Deadly Poison"],"picked":"SKIP","floor":37},{"not_picked":["ReplayTheSpireMod:The Works+1"],"picked":"SKIP","floor":41},{"not_picked":["Sucker Punch+1"],"picked":"SKIP","floor":46},{"not_picked":["Slice+1"],"picked":"SKIP","floor":47},{"not_picked":["Sneak Up"],"picked":"SKIP","floor":48},{"not_picked":["PiercingWail+1"],"picked":"SKIP","floor":54}],"player_experience":391858,"relics_obtained":[{"floor":4,"key":"Mirror"},{"floor":6,"key":"Molten Egg 2"},{"floor":9,"key":"Gremlin Food"},{"floor":13,"key":"Smiling Mask"},{"floor":14,"key":"Orichalcum"},{"floor":24,"key":"Blood Vial"},{"floor":32,"key":"Bottled Tornado"},{"floor":36,"key":"Nunchaku"},{"floor":38,"key":"Turnip"},{"floor":41,"key":"Du-Vu Doll"},{"floor":43,"key":"PreservedInsect"},{"floor":54,"key":"Replay:Accelerometer"}],"event_choices":[{"damage_healed":17,"gold_gain":0,"player_choice":"Healed","damage_taken":0,"max_hp_gain":0,"max_hp_loss":0,"event_name":"The Cleric","floor":7,"gold_loss":35},{"damage_healed":0,"gold_gain":30,"player_choice":"Searched \u00273\u0027 times","damage_taken":0,"relics_obtained":["Centennial Puzzle"],"max_hp_gain":0,"max_hp_loss":0,"event_name":"Dead Adventurer","floor":8,"gold_loss":0},{"damage_healed":0,"gold_gain":0,"player_choice":"Ignored","damage_taken":0,"max_hp_gain":0,"max_hp_loss":0,"event_name":"Beggar","floor":20,"gold_loss":0},{"damage_healed":0,"gold_gain":0,"player_choice":"Opened","damage_taken":0,"relics_obtained":["Onion Ring"],"max_hp_gain":0,"max_hp_loss":0,"event_name":"The Mausoleum","floor":21,"gold_loss":0},{"damage_healed":0,"gold_gain":100,"player_choice":"Bet on Murderer","damage_taken":0,"max_hp_gain":0,"max_hp_loss":0,"event_name":"The Joust","floor":22,"gold_loss":50},{"damage_healed":0,"gold_gain":0,"player_choice":"Fight","damage_taken":0,"max_hp_gain":0,"max_hp_loss":0,"event_name":"Mysterious Sphere","floor":38,"gold_loss":0}],"is_beta":false,"boss_relics":[{"not_picked":["SlaversCollar","Tiny House"],"picked":"Busted Crown"},{"not_picked":["SacredBark","Black Star"],"picked":"Astrolabe"}],"items_purged_floors":[11,31,39,45],"is_endless":false,"potions_floor_spawned":[6,10,13,16,19,25,29,35,38,46],"killed_by":"The Heart","ascension_level":0}}