{"host":"uflv0e3ja7hvnij7","time":1610215921,"event":{"mods":["BaseMod","Better Altar","Better Match","Better Note","Better Sensory Stone","Better Skull","Better Third Choice","Marisa????????","Minty Spire (QoL Compilation)","Permanent Neow","Replay The Spire","StSLib"],"gold_per_floor":[113,131,131,151,151,151,178,190,202,214,241,267,279,322,394,504,516,538,560,590,527,727,727,757,757,757,657,690,703,732,746,746,851,851,862,917,917,947,247,281,281,321,321,664,664,78,78,113,113,113],"floor_reached":51,"playtime":3030,"items_purged":["Amnesia","Defend_P","Strike_P"],"score":1391,"play_id":"37c9c7f0-190e-469f-84cb-4c6b2d465e6e","local_time":"20210109131201","is_ascension_mode":true,"campfire_choices":[{"data":"Eruption","floor":6,"key":"SMITH"},{"data":"Vigilance","floor":10,"key":"SMITH"},{"floor":13,"key":"REST"},{"floor":23,"key":"REST"},{"floor":25,"key":"REST"},{"floor":45,"key":"DIG"},{"floor":49,"key":"REST"}],"circlet_count":0,"master_deck":["Strike_P","Strike_P","Strike_P","Defend_P","Defend_P","Defend_P","Eruption+1","Vigilance+1","EmptyBody","FlyingSleeves","Phantasmal Killer","DeceiveReality+1","FollowUp+1","FlurryOfBlows","DeusExMachina","EmptyFist+1","CutThroughFate+1","DeusExMachina","FlurryOfBlows+1","FlyingSleeves","TalkToTheHand","Collect","Wallop","Omniscience","ClearTheMind","Consecrate+1","MentalFortress","Panache","Good Instincts","Crescendo+1","Replay:AllIn"],"relics":["PureWater","Black Star","Bottled Lightning","MawBank","Replay:Bottled Steam","Unceasing Top","HornCleat","Fusion Hammer","WingedGreaves","Toy Ornithopter","Bottled Flame","Meat on the Bone","Oddly Smooth Stone","Prayer Wheel","Iron Hammer","Busted Crown","Shovel","CeramicFish","Vajra","Replay:Bottled Flurry","ReplayTheSpireMod:ShopPack","Replay:Bottled Snecko","Blood Vial","Kunai","Ginger","Onion Ring","Old Coin","Omamori","Lantern","TheAbacus","Damaru","ReplayFunnel","Bag of Preparation","BranchBurnRelic"],"acts_visited":["Exordium","TheCity","TheBeyond"],"potions_floor_usage":[7,18,24,30,35,36,36,36,36,41,50,50,50],"damage_taken":[{"damage":29,"enemies":"Jaw Worm","floor":1,"turns":4},{"damage":0,"enemies":"Cultist","floor":2,"turns":3},{"damage":0,"enemies":"Small Slimes","floor":4,"turns":2},{"damage":2,"enemies":"3 Sentries","floor":7,"turns":3},{"damage":18,"enemies":"Exordium Thugs","floor":11,"turns":9},{"damage":9,"enemies":"Lots of Slimes","floor":12,"turns":5},{"damage":0,"enemies":"Gremlin Nob","floor":14,"turns":2},{"damage":39,"enemies":"Slime Boss","floor":16,"turns":9},{"damage":0,"enemies":"Shell Parasite","floor":18,"turns":3},{"damage":0,"enemies":"Spheric Guardian","floor":19,"turns":3},{"damage":9,"enemies":"Centurion and Healer","floor":20,"turns":5},{"damage":14,"enemies":"Book of Stabbing","floor":24,"turns":4},{"damage":8,"enemies":"Replay:Snechameleon","floor":28,"turns":4},{"damage":0,"enemies":"Snecko","floor":29,"turns":3},{"damage":0,"enemies":"Gremlin Leader","floor":30,"turns":3},{"damage":10,"enemies":"Snake Plant","floor":31,"turns":4},{"damage":7,"enemies":"Collector","floor":33,"turns":6},{"damage":0,"enemies":"Orb Walker","floor":35,"turns":2},{"damage":0,"enemies":"2 Orb Walkers","floor":36,"turns":4},{"damage":0,"enemies":"3 Darklings","floor":38,"turns":2},{"damage":4,"enemies":"Nemesis","floor":40,"turns":5},{"damage":0,"enemies":"Sphere and 2 Shapes","floor":41,"turns":1},{"damage":0,"enemies":"R_Hoarder","floor":42,"turns":4},{"damage":3,"enemies":"Nemesis","floor":44,"turns":3},{"damage":0,"enemies":"R_Hoarder","floor":48,"turns":3},{"damage":0,"enemies":"Donu and Deca","floor":50,"turns":3}],"seed_played":"-6698951247982099854","potions_obtained":[{"floor":1,"key":"Block Potion"},{"floor":2,"key":"GamblersBrew"},{"floor":14,"key":"Block Potion"},{"floor":20,"key":"SteroidPotion"},{"floor":24,"key":"EntropicBrew"},{"floor":33,"key":"Strength Potion"},{"floor":35,"key":"Fruit Juice"},{"floor":36,"key":"FearPotion"},{"floor":40,"key":"DuplicationPotion"},{"floor":42,"key":"Energy Potion"}],"is_trial":false,"path_per_floor":["M","M","?","M","?","R","E","$","T","R","M","M","R","E","R","B",null,"M","M","M","$","?","R","E","R","T","$","E","M","E","M","R","B",null,"M","?","?","M","$","E","M","E","T","E","R","$","?","E","R","B",null],"character_chosen":"WATCHER","items_purchased":["Vajra","MentalFortress","Replay:Bottled Flurry","ReplayTheSpireMod:ShopPack","TheAbacus","Dead Branch","Damaru"],"campfire_rested":4,"item_purchase_floors":[39,39,39,39,46,46,46],"current_hp_per_floor":[36,36,72,72,72,72,70,70,70,70,52,43,64,64,64,25,60,60,60,51,51,51,72,58,72,72,72,64,64,69,59,72,65,70,77,77,49,49,49,45,52,54,54,53,53,53,53,55,73,73],"gold":113,"neow_bonus":"CURSED_BOSS_RELIC","is_daily":false,"chose_seed":false,"campfire_upgraded":2,"win_rate":0.0,"timestamp":1610215921,"path_taken":["M","M","?","?","?","R","E","$","T","R","M","M","R","E","R","BOSS","M","M","?","$","?","R","E","R","T","?","E","M","E","?","R","BOSS","M","?","?","?","$","E","M","E","T","E","R","$","?","E","R","BOSS"],"items_purchased_type":["Relic","Card","Relic","Relic","Relic","Relic","Relic"],"build_version":"2020-12-22","purchased_purges":3,"victory":true,"max_hp_per_floor":[72,72,72,72,72,72,72,72,72,72,72,72,72,72,72,72,72,72,72,72,72,72,72,72,72,72,72,72,72,72,72,72,72,72,77,77,77,77,77,77,77,77,77,77,77,77,73,73,73,73],"card_choices":[{"not_picked":["BowlingBash","Prostrate"],"picked":"EmptyBody","floor":1},{"not_picked":["DevaForm","CutThroughFate","Replay:BluntJabs"],"picked":"SKIP","floor":2},{"not_picked":["Prostrate","Vengeance"],"picked":"FlyingSleeves","floor":4},{"not_picked":["Evaluate","Establishment"],"picked":"DeceiveReality","floor":7},{"not_picked":["Replay:AtTheReady","Prostrate"],"picked":"FollowUp","floor":11},{"not_picked":["ClearTheMind","FollowUp"],"picked":"FlurryOfBlows","floor":12},{"not_picked":["EmptyBody","LikeWater","Indignation"],"picked":"SKIP","floor":14},{"not_picked":["Alpha","Blasphemy"],"picked":"DeusExMachina","floor":16},{"not_picked":["Meditate","Replay:BluntJabs","Perseverance+1"],"picked":"SKIP","floor":18},{"not_picked":["Prostrate+1","JustLucky"],"picked":"EmptyFist+1","floor":19},{"not_picked":["Replay:AtTheReady","Evaluate"],"picked":"CutThroughFate+1","floor":20},{"not_picked":["BowlingBash","ThirdEye+1"],"picked":"DeusExMachina","floor":24},{"not_picked":["EmptyBody","Prostrate+1"],"picked":"FlurryOfBlows+1","floor":28},{"not_picked":["Crescendo","EmptyBody+1"],"picked":"FlyingSleeves","floor":29},{"not_picked":["Replay:AtTheReady","CrushJoints+1"],"picked":"TalkToTheHand","floor":30},{"not_picked":["SashWhip","ReachHeaven"],"picked":"Collect","floor":31},{"not_picked":["Replay:ManipulateFuture+1","CutThroughFate"],"picked":"Wallop","floor":31},{"not_picked":["Scrawl","ConjureBlade"],"picked":"Omniscience","floor":33},{"not_picked":["Replay:Anticipation+1"],"picked":"SKIP","floor":35},{"not_picked":["WheelKick"],"picked":"SKIP","floor":35},{"not_picked":[],"picked":"ClearTheMind","floor":38},{"not_picked":[],"picked":"Consecrate+1","floor":38},{"not_picked":[],"picked":"Panache","floor":39},{"not_picked":[],"picked":"Good Instincts","floor":39},{"not_picked":["FlyingSleeves"],"picked":"SKIP","floor":40},{"not_picked":[],"picked":"Crescendo+1","floor":42},{"not_picked":[],"picked":"Replay:AllIn","floor":44},{"not_picked":["FollowUp"],"picked":"SKIP","floor":48}],"player_experience":522833,"relics_obtained":[{"floor":7,"key":"Bottled Lightning"},{"floor":7,"key":"MawBank"},{"floor":9,"key":"Replay:Bottled Steam"},{"floor":14,"key":"Unceasing Top"},{"floor":14,"key":"HornCleat"},{"floor":24,"key":"WingedGreaves"},{"floor":24,"key":"Toy Ornithopter"},{"floor":26,"key":"Bottled Flame"},{"floor":28,"key":"Meat on the Bone"},{"floor":28,"key":"Oddly Smooth Stone"},{"floor":30,"key":"Prayer Wheel"},{"floor":30,"key":"Iron Hammer"},{"floor":36,"key":"Shovel"},{"floor":40,"key":"Replay:Bottled Snecko"},{"floor":40,"key":"Blood Vial"},{"floor":42,"key":"Kunai"},{"floor":42,"key":"Ginger"},{"floor":43,"key":"Onion Ring"},{"floor":44,"key":"Old Coin"},{"floor":44,"key":"Omamori"},{"floor":45,"key":"Lantern"},{"floor":48,"key":"ReplayFunnel"},{"floor":48,"key":"Bag of Preparation"}],"event_choices":[{"damage_healed":36,"gold_gain":0,"player_choice":"Full Heal","damage_taken":0,"max_hp_gain":0,"max_hp_loss":0,"event_name":"Wheel of Change","floor":3,"gold_loss":0},{"cards_removed":["Eruption"],"damage_healed":0,"gold_gain":0,"player_choice":"Take \u0026 Give","damage_taken":0,"max_hp_gain":0,"max_hp_loss":0,"event_name":"betterNote:BetterNote","floor":5,"gold_loss":0,"cards_obtained":["Phantasmal Killer"]},{"damage_healed":0,"gold_gain":250,"player_choice":"Bet on Owner","damage_taken":0,"max_hp_gain":0,"max_hp_loss":0,"event_name":"The Joust","floor":22,"gold_loss":50},{"damage_healed":0,"gold_gain":0,"player_choice":"Fight","damage_taken":0,"max_hp_gain":0,"max_hp_loss":0,"event_name":"Mysterious Sphere","floor":36,"gold_loss":0},{"damage_healed":0,"gold_gain":0,"player_choice":"UP RE ","damage_taken":32,"relics_obtained":["CeramicFish"],"max_hp_gain":0,"max_hp_loss":0,"event_name":"betterSkull:BetterSkull","floor":37,"gold_loss":0,"cards_upgraded":["DeceiveReality"]},{"damage_healed":0,"gold_gain":0,"player_choice":"Max HP","damage_taken":0,"max_hp_gain":0,"max_hp_loss":4,"event_name":"Winding Halls","floor":47,"gold_loss":0}],"is_beta":false,"boss_relics":[{"not_picked":["Philosopher\u0027s Stone","SacredBark"],"picked":"Fusion Hammer"},{"not_picked":["Astrolabe","Runic Dome"],"picked":"Busted Crown"}],"items_purged_floors":[21,27,39],"is_endless":false,"potions_floor_spawned":[1,2,14,20,24,33,35,36,40,42],"ascension_level":7}}