{"host":"v9oq5ccz01n9mezq","time":1610234769,"event":{"mods":["BaseMod","Colored Map","Minty Spire (QoL Compilation)"],"gold_per_floor":[113,125,138,138,152,183,183,215,215,242,305,305,320,174,174,275,275,286,286,84,84,104,133,133,146,146,159,159,259,293,293,293,398,398,410,425,130,143,158,158,85,115,169,169,201,220,237,0,0,0],"floor_reached":51,"playtime":3003,"items_purged":["Strike_B","Strike_B","Strike_B"],"score":855,"play_id":"2c3f36ed-0467-405a-b292-e92fb02eaae6","local_time":"20210109182609","is_ascension_mode":true,"campfire_choices":[{"data":"Dualcast","floor":7,"key":"SMITH"},{"data":"Ball Lightning","floor":12,"key":"SMITH"},{"data":"Hologram","floor":15,"key":"SMITH"},{"data":"Creative AI","floor":24,"key":"SMITH"},{"floor":28,"key":"REST"},{"data":"Echo Form","floor":32,"key":"SMITH"},{"data":"Fission","floor":40,"key":"SMITH"},{"data":"Loop","floor":44,"key":"SMITH"},{"floor":49,"key":"REST"}],"circlet_count":0,"master_deck":["Strike_B","Defend_B","Defend_B","Defend_B+1","Defend_B","Zap+1","Dualcast+1","Sweeping Beam","Leap+1","Cold Snap","Ball Lightning+1","Ball Lightning","Reboot","Hologram+1","FTL","Creative AI+1","Hologram","Lockon","Conserve Battery","RitualDagger","Lockon+1","Echo Form+1","Electrodynamics","Dark Shackles","Fission+1","Self Repair","Cold Snap+1","Coolheaded","Loop+1"],"relics":["Cracked Core","HornCleat","Ice Cream","Mummified Hand","Blue Candle","War Paint","Boot","Busted Crown","Regal Pillow","Gambling Chip","Dead Branch","Molten Egg 2","Tiny Chest","Snecko Eye","Oddly Smooth Stone","Bronze Scales","MealTicket","Pantograph","Red Mask"],"acts_visited":["Exordium","TheCity","TheBeyond"],"potions_floor_usage":[11,18,29,29,36,39,50,50],"damage_taken":[{"damage":1,"enemies":"Jaw Worm","floor":1,"turns":4},{"damage":5,"enemies":"2 Louse","floor":2,"turns":2},{"damage":2,"enemies":"Small Slimes","floor":3,"turns":2},{"damage":2,"enemies":"2 Fungi Beasts","floor":5,"turns":3},{"damage":6,"enemies":"Gremlin Nob","floor":6,"turns":4},{"damage":11,"enemies":"Lagavulin","floor":8,"turns":5},{"damage":0,"enemies":"3 Sentries","floor":10,"turns":5},{"damage":0,"enemies":"Gremlin Nob","floor":11,"turns":3},{"damage":3,"enemies":"Red Slaver","floor":13,"turns":2},{"damage":0,"enemies":"Slime Boss","floor":16,"turns":6},{"damage":0,"enemies":"2 Thieves","floor":18,"turns":2},{"damage":0,"enemies":"Shell Parasite","floor":22,"turns":4},{"damage":21,"enemies":"Gremlin Leader","floor":23,"turns":7},{"damage":10,"enemies":"Sentry and Sphere","floor":25,"turns":4},{"damage":2,"enemies":"Snecko","floor":27,"turns":4},{"damage":5,"enemies":"Colosseum Slavers","floor":29,"turns":2},{"damage":1,"enemies":"Colosseum Nobs","floor":29,"turns":3},{"damage":2,"enemies":"Book of Stabbing","floor":30,"turns":4},{"damage":22,"enemies":"Champ","floor":33,"turns":9},{"damage":4,"enemies":"3 Shapes","floor":35,"turns":3},{"damage":0,"enemies":"3 Darklings","floor":36,"turns":2},{"damage":2,"enemies":"Maw","floor":38,"turns":7},{"damage":3,"enemies":"Jaw Worm Horde","floor":39,"turns":4},{"damage":28,"enemies":"Reptomancer","floor":42,"turns":6},{"damage":27,"enemies":"Nemesis","floor":45,"turns":5},{"damage":0,"enemies":"4 Shapes","floor":46,"turns":3},{"damage":0,"enemies":"Maw","floor":47,"turns":5},{"damage":25,"enemies":"Time Eater","floor":50,"turns":5}],"seed_played":"-5001328379051209465","potions_obtained":[{"floor":3,"key":"Explosive Potion"},{"floor":8,"key":"SteroidPotion"},{"floor":10,"key":"PowerPotion"},{"floor":23,"key":"Ancient Potion"},{"floor":25,"key":"Swift Potion"},{"floor":29,"key":"SteroidPotion"},{"floor":30,"key":"SpeedPotion"},{"floor":35,"key":"Fire Potion"},{"floor":38,"key":"PotionOfCapacity"},{"floor":45,"key":"Dexterity Potion"},{"floor":46,"key":"EssenceOfDarkness"}],"is_trial":false,"path_per_floor":["M","M","M","?","M","E","R","E","T","E","?","R","M","$","R","B",null,"M","?","$","?","M","E","R","M","T","M","R","?","E","?","R","B",null,"M","M","$","M","M","R","$","E","T","R","E","M","M","?","R","B",null],"character_chosen":"DEFECT","items_purchased":["FTL","Lockon","Conserve Battery","Oddly Smooth Stone","Coolheaded","Loop"],"campfire_rested":2,"item_purchase_floors":[14,20,20,37,37,41],"current_hp_per_floor":[74,69,67,55,53,47,47,36,36,36,36,36,33,33,33,33,75,75,75,75,69,69,48,48,38,38,36,73,67,65,65,65,43,75,71,75,75,75,72,72,72,58,58,58,38,38,45,45,75,50],"gold":0,"neow_bonus":"UPGRADE_CARD","is_daily":false,"chose_seed":false,"campfire_upgraded":7,"win_rate":0.0,"timestamp":1610234769,"path_taken":["M","M","M","?","M","E","R","E","T","E","?","R","M","$","R","BOSS","M","?","$","?","M","E","R","M","T","M","R","?","E","?","R","BOSS","M","M","$","M","M","R","?","E","T","R","E","M","M","?","R","BOSS"],"items_purchased_type":["Card","Card","Card","Relic","Card","Card"],"build_version":"2020-12-22","purchased_purges":3,"victory":true,"max_hp_per_floor":[75,75,75,75,75,75,75,75,75,75,75,75,75,75,75,75,75,75,75,75,75,75,75,75,75,75,75,75,75,75,75,75,75,75,75,75,75,75,75,75,75,75,75,75,75,75,75,75,75,75],"card_choices":[{"not_picked":["Heatsinks","Force Field"],"picked":"Sweeping Beam","floor":1},{"not_picked":["Barrage","Tempest","Steam"],"picked":"SKIP","floor":2},{"not_picked":["Steam","Fusion"],"picked":"Leap","floor":3},{"not_picked":["Leap","Gash"],"picked":"Cold Snap","floor":5},{"not_picked":["Leap","Barrage"],"picked":"Ball Lightning","floor":6},{"not_picked":["Go for the Eyes","Steam Power"],"picked":"Ball Lightning","floor":8},{"not_picked":["Capacitor","Aggregate"],"picked":"Reboot","floor":10},{"not_picked":["Compile Driver","Rebound"],"picked":"Hologram","floor":13},{"not_picked":["Biased Cognition","Multi-Cast"],"picked":"Creative AI","floor":16},{"not_picked":[],"picked":"Hologram","floor":18},{"not_picked":["Leap"],"picked":"SKIP","floor":22},{"not_picked":["Cold Snap"],"picked":"SKIP","floor":23},{"not_picked":["Stack+1"],"picked":"SKIP","floor":25},{"not_picked":["Sweeping Beam+1"],"picked":"SKIP","floor":27},{"not_picked":[],"picked":"Lockon+1","floor":29},{"not_picked":[],"picked":"Echo Form","floor":30},{"not_picked":[],"picked":"Fission","floor":33},{"not_picked":[],"picked":"Self Repair","floor":35},{"not_picked":[],"picked":"Cold Snap+1","floor":36},{"not_picked":["Conserve Battery"],"picked":"SKIP","floor":38},{"not_picked":["Redo"],"picked":"SKIP","floor":39},{"not_picked":["Conserve Battery"],"picked":"SKIP","floor":42},{"not_picked":["Chill"],"picked":"SKIP","floor":45},{"not_picked":["Double Energy+1"],"picked":"SKIP","floor":46},{"not_picked":["Sweeping Beam+1"],"picked":"SKIP","floor":47}],"player_experience":58572,"relics_obtained":[{"floor":6,"key":"Ice Cream"},{"floor":8,"key":"Mummified Hand"},{"floor":9,"key":"Blue Candle"},{"floor":10,"key":"War Paint"},{"floor":11,"key":"Boot"},{"floor":23,"key":"Regal Pillow"},{"floor":26,"key":"Gambling Chip"},{"floor":29,"key":"Dead Branch"},{"floor":29,"key":"Molten Egg 2"},{"floor":30,"key":"Tiny Chest"},{"floor":42,"key":"Bronze Scales"},{"floor":43,"key":"MealTicket"},{"floor":45,"key":"Pantograph"}],"event_choices":[{"damage_healed":0,"gold_gain":0,"player_choice":"Success","damage_taken":12,"relics_obtained":["HornCleat"],"max_hp_gain":0,"max_hp_loss":0,"event_name":"Scrap Ooze","floor":4,"gold_loss":0},{"damage_healed":0,"gold_gain":30,"player_choice":"Searched \u00273\u0027 times","damage_taken":0,"max_hp_gain":0,"max_hp_loss":0,"event_name":"Dead Adventurer","floor":11,"gold_loss":0},{"damage_healed":0,"gold_gain":0,"player_choice":"Ignored","damage_taken":0,"max_hp_gain":0,"max_hp_loss":0,"event_name":"Ghosts","floor":19,"gold_loss":0},{"damage_healed":0,"gold_gain":0,"player_choice":"Joined the Cult","damage_taken":6,"max_hp_gain":0,"max_hp_loss":0,"event_name":"Nest","floor":21,"gold_loss":0,"cards_obtained":["RitualDagger"]},{"damage_healed":0,"gold_gain":0,"player_choice":"Fight","damage_taken":0,"max_hp_gain":0,"max_hp_loss":0,"event_name":"Colosseum","floor":29,"gold_loss":0},{"damage_healed":0,"gold_gain":0,"player_choice":"Fought Nobs","damage_taken":0,"max_hp_gain":0,"max_hp_loss":0,"event_name":"Colosseum","floor":29,"gold_loss":0},{"damage_healed":0,"gold_gain":0,"player_choice":"2 cards matched","damage_taken":0,"max_hp_gain":0,"max_hp_loss":0,"event_name":"Match and Keep!","floor":31,"gold_loss":0,"cards_obtained":["Electrodynamics","Dark Shackles"]},{"damage_healed":0,"gold_gain":0,"player_choice":"Paid","damage_taken":0,"relics_obtained":["Red Mask"],"max_hp_gain":0,"max_hp_loss":0,"event_name":"Tomb of Lord Red Mask","floor":48,"gold_loss":237}],"is_beta":false,"boss_relics":[{"not_picked":["Fusion Hammer","SlaversCollar"],"picked":"Busted Crown"},{"not_picked":["Runic Pyramid","Cursed Key"],"picked":"Snecko Eye"}],"items_purged_floors":[14,20,37],"is_endless":false,"potions_floor_spawned":[3,8,10,23,25,29,29,30,35,38,45,46],"ascension_level":1}}