{"host":"9tzam4717zt8ei1o","time":1610188415,"event":{"mods":["BaseMod","Colored Map","Keyboard Shortcuts","Minty Spire (QoL Compilation)","Quick Restart","StSLib","SuperFastMode"],"gold_per_floor":[118,118,136,136,150,182,22,42,110,31,106,106,137,153,153,226,226,240,250,250,340,351,380,380,380,380],"floor_reached":25,"playtime":472,"items_purged":[],"score":462,"play_id":"4ca63165-742d-4dbc-9fa7-084cb4e78d13","local_time":"20210109193335","is_ascension_mode":true,"campfire_choices":[{"floor":12.0,"key":"REST"},{"data":"Accuracy","floor":15.0,"key":"SMITH"},{"floor":24,"key":"REST"}],"circlet_count":0,"master_deck":["AscendersBane","Strike_G","Defend_G","Defend_G","Defend_G","Defend_G","Defend_G","Survivor","Neutralize","Backflip","Calculated Gamble","Blade Dance","Poisoned Stab","Accuracy+1","Deadly Poison","Blade Dance","After Image","Dagger Spray+1","Cloak And Dagger+1","Catalyst+1","Finisher"],"relics":["Ring of the Snake","NeowsBlessing","Pocketwatch","Bag of Preparation","Blood Vial","Astrolabe","Calipers"],"acts_visited":["Exordium","TheCity"],"potions_floor_usage":[23],"damage_taken":[{"damage":0.0,"enemies":"Small Slimes","floor":1.0,"turns":1.0},{"damage":0.0,"enemies":"Cultist","floor":3.0,"turns":1.0},{"damage":0.0,"enemies":"Jaw Worm","floor":5.0,"turns":1.0},{"damage":25.0,"enemies":"3 Sentries","floor":6.0,"turns":14.0},{"damage":6.0,"enemies":"Red Slaver","floor":8.0,"turns":5.0},{"damage":8.0,"enemies":"Gremlin Nob","floor":13.0,"turns":3.0},{"damage":8.0,"enemies":"Blue Slaver","floor":14.0,"turns":3.0},{"damage":18.0,"enemies":"Hexaghost","floor":16.0,"turns":9.0},{"damage":19.0,"enemies":"2 Thieves","floor":18.0,"turns":4.0},{"damage":0.0,"enemies":"Spheric Guardian","floor":19.0,"turns":3.0},{"damage":20.0,"enemies":"Snecko","floor":22.0,"turns":4.0},{"damage":32,"enemies":"Gremlin Leader","floor":23,"turns":6},{"damage":27,"enemies":"Slavers","floor":25,"turns":3}],"seed_played":"-2169249934401184010","potions_obtained":[{"floor":1.0,"key":"Dexterity Potion"},{"floor":3.0,"key":"GamblersBrew"},{"floor":13.0,"key":"FairyPotion"},{"floor":16.0,"key":"Strength Potion"},{"floor":22.0,"key":"Regen Potion"}],"is_trial":false,"path_per_floor":["M","?","M","?","M","E","$","M","T","$","?","R","E","M","R","B",null,"M","M","?","?","M","E","R","E"],"character_chosen":"THE_SILENT","items_purchased":["Bag of Preparation","Accuracy"],"campfire_rested":2,"item_purchase_floors":[7,10],"current_hp_per_floor":[59,59,59,55,55,30,30,24,24,24,13,32,24,18,18,2,50,33,35,35,23,5,9,28,3,3],"gold":380,"neow_bonus":"THREE_ENEMY_KILL","is_daily":false,"chose_seed":false,"campfire_upgraded":1,"win_rate":0.0,"timestamp":1610188415,"path_taken":["M","?","?","?","?","E","$","M","T","$","?","R","E","M","R","BOSS","M","M","?","?","M","E","R","E"],"items_purchased_type":["Relic","Card"],"build_version":"2020-12-22","purchased_purges":0,"victory":false,"max_hp_per_floor":[66,66,66,66,66,66,66,66,66,66,66,66,66,66,66,66,66,66,66,66,66,66,66,66,66,66],"card_choices":[{"not_picked":["Infinite Blades","Sucker Punch"],"picked":"Backflip","floor":1.0},{"not_picked":["Underhanded Strike","Prepared"],"picked":"Calculated Gamble","floor":3.0},{"not_picked":["Flying Knee","Outmaneuver"],"picked":"Blade Dance","floor":5.0},{"not_picked":["Outmaneuver","Bullet Time","Quick Slash"],"picked":"SKIP","floor":6.0},{"not_picked":["Acrobatics","Blur"],"picked":"Poisoned Stab","floor":8.0},{"not_picked":["Dagger Spray","Skewer"],"picked":"Deadly Poison","floor":13.0},{"not_picked":["Acrobatics","Deflect"],"picked":"Blade Dance","floor":14.0},{"not_picked":["Grand Finale","Doppelganger"],"picked":"After Image","floor":16.0},{"not_picked":["Deadly Poison","Slice","Blade Dance"],"picked":"SKIP","floor":18.0},{"not_picked":["Dagger Spray","Acrobatics","Flying Knee"],"picked":"SKIP","floor":19.0},{"not_picked":["Heel Hook","Concentrate"],"picked":"Finisher","floor":22.0},{"not_picked":["Slice","Malaise","Finisher"],"picked":"SKIP","floor":23},{"not_picked":["Slice","Malaise","Finisher"],"picked":"SKIP","floor":23}],"player_experience":170220,"relics_obtained":[{"floor":6.0,"key":"Pocketwatch"},{"floor":13.0,"key":"Blood Vial"},{"floor":23,"key":"Calipers"}],"event_choices":[{"cards_removed":["Strike_G"],"damage_healed":0.0,"max_hp_gain":0.0,"max_hp_loss":0.0,"gold_gain":0.0,"event_name":"Bonfire Elementals","player_choice":"Offered Basic","floor":2.0,"gold_loss":0.0,"damage_taken":0.0},{"damage_healed":0.0,"max_hp_gain":0.0,"max_hp_loss":0.0,"gold_gain":0.0,"event_name":"The Woman in Blue","player_choice":"Bought 0 Potions","floor":4.0,"gold_loss":0.0,"damage_taken":0.0},{"damage_healed":0.0,"max_hp_gain":0.0,"max_hp_loss":0.0,"gold_gain":75.0,"event_name":"World of Goop","player_choice":"Gather Gold","floor":11.0,"gold_loss":0.0,"damage_taken":11.0},{"damage_healed":0.0,"max_hp_gain":0.0,"max_hp_loss":0.0,"gold_gain":0.0,"event_name":"Vampires","player_choice":"Ignored","floor":20.0,"gold_loss":0.0,"damage_taken":0.0},{"damage_healed":0.0,"max_hp_gain":0.0,"max_hp_loss":0.0,"gold_gain":90.0,"event_name":"Knowing Skull","player_choice":"GOLD ","floor":21.0,"potions_obtained":[],"gold_loss":0.0,"damage_taken":12.0,"cards_obtained":[]}],"is_beta":false,"boss_relics":[{"not_picked":["Runic Pyramid","Fusion Hammer"],"picked":"Astrolabe"}],"items_purged_floors":[],"is_endless":false,"potions_floor_spawned":[1,3,13,16,22],"killed_by":"Slavers","ascension_level":20}}