{"host":"dw8ij7emqco3quom","time":1610211119,"event":{"mods":["BaseMod","Minty Spire (QoL Compilation)"],"gold_per_floor":[119,69,69,87,87,87,103,133,133,133,133,159,173,173,173,272,272,289,289,302,302,302,302,322,322,322],"floor_reached":25,"playtime":2490,"items_purged":[],"score":297,"play_id":"f9da1e99-762f-4ad6-a580-075386e5cbed","local_time":"20210109175159","is_ascension_mode":true,"campfire_choices":[{"data":"Searing Blow","floor":6.0,"key":"SMITH"},{"floor":10.0,"key":"REST"},{"floor":15.0,"key":"REST"},{"floor":23.0,"key":"REST"}],"circlet_count":0,"master_deck":["Strike_R","Strike_R","Strike_R","Defend_R","Defend_R","Bash","Shrug It Off","Twin Strike","Searing Blow+1","Body Slam","Body Slam","Reaper","Disarm","Impervious","Headbutt","Pommel Strike+1","Bloodletting","Pommel Strike","Flex"],"relics":["Black Blood","Bottled Flame","White Beast Statue"],"acts_visited":["Exordium","TheCity"],"potions_floor_usage":[24,24,25],"damage_taken":[{"damage":7.0,"enemies":"Jaw Worm","floor":1.0,"turns":3.0},{"damage":5.0,"enemies":"Small Slimes","floor":4.0,"turns":3.0},{"damage":8.0,"enemies":"2 Louse","floor":7.0,"turns":2.0},{"damage":46.0,"enemies":"Lagavulin","floor":8.0,"turns":7.0},{"damage":42.0,"enemies":"Gremlin Nob","floor":12.0,"turns":5.0},{"damage":6.0,"enemies":"2 Fungi Beasts","floor":13.0,"turns":4.0},{"damage":51.0,"enemies":"Slime Boss","floor":16.0,"turns":16.0},{"damage":38.0,"enemies":"Shell Parasite","floor":18.0,"turns":6.0},{"damage":51.0,"enemies":"3 Byrds","floor":20.0,"turns":8.0},{"damage":17,"enemies":"3 Cultists","floor":24,"turns":5},{"damage":58,"enemies":"Gremlin Leader","floor":25,"turns":6}],"seed_played":"7346728112369182955","potions_obtained":[{"floor":4.0,"key":"EssenceOfSteel"},{"floor":7.0,"key":"LiquidBronze"},{"floor":8.0,"key":"ElixirPotion"},{"floor":13.0,"key":"ColorlessPotion"},{"floor":16.0,"key":"BloodPotion"},{"floor":18.0,"key":"Ancient Potion"},{"floor":20.0,"key":"PowerPotion"},{"floor":22.0,"key":"Fruit Juice"},{"floor":22.0,"key":"Fire Potion"},{"floor":24,"key":"LiquidMemories"}],"is_trial":false,"path_per_floor":["M","?","?","M","?","R","M","E","T","R","?","E","M","$","R","B",null,"M","?","M","?","?","R","M","E"],"character_chosen":"IRONCLAD","items_purchased":[],"campfire_rested":3,"item_purchase_floors":[],"current_hp_per_floor":[79,79,79,80,80,80,78,38,38,64,69,33,37,37,64,25,76,50,51,18,18,23,53,58,0,0],"gold":322,"neow_bonus":"TEN_PERCENT_HP_BONUS","is_daily":false,"chose_seed":false,"campfire_upgraded":1,"win_rate":0.0,"timestamp":1610211119,"path_taken":["M","?","?","M","?","R","M","E","T","R","?","E","M","$","R","BOSS","M","?","M","?","?","R","M","E"],"items_purchased_type":[],"build_version":"2020-12-22","purchased_purges":0,"victory":false,"max_hp_per_floor":[88,88,88,88,88,88,88,88,88,88,93,93,93,93,93,93,93,93,98,98,98,103,103,103,103,103],"card_choices":[{"not_picked":["Cleave","Clash"],"picked":"Shrug It Off","floor":1.0},{"not_picked":["Carnage","Hemokinesis"],"picked":"Twin Strike","floor":4.0},{"not_picked":["Feel No Pain","Wild Strike"],"picked":"Body Slam","floor":7.0},{"not_picked":["Offering","Havoc"],"picked":"Body Slam","floor":8.0},{"not_picked":["Rupture","Iron Wave"],"picked":"Reaper","floor":12.0},{"not_picked":["Power Through","Pommel Strike"],"picked":"Disarm","floor":13.0},{"not_picked":["Reaper","Bludgeon"],"picked":"Impervious","floor":16.0},{"not_picked":["Wild Strike","Anger"],"picked":"Headbutt","floor":18.0},{"not_picked":["Clash","Clothesline"],"picked":"Pommel Strike+1","floor":20.0},{"not_picked":["Headbutt","Corruption"],"picked":"Flex","floor":24}],"player_experience":627912,"relics_obtained":[{"floor":8.0,"key":"Bottled Flame"},{"floor":12.0,"key":"White Beast Statue"}],"event_choices":[{"cards_removed":["Defend_R"],"damage_healed":0.0,"max_hp_gain":0.0,"max_hp_loss":0.0,"gold_gain":0.0,"event_name":"The Cleric","player_choice":"Card Removal","floor":2.0,"gold_loss":50.0,"damage_taken":0.0},{"damage_healed":0.0,"max_hp_gain":0.0,"max_hp_loss":0.0,"gold_gain":0.0,"event_name":"Shining Light","player_choice":"Ignored","floor":3.0,"gold_loss":0.0,"damage_taken":0.0},{"damage_healed":0.0,"max_hp_gain":0.0,"max_hp_loss":0.0,"gold_gain":0.0,"cards_transformed":["Strike_R"],"event_name":"Living Wall","player_choice":"Change","floor":5.0,"gold_loss":0.0,"damage_taken":0.0,"cards_obtained":["Searing Blow"]},{"damage_healed":0.0,"max_hp_gain":5.0,"max_hp_loss":0.0,"gold_gain":0.0,"event_name":"Big Fish","player_choice":"Donut","floor":11.0,"gold_loss":0.0,"damage_taken":0.0},{"damage_healed":0.0,"max_hp_gain":5.0,"max_hp_loss":0.0,"gold_gain":0.0,"event_name":"Forgotten Altar","player_choice":"Shed Blood","floor":19.0,"gold_loss":0.0,"damage_taken":23.0},{"damage_healed":0.0,"max_hp_gain":0.0,"max_hp_loss":0.0,"gold_gain":0.0,"cards_transformed":["Strike_R","Defend_R"],"event_name":"Drug Dealer","player_choice":"Became Test Subject","floor":21.0,"gold_loss":0.0,"damage_taken":0.0,"cards_obtained":["Bloodletting","Pommel Strike"]},{"damage_healed":0.0,"max_hp_gain":0.0,"max_hp_loss":0.0,"gold_gain":0.0,"event_name":"Lab","player_choice":"Got Potions","floor":22.0,"gold_loss":0.0,"damage_taken":0.0}],"is_beta":false,"boss_relics":[{"not_picked":["Runic Dome","Busted Crown"],"picked":"Black Blood"}],"items_purged_floors":[],"is_endless":false,"potions_floor_spawned":[4,7,8,13,16,18,20,24],"killed_by":"Gremlin Leader","ascension_level":6}}