{"host":"r40cn8c2kv7g6k3i","time":1610198173,"event":{"mods":["Act Like it!","BaseMod","Colored Powertips","Downfall","Gensokyo","Hallownest","KinomotoSakuraMod(ƒæ÷Æ±æ”£)","Marisa£®ÏF”Í°°ƒß¿Ì…≥£©","Minty Spire (QoL Compilation)","Onozuka Komachi Mod","Prisma Mod","Reimu£®≤©¿ˆ¡È√Œ£©","Remilia£®¿Ÿ√◊¿Ú—«£©","Replay The Spire","Shop Mod","Spicy Shops","StSLib","The Alterego","The Bug Knight","The Servant 0.9.4","UnlockEverythingMod","WarShipGirlsR/’ΩΩ¢…Ÿ≈ÆR mod","Youmu£®ªÍ∆«—˝√Œ£©","Yuri Mod"],"gold_per_floor":[112,112,112,112,127,142,142,156,181,205,226,250,277,321,321,425,425,451,22,22,22,50,50,70,104,9,38,113,178,178,178],"floor_reached":30,"playtime":3523,"items_purged":[],"score":299,"play_id":"e8f0f770-2438-42e0-b36b-9fdab9530ff7","local_time":"20210109211613","is_ascension_mode":false,"campfire_choices":[{"data":"HumanKnowledgeSword","floor":7.0,"key":"SMITH"},{"floor":15,"key":"REST"}],"circlet_count":0,"master_deck":["Strike_YM","Strike_YM","Strike_YM","Strike_YM","Defend_YM","Defend_YM","Defend_YM","Defend_YM","SlashOfPresentWorld","WheelOfPainOfLivingAndDead","Pain","HumanKnowledgeSword+1","SanzenSekai","SuddenPhantomFormationSlashOfKarmicWind","HumanKnowledgeSword","HiganSword","HumanGodSword","HumanGodSword","CherryBlossomFlashing","SlashOfSaigyouSpringWind","FourBirthsSword","CrescentMoonSlash+1","Doubt","SlashOfMeditation","SlashOfMeditation+1","HiganSword","VoidnessSword","Gensokyo:TarnishedGold","Gensokyo:LockedMedkit","Gensokyo:RPG","FourBirthsSword","FourBirthsSword+1","Pot Of Greed","Pot Of Greed","Pot Of Greed"],"relics":["HalfPhantom","Wakizashi","Gensokyo:YoukaiFlower","Gensokyo:LunaticRedEyes","CeramicFish","Lantern","Black Star","Blue Doll","PreservedInsect","Lee\u0027s Waffle","Gensokyo:ConquerorOfFear","Tiny Chest","Orichalcum","Pantograph","Replay:Ringing Soul","Grinning Jar"],"acts_visited":["Gensokyo:Gensokyo","Gensokyo:Gensokyoer"],"potions_floor_usage":[13,14,16,30],"damage_taken":[{"damage":4.0,"enemies":"Gensokyo:Python","floor":1.0,"turns":4.0},{"damage":5.0,"enemies":"Gensokyo:3_Fairies","floor":5.0,"turns":4.0},{"damage":4.0,"enemies":"Gensokyo:2_Kodama","floor":6.0,"turns":4.0},{"damage":1.0,"enemies":"Gensokyo:VengefulSpirit","floor":8.0,"turns":4.0},{"damage":8.0,"enemies":"Gensokyo:2_Rabbits","floor":10.0,"turns":3.0},{"damage":4.0,"enemies":"Gensokyo:Python_and_Kodama","floor":11.0,"turns":4.0},{"damage":11,"enemies":"Gensokyo:3_Kodama","floor":12,"turns":4},{"damage":1,"enemies":"Gensokyo:Kitsune","floor":13,"turns":3},{"damage":7,"enemies":"Gensokyo:Aya","floor":14,"turns":6},{"damage":30,"enemies":"Gensokyo:Yukari","floor":16,"turns":11},{"damage":18,"enemies":"Gensokyo:3_Dogs","floor":18,"turns":4},{"damage":10,"enemies":"Gensokyo:AngelMirror","floor":22,"turns":2},{"damage":22,"enemies":"Gensokyo:Chomper_and_Gloop","floor":24,"turns":4},{"damage":23,"enemies":"Gensokyo:Reisen","floor":25,"turns":4},{"damage":0,"enemies":"Gensokyo:3_Gloops","floor":27,"turns":2},{"damage":18,"enemies":"Gensokyo:Koishi","floor":29,"turns":6},{"damage":12,"enemies":"Gensokyo:Mirror_and_Dog","floor":30,"turns":2}],"seed_played":"-149597773848919172","potions_obtained":[{"floor":1.0,"key":"EssenceOfSteel"},{"floor":8.0,"key":"DuplicationPotion"},{"floor":14,"key":"SteroidPotion"},{"floor":16,"key":"Energy Potion"},{"floor":22,"key":"Fire Potion"},{"floor":25,"key":"SpeedPotion"},{"floor":29,"key":"Reflective Coating"}],"is_trial":false,"path_per_floor":["M","?","?","$","M","M","R","M","T","M","M","M","M","E","R","B",null,"M","$","PTL","PTL","M","?","M","E","COS","M","T","E","M"],"character_chosen":"YOUMU","items_purchased":["Blue Doll","CrescentMoonSlash+1","PreservedInsect","Lee\u0027s Waffle","SlashOfMeditation"],"campfire_rested":1,"item_purchase_floors":[19,19,19,19,19],"current_hp_per_floor":[50,50,50,50,45,41,41,40,40,32,28,17,16,9,31,1,75,57,82,82,82,72,72,50,27,27,27,27,12,0,0],"gold":178,"neow_bonus":"ONE_RARE_RELIC","is_daily":false,"chose_seed":false,"campfire_upgraded":1,"win_rate":0.0,"timestamp":1610198173,"path_taken":["M","?","?","?","M","M","R","M","T","M","M","?","M","E","R","BOSS","M","$","PTL","PTL","M","?","M","E","COS","M","T","E","M"],"items_purchased_type":["Relic","Card","Relic","Relic","Card"],"build_version":"2020-12-22","purchased_purges":0,"victory":false,"max_hp_per_floor":[75,75,75,75,75,75,75,75,75,75,75,75,75,75,75,75,75,75,82,82,82,82,82,82,82,82,82,82,85,85,85],"card_choices":[{"not_picked":["PretaSword","SanzenSekai"],"picked":"TenKingsRetributionOnThePreta","floor":1.0},{"not_picked":["LifeCuttingSword","SlashOfMeditation"],"picked":"HumanKnowledgeSword","floor":5.0},{"not_picked":["ConstancyOfTheConventionalTruth","BloodOfAsura"],"picked":"SanzenSekai","floor":6.0},{"not_picked":["CrescentMoonSlash","LotusPostureSlash"],"picked":"SuddenPhantomFormationSlashOfKarmicWind","floor":8.0},{"not_picked":["HellFireSword","ThreeKonsSevenHakus"],"picked":"HumanKnowledgeSword","floor":10.0},{"not_picked":["LowerRealmReflectionSlash","FlashingScatteredFlowers"],"picked":"HiganSword","floor":11},{"not_picked":["FiveSignsOfTheDyingDeva","HeavenGodSword"],"picked":"HumanGodSword","floor":12},{"not_picked":["GhostSword","KarmicPunishmentOfTheIdleAndUnfocused"],"picked":"HumanGodSword","floor":13},{"not_picked":["SwordExtraction","LowerRealmReflectionSlash"],"picked":"CherryBlossomFlashing","floor":14},{"not_picked":["FastingOfTheYoungPreta","SuddenDivineSeveringOfKarmicWind"],"picked":"SlashOfSaigyouSpringWind","floor":16},{"not_picked":["PhosphoricSlash","TwoHundredYojanaInOneSlash"],"picked":"FourBirthsSword","floor":18},{"not_picked":["DispleasureOfTheSevenHakus","LowerRealmReflectionSlash+1"],"picked":"SlashOfMeditation+1","floor":22},{"not_picked":["PreachingAvici","CherryBlossomFlashing+1"],"picked":"HiganSword","floor":24},{"not_picked":["LifeCuttingSword+1","HumanGodSword"],"picked":"VoidnessSword","floor":25},{"not_picked":["SpiritCuttingSword","DispleasureOfTheSevenHakus"],"picked":"FourBirthsSword","floor":27},{"not_picked":["LowerRealmReflectionSlash","ThreeKonsSevenHakus"],"picked":"FourBirthsSword+1","floor":29}],"player_experience":139760,"relics_obtained":[{"floor":9.0,"key":"CeramicFish"},{"floor":14,"key":"Lantern"},{"floor":24,"key":"Gensokyo:ConquerorOfFear"},{"floor":25,"key":"Tiny Chest"},{"floor":25,"key":"Orichalcum"},{"floor":28,"key":"Pantograph"},{"floor":29,"key":"Replay:Ringing Soul"},{"floor":29,"key":"Grinning Jar"}],"event_choices":[],"is_beta":false,"boss_relics":[{"not_picked":["Fusion Hammer","RedLine:ReiMu"],"picked":"Black Star"}],"items_purged_floors":[],"is_endless":false,"potions_floor_spawned":[1,8,14,16,22,25,29],"killed_by":"Gensokyo:Mirror_and_Dog","ascension_level":0}}