{"host":"dm4yvegl9um2tlqd","time":1610196845,"event":{"mods":["2.2 Compatiblity","BaseMod","Colored Map","DeckTracker","Highlight Path","KOR Keyword Fix","Keyboard Shortcuts","Minty Spire (QoL Compilation)","Permanent Neow","Quick Restart","Random Character Button","StSLib","SuperFastMode","everything is the same but u backflip on backflip"],"gold_per_floor":[118,118,193,212,212,212,229,239,317,317,331,331,331,344,344,464,464,480,480,660,673,686,686,701,701,725,740,753,792,792,811,811,934,934,954,954,954,1017,1042,1042,1069,1082,1082,1142,1142,1165,1165,75,75,75],"floor_reached":51,"playtime":2076,"items_purged":["Strike_B"],"score":709,"play_id":"5261c2f8-c959-41e5-92a6-6ef7db6c410d","local_time":"20210109215405","is_ascension_mode":false,"campfire_choices":[{"data":"Ball Lightning","floor":6.0,"key":"SMITH"},{"data":"Go for the Eyes","floor":10.0,"key":"SMITH"},{"data":"Streamline","floor":12.0,"key":"SMITH"},{"data":"Beam Cell","floor":15.0,"key":"SMITH"},{"floor":23.0,"key":"REST"},{"floor":25.0,"key":"REST"},{"data":"Fission","floor":30,"key":"SMITH"},{"floor":32,"key":"REST"},{"data":"Seek","floor":40,"key":"SMITH"},{"data":"Zap","floor":45,"key":"SMITH"},{"data":"Secret Technique","floor":49,"key":"SMITH"}],"circlet_count":0,"master_deck":["Strike_B","Defend_B","Defend_B","Defend_B","Defend_B","Zap+1","Dualcast+1","Hello World","Ball Lightning+1","Compile Driver+1","Ball Lightning","Go for the Eyes+1","Streamline+1","Beam Cell+1","Fission+1","Sweeping Beam","Cold Snap+1","Self Repair","Hologram","Seek+1","Compile Driver","Reboot","Reinforced Body+1","Panacea","Aggregate+1","Steam+1","Defragment+1","Compile Driver","Defragment+1","Discovery","Secret Technique+1","Glacier"],"relics":["Cracked Core","Kunai","Golden Idol","Nuclear Battery","Enchiridion","Toy Ornithopter","Anchor","Coffee Dripper","Unceasing Top","Ancient Tea Set","Eternal Feather","Incense Burner","DollysMirror","CaptainsWheel","Dream Catcher"],"acts_visited":["Exordium","TheCity","TheBeyond"],"potions_floor_usage":[28,33,33,50,50],"damage_taken":[{"damage":1.0,"enemies":"Cultist","floor":1.0,"turns":4.0},{"damage":0.0,"enemies":"Small Slimes","floor":4.0,"turns":3.0},{"damage":1.0,"enemies":"2 Louse","floor":7.0,"turns":2.0},{"damage":2.0,"enemies":"Blue Slaver","floor":8.0,"turns":2.0},{"damage":1.0,"enemies":"Large Slime","floor":11.0,"turns":4.0},{"damage":3.0,"enemies":"Red Slaver","floor":14.0,"turns":2.0},{"damage":11.0,"enemies":"Slime Boss","floor":16.0,"turns":5.0},{"damage":0.0,"enemies":"Chosen","floor":18.0,"turns":3.0},{"damage":11.0,"enemies":"2 Thieves","floor":21.0,"turns":3.0},{"damage":20.0,"enemies":"Snake Plant","floor":22.0,"turns":3.0},{"damage":14.0,"enemies":"Centurion and Healer","floor":24.0,"turns":4.0},{"damage":3.0,"enemies":"Cultist and Chosen","floor":27.0,"turns":4.0},{"damage":6,"enemies":"Shelled Parasite and Fungi","floor":28,"turns":4},{"damage":8,"enemies":"Gremlin Leader","floor":29,"turns":4},{"damage":15,"enemies":"Snake Plant","floor":31,"turns":3},{"damage":41,"enemies":"Collector","floor":33,"turns":7},{"damage":0,"enemies":"3 Shapes","floor":35,"turns":3},{"damage":5,"enemies":"Mind Bloom Boss Battle","floor":38,"turns":9},{"damage":2,"enemies":"3 Darklings","floor":39,"turns":4},{"damage":0,"enemies":"4 Shapes","floor":42,"turns":3},{"damage":20,"enemies":"2 Orb Walkers","floor":44,"turns":3},{"damage":3,"enemies":"Maw","floor":46,"turns":5},{"damage":4,"enemies":"Time Eater","floor":50,"turns":11}],"seed_played":"-4198702697130331353","potions_obtained":[{"floor":4.0,"key":"DuplicationPotion"},{"floor":8.0,"key":"SpeedPotion"},{"floor":11.0,"key":"AttackPotion"},{"floor":22.0,"key":"Strength Potion"},{"floor":29,"key":"SpeedPotion"},{"floor":35,"key":"Regen Potion"},{"floor":38,"key":"Fire Potion"}],"is_trial":false,"path_per_floor":["M","?","?","M","?","R","M","M","T","R","M","R","?","M","R","B",null,"M","?","?","M","M","R","M","R","T","M","M","E","R","M","R","B",null,"M","?","?","?","M","R","T","M","T","?","R","M","?","$","R","B",null],"character_chosen":"DEFECT","items_purchased":["DollysMirror","CaptainsWheel","FocusPotion","Dexterity Potion","Discovery","Secret Technique","Glacier","Dream Catcher"],"campfire_rested":3,"item_purchase_floors":[48,48,48,48,48,48,48,48],"current_hp_per_floor":[74,74,63,63,48,48,47,45,45,45,44,44,44,41,41,30,69,69,53,34,23,3,23,16,36,36,33,39,38,38,30,50,26,69,69,69,66,66,66,66,66,66,66,53,66,66,66,66,66,66],"gold":75,"neow_bonus":"TRANSFORM_CARD","is_daily":false,"chose_seed":false,"campfire_upgraded":8,"win_rate":0.0,"timestamp":1610196845,"path_taken":["M","?","?","M","?","R","M","M","T","R","M","R","?","?","R","BOSS","M","?","?","?","M","R","M","R","T","M","M","E","R","M","R","BOSS","M","?","?","?","M","R","?","?","T","?","R","M","?","$","R","BOSS"],"items_purchased_type":["Relic","Relic","Potion","Potion","Card","Card","Card","Relic"],"build_version":"2020-12-22","purchased_purges":1,"victory":true,"max_hp_per_floor":[75,75,75,75,75,75,75,75,75,75,75,75,69,69,69,69,69,69,69,69,69,69,69,69,69,69,69,69,69,69,69,69,69,69,69,69,66,66,66,66,66,66,66,66,66,66,66,66,66,66],"card_choices":[{"not_picked":["Compile Driver","Redo"],"picked":"Ball Lightning","floor":1.0},{"not_picked":["Stack","Steam Power"],"picked":"Compile Driver","floor":4.0},{"not_picked":["Heatsinks","Barrage"],"picked":"Ball Lightning","floor":7.0},{"not_picked":["Compile Driver","Steam"],"picked":"Go for the Eyes","floor":8.0},{"not_picked":["Hello World","Thunder Strike"],"picked":"Streamline","floor":11.0},{"not_picked":["Redo","Loop"],"picked":"Beam Cell","floor":14.0},{"not_picked":["Machine Learning","Biased Cognition"],"picked":"Fission","floor":16.0},{"not_picked":["Loop","Reprogram"],"picked":"Sweeping Beam","floor":18.0},{"not_picked":["Stack","Redo+1"],"picked":"Cold Snap+1","floor":21.0},{"not_picked":["Barrage","Cold Snap"],"picked":"Self Repair","floor":22.0},{"not_picked":["Capacitor","Compile Driver","Streamline"],"picked":"SKIP","floor":24.0},{"not_picked":["Scrape","Steam"],"picked":"Hologram","floor":27.0},{"not_picked":["Glacier","Coolheaded"],"picked":"Seek","floor":28},{"not_picked":["Loop","Beam Cell"],"picked":"Compile Driver","floor":29},{"not_picked":["Ball Lightning","Chill","Static Discharge"],"picked":"SKIP","floor":31},{"not_picked":["Multi-Cast","Rainbow"],"picked":"Reboot","floor":33},{"not_picked":["Redo+1","Darkness"],"picked":"Reinforced Body+1","floor":35},{"not_picked":["Purity","Bandage Up"],"picked":"Panacea","floor":36},{"not_picked":["Storm","Sweeping Beam"],"picked":"Aggregate+1","floor":38},{"not_picked":["Gash","Conserve Battery+1","Tempest+1"],"picked":"SKIP","floor":39},{"not_picked":["Go for the Eyes+1","Static Discharge","Beam Cell"],"picked":"SKIP","floor":42},{"not_picked":["FTL+1","Cold Snap+1"],"picked":"Steam+1","floor":44},{"not_picked":["Tempest+1","Fission"],"picked":"Defragment+1","floor":46}],"player_experience":4611,"relics_obtained":[{"floor":9.0,"key":"Kunai"},{"floor":19.0,"key":"Enchiridion"},{"floor":26.0,"key":"Toy Ornithopter"},{"floor":29,"key":"Anchor"},{"floor":38,"key":"Unceasing Top"},{"floor":41,"key":"Ancient Tea Set"},{"floor":43,"key":"Eternal Feather"},{"floor":44,"key":"Incense Burner"}],"event_choices":[{"damage_healed":0.0,"max_hp_gain":0.0,"max_hp_loss":0.0,"gold_gain":0.0,"event_name":"Liars Game","player_choice":"Ignored","floor":2.0,"gold_loss":0.0,"damage_taken":0.0},{"damage_healed":0.0,"max_hp_gain":0.0,"max_hp_loss":0.0,"gold_gain":75.0,"event_name":"World of Goop","player_choice":"Gather Gold","floor":3.0,"gold_loss":0.0,"damage_taken":11.0},{"damage_healed":0.0,"max_hp_gain":0.0,"max_hp_loss":0.0,"gold_gain":0.0,"event_name":"Shining Light","player_choice":"Entered Light","floor":5.0,"gold_loss":0.0,"damage_taken":15.0,"cards_upgraded":["Compile Driver","Dualcast"]},{"damage_healed":0.0,"max_hp_gain":0.0,"max_hp_loss":6.0,"gold_gain":0.0,"event_name":"Golden Idol","player_choice":"Lose Max HP","floor":13.0,"gold_loss":0.0,"damage_taken":0.0,"relics_obtained":["Golden Idol"]},{"damage_healed":0.0,"max_hp_gain":0.0,"max_hp_loss":0.0,"gold_gain":0.0,"event_name":"Cursed Tome","player_choice":"Obtained Book","floor":19.0,"gold_loss":0.0,"damage_taken":16.0},{"damage_healed":0.0,"max_hp_gain":0.0,"max_hp_loss":0.0,"gold_gain":180.0,"event_name":"Knowing Skull","player_choice":"GOLD GOLD ","floor":20.0,"potions_obtained":[],"gold_loss":0.0,"damage_taken":19.0,"cards_obtained":[]},{"damage_healed":0,"gold_gain":0,"player_choice":"Memory 1","damage_taken":0,"max_hp_gain":0,"max_hp_loss":0,"event_name":"SensoryStone","floor":36,"gold_loss":0},{"damage_healed":0,"gold_gain":0,"player_choice":"Max HP","damage_taken":0,"max_hp_gain":0,"max_hp_loss":3,"event_name":"Winding Halls","floor":37,"gold_loss":0},{"damage_healed":0,"gold_gain":0,"player_choice":"Fight","damage_taken":0,"max_hp_gain":0,"max_hp_loss":0,"event_name":"MindBloom","floor":38,"gold_loss":0},{"damage_healed":0,"gold_gain":0,"player_choice":"Fight","damage_taken":0,"max_hp_gain":0,"max_hp_loss":0,"event_name":"Mysterious Sphere","floor":44,"gold_loss":0},{"damage_healed":0,"gold_gain":0,"cards_transformed":["Strike_B"],"player_choice":"Transformed","damage_taken":0,"max_hp_gain":0,"max_hp_loss":0,"event_name":"Transmorgrifier","floor":47,"gold_loss":0,"cards_obtained":["Compile Driver"]}],"is_beta":false,"boss_relics":[{"not_picked":["Cursed Key","Black Star"],"picked":"Nuclear Battery"},{"not_picked":["Empty Cage","Philosopher\u0027s Stone"],"picked":"Coffee Dripper"}],"items_purged_floors":[48],"is_endless":false,"potions_floor_spawned":[4,8,11,22,24,27,29,35,38,39],"ascension_level":0}}