{"host":"ve5hox67eka4rdnb","time":1610199288,"event":{"mods":["ATMod(∞¢Ë™Mod)","Act Like it!","BaseMod","Downfall","Gensokyo","Hermit","Lobotomy","Marisa£®ÏF”Í°°ƒß¿Ì…≥£©","Minty Spire (QoL Compilation)","Remilia£®¿Ÿ√◊¿Ú—«£©","Replay The Spire","StSLib","The Cursed","The Servant 0.9.4"],"gold_per_floor":[112,127,52,52,63,63,83,83,83,11,111,140,151,181,181,181,181],"floor_reached":16,"playtime":681,"items_purged":["Defend_P"],"score":100,"play_id":"a77ac6aa-c16b-47cd-97bd-090b02c51eb5","local_time":"20210109213448","is_ascension_mode":false,"campfire_choices":[{"data":"Eruption","floor":6,"key":"SMITH"},{"floor":15,"key":"REST"}],"circlet_count":0,"master_deck":["Strike_P+1","Strike_P+1","Strike_P+1","Defend_P","Defend_P","Eruption+1","Vigilance","AT_FamilyPortrait+1","OldLady","Vengeance","FairyFestival","Scorched","AT_IrregularMenstruation","SpiderBud","FlurryOfBlows","ForeignInfluence","Steam","Conclude","UniverseFragment"],"relics":["PureWater","AT_ATBox","CogitoBucket","Replay:Bottled Eggs","ChangeAnything"],"acts_visited":["Exordium"],"potions_floor_usage":[13],"damage_taken":[{"damage":0,"enemies":"2 Louse","floor":1,"turns":1},{"damage":2,"enemies":"Small Slimes","floor":2,"turns":3},{"damage":23,"enemies":"Jaw Worm","floor":5,"turns":2},{"damage":31,"enemies":"3 Louse","floor":7,"turns":4},{"damage":4,"enemies":"3 Sentries","floor":12,"turns":4},{"damage":10,"enemies":"Exordium Thugs","floor":13,"turns":2},{"damage":0,"enemies":"Fading Forest","floor":16,"turns":1}],"seed_played":"4965474539800323380","potions_obtained":[{"floor":1,"key":"Adrenaline Potion"},{"floor":7,"key":"Block Potion"},{"floor":12,"key":"FearPotion"}],"is_trial":false,"path_per_floor":["M","M","$","?","M","R","M","?","T","$","?","E","M","?","R","B"],"character_chosen":"WATCHER","items_purchased":["Conclude"],"campfire_rested":1,"item_purchase_floors":[10],"current_hp_per_floor":[72,70,70,70,49,49,18,18,18,18,18,14,4,4,25,25,25],"gold":181,"neow_bonus":"","is_daily":false,"chose_seed":false,"campfire_upgraded":1,"win_rate":0.0,"timestamp":1610199288,"path_taken":["M","M","$","?","M","R","M","?","T","?","?","E","M","?","R","BOSS"],"items_purchased_type":["Card"],"build_version":"2020-12-22","purchased_purges":1,"victory":false,"max_hp_per_floor":[72,72,72,72,72,72,72,72,72,72,72,72,72,72,72,72,72],"card_choices":[{"not_picked":["CherryBlossoms","Wellcheers"],"picked":"OldLady","floor":1},{"not_picked":["Protect","Wireheading"],"picked":"Vengeance","floor":1},{"not_picked":["WallGazer","Scorched"],"picked":"FairyFestival","floor":2},{"not_picked":["Prostrate","SandsOfTime","Protect"],"picked":"SKIP","floor":2},{"not_picked":["Prostrate","SandsOfTime","Protect"],"picked":"SKIP","floor":2},{"not_picked":["HeroicMonk","ShyLook"],"picked":"Scorched","floor":5},{"not_picked":["Crescendo","BowlingBash"],"picked":"AT_IrregularMenstruation","floor":5},{"not_picked":["OSAHOGD","MHz"],"picked":"SpiderBud","floor":7},{"not_picked":["WreathOfFlame","Wallop"],"picked":"FlurryOfBlows","floor":7},{"not_picked":["ThirdEye","Meditate","Indignation"],"picked":"SKIP","floor":12},{"not_picked":["OSAHOGD","RedShoes"],"picked":"UniverseFragment","floor":13},{"not_picked":["BowlingBash","Replay:ManipulateFuture","Evaluate"],"picked":"SKIP","floor":13}],"player_experience":143649,"relics_obtained":[{"floor":12,"key":"Replay:Bottled Eggs"}],"event_choices":[{"damage_healed":0,"gold_gain":0,"player_choice":"Grow","damage_taken":0,"max_hp_gain":0,"max_hp_loss":0,"event_name":"Living Wall","floor":4,"gold_loss":0,"cards_upgraded":["AT_FamilyPortrait"]},{"damage_healed":0,"gold_gain":100,"player_choice":"Pray","damage_taken":0,"max_hp_gain":0,"max_hp_loss":0,"event_name":"Golden Shrine","floor":11,"gold_loss":0},{"damage_healed":0,"gold_gain":30,"player_choice":"Searched \u00272\u0027 times","damage_taken":0,"max_hp_gain":0,"max_hp_loss":0,"event_name":"Dead Adventurer","floor":14,"gold_loss":0}],"is_beta":false,"boss_relics":[],"items_purged_floors":[3],"is_endless":false,"potions_floor_spawned":[1,7,12],"killed_by":"Fading Forest","ascension_level":0}}