{"host":"ig7tc0uedzltt2sr","time":1610232888,"event":{"mods":["BaseMod","Better Twitch Integration","Block Reminder","Colored Map","Colored Powertips","Communication Mod","Current Relic Mod","GifTheSpireLib","HexUI Lib","Minty Spire (QoL Compilation)","Quick Restart","Random Character Button","Rare Cards Sparkle","Relic Sorter","Relic Stats","Slay the Relics Exporter","StSLib","SuperFastMode","Synergy Search","Twitch Decklist","Twitch Utils","everything is the same but u backflip on backflip","slay the spire mod where everything is the same but ironclad has a cowboy hat"],"gold_per_floor":[110,110,124,74,93,93,93,93,174,188,201,201,221,221,221,221,221],"floor_reached":16,"playtime":91,"items_purged":[],"score":92,"play_id":"d54c4397-37fd-4b5d-ad18-03aa17f0b992","local_time":"20210109145448","is_ascension_mode":false,"campfire_choices":[{"floor":6,"key":"RECALL"},{"data":"Thunderclap","floor":8,"key":"SMITH"},{"data":"Strike_R","floor":15,"key":"SMITH"}],"circlet_count":0,"master_deck":["Strike_R+1","Strike_R","Strike_R","Strike_R","Defend_R+1","Defend_R","Defend_R","Defend_R","Bash","Rampage","Thunderclap+1","Fire Breathing","Seeing Red","Whirlwind","Burning Pact"],"relics":["Burning Blood","Omamori","Sundial"],"acts_visited":["Exordium"],"potions_floor_usage":[],"damage_taken":[{"damage":8,"enemies":"Small Slimes","floor":1,"turns":6},{"damage":31,"enemies":"Cultist","floor":3,"turns":7},{"damage":7,"enemies":"2 Louse","floor":5,"turns":5},{"damage":23,"enemies":"Exordium Wildlife","floor":10,"turns":6},{"damage":22,"enemies":"2 Fungi Beasts","floor":11,"turns":6},{"damage":18,"enemies":"Red Slaver","floor":13,"turns":6},{"damage":15,"enemies":"Hexaghost","floor":16,"turns":4}],"seed_played":"-7145317294224910007","potions_obtained":[{"floor":1,"key":"Swift Potion"},{"floor":5,"key":"Block Potion"},{"floor":13,"key":"BlessingOfTheForge"}],"is_trial":false,"path_per_floor":["M","?","M","?","M","R","$","R","T","M","M","?","M","$","R","B"],"character_chosen":"IRONCLAD","items_purchased":[],"campfire_rested":0,"item_purchase_floors":[],"current_hp_per_floor":[86,86,61,61,60,60,60,60,60,43,27,27,15,15,15,0,0],"gold":221,"neow_bonus":"TEN_PERCENT_HP_BONUS","is_daily":false,"chose_seed":false,"campfire_upgraded":2,"win_rate":0.0,"timestamp":1610232888,"path_taken":["M","?","?","?","M","R","$","R","T","M","M","?","M","?","R","BOSS"],"items_purchased_type":[],"build_version":"2020-12-22","purchased_purges":0,"victory":false,"max_hp_per_floor":[88,88,88,88,88,88,88,88,88,88,88,88,88,88,88,88,88],"relic_stats":{"counters":[7,40],"Sundial":[4],"obtain_stats":[{"Sundial":9,"Omamori":2,"Burning Blood":0},{"Sundial":3,"Omamori":1,"Burning Blood":0},{"Sundial":18,"Omamori":6,"Burning Blood":0}],"Burning Blood":36},"card_choices":[{"not_picked":["Combust","Uppercut"],"picked":"Rampage","floor":1},{"not_picked":["Sword Boomerang","Hemokinesis"],"picked":"Thunderclap","floor":3},{"not_picked":["Flex","Seeing Red"],"picked":"Fire Breathing","floor":5},{"not_picked":["Body Slam","Havoc"],"picked":"Seeing Red","floor":10},{"not_picked":["Headbutt","Shrug It Off"],"picked":"Whirlwind","floor":11},{"not_picked":["Flex","Carnage"],"picked":"Burning Pact","floor":13}],"player_experience":1472794,"relics_obtained":[{"floor":9,"key":"Sundial"}],"event_choices":[{"damage_healed":0,"gold_gain":0,"player_choice":"Gave Potion","damage_taken":0,"relics_obtained":["Omamori"],"max_hp_gain":0,"max_hp_loss":0,"event_name":"WeMeetAgain","floor":2,"gold_loss":0},{"cards_removed":["Strike_R"],"damage_healed":0,"gold_gain":0,"player_choice":"Card Removal","damage_taken":0,"max_hp_gain":0,"max_hp_loss":0,"event_name":"The Cleric","floor":4,"gold_loss":50},{"damage_healed":0,"gold_gain":0,"player_choice":"Grow","damage_taken":0,"max_hp_gain":0,"max_hp_loss":0,"event_name":"Living Wall","floor":12,"gold_loss":0,"cards_upgraded":["Defend_R"]}],"is_beta":false,"boss_relics":[],"items_purged_floors":[],"is_endless":false,"potions_floor_spawned":[1,5,13],"killed_by":"Hexaghost","ascension_level":0}}