{"host":"6749gst1gzuv21qf","time":1610230391,"event":{"mods":["Aspiration","BaseMod","Better Altar","Better Match","Better Note","Better Sensory Stone","Better Skull","Better Third Choice","BetterRewards","Colored Map","Colored Powertips","Downfall","Highlight Path","Minty Spire (QoL Compilation)","Permanent Neow","Replay The Spire","Shop Mod","Spicy Shops","StSLib","The Cursed","Wandering Minibosses"],"gold_per_floor":[99,113,123,137,156,156,156,186,199,209,236,255,355,580,593,593,593,593],"floor_reached":16,"playtime":2611,"items_purged":[],"score":116,"play_id":"5a1627eb-d914-4536-aa36-374c43a692f6","local_time":"20210109171311","is_ascension_mode":false,"campfire_choices":[],"circlet_count":0,"master_deck":["Guardian:Strike_Guardian","Guardian:Strike_Guardian","Guardian:Strike_Guardian","Guardian:Defend_Guardian","Guardian:Defend_Guardian","Guardian:Defend_Guardian","Guardian:CurlUp","Guardian:TwinSlam","Guardian:ChargeCore","Guardian:RollAttack","Guardian:WalkerClaw","Guardian:Emergency","Guardian:Gem_Crimson","Guardian:Harden","Guardian:Gem_Blue","Guardian:Gem_Lightblue","Guardian:Gem_Synthetic","Guardian:Gem_Red","Guardian:SentryBeam","Guardian:Gem_Green","Guardian:PolyBeam","Guardian:PolyBeam","Guardian:PrismaticBeam","Guardian:MultiBeam","Guardian:TemporalStrike","Doubt","Guardian:SphericShield","Guardian:ShieldCharger"],"relics":["Guardian:ModeShifter","Prayer Wheel","Vajra","Juzu Bracelet","downfall:CloakOfManyFaces","CultistMask","FaceOfCleric","NlothsMask","GremlinMask","SsserpentHead"],"acts_visited":["Exordium"],"potions_floor_usage":[8,8,8,13],"damage_taken":[{"damage":0,"enemies":"Small Slimes","floor":2,"turns":3},{"damage":0,"enemies":"Cultist","floor":3,"turns":3},{"damage":2,"enemies":"2 Louse","floor":4,"turns":3},{"damage":4,"enemies":"2 Fungi Beasts","floor":5,"turns":3},{"damage":14,"enemies":"Lagavulin","floor":8,"turns":6},{"damage":0,"enemies":"Exordium Wildlife","floor":9,"turns":6},{"damage":18,"enemies":"Large Slime","floor":10,"turns":7},{"damage":14,"enemies":"Gremlin Nob","floor":11,"turns":4},{"damage":10,"enemies":"Gremlin Gang","floor":12,"turns":3},{"damage":9,"enemies":"downfall:FaceTrader","floor":13,"turns":6},{"damage":5,"enemies":"Lots of Slimes","floor":15,"turns":3},{"damage":7,"enemies":"downfall:Defect","floor":16,"turns":2}],"seed_played":"3101287189709614048","potions_obtained":[{"floor":3,"key":"Block Potion"},{"floor":4,"key":"FearPotion"},{"floor":5,"key":"Explosive Potion"},{"floor":12,"key":"Block Potion"},{"floor":15,"key":"Guardian:BlockOnCardUsePotion"}],"is_trial":false,"path_per_floor":["R_BF","M","M","M","M","?","T","E","M","M","E","M","?","?","M","B"],"character_chosen":"GUARDIAN","items_purchased":[],"campfire_rested":0,"item_purchase_floors":[],"current_hp_per_floor":[80,80,80,78,74,74,74,60,60,42,28,18,9,9,5,0,0,0],"gold":593,"neow_bonus":"TRANSFORM_CARD","is_daily":false,"chose_seed":false,"campfire_upgraded":0,"win_rate":0.0,"timestamp":1610230391,"path_taken":["R_BF","M","M","M","M","?","T","E","?","M","E","M","?","?","M","BOSS"],"items_purchased_type":[],"build_version":"2020-12-22","purchased_purges":0,"victory":false,"max_hp_per_floor":[80,80,80,80,80,80,80,80,80,80,80,80,80,80,81,81,81,81],"card_choices":[{"not_picked":["Guardian:Recover","Guardian:Gem_Cyan"],"picked":"Guardian:WalkerClaw","floor":2},{"not_picked":["Guardian:CrystalBeam","Guardian:Preprogram"],"picked":"Guardian:Emergency","floor":3},{"not_picked":["Guardian:Suspension","Guardian:PrimingBeam"],"picked":"Guardian:Gem_Crimson","floor":4},{"not_picked":["Guardian:CrystalBeam","Guardian:PiercingHide"],"picked":"Guardian:Harden","floor":5},{"not_picked":["Guardian:RollAttack","Guardian:Gem_Cyan"],"picked":"Guardian:Gem_Synthetic","floor":8},{"not_picked":["Guardian:Incinerate","Guardian:Repulse"],"picked":"Guardian:Gem_Red","floor":9},{"not_picked":["Guardian:Gem_Green","Guardian:Gem_Cyan"],"picked":"Guardian:SentryBeam","floor":9},{"not_picked":["Guardian:PrimingBeam","Guardian:WalkerClaw"],"picked":"Guardian:Gem_Green","floor":10},{"not_picked":["Guardian:Gem_Cyan","Guardian:ShieldCharger"],"picked":"Guardian:PolyBeam","floor":10},{"not_picked":["Guardian:Reroute","Guardian:Gem_Lightblue"],"picked":"Guardian:PolyBeam","floor":11},{"not_picked":["Guardian:VentSteam","Guardian:RefractedBeam"],"picked":"Guardian:PrismaticBeam","floor":12},{"not_picked":["Guardian:Gem_Purple","Guardian:Planning"],"picked":"Guardian:MultiBeam","floor":12},{"not_picked":["Guardian:Gem_Blue","Guardian:VentSteam"],"picked":"Guardian:TemporalStrike","floor":13},{"not_picked":["Guardian:FloatingOrbs","Guardian:Emergency"],"picked":"Guardian:SphericShield","floor":15},{"not_picked":["Guardian:RollAttack","Guardian:WalkerClaw"],"picked":"Guardian:ShieldCharger","floor":15}],"player_experience":599553,"relics_obtained":[{"floor":7,"key":"Prayer Wheel"},{"floor":8,"key":"Vajra"},{"floor":11,"key":"Juzu Bracelet"},{"floor":13,"key":"downfall:CloakOfManyFaces"}],"event_choices":[],"is_beta":false,"boss_relics":[],"items_purged_floors":[],"is_endless":false,"potions_floor_spawned":[3,4,5,12,15],"killed_by":"downfall:Defect","ascension_level":0}}