{"host":"qhn6g0owdgjb77rz","time":1610170274,"event":{"mods":["BaseMod","BetterRewards","Colored Map","Minty Spire (QoL Compilation)","Relic Sorter","Replay The Spire","StSLib"],"gold_per_floor":[117,132,132,151,151,151,166,166,166,166,166,196,208,234,234,335,335,348,396,411,24,24,58,58,86,86,26,61,61,87,87,87,182,182,201,201,201,201,221,221,246,246,246,264,281,281,301,329,329,369],"floor_reached":51,"playtime":2418,"items_purged":[],"score":1405,"play_id":"994d4839-8ab5-4345-87ef-0a98a4675bad","local_time":"20210109143114","is_ascension_mode":true,"campfire_choices":[{"data":"Streamline","floor":6.0,"key":"SMITH"},{"data":"Beam Cell","floor":8.0,"key":"SMITH"},{"data":"Gash","floor":11.0,"key":"SMITH"},{"floor":15.0,"key":"DIG"},{"data":"Steam Power","floor":24.0,"key":"SMITH"},{"data":"Machine Learning","floor":29.0,"key":"SMITH"},{"data":"Skim","floor":32,"key":"SMITH"},{"data":"Madness","floor":40,"key":"SMITH"},{"data":"Madness","floor":42,"key":"SMITH"},{"data":"Secret Weapon","floor":46,"key":"SMITH"},{"data":"Gash","floor":49,"key":"SMITH"}],"circlet_count":0,"master_deck":["Strike_B","Strike_B","Strike_B","Defend_B","Defend_B","Dualcast","FTL+1","Beam Cell+1","Gash+1","Streamline+1","Gash","Rebound","Sweeping Beam","Go for the Eyes+1","Steam Power+1","Secret Weapon+1","Hallucinations","Machine Learning+1","Skim+1","Ghostly","Ghostly","Ghostly","Ghostly","Ghostly","Madness+1","Madness+1","Dark Shackles","Pain","Hologram+1","Gash+1","Panic Button+1","Machine Learning"],"relics":["FrozenCore","Carrot","White Beast Statue","TungstenRod","Ancient Tea Set","Anchor","HandDrill","Ring of Fury","Ring of Misfortune","Shuriken","Strawberry","ReplayTheSpireMod:TigerMarble","Matryoshka","PreservedInsect","Replay:Drink Me","Prayer Wheel","WarpedTongs","Prayer Wheel","Smiling Mask","Mirror","Bronze Scales","Replay:Bandana"],"acts_visited":["Exordium","TheCity","TheBeyond"],"potions_floor_usage":[30,33,41,50,50,50,50,50,50],"damage_taken":[{"damage":0.0,"enemies":"Small Slimes","floor":1.0,"turns":2.0},{"damage":0.0,"enemies":"2 Louse","floor":2.0,"turns":2.0},{"damage":1.0,"enemies":"Cultist","floor":4.0,"turns":3.0},{"damage":13.0,"enemies":"Red Slaver","floor":7.0,"turns":3.0},{"damage":13.0,"enemies":"Gremlin Nob","floor":12.0,"turns":3.0},{"damage":5.0,"enemies":"3 Louse","floor":13.0,"turns":2.0},{"damage":25.0,"enemies":"Lagavulin","floor":14.0,"turns":5.0},{"damage":20.0,"enemies":"Hexaghost","floor":16.0,"turns":6.0},{"damage":5.0,"enemies":"Chosen","floor":18.0,"turns":3.0},{"damage":0.0,"enemies":"3 Byrds","floor":20.0,"turns":5.0},{"damage":0.0,"enemies":"Gremlin Leader","floor":23.0,"turns":4.0},{"damage":5.0,"enemies":"Book of Stabbing","floor":25.0,"turns":4.0},{"damage":7.0,"enemies":"Gremlin Leader","floor":28.0,"turns":6.0},{"damage":3,"enemies":"Replay:Snechameleon","floor":30,"turns":4},{"damage":10,"enemies":"Automaton","floor":33,"turns":8},{"damage":0,"enemies":"Orb Walker","floor":35,"turns":4},{"damage":0,"enemies":"3 Darklings","floor":39,"turns":5},{"damage":0,"enemies":"R_Hoarder","floor":41,"turns":5},{"damage":0,"enemies":"Writhing Mass","floor":44,"turns":4},{"damage":0,"enemies":"Sphere and 2 Shapes","floor":45,"turns":3},{"damage":0,"enemies":"4 Shapes","floor":47,"turns":4},{"damage":0,"enemies":"Reptomancer","floor":48,"turns":4},{"damage":0,"enemies":"Awakened One","floor":50,"turns":9}],"seed_played":"6194273263812949866","potions_obtained":[{"floor":2.0,"key":"FocusPotion"},{"floor":4.0,"key":"Milkshake"},{"floor":13.0,"key":"DuplicationPotion"},{"floor":14.0,"key":"ColorlessPotion"},{"floor":16.0,"key":"Ancient Potion"},{"floor":18.0,"key":"CultistPotion"},{"floor":20.0,"key":"Swift Potion"},{"floor":23.0,"key":"Death Potion"},{"floor":25.0,"key":"EntropicBrew"},{"floor":28.0,"key":"Regen Potion"},{"floor":30,"key":"Block Potion"},{"floor":33,"key":"Strength Potion"},{"floor":39,"key":"Adrenaline Potion"},{"floor":41,"key":"AttackPotion"},{"floor":47,"key":"Adrenaline Potion"}],"is_trial":false,"path_per_floor":["M","M","?","M","?","R","M","R","T","?","R","E","M","E","R_BF","B",null,"M","T","M","$","?","E","R","E","T","?","E","R","E","?","R","B",null,"M","?","?","?","M","R","E","R","T","M","M","R","M","E","R","B",null],"character_chosen":"DEFECT","items_purchased":["FTL+1","Beam Cell","Steam Power","Secret Weapon","HandDrill"],"campfire_rested":0,"item_purchase_floors":[0,0,21,21,21],"current_hp_per_floor":[75,75,75,74,74,74,61,61,61,75,75,62,57,32,32,12,59,54,54,54,54,54,54,54,56,56,56,49,49,58,41,41,31,31,31,28,28,28,28,28,28,28,28,28,28,28,28,28,28,28],"gold":369,"neow_bonus":"","is_daily":false,"chose_seed":false,"campfire_upgraded":10,"win_rate":0.0,"timestamp":1610170274,"path_taken":["M","M","?","M","?","R","M","R","T","?","R","E","M","E","R_BF","BOSS","M","?","?","$","?","E","R","E","T","?","E","R","E","?","R","BOSS","M","?","?","?","M","R","E","R","T","M","M","R","?","E","R","BOSS"],"items_purchased_type":["Card","Card","Card","Card","Relic"],"build_version":"2020-12-22","purchased_purges":0,"victory":true,"max_hp_per_floor":[75,75,75,75,75,75,75,75,75,75,75,75,75,75,75,75,75,75,75,75,75,75,75,75,82,82,82,82,82,82,41,41,41,31,31,31,31,31,31,31,31,31,31,31,31,31,31,31,31,31],"card_choices":[{"not_picked":["ReplayTheSpireMod:GoodbyeWorld","Tempest"],"picked":"Crystallizer","floor":1.0},{"not_picked":["Turbo","Crystallizer"],"picked":"Gash","floor":2.0},{"not_picked":["Ball Lightning","Conserve Battery"],"picked":"Streamline","floor":4.0},{"not_picked":["Hologram","Leap"],"picked":"Gash","floor":7.0},{"not_picked":["Panic Button","Go for the Eyes"],"picked":"Rebound","floor":12.0},{"not_picked":["Fusion","Defragment","ReplaySolidLightProjector"],"picked":"SKIP","floor":13.0},{"not_picked":["Multi-Cast","Auto Shields"],"picked":"Sweeping Beam","floor":14.0},{"not_picked":["Compile Driver","Storm+1","Barrage"],"picked":"SKIP","floor":18.0},{"not_picked":["Heatsinks+1","Barrage"],"picked":"Go for the Eyes+1","floor":20.0},{"not_picked":["Leap+1","Melter","Crystallizer"],"picked":"SKIP","floor":23.0},{"not_picked":["Leap","Go for the Eyes"],"picked":"Machine Learning","floor":25.0},{"not_picked":["Steam","Chill"],"picked":"Skim","floor":28.0},{"not_picked":["Amplify","BootSequence"],"picked":"ReplayTheSpireMod:Fabricate Wheel","floor":30},{"not_picked":["Coolheaded+1","Barrage","Heatsinks"],"picked":"SKIP","floor":35},{"not_picked":["Capacitor","Streamline+1","Redo+1"],"picked":"SKIP","floor":35},{"not_picked":["Panacea","ReplayTheSpireMod:Brewmster"],"picked":"Dark Shackles","floor":37},{"not_picked":["White Noise","Barrage","Coolheaded"],"picked":"SKIP","floor":39},{"not_picked":["Streamline+1","Glacier","Ball Lightning"],"picked":"SKIP","floor":39},{"not_picked":["ReplayTheSpireMod:Repulse+1","Conserve Battery+1","Rebound+1"],"picked":"SKIP","floor":41},{"not_picked":["Streamline","BootSequence+1"],"picked":"Hologram+1","floor":44},{"not_picked":["Force Field+1","Leap+1","Beam Cell"],"picked":"SKIP","floor":44},{"not_picked":["Compile Driver+1","Steam+1","ReplayTheSpireMod:Reroute Power"],"picked":"SKIP","floor":44},{"not_picked":["Hologram+1","Double Energy+1"],"picked":"Gash","floor":45},{"not_picked":["Time Bomb+1","Compile Driver","Electrodynamics"],"picked":"SKIP","floor":45},{"not_picked":["Ball Lightning+1","Cold Snap","Conserve Battery+1"],"picked":"SKIP","floor":45},{"not_picked":["Cold Snap+1","Go for the Eyes+1"],"picked":"Panic Button+1","floor":47},{"not_picked":["Turbo","BasicCrystalCard+1","Cold Snap"],"picked":"SKIP","floor":47},{"not_picked":["Lockon","Hologram","Rebound+1"],"picked":"SKIP","floor":47},{"not_picked":["Self Repair","Tempest"],"picked":"Machine Learning","floor":48}],"player_experience":441664,"relics_obtained":[{"floor":9.0,"key":"Carrot"},{"floor":12.0,"key":"White Beast Statue"},{"floor":14.0,"key":"TungstenRod"},{"floor":15.0,"key":"Ancient Tea Set"},{"floor":19.0,"key":"Anchor"},{"floor":22.0,"key":"Ring of Fury"},{"floor":22.0,"key":"Ring of Misfortune"},{"floor":23.0,"key":"Shuriken"},{"floor":25.0,"key":"Strawberry"},{"floor":26.0,"key":"ReplayTheSpireMod:TigerMarble"},{"floor":28.0,"key":"Matryoshka"},{"floor":30,"key":"PreservedInsect"},{"floor":41,"key":"Smiling Mask"},{"floor":43,"key":"Mirror"},{"floor":43,"key":"Bronze Scales"},{"floor":48,"key":"Replay:Bandana"}],"event_choices":[{"damage_healed":0.0,"max_hp_gain":0.0,"max_hp_loss":0.0,"gold_gain":0.0,"event_name":"Liars Game","player_choice":"Ignored","floor":5.0,"gold_loss":0.0,"damage_taken":0.0},{"cards_removed":["Crystallizer"],"damage_healed":14.0,"max_hp_gain":0.0,"max_hp_loss":0.0,"gold_gain":0.0,"event_name":"Bonfire Elementals","player_choice":"Offered Uncommon","floor":10.0,"gold_loss":0.0,"damage_taken":0.0},{"damage_healed":0,"gold_gain":0,"player_choice":"Became a Ghost","damage_taken":0,"max_hp_gain":0,"max_hp_loss":41,"event_name":"Ghosts","floor":31,"gold_loss":0,"cards_obtained":["Ghostly","Ghostly","Ghostly","Ghostly","Ghostly"]},{"damage_healed":0,"gold_gain":0,"player_choice":"Embrace Madness","damage_taken":4,"max_hp_gain":0,"max_hp_loss":0,"event_name":"Winding Halls","floor":36,"gold_loss":0,"cards_obtained":["Madness","Madness"]},{"damage_healed":0,"gold_gain":0,"player_choice":"Memory 1","damage_taken":0,"max_hp_gain":0,"max_hp_loss":0,"event_name":"SensoryStone","floor":37,"gold_loss":0},{"damage_healed":0,"gold_gain":0,"player_choice":"Rummage","damage_taken":0,"relics_obtained":["WarpedTongs"],"max_hp_gain":0,"max_hp_loss":0,"event_name":"Accursed Blacksmith","floor":38,"gold_loss":0,"cards_obtained":["Pain"]}],"is_beta":false,"boss_relics":[{"not_picked":["Replay:Grab Bag","Velvet Choker"],"picked":"FrozenCore"},{"not_picked":["Black Star","Empty Cage"],"picked":"Replay:Drink Me"}],"items_purged_floors":[],"is_endless":false,"potions_floor_spawned":[2,4,13,14,16,18,20,23,25,28,30,33,35,39,41,44,45,47,48],"ascension_level":5}}