{"host":"uc9rcmnrswh1l0kc","time":1610229687,"event":{"mods":["2.2 Compatiblity","A Magickal Journey","Aspiration","BaseMod","Bestiary","Better Altar","Better Third Choice","BetterRewards","Block Reminder","Colorless Booster Pack","Conspire","Defective Defect","Defuse TimeMaze Blight","Displayed Cursed Tome","Ekko","Energized Spire","GifTheSpireLib","Infinite Spire","Ironclad Rager","Minty Spire (QoL Compilation)","Rare Cards Sparkle","Red Circlet Mod","Relic Stats","Replay The Spire","SacredBarkPlus","Shop Mod","Spicy Shops","StSLib","Stuff the Spire","The Blackbeard","The Bladedancer","The Blue Laboratory","The Cursed","The Death Knight","The Edgeheg","The Necromancer","Uncapped","Watcher Patcher","everything is the same but u backflip on backflip","vexMod"],"gold_per_floor":[114,128,128,6,24,24,50,69,69,85,102,102,119,130,130,230,230,246,186,186,205,225,259,274,274,274],"floor_reached":25,"playtime":1449,"items_purged":[],"score":229,"play_id":"8d699156-7bdd-4cb9-83e4-5a8bb7675160","local_time":"20210109170127","is_ascension_mode":false,"campfire_choices":[{"data":"blademaster:SharpBlades","floor":6,"key":"SMITH"},{"floor":15,"key":"REST"}],"circlet_count":0,"master_deck":["blademaster:Strike","blademaster:Strike","blademaster:Strike","blademaster:Strike","blademaster:Defend","blademaster:Defend","blademaster:Defend","blademaster:Defend","blademaster:RagingBlow","blademaster:HighVoltage","blademaster:SharpBlades+1","blademaster:Safeguard","blademaster:AwakeningDefend","blademaster:AspectOfLightning","blademaster:Havoc","blademaster:Discharge","blademaster:Sharpen","blademaster:Sharpen","blademaster:UnrelentingWind","blademaster:DancingEdge+1","blademaster:AwakeningDefend+1","blademaster:Safeguard+1","blademaster:Flurry"],"relics":["blademaster:DancersAmulet","aspiration:Nostalgia","PureWater","Tiny Chest","aspiration:HatOfInfinitePower","StuffTheSpire:EmeraldSignet","Replay:Bottled Flurry","aspiration:PoetsPen","StuffTheSpire:SapphireSignet","StuffTheSpire:ForceGauntlet"],"acts_visited":["Exordium","TheCity"],"potions_floor_usage":[8,18,24],"damage_taken":[{"damage":0,"enemies":"Small Slimes","floor":1,"turns":4},{"damage":0,"enemies":"Cultist","floor":2,"turns":4},{"damage":5,"enemies":"Jaw Worm","floor":5,"turns":4},{"damage":35,"enemies":"Lagavulin","floor":7,"turns":8},{"damage":12,"enemies":"Exordium Wildlife","floor":8,"turns":4},{"damage":0,"enemies":"Looter","floor":10,"turns":2},{"damage":11,"enemies":"Lots of Slimes","floor":11,"turns":6},{"damage":2,"enemies":"Exordium Wildlife","floor":13,"turns":3},{"damage":0,"enemies":"2 Fungi Beasts","floor":14,"turns":5},{"damage":24,"enemies":"Fading Forest","floor":16,"turns":11},{"damage":0,"enemies":"conspire:FuzzyDice","floor":18,"turns":5},{"damage":21,"enemies":"Spheric Guardian","floor":21,"turns":5},{"damage":0,"enemies":"Cultist and Chosen","floor":22,"turns":4},{"damage":47,"enemies":"Nightmare","floor":23,"turns":5},{"damage":0,"enemies":"Snecko","floor":24,"turns":3},{"damage":39,"enemies":"Snake Plant","floor":25,"turns":4}],"seed_played":"-316880473298729679","potions_obtained":[{"floor":1,"key":"LiquidMemories"},{"floor":2,"key":"Explosive Potion"},{"floor":8,"key":"blueLaboratory:AbyssPotion"},{"floor":10,"key":"SteroidPotion"},{"floor":21,"key":"Adrenaline Potion"}],"is_trial":false,"path_per_floor":["M","M","?","$","M","R","E","M","T","M","M","?","M","M","R","B",null,"M","?","T","M","M","NM","M","M"],"character_chosen":"THE_BLADEMASTER","items_purchased":["Tiny Chest","blademaster:AwakeningDefend"],"campfire_rested":1,"item_purchase_floors":[4,4],"current_hp_per_floor":[75,75,75,75,70,70,35,23,23,23,22,22,20,20,42,42,75,75,75,75,56,62,19,23,0,0],"gold":274,"neow_bonus":"NOSTALGIA","is_daily":false,"chose_seed":false,"campfire_upgraded":1,"win_rate":0.0,"timestamp":1610229687,"path_taken":["M","M","?","?","M","R","E","M","T","?","M","?","M","M","R","BOSS","M","?","?","M","?","NM","M","M"],"items_purchased_type":["Relic","Card"],"build_version":"2020-12-22","purchased_purges":0,"victory":false,"max_hp_per_floor":[75,75,75,75,75,75,75,75,75,75,75,75,75,75,75,75,75,75,75,75,75,75,75,75,75,75],"relic_stats":{"counters":[16,77],"Tiny Chest":1,"obtain_stats":[{"StuffTheSpire:SapphireSignet":20,"aspiration:PoetsPen":17,"aspiration:Nostalgia":0,"StuffTheSpire:ForceGauntlet":23,"Tiny Chest":4,"StuffTheSpire:EmeraldSignet":9,"Replay:Bottled Flurry":12,"blademaster:DancersAmulet":0,"blademaster:ComboEveryTurnPerk":7,"blademaster:DextrousPerk":23,"PureWater":0,"aspiration:HatOfInfinitePower":7},{"StuffTheSpire:SapphireSignet":11,"aspiration:PoetsPen":10,"aspiration:Nostalgia":0,"StuffTheSpire:ForceGauntlet":14,"Tiny Chest":2,"StuffTheSpire:EmeraldSignet":5,"Replay:Bottled Flurry":7,"blademaster:DancersAmulet":0,"blademaster:ComboEveryTurnPerk":4,"blademaster:DextrousPerk":14,"PureWater":0,"aspiration:HatOfInfinitePower":4},{"StuffTheSpire:SapphireSignet":56,"aspiration:PoetsPen":51,"aspiration:Nostalgia":0,"StuffTheSpire:ForceGauntlet":70,"Tiny Chest":8,"StuffTheSpire:EmeraldSignet":24,"Replay:Bottled Flurry":32,"blademaster:DancersAmulet":0,"blademaster:ComboEveryTurnPerk":20,"blademaster:DextrousPerk":70,"PureWater":0,"aspiration:HatOfInfinitePower":20}]},"card_choices":[{"not_picked":["blademaster:SlyStabs","blademaster:Flurry"],"picked":"blademaster:SharpBlades","floor":1},{"not_picked":["blademaster:Hailwind","blademaster:ParryingStrike"],"picked":"blademaster:Safeguard","floor":2},{"not_picked":["blademaster:CombatPrep","blademaster:AwakeningDefend"],"picked":"blademaster:AspectOfLightning","floor":5},{"not_picked":["blademaster:ThunderingOpener","blademaster:Breeze"],"picked":"blademaster:Havoc","floor":7},{"not_picked":["blademaster:Thrust","blademaster:ParryingStrike","blademaster:BladeCross"],"picked":"SKIP","floor":8},{"not_picked":["blademaster:AirSlash","blademaster:Slice"],"picked":"blademaster:Discharge","floor":10},{"not_picked":["blademaster:Stormstrike","blademaster:LeechingStrike"],"picked":"blademaster:Sharpen","floor":11},{"not_picked":["blademaster:AwakeningStrike","blademaster:ColdBlood"],"picked":"blademaster:Sharpen","floor":13},{"not_picked":["blademaster:Stormstrike","blademaster:ThunderSlash","blademaster:DancingEdge"],"picked":"SKIP","floor":14},{"not_picked":["blademaster:CloudOfSteel","blademaster:BladeDance"],"picked":"blademaster:UnrelentingWind","floor":16},{"not_picked":["blademaster:SlyStabs+1","blademaster:Frontflip"],"picked":"blademaster:DancingEdge+1","floor":18},{"not_picked":["blademaster:SlyStabs","blademaster:ParryingStrike"],"picked":"blademaster:AwakeningDefend+1","floor":21},{"not_picked":["blademaster:EyeOfTheStorm","blademaster:Quickness"],"picked":"blademaster:Safeguard+1","floor":22},{"not_picked":["blademaster:ThunderSlash+1","blademaster:Sunder+1"],"picked":"blademaster:Flurry","floor":23},{"not_picked":["blademaster:RollingTyphoon","blademaster:FuriousStrike+1","blademaster:Thrust"],"picked":"SKIP","floor":24}],"player_experience":456275,"relics_obtained":[{"floor":7,"key":"aspiration:HatOfInfinitePower"},{"floor":7,"key":"blademaster:ComboEveryTurnPerk"},{"floor":9,"key":"StuffTheSpire:EmeraldSignet"},{"floor":20,"key":"StuffTheSpire:SapphireSignet"},{"floor":23,"key":"StuffTheSpire:ForceGauntlet"},{"floor":23,"key":"blademaster:DextrousPerk"}],"event_choices":[{"damage_healed":0,"gold_gain":0,"player_choice":"Bought 0 Potions","damage_taken":0,"max_hp_gain":0,"max_hp_loss":0,"event_name":"The Woman in Blue","floor":3,"gold_loss":0},{"cards_removed":["StuffTheSpire:CuriosityCurse"],"damage_healed":0,"gold_gain":0,"player_choice":"Single Remove","damage_taken":0,"max_hp_gain":0,"max_hp_loss":0,"event_name":"Designer","floor":19,"gold_loss":60}],"is_beta":false,"boss_relics":[{"not_picked":["Abe\u0027s Treasure","Replay:Wanted Poster"],"picked":"aspiration:PoetsPen"}],"items_purged_floors":[],"is_endless":true,"potions_floor_spawned":[1,2,8,10,16,21],"killed_by":"Snake Plant","ascension_level":0}}