{"host":"p245q48pmopyklqs","time":1610176547,"event":{"mods":["AchievementEnabler","BaseMod","DeckTracker","Minty Spire (QoL Compilation)","Relic Stats","StSLib","SuperFastMode"],"gold_per_floor":[110,35,35,49,49,381,381,406,456,472,472,483,304,323,323,398,398,415,427,397,96,114,114,114],"floor_reached":23,"playtime":4804,"items_purged":["Strike_G","Strike_G","Strike_G"],"score":452,"play_id":"4079268c-344c-4353-8c12-ff752867d230","local_time":"20210109161547","is_ascension_mode":true,"campfire_choices":[{"data":"Well Laid Plans","floor":7.0,"key":"SMITH"},{"data":"Neutralize","floor":11.0,"key":"SMITH"},{"data":"Deadly Poison","floor":15.0,"key":"SMITH"}],"circlet_count":0,"master_deck":["AscendersBane","Strike_G","Strike_G","Defend_G","Defend_G","Defend_G","Defend_G","Defend_G","Survivor","Neutralize+1","Dash","Well Laid Plans+1","Backflip","Venomology","Terror","Deadly Poison+1","Burst","CurseOfTheBell","Reflex+1","Concentrate+1","Escape Plan+1","Acrobatics+1"],"relics":["Ring of the Snake","NeowsBlessing","Oddly Smooth Stone","Old Coin","Bird Faced Urn","Art of War","Calling Bell","Toy Ornithopter","Toxic Egg 2","Dead Branch"],"acts_visited":["Exordium","TheCity"],"potions_floor_usage":[16,16,18,19,22,23,23],"damage_taken":[{"damage":0.0,"enemies":"Jaw Worm","floor":1.0,"turns":1.0},{"damage":0.0,"enemies":"Cultist","floor":4.0,"turns":1.0},{"damage":0.0,"enemies":"3 Sentries","floor":6.0,"turns":1.0},{"damage":37.0,"enemies":"Gremlin Nob","floor":8.0,"turns":6.0},{"damage":0.0,"enemies":"2 Louse","floor":10.0,"turns":3.0},{"damage":0.0,"enemies":"Red Slaver","floor":12.0,"turns":5.0},{"damage":5.0,"enemies":"3 Louse","floor":14.0,"turns":5.0},{"damage":5,"enemies":"The Guardian","floor":16,"turns":9},{"damage":5,"enemies":"Shell Parasite","floor":18,"turns":6},{"damage":14,"enemies":"3 Byrds","floor":19,"turns":6},{"damage":17,"enemies":"Centurion and Healer","floor":22,"turns":5},{"damage":39,"enemies":"Slavers","floor":23,"turns":5}],"seed_played":"-7736207611050445754","potions_obtained":[{"floor":8.0,"key":"PowerPotion"},{"floor":12.0,"key":"EssenceOfSteel"},{"floor":14.0,"key":"Strength Potion"},{"floor":16,"key":"PowerPotion"},{"floor":18,"key":"LiquidMemories"},{"floor":20,"key":"BlessingOfTheForge"}],"is_trial":false,"path_per_floor":["M","$","?","M","?","E","R","E","T","M","R","M","$","M","R","B",null,"M","M","?","$","M","E"],"character_chosen":"THE_SILENT","items_purchased":["Terror","Concentrate+1","Escape Plan+1"],"campfire_rested":0,"item_purchase_floors":[13,21,21],"current_hp_per_floor":[59,59,54,54,54,54,54,17,17,19,19,21,21,18,18,17,54,58,53,53,53,43,16,16],"gold":114,"neow_bonus":"THREE_ENEMY_KILL","is_daily":false,"chose_seed":false,"campfire_upgraded":3,"win_rate":0.0,"timestamp":1610176547,"path_taken":["M","$","?","M","?","E","R","E","T","?","R","M","$","M","R","BOSS","M","M","?","$","?","E"],"items_purchased_type":["Card","Card","Card"],"build_version":"2020-12-22","purchased_purges":3,"victory":false,"max_hp_per_floor":[66,66,66,66,66,66,66,66,66,66,66,66,66,66,66,66,66,66,66,66,66,66,66,66],"relic_stats":{"counters":[12,53],"Bird Faced Urn":[22],"Dead Branch":[19],"Art of War":[6],"obtain_stats":[{"Calling Bell":17,"NeowsBlessing":0,"Bird Faced Urn":8,"Dead Branch":17,"Oddly Smooth Stone":3,"Art of War":9,"Toxic Egg 2":17,"Toy Ornithopter":17,"Ring of the Snake":0,"Old Coin":6},{"Calling Bell":8,"NeowsBlessing":0,"Bird Faced Urn":4,"Dead Branch":8,"Oddly Smooth Stone":1,"Art of War":4,"Toxic Egg 2":8,"Toy Ornithopter":8,"Ring of the Snake":0,"Old Coin":3},{"Calling Bell":31,"NeowsBlessing":0,"Bird Faced Urn":9,"Dead Branch":31,"Oddly Smooth Stone":1,"Art of War":9,"Toxic Egg 2":31,"Toy Ornithopter":31,"Ring of the Snake":0,"Old Coin":3}],"Toy Ornithopter":25,"Ring of the Snake":[24]},"card_choices":[{"not_picked":["Blade Dance","Sucker Punch"],"picked":"Dash","floor":1.0},{"not_picked":["Footwork","Prepared"],"picked":"Well Laid Plans","floor":4.0},{"not_picked":["Deflect","Accuracy","Tactician"],"picked":"SKIP","floor":6.0},{"not_picked":["Deflect","Setup"],"picked":"Backflip","floor":8.0},{"not_picked":["Finisher","Bane","Deflect"],"picked":"SKIP","floor":10.0},{"not_picked":["Backflip","Dagger Throw"],"picked":"Venomology","floor":12.0},{"not_picked":["Backstab","Calculated Gamble"],"picked":"Deadly Poison","floor":14.0},{"not_picked":["Venomology","Malaise"],"picked":"Burst","floor":16},{"not_picked":["Deadly Poison+1","Outmaneuver+1"],"picked":"Reflex+1","floor":18},{"not_picked":["Underhanded Strike+1","Slice","Finisher"],"picked":"SKIP","floor":19},{"not_picked":["Dagger Spray","Infinite Blades"],"picked":"Acrobatics+1","floor":22}],"player_experience":2330999,"relics_obtained":[{"floor":6.0,"key":"Old Coin"},{"floor":8.0,"key":"Bird Faced Urn"},{"floor":9.0,"key":"Art of War"},{"floor":17,"key":"Toy Ornithopter"},{"floor":17,"key":"Toxic Egg 2"},{"floor":17,"key":"Dead Branch"}],"event_choices":[{"damage_healed":0.0,"max_hp_gain":0.0,"max_hp_loss":0.0,"gold_gain":0.0,"event_name":"Scrap Ooze","player_choice":"Success","floor":3.0,"gold_loss":0.0,"damage_taken":5.0,"relics_obtained":["Oddly Smooth Stone"]},{"damage_healed":0.0,"max_hp_gain":0.0,"max_hp_loss":0.0,"gold_gain":0.0,"event_name":"Match and Keep!","player_choice":"0 cards matched","floor":5.0,"gold_loss":0.0,"damage_taken":0.0,"cards_obtained":[]},{"damage_healed":0,"gold_gain":0,"player_choice":"Bought 2 Potions","damage_taken":0,"max_hp_gain":0,"max_hp_loss":0,"event_name":"The Woman in Blue","floor":20,"gold_loss":0}],"is_beta":false,"boss_relics":[{"not_picked":["HoveringKite","Fusion Hammer"],"picked":"Calling Bell"}],"items_purged_floors":[2,13,21],"is_endless":false,"potions_floor_spawned":[8,12,14,16,18],"killed_by":"Slavers","ascension_level":20}}