{"host":"52m1o8iwwagurbjs","time":1610211851,"event":{"mods":["AchievementEnabler","BaseMod","Bestiary","Colored Powertips","GifTheSpireLib","Minty Spire (QoL Compilation)","Quick Restart","RNG Fix","Relic Stats","StSLib"],"gold_per_floor":[114,289,168,168,168,168,212,236,236,252,252,291,341,374,374,374,374],"floor_reached":16,"playtime":274,"items_purged":["Doubt"],"score":233,"play_id":"8d786461-8914-454f-a59d-1bd0cd899f69","local_time":"20210109120411","is_ascension_mode":true,"campfire_choices":[{"data":"Bash","floor":6.0,"key":"SMITH"},{"data":"Whirlwind","floor":11,"key":"SMITH"},{"floor":15,"key":"REST"}],"circlet_count":0,"master_deck":["AscendersBane","Strike_R","Strike_R","Strike_R","Strike_R","Strike_R","Defend_R","Defend_R","Defend_R","Defend_R","Bash+1","Ghostly Armor","Cleave","Anger","Whirlwind+1","Bloodletting","Immolate","Offering"],"relics":["Burning Blood","NeowsBlessing","Golden Idol","SsserpentHead","Oddly Smooth Stone","Centennial Puzzle","WingedGreaves","Potion Belt"],"acts_visited":["Exordium"],"potions_floor_usage":[10],"damage_taken":[{"damage":0.0,"enemies":"Cultist","floor":1.0,"turns":1.0},{"damage":0.0,"enemies":"Gremlin Nob","floor":7.0,"turns":1.0},{"damage":0.0,"enemies":"2 Louse","floor":8.0,"turns":1.0},{"damage":4,"enemies":"Small Slimes","floor":10,"turns":2},{"damage":43,"enemies":"Lagavulin","floor":12,"turns":5},{"damage":10,"enemies":"3 Sentries","floor":14,"turns":4},{"damage":27,"enemies":"Hexaghost","floor":16,"turns":4}],"seed_played":"6103195950478654339","potions_obtained":[{"floor":1.0,"key":"BlessingOfTheForge"}],"is_trial":false,"path_per_floor":["M","?","$","?","?","R","E","M","T","M","R","E","?","E","R","B"],"character_chosen":"IRONCLAD","items_purchased":["Cleave"],"campfire_rested":1,"item_purchase_floors":[3],"current_hp_per_floor":[78,78,78,74,74,74,74,74,74,74,74,37,12,8,30,3,3],"gold":374,"neow_bonus":"THREE_ENEMY_KILL","is_daily":false,"chose_seed":false,"campfire_upgraded":2,"win_rate":0.0,"timestamp":1610211851,"path_taken":["M","?","?","?","?","R","E","M","T","M","R","E","?","E","R","BOSS"],"items_purchased_type":["Card"],"build_version":"2020-12-22","purchased_purges":1,"victory":false,"max_hp_per_floor":[80,80,80,74,74,74,74,74,74,74,74,74,74,74,74,74,74],"relic_stats":{"SsserpentHead":50,"Centennial Puzzle":[6],"counters":[7,18],"Golden Idol":32,"obtain_stats":[{"Potion Belt":14,"SsserpentHead":5,"Centennial Puzzle":12,"NeowsBlessing":0,"Golden Idol":4,"Oddly Smooth Stone":7,"WingedGreaves":13,"Burning Blood":0},{"Potion Belt":6,"SsserpentHead":1,"Centennial Puzzle":5,"NeowsBlessing":0,"Golden Idol":1,"Oddly Smooth Stone":2,"WingedGreaves":5,"Burning Blood":0},{"Potion Belt":14,"SsserpentHead":1,"Centennial Puzzle":10,"NeowsBlessing":0,"Golden Idol":1,"Oddly Smooth Stone":2,"WingedGreaves":10,"Burning Blood":0}],"Burning Blood":22},"card_choices":[{"not_picked":["Warcry","Clothesline"],"picked":"Ghostly Armor","floor":1.0},{"not_picked":["Exhume","Clothesline"],"picked":"Anger","floor":7.0},{"not_picked":["True Grit","Sword Boomerang"],"picked":"Whirlwind","floor":8.0},{"not_picked":["Exhume","Heavy Blade"],"picked":"Bloodletting","floor":10},{"not_picked":["Perfected Strike","Pommel Strike"],"picked":"Immolate","floor":12},{"not_picked":["Body Slam","Sever Soul"],"picked":"Offering","floor":14}],"player_experience":1102639,"relics_obtained":[{"floor":7.0,"key":"Oddly Smooth Stone"},{"floor":12,"key":"Centennial Puzzle"},{"floor":14,"key":"Potion Belt"}],"event_choices":[{"damage_healed":0.0,"max_hp_gain":0.0,"max_hp_loss":0.0,"gold_gain":175.0,"event_name":"Liars Game","player_choice":"AGREE","floor":2.0,"gold_loss":0.0,"damage_taken":0.0,"cards_obtained":["Doubt"]},{"damage_healed":0.0,"max_hp_gain":0.0,"max_hp_loss":6.0,"gold_gain":0.0,"event_name":"Golden Idol","player_choice":"Lose Max HP","floor":4.0,"gold_loss":0.0,"damage_taken":0.0,"relics_obtained":["Golden Idol"]},{"damage_healed":0.0,"max_hp_gain":0.0,"max_hp_loss":0.0,"gold_gain":0.0,"event_name":"FaceTrader","player_choice":"Trade","floor":5.0,"gold_loss":0.0,"damage_taken":0.0,"relics_obtained":["SsserpentHead"]},{"damage_healed":0,"gold_gain":0,"player_choice":"Success","damage_taken":25,"relics_obtained":["WingedGreaves"],"max_hp_gain":0,"max_hp_loss":0,"event_name":"Scrap Ooze","floor":13,"gold_loss":0}],"is_beta":false,"boss_relics":[],"items_purged_floors":[3],"is_endless":false,"potions_floor_spawned":[1],"killed_by":"Hexaghost","ascension_level":13}}