{"host":"vrsxkkch9ccrec7k","time":1610229827,"event":{"mods":["Act Like it!","BaseMod","Bestiary","Better Third Choice","Better Vampires","Downfall","Minty Spire (QoL Compilation)","Permanent Neow","Relic Stats","Spicy Shops","StSLib"],"gold_per_floor":[99,109,109,169,188,188,212,212,312,327,361,378,378,8,21,21,21],"floor_reached":16,"playtime":2185,"items_purged":["sneckomod:Strike"],"score":107,"play_id":"ec2e55bd-aba5-48ee-87f7-63ba09f7c477","local_time":"20210109170347","is_ascension_mode":true,"campfire_choices":[{"data":"sneckomod:SnekBite","floor":1,"key":"SMITH"},{"data":"sneckomod:Unknown","floor":6,"key":"SMITH"},{"data":"sneckomod:UnlimitedRolls","floor":8,"key":"SMITH"}],"circlet_count":0,"master_deck":["sneckomod:Defend","sneckomod:Defend","sneckomod:Defend+1","sneckomod:TailWhip","sneckomod:SnekBite+1","sneckomod:Unknown+1","sneckomod:Unknown","sneckomod:UnlimitedRolls+1","sneckomod:SoulDraw+1","sneckomod:UnknownUncommonPower+1","sneckomod:SoulExchange","sneckomod:Nope","sneckomod:Nope","sneckomod:Cheat","sneckomod:UnknownBlock","sneckomod:TrashToTreasure","champ:DefensiveStyle"],"relics":["sneckomod:SneckoSoul","downfall:BrokenWingStatue","Pear","War Paint","Nunchaku","PrismaticShard"],"acts_visited":["Exordium"],"potions_floor_usage":[4,13,15,16],"damage_taken":[{"damage":0,"enemies":"Small Slimes","floor":2,"turns":3},{"damage":28,"enemies":"Gremlin Nob","floor":4,"turns":4},{"damage":7,"enemies":"Jaw Worm","floor":5,"turns":4},{"damage":15,"enemies":"downfall:Heads","floor":9,"turns":10},{"damage":0,"enemies":"2 Louse","floor":10,"turns":2},{"damage":14,"enemies":"3 Sentries","floor":11,"turns":10},{"damage":12,"enemies":"Exordium Wildlife","floor":12,"turns":4},{"damage":0,"enemies":"3 Louse","floor":13,"turns":1},{"damage":5,"enemies":"downfall:FleeingMerchant","floor":14,"turns":4},{"damage":2,"enemies":"Gremlin Gang","floor":15,"turns":2},{"damage":20,"enemies":"downfall:Silent","floor":16,"turns":7}],"seed_played":"7844101667979729602","potions_obtained":[{"floor":2,"key":"Fire Potion"},{"floor":9,"key":"SmokeBomb"},{"floor":11,"key":"Ancient Potion"},{"floor":15,"key":"Dexterity Potion"}],"is_trial":false,"path_per_floor":["R","M","?","?","M","R","T","R","?","M","E","M","M","$","M","B"],"character_chosen":"THE_SNECKO","items_purchased":["PrismaticShard","sneckomod:TrashToTreasure","Swift Potion"],"campfire_rested":0,"item_purchase_floors":[14,14,14],"current_hp_per_floor":[90,90,90,73,66,66,66,66,51,51,37,25,25,21,19,0,0],"gold":21,"neow_bonus":"ONE_RANDOM_RARE_CARD","is_daily":false,"chose_seed":false,"campfire_upgraded":3,"win_rate":0.0,"timestamp":1610229827,"path_taken":["R","M","?","?","M","R","T","R","?","M","E","M","M","$","M","BOSS"],"items_purchased_type":["Relic","Card","Potion"],"build_version":"2020-12-22","purchased_purges":1,"victory":false,"max_hp_per_floor":[90,90,90,101,101,101,101,101,101,101,101,101,101,102,102,102,102],"relic_stats":{"Nunchaku":[2],"counters":[11,51],"War Paint":["sneckomod:SoulDraw","sneckomod:Defend"],"obtain_stats":[{"Nunchaku":11,"downfall:BrokenWingStatue":3,"Pear":4,"War Paint":7,"sneckomod:SneckoSoul":0,"PrismaticShard":14},{"Nunchaku":6,"downfall:BrokenWingStatue":1,"Pear":2,"War Paint":3,"sneckomod:SneckoSoul":0,"PrismaticShard":9},{"Nunchaku":33,"downfall:BrokenWingStatue":3,"Pear":7,"War Paint":11,"sneckomod:SneckoSoul":0,"PrismaticShard":42}]},"card_choices":[{"not_picked":["sneckomod:DefensiveFlair","sneckomod:CheapStock"],"picked":"sneckomod:SoulDraw","floor":2},{"not_picked":["sneckomod:UnknownClassRED","sneckomod:IronFang"],"picked":"sneckomod:UnknownUncommonPower","floor":4},{"not_picked":["sneckomod:QuickMove","sneckomod:UnknownStrike","sneckomod:Mudshield"],"picked":"SKIP","floor":5},{"not_picked":["sneckomod:DiceBoulder","sneckomod:UnknownVulnerable"],"picked":"sneckomod:Nope","floor":9},{"not_picked":["sneckomod:Unknown0Cost","sneckomod:UnknownVulnerable"],"picked":"sneckomod:Nope","floor":10},{"not_picked":["sneckomod:DiceCrush","sneckomod:SoulRoll"],"picked":"sneckomod:Cheat","floor":11},{"not_picked":["sneckomod:RainOfDice","sneckomod:UnknownCommonSkill","sneckomod:DiceCrush"],"picked":"SKIP","floor":12},{"not_picked":["sneckomod:SnakeSap","sneckomod:IronFang"],"picked":"sneckomod:UnknownBlock","floor":14},{"not_picked":["Backflip","Carnage"],"picked":"champ:DefensiveStyle","floor":15}],"player_experience":1426336,"relics_obtained":[{"floor":4,"key":"Pear"},{"floor":7,"key":"War Paint"},{"floor":11,"key":"Nunchaku"}],"event_choices":[],"is_beta":false,"boss_relics":[],"items_purged_floors":[14],"is_endless":false,"potions_floor_spawned":[2,9,11,13,15],"killed_by":"downfall:Silent","ascension_level":1}}