{"host":"os6jkterwmy7idfv","time":1610235004,"event":{"mods":["Ascension Reborn","Aspiration","BaseMod","Better Third Choice","BetterRewards","Conspire","Hermit","Hubris","Minty Spire (QoL Compilation)","Spicy Shops","StSLib"],"gold_per_floor":[119,137,107,127,127,161,179,179,179],"floor_reached":8,"playtime":334,"items_purged":[],"score":58,"play_id":"d7b18e5c-ef1b-4cdb-8af7-e0f3ba7cddb6","local_time":"20210109173004","is_ascension_mode":true,"campfire_choices":[],"circlet_count":0,"master_deck":["Strike_B","Strike_B","Strike_B","Strike_B","Defend_B","Defend_B","Defend_B","Defend_B","Zap+1","Dualcast","Reprogram","Defragment"],"relics":["Cracked Core","aspiration:DSix","Centennial Puzzle"],"acts_visited":["Exordium"],"potions_floor_usage":[],"damage_taken":[{"damage":6,"enemies":"Cultist","floor":1,"turns":3},{"damage":10,"enemies":"Small Slimes","floor":2,"turns":3},{"damage":0,"enemies":"conspire:RoseBush","floor":4,"turns":3},{"damage":44,"enemies":"3 Sentries","floor":6,"turns":11},{"damage":10,"enemies":"Exordium Wildlife","floor":7,"turns":4},{"damage":6,"enemies":"Lagavulin","floor":8,"turns":3}],"seed_played":"8497465369749725750","potions_obtained":[{"floor":2,"key":"Energy Potion"},{"floor":3,"key":"PotionOfCapacity"},{"floor":3,"key":"PotionOfCapacity"}],"is_trial":false,"path_per_floor":["M","M","?","M","?","E","M","E"],"character_chosen":"DEFECT","items_purchased":[],"campfire_rested":0,"item_purchase_floors":[],"current_hp_per_floor":[69,59,59,59,59,15,5,0,0],"gold":179,"neow_bonus":"DSIX","is_daily":false,"chose_seed":false,"campfire_upgraded":0,"win_rate":0.0,"timestamp":1610235004,"path_taken":["M","?","?","?","?","E","M","E"],"items_purchased_type":[],"build_version":"2020-12-22","purchased_purges":0,"victory":false,"max_hp_per_floor":[75,75,75,75,75,75,75,75,75],"card_choices":[{"not_picked":["Stack","Streamline","Leap"],"picked":"SKIP","floor":1},{"not_picked":["Redo","Leap"],"picked":"Reprogram","floor":2},{"not_picked":["Doom and Gloom","Scrape","Steam"],"picked":"SKIP","floor":4},{"not_picked":["Hologram","Consume","Leap"],"picked":"SKIP","floor":6},{"not_picked":["hubris:Prefetch","Hologram"],"picked":"Defragment","floor":7}],"player_experience":349571,"relics_obtained":[{"floor":6,"key":"Centennial Puzzle"}],"event_choices":[{"damage_healed":0,"gold_gain":0,"player_choice":"Bought 2 Potions","damage_taken":0,"max_hp_gain":0,"max_hp_loss":0,"event_name":"The Woman in Blue","floor":3,"gold_loss":0},{"damage_healed":0,"gold_gain":0,"player_choice":"Grow","damage_taken":0,"max_hp_gain":0,"max_hp_loss":0,"event_name":"Living Wall","floor":5,"gold_loss":0,"cards_upgraded":["Zap"]}],"is_beta":false,"boss_relics":[],"items_purged_floors":[],"is_endless":false,"potions_floor_spawned":[2,4,6],"killed_by":"Lagavulin","ascension_level":0}}