{"host":"2zw05eexjythz74b","time":1610159809,"event":{"mods":["AchievementEnabler","BaseMod","Better Altar","Colored Map","Minty Spire (QoL Compilation)","StSLib","everything is the same but u backflip on backflip"],"gold_per_floor":[119,119,194,194,204,238,253,253,253,279,294,294,307,100,100,195,245,259,271,285,314,239,239,253,253,278,378,406,332,347,347,347],"floor_reached":31,"playtime":1229,"items_purged":[],"score":344,"play_id":"42ec17a6-34bf-489b-be9d-1d663a290b16","local_time":"20210108203649","is_ascension_mode":true,"campfire_choices":[{"data":"Feed","floor":8.0,"key":"SMITH"},{"data":"1","floor":12.0,"key":"LIFT"},{"data":"2","floor":15.0,"key":"LIFT"},{"floor":23.0,"key":"REST"},{"floor":25.0,"key":"REST"}],"circlet_count":0,"master_deck":["Strike_R","Strike_R","Strike_R","Strike_R","Defend_R","Defend_R","Defend_R+1","Defend_R","Bash","Armaments+1","Spot Weakness","Flex","Feed+1","Heavy Blade","Sword Boomerang","Flex","Limit Break","Dual Wield","Reaper","Heavy Blade","Pummel"],"relics":["Burning Blood","NeowsBlessing","StoneCalendar","Mercury Hourglass","Girya","Ancient Tea Set","Tiny House","Red Mask","Tiny Chest","Charon\u0027s Ashes","The Courier","Ornamental Fan","PreservedInsect"],"acts_visited":["Exordium","TheCity"],"potions_floor_usage":[28,28,30],"damage_taken":[{"damage":0.0,"enemies":"Small Slimes","floor":1.0,"turns":1.0},{"damage":0.0,"enemies":"Jaw Worm","floor":5.0,"turns":1.0},{"damage":0.0,"enemies":"Lagavulin","floor":6.0,"turns":1.0},{"damage":0.0,"enemies":"Cultist","floor":7.0,"turns":3.0},{"damage":27.0,"enemies":"Gremlin Nob","floor":10.0,"turns":5.0},{"damage":19.0,"enemies":"Lots of Slimes","floor":11.0,"turns":3.0},{"damage":10.0,"enemies":"Gremlin Gang","floor":13.0,"turns":3.0},{"damage":39.0,"enemies":"Hexaghost","floor":16.0,"turns":7.0},{"damage":6.0,"enemies":"Spheric Guardian","floor":18.0,"turns":3.0},{"damage":19.0,"enemies":"Chosen","floor":19.0,"turns":4.0},{"damage":37.0,"enemies":"3 Cultists","floor":20.0,"turns":5.0},{"damage":69.0,"enemies":"Masked Bandits","floor":21.0,"turns":5.0},{"damage":57.0,"enemies":"Centurion and Healer","floor":24.0,"turns":7.0},{"damage":19.0,"enemies":"Colosseum Slavers","floor":27.0,"turns":2.0},{"damage":56.0,"enemies":"Colosseum Nobs","floor":27.0,"turns":5.0},{"damage":47,"enemies":"Slavers","floor":28,"turns":6},{"damage":0,"enemies":"Chosen and Byrds","floor":30,"turns":3},{"damage":19,"enemies":"Snake Plant","floor":31,"turns":2}],"seed_played":"-3467131494995945476","potions_obtained":[{"floor":5.0,"key":"Block Potion"},{"floor":13.0,"key":"SneckoOil"},{"floor":16.0,"key":"Ancient Potion"},{"floor":17.0,"key":"CultistPotion"},{"floor":18.0,"key":"Swift Potion"},{"floor":27.0,"key":"BlessingOfTheForge"},{"floor":28,"key":"DistilledChaos"}],"is_trial":false,"path_per_floor":["M","?","?","?","M","E","M","R","T","E","M","R","M","$","R","B",null,"M","M","M","?","?","R","M","R","T","?","E","?","M","M"],"character_chosen":"IRONCLAD","items_purchased":["Ancient Tea Set","Flex"],"campfire_rested":2,"item_purchase_floors":[14,14],"current_hp_per_floor":[80,80,69,69,75,80,80,80,80,59,50,50,50,50,50,17,93,93,80,49,23,23,52,21,50,50,29,9,9,15,0,0],"gold":347,"neow_bonus":"THREE_ENEMY_KILL","is_daily":false,"chose_seed":false,"campfire_upgraded":1,"win_rate":0.0,"timestamp":1610159809,"path_taken":["M","?","?","?","M","E","M","R","T","E","?","R","?","$","R","BOSS","M","?","M","?","?","R","M","R","T","?","E","?","M","M"],"items_purchased_type":["Relic","Card"],"build_version":"2020-12-22","purchased_purges":0,"victory":false,"max_hp_per_floor":[80,80,80,80,80,80,80,80,80,80,84,84,88,88,88,88,93,93,93,93,97,97,97,97,97,97,101,101,101,101,101,101],"card_choices":[{"not_picked":["Shrug It Off","Twin Strike"],"picked":"Armaments","floor":1.0},{"not_picked":["Clothesline","Headbutt"],"picked":"Spot Weakness","floor":5.0},{"not_picked":["Perfected Strike","Entrench"],"picked":"Flex","floor":6.0},{"not_picked":["Rupture","Sword Boomerang"],"picked":"Feed","floor":7.0},{"not_picked":["Pommel Strike","True Grit","Power Through"],"picked":"SKIP","floor":10.0},{"not_picked":["True Grit","Twin Strike"],"picked":"Heavy Blade","floor":11.0},{"not_picked":["Carnage","Reckless Charge"],"picked":"Sword Boomerang","floor":13.0},{"not_picked":["Berserk","Corruption"],"picked":"Limit Break","floor":16.0},{"not_picked":["Heavy Blade","Pommel Strike"],"picked":"Dual Wield","floor":18.0},{"not_picked":["Body Slam+1","Burning Pact","Cleave"],"picked":"SKIP","floor":19.0},{"not_picked":["Seeing Red","Wild Strike"],"picked":"Reaper","floor":20.0},{"not_picked":["Dark Embrace","Dropkick+1","Shrug It Off"],"picked":"SKIP","floor":24.0},{"not_picked":["Sword Boomerang","Shrug It Off+1"],"picked":"Heavy Blade","floor":27.0},{"not_picked":["Reckless Charge","Shrug It Off"],"picked":"Pummel","floor":28},{"not_picked":["Perfected Strike","Fire Breathing","Iron Wave"],"picked":"SKIP","floor":30}],"player_experience":203775,"relics_obtained":[{"floor":6.0,"key":"StoneCalendar"},{"floor":9.0,"key":"Mercury Hourglass"},{"floor":10.0,"key":"Girya"},{"floor":21.0,"key":"Red Mask"},{"floor":26.0,"key":"Tiny Chest"},{"floor":27.0,"key":"Charon\u0027s Ashes"},{"floor":27.0,"key":"The Courier"},{"floor":28,"key":"Ornamental Fan"}],"event_choices":[{"damage_healed":0.0,"max_hp_gain":0.0,"max_hp_loss":0.0,"gold_gain":0.0,"event_name":"Golden Wing","player_choice":"Ignored","floor":2.0,"gold_loss":0.0,"damage_taken":0.0},{"damage_healed":0.0,"max_hp_gain":0.0,"max_hp_loss":0.0,"gold_gain":75.0,"event_name":"World of Goop","player_choice":"Gather Gold","floor":3.0,"gold_loss":0.0,"damage_taken":11.0},{"damage_healed":0.0,"max_hp_gain":0.0,"max_hp_loss":0.0,"gold_gain":0.0,"event_name":"Upgrade Shrine","player_choice":"Upgraded","floor":4.0,"gold_loss":0.0,"damage_taken":0.0,"cards_upgraded":["Armaments"]},{"damage_healed":0.0,"max_hp_gain":0.0,"max_hp_loss":0.0,"gold_gain":0.0,"event_name":"Masked Bandits","player_choice":"Fought Bandits","floor":21.0,"gold_loss":0.0,"damage_taken":0.0},{"cards_removed":["Strike_R"],"damage_healed":0.0,"max_hp_gain":0.0,"max_hp_loss":0.0,"gold_gain":0.0,"event_name":"Beggar","player_choice":"Gave Gold","floor":22.0,"gold_loss":75.0,"damage_taken":0.0},{"damage_healed":0.0,"max_hp_gain":0.0,"max_hp_loss":0.0,"gold_gain":0.0,"event_name":"Colosseum","player_choice":"Fight","floor":27.0,"gold_loss":0.0,"damage_taken":0.0},{"damage_healed":0.0,"max_hp_gain":0.0,"max_hp_loss":0.0,"gold_gain":0.0,"event_name":"Colosseum","player_choice":"Fought Nobs","floor":27.0,"gold_loss":0.0,"damage_taken":0.0},{"damage_healed":0,"gold_gain":0,"player_choice":"Paid Gold","damage_taken":0,"relics_obtained":["PreservedInsect"],"max_hp_gain":0,"max_hp_loss":0,"event_name":"WeMeetAgain","floor":29,"gold_loss":74}],"is_beta":false,"boss_relics":[{"not_picked":["Snecko Eye","Ectoplasm"],"picked":"Tiny House"}],"items_purged_floors":[],"is_endless":false,"potions_floor_spawned":[5,13,16,18,27,27,28],"killed_by":"Snake Plant","ascension_level":2}}