{"host":"pgqkv8mh62pnrbci","time":1610170372,"event":{"mods":["2.2 Compatiblity","AchievementEnabler","BaseMod","Custom Start","DeckTracker","Minty Spire (QoL Compilation)","StSLib","SuperFastMode"],"gold_per_floor":[112,112,112,129,129,164,35,35,35,35,51,63,96,152,152,229,229,240,240,259,259,277,302,312,330,353,223,273,287,300,311,311,311,311],"floor_reached":33,"playtime":1047,"items_purged":["Regret","Writhe"],"score":593,"play_id":"1b1ca54a-1aed-4c0d-a26c-c9d6c65c62d2","local_time":"20210109143252","is_ascension_mode":true,"campfire_choices":[{"data":"True Grit","floor":8.0,"key":"SMITH"},{"data":"Armaments","floor":15.0,"key":"SMITH"},{"floor":32,"key":"REST"}],"circlet_count":0,"master_deck":["AscendersBane","Strike_R","Strike_R","Strike_R","Strike_R","Defend_R","Defend_R+1","Defend_R","Defend_R","Bash","Evolve+1","Sever Soul","Wild Strike","True Grit+1","Armaments+1","Anger","Impervious","Fire Breathing","Second Wind","Double Tap","Shrug It Off","Inflame","Evolve"],"relics":["Burning Blood","NeowsBlessing","Singing Bowl","Regal Pillow","InkBottle","Mummified Hand","Ancient Tea Set","Fusion Hammer","Bird Faced Urn","Blood Vial","PreservedInsect"],"acts_visited":["Exordium","TheCity"],"potions_floor_usage":[],"damage_taken":[{"damage":0.0,"enemies":"Small Slimes","floor":1.0,"turns":1.0},{"damage":0.0,"enemies":"Jaw Worm","floor":4.0,"turns":1.0},{"damage":0.0,"enemies":"3 Sentries","floor":6.0,"turns":2.0},{"damage":6.0,"enemies":"2 Louse","floor":11.0,"turns":2.0},{"damage":13.0,"enemies":"Blue Slaver","floor":12.0,"turns":4.0},{"damage":31.0,"enemies":"Lagavulin","floor":13.0,"turns":6.0},{"damage":6.0,"enemies":"Gremlin Nob","floor":14.0,"turns":3.0},{"damage":33.0,"enemies":"Slime Boss","floor":16.0,"turns":7.0},{"damage":8.0,"enemies":"Spheric Guardian","floor":18.0,"turns":5.0},{"damage":1.0,"enemies":"Chosen","floor":20.0,"turns":5.0},{"damage":21.0,"enemies":"Centurion and Healer","floor":22.0,"turns":8.0},{"damage":19.0,"enemies":"Slavers","floor":23.0,"turns":6.0},{"damage":24.0,"enemies":"Sentry and Sphere","floor":24.0,"turns":6.0},{"damage":15.0,"enemies":"Snake Plant","floor":25.0,"turns":5.0},{"damage":0.0,"enemies":"Cultist and Chosen","floor":29.0,"turns":4.0},{"damage":5.0,"enemies":"Chosen and Byrds","floor":30.0,"turns":5.0},{"damage":30.0,"enemies":"3 Cultists","floor":31.0,"turns":6.0},{"damage":89,"enemies":"Automaton","floor":33,"turns":10}],"seed_played":"4462340821931955691","potions_obtained":[{"floor":1.0,"key":"AttackPotion"},{"floor":6.0,"key":"BloodPotion"},{"floor":11.0,"key":"SteroidPotion"},{"floor":13.0,"key":"AttackPotion"},{"floor":22.0,"key":"Regen Potion"},{"floor":23.0,"key":"SneckoOil"},{"floor":25.0,"key":"AttackPotion"},{"floor":30.0,"key":"DistilledChaos"},{"floor":31,"key":"Weak Potion"}],"is_trial":false,"path_per_floor":["M","?","?","M","?","E","$","R","T","$","M","M","E","?","R","B",null,"M","?","M","?","M","E","M","M","T","$","?","M","M","M","R","B"],"character_chosen":"IRONCLAD","items_purchased":["True Grit","Shrug It Off"],"campfire_rested":1,"item_purchase_floors":[7,27],"current_hp_per_floor":[74,74,51,57,57,63,63,63,63,63,63,56,33,35,35,23,65,65,42,47,47,38,45,33,30,30,30,21,33,44,28,70,0,0],"gold":311,"neow_bonus":"THREE_ENEMY_KILL","is_daily":false,"chose_seed":false,"campfire_upgraded":2,"win_rate":0.0,"timestamp":1610170372,"path_taken":["M","?","?","M","?","E","$","R","T","?","?","M","E","?","R","BOSS","M","?","M","?","M","E","M","M","T","$","?","M","M","M","R","BOSS"],"items_purchased_type":["Card","Card"],"build_version":"2020-12-22","purchased_purges":2,"victory":false,"max_hp_per_floor":[75,75,75,75,75,75,75,75,75,75,75,75,77,79,79,79,79,81,86,86,86,88,90,90,90,90,90,90,90,92,92,92,92,92],"card_choices":[{"not_picked":["Metallicize","Cleave"],"picked":"Evolve","floor":1.0},{"not_picked":["Cleave","Sever Soul","Twin Strike"],"picked":"SKIP","floor":4.0},{"not_picked":["Perfected Strike","Shockwave"],"picked":"Wild Strike","floor":6.0},{"not_picked":["Searing Blow","Infernal Blade"],"picked":"Armaments","floor":11.0},{"not_picked":["Body Slam","Iron Wave"],"picked":"Anger","floor":12.0},{"not_picked":["Rampage","Rage","Cleave"],"picked":"Singing Bowl","floor":13.0},{"not_picked":["Sword Boomerang","Blood for Blood","Anger"],"picked":"Singing Bowl","floor":14.0},{"not_picked":["Barricade","Feed"],"picked":"Impervious","floor":16.0},{"not_picked":["Sword Boomerang","Pommel Strike","Clash"],"picked":"Singing Bowl","floor":18.0},{"not_picked":["Twin Strike","Body Slam"],"picked":"Fire Breathing","floor":20.0},{"not_picked":["Iron Wave","Rampage","Clothesline"],"picked":"Singing Bowl","floor":22.0},{"not_picked":["Havoc","Twin Strike","Iron Wave+1"],"picked":"Singing Bowl","floor":23.0},{"not_picked":["Armaments","Flex+1"],"picked":"Second Wind","floor":24.0},{"not_picked":["Ghostly Armor","Clothesline"],"picked":"Double Tap","floor":25.0},{"not_picked":["Sword Boomerang","Thunderclap"],"picked":"Inflame","floor":29.0},{"not_picked":["Havoc","Dual Wield","Pummel"],"picked":"Singing Bowl","floor":30.0},{"not_picked":["Blood for Blood","Intimidate"],"picked":"Evolve","floor":31}],"player_experience":599573,"relics_obtained":[{"floor":6.0,"key":"Regal Pillow"},{"floor":9.0,"key":"InkBottle"},{"floor":13.0,"key":"Mummified Hand"},{"floor":14.0,"key":"Ancient Tea Set"},{"floor":23.0,"key":"Blood Vial"},{"floor":26.0,"key":"PreservedInsect"}],"event_choices":[{"damage_healed":0.0,"max_hp_gain":0.0,"max_hp_loss":0.0,"gold_gain":0.0,"cards_transformed":["Strike_R"],"event_name":"Living Wall","player_choice":"Change","floor":2.0,"gold_loss":0.0,"damage_taken":0.0,"cards_obtained":["Sever Soul"]},{"damage_healed":0.0,"max_hp_gain":0.0,"max_hp_loss":0.0,"gold_gain":0.0,"event_name":"Shining Light","player_choice":"Entered Light","floor":3.0,"gold_loss":0.0,"damage_taken":23.0,"cards_upgraded":["Defend_R","Evolve"]},{"damage_healed":0.0,"max_hp_gain":0.0,"max_hp_loss":0.0,"gold_gain":0.0,"event_name":"Big Fish","player_choice":"Box","floor":5.0,"gold_loss":0.0,"damage_taken":0.0,"relics_obtained":["Singing Bowl"],"cards_obtained":["Regret"]},{"damage_healed":0.0,"max_hp_gain":0.0,"max_hp_loss":0.0,"gold_gain":0.0,"event_name":"Dead Adventurer","player_choice":"Searched \u00272\u0027 times","floor":14.0,"gold_loss":0.0,"damage_taken":0.0},{"damage_healed":0.0,"max_hp_gain":5.0,"max_hp_loss":0.0,"gold_gain":0.0,"event_name":"Forgotten Altar","player_choice":"Shed Blood","floor":19.0,"gold_loss":0.0,"damage_taken":28.0},{"damage_healed":0.0,"max_hp_gain":0.0,"max_hp_loss":0.0,"gold_gain":0.0,"event_name":"The Mausoleum","player_choice":"Opened","floor":21.0,"gold_loss":0.0,"damage_taken":0.0,"relics_obtained":["Bird Faced Urn"],"cards_obtained":["Writhe"]},{"damage_healed":0.0,"max_hp_gain":0.0,"max_hp_loss":0.0,"gold_gain":50.0,"event_name":"FaceTrader","player_choice":"Touch","floor":28.0,"gold_loss":0.0,"damage_taken":9.0}],"is_beta":false,"boss_relics":[{"not_picked":["Empty Cage","Black Blood"],"picked":"Fusion Hammer"}],"items_purged_floors":[7,27],"is_endless":false,"potions_floor_spawned":[1,6,11,13,22,23,25,30,31],"killed_by":"Automaton","ascension_level":19}}