{"host":"q1ejl7hv5l3527la","time":1610182530,"event":{"mods":["Aspiration","Bard","BaseMod","Better Third Choice","Colored Powertips","Downfall","Energized Spire","Hermit","Highlight Path","Hubris","Infinite Spire","Minty Spire (QoL Compilation)","Replay The Spire","Shop Mod","StSLib","The Bladedancer","The Cursed","The Juggle","The Jungle","The Runesmith"],"gold_per_floor":[118,133,151,167,167,167,183,183,258,275,292,292,327,344,344,442,442,453,473,484,495,695,695,713,727,727,204,214,169,169,186,186,288,288,308,0,0,0,16,16,16,26,51,51,51],"floor_reached":44,"playtime":4411,"items_purged":[],"score":593,"play_id":"a0e58139-d068-4d89-95b6-0e9f530f7e3b","local_time":"20210109025530","is_ascension_mode":false,"campfire_choices":[{"floor":6.0,"key":"REST"},{"floor":8.0,"key":"REST"},{"floor":12.0,"key":"REST"},{"floor":15.0,"key":"REST"},{"floor":23.0,"key":"REST"},{"floor":30.0,"key":"REST"},{"floor":32.0,"key":"REST"},{"floor":40,"key":"REST"}],"circlet_count":0,"master_deck":["hermit:Strike_Hermit","hermit:Strike_Hermit","hermit:Strike_Hermit","hermit:Strike_Hermit+1","hermit:Defend_Hermit","hermit:Defend_Hermit","hermit:Defend_Hermit+1","hermit:Defend_Hermit","hermit:Snapshot","hermit:Covet","hermit:WideOpen","hermit:CursedWeapon","hermit:EternalForm","hermit:LowProfile","Regret","hermit:BigShot","hermit:Roulette","hermit:ShadowCloak","hermit:NoHoldsBarred","hermit:Coalescence","hermit:FatalDesire","hermit:Horror+1","hermit:Grudge","hermit:Ricochet","hermit:Quickdraw+1","hermit:Determination","hermit:HighCaliber+1","hermit:Brawl","hermit:CalledShot+1","Apotheosis","Enlightenment","hermit:BodyArmor+1","hermit:Headshot","hermit:Quickdraw","hermit:Dissolve","hermit:HighCaliber+1","Writhe","Spreading Infection","hermit:Reprieve","Slimebound:Icky","Guardian:Aged","hubris:Rewind","hermit:Deadeye"],"relics":["hermit:Momento","Oddly Smooth Stone","Replay:Ringing Soul","Matryoshka","Honey Jar","Bag of Preparation","infinitespire:Broken Mirror","Ring of Chaos","Red Mask","Ring of Panic","Simple Rune","Lantern"],"acts_visited":["Exordium","TheCity","TheBeyond"],"potions_floor_usage":[44],"damage_taken":[{"damage":1.0,"enemies":"Jaw Worm","floor":1.0,"turns":3.0},{"damage":0.0,"enemies":"Small Slimes","floor":2.0,"turns":3.0},{"damage":2.0,"enemies":"Cultist","floor":3.0,"turns":2.0},{"damage":12.0,"enemies":"Exordium Thugs","floor":4.0,"turns":4.0},{"damage":36.0,"enemies":"Gremlin Gang","floor":7.0,"turns":6.0},{"damage":2.0,"enemies":"Looter","floor":10.0,"turns":3.0},{"damage":8.0,"enemies":"2 Fungi Beasts","floor":11.0,"turns":3.0},{"damage":20.0,"enemies":"Lagavulin","floor":13.0,"turns":6.0},{"damage":6.0,"enemies":"3 Louse","floor":14.0,"turns":3.0},{"damage":41.0,"enemies":"The Guardian","floor":16.0,"turns":11.0},{"damage":17.0,"enemies":"2 Thieves","floor":18.0,"turns":4.0},{"damage":8.0,"enemies":"Shell Parasite","floor":19.0,"turns":3.0},{"damage":26.0,"enemies":"Centurion and Healer","floor":20.0,"turns":5.0},{"damage":32.0,"enemies":"Shelled Parasite and Fungi","floor":21.0,"turns":3.0},{"damage":13.0,"enemies":"Snecko","floor":24.0,"turns":3.0},{"damage":20.0,"enemies":"Snake Plant","floor":25.0,"turns":4.0},{"damage":10.0,"enemies":"Centurion and Healer","floor":28.0,"turns":2.0},{"damage":6.0,"enemies":"Shelled Parasite and Fungi","floor":31.0,"turns":3.0},{"damage":32.0,"enemies":"Champ","floor":33.0,"turns":7.0},{"damage":54,"enemies":"3 Darklings","floor":35,"turns":4},{"damage":0,"enemies":"Orb Walker","floor":39,"turns":2},{"damage":69,"enemies":"4 Shapes","floor":42,"turns":4},{"damage":33,"enemies":"infinitespire:Three Voidlings","floor":44,"turns":4},{"damage":67,"enemies":"Nightmare_Alpha","floor":44,"turns":5}],"seed_played":"-3931885904989476224","potions_obtained":[{"floor":3.0,"key":"hermit:BlackBile"},{"floor":4.0,"key":"Swift Potion"},{"floor":10.0,"key":"SpeedPotion"},{"floor":11.0,"key":"GamblersBrew"},{"floor":20.0,"key":"champ:CounterPotion"},{"floor":21.0,"key":"BlessingOfTheForge"},{"floor":24.0,"key":"PowerPotion"},{"floor":28.0,"key":"SteroidPotion"},{"floor":31.0,"key":"Explosive Potion"},{"floor":33.0,"key":"Ancient Potion"},{"floor":42,"key":"Strength Potion"}],"is_trial":false,"path_per_floor":["M","M","M","M","?","R","M","R","T","M","M","R","E","M","R","B",null,"M","M","M","M","?","R","M","M","T","$","M","$","R","M","R","B",null,"M","?","?","?","M","R","?","M","T","?"],"character_chosen":"HERMIT","items_purchased":["hermit:Brawl","hermit:CalledShot+1","Apotheosis","Energy Potion","Regen Potion","Enlightenment","hermit:Headshot"],"campfire_rested":8,"item_purchase_floors":[27,27,27,27,27,27,29],"current_hp_per_floor":[81,81,79,67,67,82,46,70,70,71,66,88,71,68,94,56,97,83,78,55,26,26,58,48,31,31,34,27,30,67,73,111,82,130,79,79,115,118,121,142,145,87,87,0,0],"gold":51,"neow_bonus":"TEN_PERCENT_HP_BONUS","is_daily":false,"chose_seed":false,"campfire_upgraded":0,"win_rate":0.0,"timestamp":1610182530,"path_taken":["M","M","M","M","?","R","M","R","T","M","M","R","E","M","R","BOSS","M","M","M","M","?","R","M","M","T","$","M","?","R","?","R","BOSS","M","?","?","?","M","R","?","M","T","?"],"items_purchased_type":["Card","Card","Card","Potion","Potion","Card","Card"],"build_version":"2020-12-22","purchased_purges":0,"victory":false,"max_hp_per_floor":[82,82,82,82,82,82,82,82,82,85,88,88,91,94,94,97,97,100,103,106,109,109,109,112,115,115,118,121,124,124,127,127,130,130,133,133,136,139,142,142,145,148,148,148,148],"card_choices":[{"not_picked":["hermit:Snipe","hermit:BodyArmor"],"picked":"hermit:WideOpen","floor":1.0},{"not_picked":["hermit:Grudge","hermit:Enervate"],"picked":"hermit:CursedWeapon","floor":2.0},{"not_picked":["hermit:CalledShot","hermit:BodyArmor"],"picked":"hermit:EternalForm","floor":3.0},{"not_picked":["hermit:ItchyTrigger","hermit:CalledShot"],"picked":"hermit:LowProfile","floor":4.0},{"not_picked":["hermit:TakeCover","hermit:BodyArmor"],"picked":"hermit:BigShot","floor":7.0},{"not_picked":["hermit:Coalescence","hermit:HighCaliber"],"picked":"hermit:Roulette","floor":10.0},{"not_picked":["hermit:CalledShot","hermit:Glare"],"picked":"hermit:ShadowCloak","floor":11.0},{"not_picked":["hermit:Showdown","hermit:Manifest"],"picked":"hermit:NoHoldsBarred","floor":13.0},{"not_picked":["hermit:WideOpen","hermit:HoleUp"],"picked":"hermit:Coalescence","floor":14.0},{"not_picked":["hermit:EternalForm","hermit:OverwhelmingPower"],"picked":"hermit:FatalDesire","floor":16.0},{"not_picked":["hermit:Roulette","hermit:Desperado","hermit:Feint"],"picked":"hermit:Horror+1","floor":18.0},{"not_picked":["hermit:Determination","hermit:FlashPowder","hermit:Spite"],"picked":"hermit:Grudge","floor":19.0},{"not_picked":["hermit:EyeOfTheStorm","hermit:SprayPray","hermit:LoneWolf"],"picked":"hermit:Ricochet","floor":20.0},{"not_picked":["hermit:ItchyTrigger","hermit:Manifest","hermit:BigShot+1"],"picked":"hermit:Quickdraw+1","floor":21.0},{"not_picked":["hermit:TrackingShot","hermit:Maintenance+1","hermit:Grudge"],"picked":"hermit:Determination","floor":24.0},{"not_picked":["hermit:Roulette","hermit:Desperado","hermit:OverwhelmingPower"],"picked":"hermit:HighCaliber+1","floor":25.0},{"not_picked":["hermit:Feint","hermit:LoneWolf+1","hermit:DeadMansHand"],"picked":"hermit:BodyArmor+1","floor":28.0},{"not_picked":["hermit:LoneWolf","hermit:FinalCanter","hermit:WideOpen"],"picked":"hermit:Quickdraw","floor":31.0},{"not_picked":["hermit:Magnum","hermit:Reprieve","hermit:Adapt"],"picked":"hermit:Dissolve","floor":33.0},{"not_picked":["hermit:Grudge","hermit:Shortfuse+1","hermit:FullyLoaded+1"],"picked":"hermit:HighCaliber+1","floor":35},{"not_picked":["hermit:Feint+1","hermit:TrackingShot","hermit:Ricochet+1"],"picked":"hermit:Reprieve","floor":39},{"not_picked":["ReplayTheSpireMod:??????????????????????","ReplayTheSpireMod:Echoes of Time"],"picked":"hubris:Rewind","floor":41},{"not_picked":["hermit:HoleUp","hermit:TrackingShot+1","hermit:Cheat+1"],"picked":"hermit:Deadeye","floor":42}],"player_experience":94254,"relics_obtained":[{"floor":9.0,"key":"Replay:Ringing Soul"},{"floor":13.0,"key":"Matryoshka"},{"floor":26.0,"key":"Bag of Preparation"},{"floor":26.0,"key":"infinitespire:Broken Mirror"},{"floor":38,"key":"Ring of Panic"},{"floor":43,"key":"Simple Rune"},{"floor":43,"key":"Lantern"}],"event_choices":[{"damage_healed":0.0,"max_hp_gain":0.0,"max_hp_loss":0.0,"gold_gain":0.0,"event_name":"Big Fish","player_choice":"Box","floor":5.0,"gold_loss":0.0,"damage_taken":0.0,"relics_obtained":["Oddly Smooth Stone"],"cards_obtained":["Regret"]},{"damage_healed":0.0,"max_hp_gain":0.0,"max_hp_loss":0.0,"gold_gain":200.0,"event_name":"Wheel of Change","player_choice":"Gold","floor":22.0,"gold_loss":0.0,"damage_taken":0.0},{"damage_healed":0,"gold_gain":0,"player_choice":"Paid","damage_taken":0,"relics_obtained":["Red Mask"],"max_hp_gain":0,"max_hp_loss":0,"event_name":"Tomb of Lord Red Mask","floor":36,"gold_loss":308},{"damage_healed":33,"gold_gain":0,"player_choice":"Writhe","damage_taken":0,"max_hp_gain":0,"max_hp_loss":0,"event_name":"Winding Halls","floor":37,"gold_loss":0,"cards_obtained":["Writhe"]}],"is_beta":false,"boss_relics":[{"not_picked":["hubris:RunicObelisk","energizedSpire:EnergizedDie"],"picked":"Honey Jar"},{"not_picked":["Runesmith:UraniumAnvil","energizedSpire:OgreHead"],"picked":"Ring of Chaos"}],"items_purged_floors":[],"is_endless":false,"potions_floor_spawned":[3,4,10,11,20,21,24,28,31,33,42,44],"killed_by":"Nightmare_Alpha","ascension_level":0}}