{"host":"9l1knhxfturzliqa","time":1610190534,"event":{"mods":["BaseMod","Colored Map","Colored Powertips","DeckTracker","Highlight Path","Keyboard Shortcuts","Minty Spire (QoL Compilation)","Random Character Button"],"gold_per_floor":[16,16,32,32,32,64,64,64,133,133,161,4,4,19,19,119,119,131,30,30,48,67,67,98,98,145,165,165,174,197,296,296,409,409,429,529,552,585,605,941,941,985,985,1085,1106,1106,695,38,38,38],"floor_reached":51,"playtime":15739,"items_purged":["Strike_B","Defend_B"],"score":932,"play_id":"465e5044-ced7-4199-9444-cfb1f0437594","local_time":"20210109200854","is_ascension_mode":true,"campfire_choices":[{"data":"Zap","floor":7.0,"key":"SMITH"},{"data":"Dualcast","floor":10.0,"key":"SMITH"},{"data":"Seek","floor":13.0,"key":"SMITH"},{"data":"White Noise","floor":15.0,"key":"SMITH"},{"data":"Hologram","floor":23.0,"key":"SMITH"},{"data":"Seek","floor":25.0,"key":"SMITH"},{"data":"Stack","floor":28.0,"key":"SMITH"},{"data":"All For One","floor":32.0,"key":"SMITH"},{"data":"Amplify","floor":41.0,"key":"SMITH"},{"data":"Storm","floor":46,"key":"SMITH"},{"data":"Storm","floor":49,"key":"SMITH"}],"circlet_count":0,"master_deck":["Strike_B+1","Strike_B","Defend_B","Defend_B","Zap+1","Dualcast+1","Thinking Ahead+1","Rebound","Hologram","Go for the Eyes","All For One+1","Seek+1","Self Repair","White Noise+1","Seek+1","Aggregate","Hologram+1","Streamline","Stack+1","Coolheaded","Steam","White Noise+1","Rip and Tear+1","Amplify+1","Force Field+1","BootSequence","Parasite","Streamline+1","Recycle","White Noise+1","Storm+1","Stack+1","Storm+1","Good Instincts"],"relics":["Cracked Core","Kunai","Gremlin Horn","Anchor","Nuclear Battery","Nilry\u0027s Codex","Strawberry","CeramicFish","Runic Pyramid","Old Coin","Lantern","Bird Faced Urn","Sundial","ClockworkSouvenir","Strange Spoon","Happy Flower"],"acts_visited":["Exordium","TheCity","TheBeyond"],"potions_floor_usage":[50],"damage_taken":[{"damage":0.0,"enemies":"2 Louse","floor":1.0,"turns":2.0},{"damage":1.0,"enemies":"Cultist","floor":3.0,"turns":3.0},{"damage":31.0,"enemies":"3 Sentries","floor":6.0,"turns":8.0},{"damage":17.0,"enemies":"Lagavulin","floor":11.0,"turns":5.0},{"damage":0.0,"enemies":"Small Slimes","floor":14.0,"turns":3.0},{"damage":0.0,"enemies":"Slime Boss","floor":16.0,"turns":5.0},{"damage":0.0,"enemies":"3 Byrds","floor":18.0,"turns":3.0},{"damage":6.0,"enemies":"Shell Parasite","floor":21.0,"turns":3.0},{"damage":13.0,"enemies":"Snecko","floor":22.0,"turns":3.0},{"damage":0.0,"enemies":"Slavers","floor":24.0,"turns":3.0},{"damage":13.0,"enemies":"Snake Plant","floor":27.0,"turns":3.0},{"damage":7.0,"enemies":"Shelled Parasite and Fungi","floor":30.0,"turns":5.0},{"damage":35.0,"enemies":"Collector","floor":33.0,"turns":10.0},{"damage":6.0,"enemies":"3 Shapes","floor":35.0,"turns":3.0},{"damage":0.0,"enemies":"Orb Walker","floor":37.0,"turns":3.0},{"damage":1.0,"enemies":"Writhing Mass","floor":38.0,"turns":8.0},{"damage":0.0,"enemies":"Jaw Worm Horde","floor":39.0,"turns":3.0},{"damage":37.0,"enemies":"Giant Head","floor":40.0,"turns":9.0},{"damage":22,"enemies":"Nemesis","floor":42,"turns":9},{"damage":0,"enemies":"4 Shapes","floor":45,"turns":4},{"damage":109,"enemies":"Time Eater","floor":50,"turns":9}],"seed_played":"5892057822402122658","potions_obtained":[{"floor":3.0,"key":"Dexterity Potion"},{"floor":11.0,"key":"Strength Potion"},{"floor":14.0,"key":"SteroidPotion"},{"floor":22.0,"key":"SneckoOil"},{"floor":27.0,"key":"SteroidPotion"},{"floor":30.0,"key":"Strength Potion"},{"floor":33.0,"key":"Dexterity Potion"},{"floor":35.0,"key":"FearPotion"},{"floor":38.0,"key":"DistilledChaos"},{"floor":42,"key":"Fire Potion"}],"is_trial":false,"path_per_floor":["M","?","M","?","?","E","R","?","T","R","E","$","R","M","R","B",null,"M","$","?","M","M","R","E","R","T","M","R","?","M","?","R","B",null,"M","?","M","M","M","E","R","E","T","?","M","R","$","$","R","B",null],"character_chosen":"DEFECT","items_purchased":["Seek","Self Repair","Hologram","Sundial","ClockworkSouvenir","Strange Spoon","Happy Flower","Storm","Good Instincts","FairyPotion"],"campfire_rested":0,"item_purchase_floors":[12,12,19,47,47,48,48,48,48,48],"current_hp_per_floor":[75,75,74,59,64,33,33,33,33,33,16,16,16,23,23,30,80,80,80,64,58,45,45,59,59,59,46,46,46,39,39,39,4,87,81,81,87,87,87,57,57,42,42,42,63,63,63,63,63,35],"gold":38,"neow_bonus":"RANDOM_COLORLESS_2","is_daily":false,"chose_seed":false,"campfire_upgraded":11,"win_rate":0.0,"timestamp":1610190534,"path_taken":["M","?","?","?","?","E","R","?","T","R","E","$","R","?","R","BOSS","M","$","?","M","M","R","E","R","T","M","R","?","?","?","R","BOSS","M","?","M","?","M","E","R","E","T","?","M","R","?","$","R","BOSS"],"items_purchased_type":["Card","Card","Card","Relic","Relic","Relic","Relic","Card","Card","Potion"],"build_version":"2020-12-22","purchased_purges":2,"victory":true,"max_hp_per_floor":[75,75,75,75,80,80,80,80,80,80,80,80,80,80,80,80,80,80,80,80,80,80,80,87,87,87,87,87,87,87,87,87,87,87,87,87,87,87,87,87,87,87,87,87,87,87,87,87,87,87],"card_choices":[{"not_picked":["Violence","Mayhem"],"picked":"Thinking Ahead","floor":0.0},{"not_picked":["Conserve Battery","Aggregate"],"picked":"Rebound","floor":1.0},{"not_picked":["Barrage","Rebound"],"picked":"Hologram","floor":3.0},{"not_picked":["Turbo","Coolheaded"],"picked":"Go for the Eyes","floor":6.0},{"not_picked":["Redo","Static Discharge"],"picked":"All For One","floor":11.0},{"not_picked":["Storm","Hologram"],"picked":"White Noise","floor":14.0},{"not_picked":["Buffer","Multi-Cast"],"picked":"Seek","floor":16.0},{"not_picked":["Go for the Eyes","Chaos+1"],"picked":"Aggregate","floor":18.0},{"not_picked":["Ball Lightning","Steam"],"picked":"Streamline","floor":21.0},{"not_picked":["Rebound","Compile Driver+1"],"picked":"Stack","floor":22.0},{"not_picked":["Ball Lightning","Aggregate"],"picked":"Coolheaded","floor":24.0},{"not_picked":["Barrage+1","Turbo"],"picked":"Steam","floor":27.0},{"not_picked":["Coolheaded+1","Turbo+1"],"picked":"Rip and Tear+1","floor":30.0},{"not_picked":["Hyperbeam","Meteor Strike"],"picked":"Amplify","floor":33.0},{"not_picked":["Melter","Loop"],"picked":"Force Field+1","floor":35.0},{"not_picked":["Rebound","Sunder"],"picked":"BootSequence","floor":37.0},{"not_picked":["Redo","Double Energy"],"picked":"Streamline+1","floor":38.0},{"not_picked":["Recycle","Sunder","Rip and Tear"],"picked":"SKIP","floor":39.0},{"not_picked":["Sunder","Rip and Tear"],"picked":"Recycle","floor":39.0},{"not_picked":["Beam Cell+1","Streamline"],"picked":"White Noise+1","floor":40.0},{"not_picked":["Auto Shields","Rebound"],"picked":"Storm","floor":42},{"not_picked":["Ball Lightning","Loop+1"],"picked":"Stack+1","floor":45}],"player_experience":386715,"relics_obtained":[{"floor":6.0,"key":"Kunai"},{"floor":9.0,"key":"Gremlin Horn"},{"floor":11.0,"key":"Anchor"},{"floor":20.0,"key":"Nilry\u0027s Codex"},{"floor":24.0,"key":"Strawberry"},{"floor":26.0,"key":"CeramicFish"},{"floor":40.0,"key":"Old Coin"},{"floor":42,"key":"Lantern"},{"floor":43,"key":"Bird Faced Urn"}],"event_choices":[{"cards_removed":["Strike_B"],"damage_healed":0.0,"max_hp_gain":0.0,"max_hp_loss":0.0,"gold_gain":0.0,"event_name":"Bonfire Elementals","player_choice":"Offered Basic","floor":2.0,"gold_loss":0.0,"damage_taken":0.0},{"damage_healed":0.0,"max_hp_gain":0.0,"max_hp_loss":0.0,"gold_gain":0.0,"event_name":"Shining Light","player_choice":"Entered Light","floor":4.0,"gold_loss":0.0,"damage_taken":15.0,"cards_upgraded":["Strike_B","Thinking Ahead"]},{"damage_healed":0.0,"max_hp_gain":5.0,"max_hp_loss":0.0,"gold_gain":0.0,"event_name":"Big Fish","player_choice":"Donut","floor":5.0,"gold_loss":0.0,"damage_taken":0.0},{"cards_removed":["Defend_B"],"damage_healed":0.0,"max_hp_gain":0.0,"max_hp_loss":0.0,"gold_gain":0.0,"event_name":"Purifier","player_choice":"Purged","floor":8.0,"gold_loss":0.0,"damage_taken":0.0},{"damage_healed":0.0,"max_hp_gain":0.0,"max_hp_loss":0.0,"gold_gain":0.0,"event_name":"Cursed Tome","player_choice":"Obtained Book","floor":20.0,"gold_loss":0.0,"damage_taken":16.0},{"damage_healed":0.0,"max_hp_gain":0.0,"max_hp_loss":0.0,"gold_gain":0.0,"event_name":"Duplicator","player_choice":"Copied","floor":29.0,"gold_loss":0.0,"damage_taken":0.0,"cards_obtained":["White Noise"]},{"damage_healed":0.0,"max_hp_gain":0.0,"max_hp_loss":0.0,"gold_gain":99.0,"event_name":"Nest","player_choice":"Stole From Cult","floor":31.0,"gold_loss":0.0,"damage_taken":0.0},{"damage_healed":0.0,"max_hp_gain":0.0,"max_hp_loss":0.0,"gold_gain":100.0,"event_name":"Golden Shrine","player_choice":"Pray","floor":36.0,"gold_loss":0.0,"damage_taken":0.0},{"damage_healed":0,"gold_gain":100,"player_choice":"Pray","damage_taken":0,"max_hp_gain":0,"max_hp_loss":0,"event_name":"Golden Shrine","floor":44,"gold_loss":0}],"is_beta":false,"boss_relics":[{"not_picked":["Coffee Dripper","Snecko Eye"],"picked":"Nuclear Battery"},{"not_picked":["Fusion Hammer","Busted Crown"],"picked":"Runic Pyramid"}],"items_purged_floors":[19,48],"is_endless":false,"potions_floor_spawned":[3,11,14,22,27,30,33,35,38,42],"ascension_level":4}}