{"host":"w9yruvs4bqht6bhw","time":1610224006,"event":{"mods":["BaseMod","Colored Powertips","Minty Spire (QoL Compilation)"],"gold_per_floor":[112,112,131,131,146,146,175,186,209,161,161,191,211,227,227,323,323,341,218,230,230,244,244,244],"floor_reached":23,"playtime":694,"items_purged":["Headbutt"],"score":270,"play_id":"a83d2d22-1240-4357-b70d-fb4025d689e3","local_time":"20210109152646","is_ascension_mode":true,"campfire_choices":[{"data":"Pommel Strike","floor":6,"key":"SMITH"},{"data":"Bash","floor":11,"key":"SMITH"},{"data":"Armaments","floor":15,"key":"SMITH"}],"circlet_count":0,"master_deck":["Strike_R","Strike_R","Strike_R","Strike_R","Strike_R","Defend_R","Defend_R","Defend_R+1","Defend_R+1","Bash+1","Perfected Strike+1","Pommel Strike+1","Twin Strike","Warcry","Armaments+1","Pommel Strike","Fiend Fire","Headbutt+1","Rage+1","Wild Strike"],"relics":["Black Blood","NeowsBlessing","War Paint","Bag of Preparation","Odd Mushroom"],"acts_visited":["Exordium","TheCity"],"potions_floor_usage":[7,7,16,20],"damage_taken":[{"damage":0,"enemies":"Small Slimes","floor":1,"turns":1},{"damage":0,"enemies":"Jaw Worm","floor":3,"turns":1},{"damage":0,"enemies":"2 Louse","floor":5,"turns":1},{"damage":9,"enemies":"3 Sentries","floor":7,"turns":4},{"damage":8,"enemies":"Blue Slaver","floor":8,"turns":3},{"damage":15,"enemies":"The Mushroom Lair","floor":12,"turns":4},{"damage":1,"enemies":"2 Fungi Beasts","floor":13,"turns":2},{"damage":12,"enemies":"Exordium Wildlife","floor":14,"turns":3},{"damage":56,"enemies":"Hexaghost","floor":16,"turns":9},{"damage":3,"enemies":"Spheric Guardian","floor":18,"turns":3},{"damage":38,"enemies":"3 Byrds","floor":20,"turns":7},{"damage":39,"enemies":"Cultist and Chosen","floor":22,"turns":7},{"damage":17,"enemies":"Book of Stabbing","floor":23,"turns":3}],"seed_played":"1279102070252625720","potions_obtained":[{"floor":3,"key":"AttackPotion"},{"floor":5,"key":"PowerPotion"},{"floor":12,"key":"LiquidBronze"}],"is_trial":false,"path_per_floor":["M","?","M","?","M","R","E","M","T","$","R","?","M","M","R","B",null,"M","$","M","?","M","E"],"character_chosen":"IRONCLAD","items_purchased":["Headbutt","BlessingOfTheForge"],"campfire_rested":0,"item_purchase_floors":[10,19],"current_hp_per_floor":[78,78,80,80,80,80,77,75,75,75,75,66,71,65,65,15,64,73,73,47,47,20,3,3],"gold":244,"neow_bonus":"THREE_ENEMY_KILL","is_daily":false,"chose_seed":false,"campfire_upgraded":3,"win_rate":0.0,"timestamp":1610224006,"path_taken":["M","?","M","?","M","R","E","M","T","?","R","?","?","M","R","BOSS","M","$","M","?","M","E"],"items_purchased_type":["Card","Potion"],"build_version":"2020-12-22","purchased_purges":1,"victory":false,"max_hp_per_floor":[80,80,80,80,80,80,80,80,80,80,80,80,80,80,80,80,80,80,80,80,80,80,80,80],"card_choices":[{"not_picked":["Flex","Sever Soul"],"picked":"Perfected Strike","floor":1},{"not_picked":["Cleave","Dual Wield"],"picked":"Pommel Strike","floor":3},{"not_picked":["Dual Wield","Shockwave","Flex"],"picked":"SKIP","floor":5},{"not_picked":["Wild Strike","Body Slam"],"picked":"Twin Strike","floor":7},{"not_picked":["Perfected Strike","Anger"],"picked":"Warcry","floor":8},{"not_picked":["Pummel","Clothesline"],"picked":"Armaments","floor":12},{"not_picked":["Dark Embrace","Cleave","Shrug It Off"],"picked":"SKIP","floor":13},{"not_picked":["Wild Strike","Sever Soul"],"picked":"Pommel Strike","floor":14},{"not_picked":["Exhume","Impervious"],"picked":"Fiend Fire","floor":16},{"not_picked":["Heavy Blade","Metallicize"],"picked":"Headbutt+1","floor":18},{"not_picked":["Intimidate","Searing Blow+1"],"picked":"Rage+1","floor":20},{"not_picked":["Blood for Blood","Cleave"],"picked":"Wild Strike","floor":22}],"player_experience":357035,"relics_obtained":[{"floor":7,"key":"War Paint"},{"floor":9,"key":"Bag of Preparation"},{"floor":12,"key":"Odd Mushroom"}],"event_choices":[{"damage_healed":0,"gold_gain":0,"player_choice":"Grow","damage_taken":0,"max_hp_gain":0,"max_hp_loss":0,"event_name":"Living Wall","floor":2,"gold_loss":0,"cards_upgraded":["Perfected Strike"]},{"damage_healed":0,"gold_gain":0,"player_choice":"Ignored","damage_taken":0,"max_hp_gain":0,"max_hp_loss":0,"event_name":"Golden Wing","floor":4,"gold_loss":0},{"damage_healed":0,"gold_gain":0,"player_choice":"Fought Mushrooms","damage_taken":0,"max_hp_gain":0,"max_hp_loss":0,"event_name":"Mushrooms","floor":12,"gold_loss":0},{"damage_healed":0,"gold_gain":0,"player_choice":"Ignored","damage_taken":0,"max_hp_gain":0,"max_hp_loss":0,"event_name":"Vampires","floor":21,"gold_loss":0}],"is_beta":false,"boss_relics":[{"not_picked":["Runic Dome","Tiny House"],"picked":"Black Blood"}],"items_purged_floors":[19],"is_endless":false,"potions_floor_spawned":[3,5,12],"killed_by":"Book of Stabbing","ascension_level":8}}