{"host":"w9yruvs4bqht6bhw","time":1610222738,"event":{"mods":["BaseMod","Colored Powertips","Minty Spire (QoL Compilation)"],"gold_per_floor":[115,115,135,148,162,162,181,3,3,29,49,65,65,6,6,102,102,120,133,33,33,33],"floor_reached":21,"playtime":801,"items_purged":["Strike_R","Strike_R"],"score":256,"play_id":"5cc8ea1f-968f-4740-bbc7-17d523c655ed","local_time":"20210109150538","is_ascension_mode":true,"campfire_choices":[{"data":"Searing Blow","floor":6,"key":"SMITH"},{"data":"Armaments","floor":13,"key":"SMITH"},{"data":"Searing Blow+1","floor":15,"key":"SMITH"}],"circlet_count":0,"master_deck":["Strike_R","Strike_R","Defend_R","Defend_R","Defend_R","Defend_R","Bash","Iron Wave","Searing Blow+2","Iron Wave","Clash","Armaments+1","Shrug It Off","Iron Wave","Rampage","Cleave+1"],"relics":["Burning Blood","Question Card","Boot","Gambling Chip","Black Star"],"acts_visited":["Exordium","TheCity"],"potions_floor_usage":[8,10,10,16,16],"damage_taken":[{"damage":2,"enemies":"Jaw Worm","floor":1,"turns":3},{"damage":1,"enemies":"Cultist","floor":3,"turns":3},{"damage":0,"enemies":"Small Slimes","floor":4,"turns":4},{"damage":13,"enemies":"Red Slaver","floor":5,"turns":6},{"damage":10,"enemies":"Exordium Wildlife","floor":7,"turns":4},{"damage":16,"enemies":"Lagavulin","floor":10,"turns":5},{"damage":22,"enemies":"Exordium Thugs","floor":11,"turns":7},{"damage":8,"enemies":"3 Louse","floor":12,"turns":3},{"damage":21,"enemies":"Slime Boss","floor":16,"turns":13},{"damage":32,"enemies":"Shell Parasite","floor":18,"turns":11},{"damage":25,"enemies":"Chosen","floor":19,"turns":6},{"damage":27,"enemies":"Snake Plant","floor":21,"turns":4}],"seed_played":"7658326304832897539","potions_obtained":[{"floor":1,"key":"ColorlessPotion"},{"floor":3,"key":"BloodPotion"},{"floor":7,"key":"Block Potion"},{"floor":11,"key":"Block Potion"},{"floor":19,"key":"BlessingOfTheForge"}],"is_trial":false,"path_per_floor":["M","?","M","M","M","R","M","$","T","E","M","M","R","?","R","B",null,"M","M","$","M"],"character_chosen":"IRONCLAD","items_purchased":["CultistPotion"],"campfire_rested":0,"item_purchase_floors":[8],"current_hp_per_floor":[76,76,80,80,73,73,69,80,80,70,54,52,52,52,52,37,69,43,24,24,0,0],"gold":33,"neow_bonus":"THREE_CARDS","is_daily":false,"chose_seed":false,"campfire_upgraded":3,"win_rate":0.0,"timestamp":1610222738,"path_taken":["M","?","?","M","M","R","M","$","T","E","M","M","R","?","R","BOSS","M","M","$","M"],"items_purchased_type":["Potion"],"build_version":"2020-12-22","purchased_purges":2,"victory":false,"max_hp_per_floor":[80,80,80,80,80,80,80,80,80,80,80,80,80,80,80,80,80,80,80,80,80,80],"card_choices":[{"not_picked":["Feel No Pain","Reckless Charge"],"picked":"Iron Wave","floor":0},{"not_picked":["Rupture","Armaments"],"picked":"Searing Blow","floor":1},{"not_picked":["Rupture","Burning Pact","Twin Strike"],"picked":"SKIP","floor":3},{"not_picked":["Warcry","Power Through"],"picked":"Iron Wave","floor":4},{"not_picked":["Heavy Blade","Twin Strike"],"picked":"Clash","floor":5},{"not_picked":["Sever Soul","Rage","Clothesline"],"picked":"SKIP","floor":7},{"not_picked":["Sentinel","Flex","Perfected Strike"],"picked":"Armaments","floor":10},{"not_picked":["Thunderclap","Pommel Strike","True Grit"],"picked":"Shrug It Off","floor":11},{"not_picked":["Sever Soul","Rampage","Havoc"],"picked":"Iron Wave","floor":12},{"not_picked":["Blood for Blood","Clothesline+1","Inflame"],"picked":"Rampage","floor":18},{"not_picked":["Searing Blow+1","Sentinel","Clash"],"picked":"Cleave+1","floor":19}],"player_experience":355690,"relics_obtained":[{"floor":9,"key":"Question Card"},{"floor":10,"key":"Boot"}],"event_choices":[{"cards_removed":["Strike_R"],"damage_healed":0,"gold_gain":0,"player_choice":"Offered Basic","damage_taken":0,"max_hp_gain":0,"max_hp_loss":0,"event_name":"Bonfire Elementals","floor":2,"gold_loss":0},{"damage_healed":0,"gold_gain":0,"player_choice":"Paid Gold","damage_taken":0,"relics_obtained":["Gambling Chip"],"max_hp_gain":0,"max_hp_loss":0,"event_name":"WeMeetAgain","floor":14,"gold_loss":59}],"is_beta":false,"boss_relics":[{"not_picked":["Mark of Pain","Snecko Eye"],"picked":"Black Star"}],"items_purged_floors":[8,20],"is_endless":false,"potions_floor_spawned":[1,3,7,11,19],"killed_by":"Snake Plant","ascension_level":8}}