{"host":"y9cfhv0nasly8qeh","time":1610189738,"event":{"mods":["BaseMod","GungeonMod","Minty Spire (QoL Compilation)","Relic Stats","Shop Mod","StSLib","[IsaacMod]ÒÔÈö¼âËþ"],"gold_per_floor":[119,119,9312,9319,8894,8923,8923,8950,8950,8961,8984,9017,9017,9044,9044,9186,9186,9249,9249,8791,8817,8817,8858,8890,8936,8936,8936,8954,8981,8998,9051,9107,9107,9114,9214,9214,9270,9270],"floor_reached":37,"playtime":1278,"items_purged":["Strike_R","Defend_R","DemoMod:Deposit"],"score":834,"play_id":"041dd8d7-ccb4-44fd-9661-7c83908f09c4","local_time":"20210109185538","is_ascension_mode":true,"campfire_choices":[{"data":"Dropkick","floor":7.0,"key":"SMITH"},{"data":"Dropkick","floor":13.0,"key":"SMITH"},{"data":"Bash","floor":15.0,"key":"SMITH"},{"data":"Berserk","floor":27,"key":"SMITH"},{"data":"Offering","floor":33,"key":"SMITH"}],"circlet_count":0,"master_deck":["AscendersBane","Strike_R","Strike_R","Strike_R+1","Defend_R+1","Defend_R+1","Bash+1","SuicideKing","Dropkick+1","Dropkick+1","Shockwave+1","Berserk+1","Offering+1","DemoMod:Elimentaler","Barricade"],"relics":["Burning Blood","HushsDoor","TheBible","NeowsBlessing","SteamSale","SalivaCoin","Ancient Tea Set","HandDrill","Vajra","PunchingBag","DemoMod:MeltedRock","Mummified Hand","Gremlin Horn","PreservedInsect","SlaversCollar","Medical Kit","Pocketwatch","War Paint","ForgetMeNow","Red Mask","AnarchistCookbook","DemoMod:RatBoots","DemoMod:ResourcefulSack","DemoMod:PartiallyEatenCheese","Velvet Choker","Runic Dome"],"acts_visited":["Exordium","TheCity","TheCity","TheBeyond"],"potions_floor_usage":[34],"damage_taken":[{"damage":0.0,"enemies":"Small Slimes","floor":1.0,"turns":1.0},{"damage":0.0,"enemies":"3 Sentries","floor":6.0,"turns":2.0},{"damage":0.0,"enemies":"Lagavulin","floor":8.0,"turns":1.0},{"damage":0.0,"enemies":"Cultist","floor":10.0,"turns":2.0},{"damage":2.0,"enemies":"Jaw Worm","floor":11.0,"turns":2.0},{"damage":0.0,"enemies":"Gremlin Nob","floor":12.0,"turns":2.0},{"damage":9.0,"enemies":"Large Slime","floor":14.0,"turns":3.0},{"damage":43.0,"enemies":"Slime Boss","floor":16.0,"turns":11.0},{"damage":22.0,"enemies":"Spheric Guardian","floor":18.0,"turns":6.0},{"damage":15.0,"enemies":"Chosen","floor":21.0,"turns":4.0},{"damage":15.0,"enemies":"Gremlin Leader","floor":23.0,"turns":2.0},{"damage":0.0,"enemies":"Masked Bandits","floor":24.0,"turns":2.0},{"damage":6.0,"enemies":"Slavers","floor":25.0,"turns":3.0},{"damage":0,"enemies":"DemoMod:Red_and_blue_shotgun_kin","floor":28,"turns":2},{"damage":10,"enemies":"DemoMod:Veteran_shot_gun_kin_and_bullet_kin","floor":29,"turns":3},{"damage":0,"enemies":"DemoMod:2_Mousers","floor":30,"turns":1},{"damage":15,"enemies":"DemoMod:Red_and_blue_shotgun_kin_with_gunsinger","floor":31,"turns":2},{"damage":20,"enemies":"DemoMod:Veteran_shot_gun_kin_and_red_shotgun_kin_with_gunsinger","floor":32,"turns":2},{"damage":31,"enemies":"DemoMod:ResourcefulRat","floor":35,"turns":9},{"damage":68,"enemies":"3 Shapes","floor":37,"turns":3}],"seed_played":"6418311911228160821","potions_obtained":[{"floor":10.0,"key":"Swift Potion"},{"floor":12.0,"key":"HeartOfIron"},{"floor":16.0,"key":"Fire Potion"},{"floor":30,"key":"ElixirPotion"},{"floor":32,"key":"BlessingOfTheForge"}],"is_trial":false,"path_per_floor":["M","?","$","?","$","E","R","E","T","M","M","E","R","M","R","B",null,"M","?","$","M","?","E","?","E","T","R","M","M","M","M","M","R","B","B",null,"M"],"character_chosen":"IRONCLAD","items_purchased":["SteamSale","SalivaCoin","Ancient Tea Set","DemoMod:GnawedKey","DemoMod:BlankPotion","DemoMod:Deposit","Bomb","HandDrill","Vajra","PunchingBag","ElixirPotion","Medical Kit","Pocketwatch","War Paint","Weak Potion","Dexterity Potion"],"campfire_rested":0,"item_purchase_floors":[3,3,3,3,3,3,3,5,5,5,5,20,20,20,20,20],"current_hp_per_floor":[74,74,74,51,51,57,57,63,63,69,73,75,75,72,72,35,65,49,49,49,40,40,31,37,37,66,66,72,68,74,65,51,51,51,26,63,0,0],"gold":9270,"neow_bonus":"THREE_ENEMY_KILL","is_daily":false,"chose_seed":false,"campfire_upgraded":5,"win_rate":0.0,"timestamp":1610189738,"path_taken":["M","?","$","?","$","E","R","E","T","?","M","E","R","M","R","BOSS","M","?","$","M","?","E","?","E","T","R","M","M","M","M","M","R","BOSS","BOSS","M"],"items_purchased_type":["Relic","Relic","Relic","Relic","Undefined","Card","Card","Relic","Relic","Relic","Potion","Relic","Relic","Relic","Potion","Potion"],"build_version":"2020-12-22","purchased_purges":3,"victory":false,"max_hp_per_floor":[75,75,75,75,75,75,75,75,75,75,75,75,75,75,75,75,75,75,75,75,75,75,75,75,75,75,75,75,75,75,75,75,75,75,75,75,75,75],"relic_stats":{"Gremlin Horn":[22,22],"counters":[21,66],"Mummified Hand":[18],"PreservedInsect":88,"HandDrill":[42],"War Paint":["Defend_R","Shockwave"],"Medical Kit":[11],"obtain_stats":[{"AnarchistCookbook":25,"Gremlin Horn":9,"Vajra":5,"DemoMod:GlassGuonStoneRelic":6,"Ancient Tea Set":3,"Burning Blood":0,"Mummified Hand":8,"DemoMod:MeltedRock":6,"DemoMod:GnawedKey":3,"HandDrill":5,"Red Mask":24,"KeepersGift":0,"PunchingBag":5,"NeowsBlessing":0,"Velvet Choker":36,"DemoMod:PartiallyEatenCheese":36,"PreservedInsect":12,"DemoMod:RatBoots":36,"War Paint":20,"SteamSale":3,"Medical Kit":20,"SlaversCollar":17,"Runic Dome":36,"TheBible":0,"ForgetMeNow":23,"SalivaCoin":3,"DemoMod:ResourcefulSack":36,"HushsDoor":0,"Pocketwatch":20},{"AnarchistCookbook":13,"Gremlin Horn":3,"Vajra":1,"DemoMod:GlassGuonStoneRelic":2,"Ancient Tea Set":1,"Burning Blood":0,"Mummified Hand":3,"DemoMod:MeltedRock":2,"DemoMod:GnawedKey":1,"HandDrill":1,"Red Mask":12,"KeepersGift":0,"PunchingBag":1,"NeowsBlessing":0,"Velvet Choker":20,"DemoMod:PartiallyEatenCheese":20,"PreservedInsect":6,"DemoMod:RatBoots":20,"War Paint":9,"SteamSale":1,"Medical Kit":9,"SlaversCollar":8,"Runic Dome":20,"TheBible":0,"ForgetMeNow":11,"SalivaCoin":1,"DemoMod:ResourcefulSack":20,"HushsDoor":0,"Pocketwatch":9},{"AnarchistCookbook":41,"Gremlin Horn":4,"Vajra":1,"DemoMod:GlassGuonStoneRelic":3,"Ancient Tea Set":1,"Burning Blood":0,"Mummified Hand":4,"DemoMod:MeltedRock":3,"DemoMod:GnawedKey":1,"HandDrill":1,"Red Mask":38,"KeepersGift":0,"PunchingBag":1,"NeowsBlessing":0,"Velvet Choker":63,"DemoMod:PartiallyEatenCheese":63,"PreservedInsect":10,"DemoMod:RatBoots":63,"War Paint":30,"SteamSale":1,"Medical Kit":30,"SlaversCollar":24,"Runic Dome":63,"TheBible":0,"ForgetMeNow":36,"SalivaCoin":1,"DemoMod:ResourcefulSack":63,"HushsDoor":0,"Pocketwatch":30}],"Burning Blood":116,"Pocketwatch":[21]},"card_choices":[{"not_picked":[],"picked":"SuicideKing","floor":0.0},{"not_picked":["Pommel Strike","Headbutt"],"picked":"Dropkick","floor":1.0},{"not_picked":["Twin Strike","Fiend Fire"],"picked":"Dropkick","floor":6.0},{"not_picked":["Havoc","Shockwave","Reckless Charge"],"picked":"SKIP","floor":8.0},{"not_picked":["Havoc","Reckless Charge"],"picked":"Shockwave","floor":8.0},{"not_picked":["Body Slam","Warcry","Armaments"],"picked":"SKIP","floor":10.0},{"not_picked":["Flex","Clash"],"picked":"Bomb","floor":11.0},{"not_picked":["Havoc","Headbutt","Twin Strike"],"picked":"SKIP","floor":12.0},{"not_picked":["Entrench","DemoMod:BlackBlade","Wild Strike"],"picked":"SKIP","floor":14.0},{"not_picked":["Reaper","Exhume"],"picked":"Berserk","floor":16.0},{"not_picked":["Shrug It Off+1","Hemokinesis","Twin Strike"],"picked":"SKIP","floor":18.0},{"not_picked":["Havoc","Sever Soul","Clothesline"],"picked":"SKIP","floor":21.0},{"not_picked":["Clothesline+1","Anger","Thunderclap"],"picked":"SKIP","floor":23.0},{"not_picked":["Clothesline","Feed","Infernal Blade"],"picked":"SKIP","floor":25.0},{"not_picked":["Rage","Clothesline","Warcry"],"picked":"SKIP","floor":28},{"not_picked":["Clothesline","Sword Boomerang","Headbutt"],"picked":"SKIP","floor":29},{"not_picked":["Cleave","Thunderclap","Armaments+1"],"picked":"SKIP","floor":30},{"not_picked":["Armaments","Warcry","Ghostly Armor+1"],"picked":"SKIP","floor":31},{"not_picked":["Sever Soul","Armaments"],"picked":"Offering","floor":32},{"not_picked":[],"picked":"DemoMod:Elimentaler","floor":35},{"not_picked":["Brutality","Bludgeon"],"picked":"Barricade","floor":35}],"player_experience":562784,"relics_obtained":[{"floor":6.0,"key":"DemoMod:MeltedRock"},{"floor":8.0,"key":"Mummified Hand"},{"floor":9.0,"key":"Gremlin Horn"},{"floor":12.0,"key":"PreservedInsect"},{"floor":23.0,"key":"ForgetMeNow"},{"floor":24.0,"key":"Red Mask"},{"floor":25.0,"key":"AnarchistCookbook"},{"floor":36,"key":"DemoMod:RatBoots"},{"floor":36,"key":"DemoMod:ResourcefulSack"},{"floor":36,"key":"DemoMod:PartiallyEatenCheese"},{"floor":36,"key":"Velvet Choker"},{"floor":36,"key":"Runic Dome"}],"event_choices":[{"cards_removed":["Strike_R"],"damage_healed":0.0,"max_hp_gain":0.0,"max_hp_loss":0.0,"gold_gain":0.0,"event_name":"Wheel of Change","player_choice":"Card Removal","floor":2.0,"gold_loss":0.0,"damage_taken":0.0},{"damage_healed":0.0,"max_hp_gain":0.0,"max_hp_loss":0.0,"gold_gain":0.0,"event_name":"Shining Light","player_choice":"Entered Light","floor":4.0,"gold_loss":0.0,"damage_taken":23.0,"cards_upgraded":["Strike_R","Defend_R"]},{"damage_healed":0.0,"max_hp_gain":0.0,"max_hp_loss":0.0,"gold_gain":0.0,"event_name":"Vampires","player_choice":"Ignored","floor":19.0,"gold_loss":0.0,"damage_taken":0.0},{"cards_removed":["Defend_R"],"damage_healed":0.0,"max_hp_gain":0.0,"max_hp_loss":0.0,"gold_gain":0.0,"event_name":"Back to Basics","player_choice":"Elegance","floor":22.0,"gold_loss":0.0,"damage_taken":0.0},{"damage_healed":0.0,"max_hp_gain":0.0,"max_hp_loss":0.0,"gold_gain":0.0,"event_name":"Masked Bandits","player_choice":"Fought Bandits","floor":24.0,"gold_loss":0.0,"damage_taken":0.0}],"is_beta":false,"boss_relics":[{"not_picked":["Snecko Eye","Ectoplasm"],"picked":"SlaversCollar"},{"not_picked":[]},{"not_picked":[]}],"items_purged_floors":[3,5,20],"is_endless":false,"potions_floor_spawned":[10,11,12,16,24,25,30,31,32],"killed_by":"3 Shapes","ascension_level":19}}