{"host":"tfkz8stxzb1up54p","time":1610173621,"event":{"mods":["AchievementEnabler","BaseMod","Better Note","BetterRewards","Block Reminder","Colored Powertips","Curses Come First","Disable Question Mark Monsters","Displayed Cursed Tome","Emptier Cage","Gold Saver","Gremlin Skip","Halation","Highlight Path","Minty Spire (QoL Compilation)","Permanent Neow","Poor People Problems","Replay The Spire","StSLib"],"gold_per_floor":[1860,1041,1056,1006,1006,1036,1036,1051,1101,1131,1131,1146,630,660,660,760,760,800,800,815,880,880,960,1025,653,678,733,798,413,468,483,483,583,583,648,663,663,175,240,240,305,305,305,305,370,32,32,0,0,60],"floor_reached":51,"playtime":6134,"items_purged":["Grand Finale","Replay:AllIn","Replay:LoomingThreat+1","Wraith Form v2","Corpse Explosion"],"score":950,"play_id":"e51f7e6f-01fa-4c99-b3dc-4ed8e12033a4","local_time":"20210109062701","daily_mods":["Shiny","Green Cards","Terminal"],"is_ascension_mode":false,"campfire_choices":[{"data":"Scrawl","floor":7,"key":"SMITH"},{"floor":15,"key":"REST"},{"floor":32,"key":"DIG"},{"floor":40,"key":"DIG"},{"floor":42,"key":"DIG"},{"floor":47,"key":"DIG"},{"floor":49,"key":"DIG"}],"circlet_count":0,"master_deck":["Die Die Die+1","Atom Bomb","ReplayTheSpireMod:From All Sides+1","Adrenaline","Envenom","Doppelganger+1","Burst","After Image","Poison Darts","A Thousand Cuts","Venomology","Replay:Bag of Tricks","Malaise","Phantasmal Killer","Unload","Bullet Time+1","Storm of Steel","Brilliance","Devotion","LessonLearned","Vault","Alpha","Establishment","DeusExMachina","Judgement+1","ConjureBlade+1","MasterReality","Blasphemy+1","Ragnarok+1","Scrawl+1","Wish","Omniscience","SpiritShield","DevaForm","Outmaneuver","ReplayTheSpireMod:Necrogeddon+1","Quick Slash","FollowUp","CarveReality","Terror","ReplayTheSpireMod:Necrogeddon+1","SashWhip","LessonLearned+1","Slice+1","Distraction","Replay:DivineShield","Hidden Blade+1","Expertise","SandsOfTime+1","SpiritShield","Hidden Blade+1","ClearTheMind+1","Venomology","ClearTheMind+1","Cloak And Dagger","Apotheosis","Trip","Impatience"],"relics":["PureWater","Counterbalance","halation:TwoAmDonut","halation:Trompette","Oddly Smooth Stone","Bottled Tornado","Membership Card","Happy Flower","halation:VictoryRuler","Dream Catcher","ChewingGum","Shovel","InkBottle","Vajra","Medical Kit","StrikeDummy","Toy Ornithopter","Replay:Purple Gloves","halation:LostSnail","Bronze Scales","Dead Branch","Bird Faced Urn","Meat on the Bone","halation:HeavySnake","Omamori","halation:Sosunser","Bottled Flame","Strawberry","Garlic","Calipers","Iron Hammer","ReplayTheSpireMod:ShopPack","Gremlin Horn","Centennial Puzzle","Red Mask","Bag of Preparation"],"acts_visited":["Exordium","TheCity","TheBeyond"],"potions_floor_usage":[10,10,14,16,18,20,21,21,23,24,24,27,27,28,28,30,31,33,33,35,35,39,39,41,45,50,50,50,50,50,50,50],"damage_taken":[{"damage":0,"enemies":"Small Slimes","floor":1,"turns":1},{"damage":0,"enemies":"2 Louse","floor":3,"turns":1},{"damage":0,"enemies":"3 Sentries","floor":6,"turns":3},{"damage":0,"enemies":"Jaw Worm","floor":8,"turns":2},{"damage":10,"enemies":"Replay:BlueRogue","floor":10,"turns":5},{"damage":8,"enemies":"Looter","floor":12,"turns":3},{"damage":4,"enemies":"3 Sentries","floor":14,"turns":2},{"damage":0,"enemies":"The Guardian","floor":16,"turns":6},{"damage":1,"enemies":"Shell Parasite","floor":18,"turns":5},{"damage":0,"enemies":"Spheric Guardian","floor":20,"turns":2},{"damage":22,"enemies":"Snake Plant","floor":21,"turns":5},{"damage":6,"enemies":"Gremlin Leader","floor":23,"turns":5},{"damage":5,"enemies":"Centurion and Healer","floor":24,"turns":3},{"damage":8,"enemies":"Slavers","floor":27,"turns":4},{"damage":5,"enemies":"Sentry and Sphere","floor":28,"turns":3},{"damage":0,"enemies":"Book of Stabbing","floor":30,"turns":3},{"damage":1,"enemies":"Shelled Parasite and Fungi","floor":31,"turns":3},{"damage":7,"enemies":"Champ","floor":33,"turns":5},{"damage":20,"enemies":"3 Darklings","floor":35,"turns":4},{"damage":2,"enemies":"Orb Walker","floor":36,"turns":2},{"damage":0,"enemies":"Jaw Worm Horde","floor":39,"turns":2},{"damage":0,"enemies":"Transient","floor":41,"turns":6},{"damage":11,"enemies":"Sphere and 2 Shapes","floor":45,"turns":4},{"damage":27,"enemies":"Awakened One","floor":50,"turns":7}],"seed_played":"579003938715623652","potions_obtained":[{"floor":10,"key":"Swift Potion"},{"floor":14,"key":"ColorlessPotion"},{"floor":21,"key":"FearPotion"},{"floor":23,"key":"BlessingOfTheForge"},{"floor":30,"key":"FearPotion"},{"floor":31,"key":"BottledMiracle"},{"floor":33,"key":"Strength Potion"},{"floor":35,"key":"Explosive Potion"},{"floor":39,"key":"Swift Potion"}],"is_trial":false,"path_per_floor":["M","$","M","?","?","E","R","M","T","E","?","M","$","E","R","B",null,"M","?","M","M","?","E","M","$","T","E","M","$","E","M","R","B",null,"M","M","?","$","M","R","M","R","T","?","M","$","R","?","R","B",null],"character_chosen":"WATCHER","items_purchased":["Counterbalance","halation:TwoAmDonut","ReplayTheSpireMod:Necrogeddon","Membership Card","Happy Flower","halation:VictoryRuler","ReplayTheSpireMod:Necrogeddon","Vajra","Medical Kit","StrikeDummy","Replay:DivineShield","halation:LostSnail","Bronze Scales","Dead Branch","Expertise","Block Potion","Omamori","halation:Sosunser","EntropicBrew","Bottled Flame","Venomology","Iron Hammer","ReplayTheSpireMod:ShopPack","Gremlin Horn","Cloak And Dagger"],"campfire_rested":1,"item_purchase_floors":[2,2,2,13,13,13,13,25,25,25,25,29,29,29,29,29,38,38,38,38,38,46,46,46,46],"current_hp_per_floor":[70,69,68,67,66,65,64,63,62,52,45,37,37,33,50,50,54,53,52,51,29,21,15,10,10,10,12,17,17,22,30,30,41,42,31,31,31,31,37,43,42,41,40,39,35,35,35,35,34,33],"gold":60,"neow_bonus":"","is_daily":true,"chose_seed":false,"campfire_upgraded":1,"win_rate":0.0,"timestamp":1610173621,"path_taken":["M","$","M","?","?","E","R","M","T","E","?","?","$","E","R","BOSS","M","?","M","?","?","E","M","$","T","E","M","$","E","M","R","BOSS","M","M","?","$","M","R","M","R","T","?","M","$","R","?","R","BOSS"],"items_purchased_type":["Relic","Relic","Card","Relic","Relic","Relic","Card","Relic","Relic","Relic","Card","Relic","Relic","Relic","Card","Potion","Relic","Relic","Potion","Relic","Card","Relic","Relic","Relic","Card"],"build_version":"2020-12-22","purchased_purges":5,"victory":true,"max_hp_per_floor":[70,69,68,67,66,65,64,63,62,61,60,59,58,57,56,55,54,53,52,51,50,54,53,52,51,50,49,48,47,46,45,44,43,42,41,40,39,38,37,43,42,41,40,39,38,37,36,35,34,33],"card_choices":[{"not_picked":["FlurryOfBlows","LikeWater"],"picked":"Outmaneuver","floor":1},{"not_picked":["Leg Sweep","Indignation"],"picked":"Quick Slash","floor":3},{"not_picked":["Catalyst","Flying Knee"],"picked":"FollowUp","floor":6},{"not_picked":["Reflex","Deadly Poison","Replay:Hum"],"picked":"SKIP","floor":8},{"not_picked":["Flechettes","Replay:Anticipation"],"picked":"CarveReality","floor":10},{"not_picked":["JustLucky","Dagger Throw"],"picked":"Terror","floor":12},{"not_picked":["Draining Mist","Replay:ManipulateFuture"],"picked":"SashWhip","floor":14},{"not_picked":["EmptyBody","WheelKick"],"picked":"LessonLearned","floor":15},{"not_picked":["Eviscerate","Replay:ManipulateFuture+1","DeceiveReality"],"picked":"SKIP","floor":18},{"not_picked":["Endless Agony","Cloak And Dagger"],"picked":"Slice+1","floor":20},{"not_picked":["Flechettes","FollowUp","Dodge and Roll+1"],"picked":"SKIP","floor":21},{"not_picked":["SandsOfTime","ClearTheMind"],"picked":"Distraction","floor":23},{"not_picked":["Adaptation","Replay:BluntJabs","Footwork"],"picked":"SKIP","floor":24},{"not_picked":["DeceiveReality","Well Laid Plans"],"picked":"Hidden Blade+1","floor":27},{"not_picked":["WheelKick","Acrobatics+1","BowlingBash"],"picked":"SKIP","floor":28},{"not_picked":["EmptyMind","Sucker Punch"],"picked":"SandsOfTime+1","floor":30},{"not_picked":["Sucker Punch","Replay:AtTheReady","Blasphemy"],"picked":"SKIP","floor":31},{"not_picked":["Bullet Time","MasterReality"],"picked":"SpiritShield","floor":33},{"not_picked":["Fluid Movement+1","Replay:Cycle"],"picked":"Hidden Blade+1","floor":35},{"not_picked":["InnerPeace+1","PiercingWail+1"],"picked":"ClearTheMind+1","floor":36},{"not_picked":["PathToVictory+1","Dagger Spray+1"],"picked":"ClearTheMind+1","floor":39},{"not_picked":["JustLucky","Vengeance","CarveReality"],"picked":"SKIP","floor":41},{"not_picked":["Deadly Poison","SandsOfTime","ClearTheMind"],"picked":"SKIP","floor":45},{"not_picked":["Metamorphosis","Chrysalis"],"picked":"Apotheosis","floor":46},{"not_picked":["ReplayTheSpireMod:Private Reserves","Forethought"],"picked":"Trip","floor":46},{"not_picked":["PanicButton","Dark Shackles"],"picked":"Impatience","floor":46}],"player_experience":1324738,"relics_obtained":[{"floor":6,"key":"halation:Trompette"},{"floor":9,"key":"Oddly Smooth Stone"},{"floor":10,"key":"Bottled Tornado"},{"floor":14,"key":"Dream Catcher"},{"floor":23,"key":"InkBottle"},{"floor":26,"key":"Toy Ornithopter"},{"floor":27,"key":"Replay:Purple Gloves"},{"floor":30,"key":"Bird Faced Urn"},{"floor":32,"key":"Meat on the Bone"},{"floor":40,"key":"Strawberry"},{"floor":42,"key":"Garlic"},{"floor":43,"key":"Calipers"},{"floor":47,"key":"Centennial Puzzle"},{"floor":49,"key":"Bag of Preparation"}],"event_choices":[{"cards_removed":["Tools of the Trade"],"damage_healed":0,"gold_gain":0,"player_choice":"Card Removal","damage_taken":0,"max_hp_gain":0,"max_hp_loss":0,"event_name":"The Cleric","floor":4,"gold_loss":50},{"cards_removed":["ReplayTheSpireMod:Necrosis"],"damage_healed":0,"gold_gain":0,"player_choice":"Card Removal","damage_taken":7,"max_hp_gain":0,"max_hp_loss":0,"event_name":"Golden Wing","floor":11,"gold_loss":0},{"damage_healed":0,"gold_gain":0,"player_choice":"Gave Potion","damage_taken":0,"relics_obtained":["Shovel"],"max_hp_gain":0,"max_hp_loss":0,"event_name":"WeMeetAgain","floor":19,"gold_loss":0},{"damage_healed":0,"gold_gain":0,"player_choice":"Shed Blood","damage_taken":13,"max_hp_gain":5,"max_hp_loss":0,"event_name":"Forgotten Altar","floor":22,"gold_loss":0},{"damage_healed":0,"gold_gain":0,"player_choice":"Ignored","damage_taken":0,"max_hp_gain":0,"max_hp_loss":0,"event_name":"Mysterious Sphere","floor":37,"gold_loss":0},{"cards_removed":["Glass Knife"],"damage_healed":0,"gold_gain":0,"player_choice":"Removed Attack","damage_taken":0,"max_hp_gain":0,"max_hp_loss":0,"event_name":"Falling","floor":44,"gold_loss":0},{"damage_healed":0,"gold_gain":0,"player_choice":"Paid","damage_taken":0,"relics_obtained":["Red Mask"],"max_hp_gain":0,"max_hp_loss":0,"event_name":"Tomb of Lord Red Mask","floor":48,"gold_loss":32}],"is_beta":false,"boss_relics":[{"not_picked":["halation:Yufonium","halation:LoveArrow"],"picked":"ChewingGum"},{"not_picked":["Runic Dome","halation:Prosthetics"],"picked":"halation:HeavySnake"}],"items_purged_floors":[2,13,25,29,38],"is_endless":false,"potions_floor_spawned":[10,14,16,21,23,30,31,33,35,39],"ascension_level":0}}