{"host":"uxq2rly8rxtwffuf","time":1610193912,"event":{"mods":["BaseMod","Koishi","Minty Spire (QoL Compilation)","StSLib","The Judge","The Servant 0.9.4"],"gold_per_floor":[18,18,18,33,54,54,98,152,218,230,267,295,26,47,47,47,47],"floor_reached":16,"playtime":500,"items_purged":["Strike_B"],"score":179,"play_id":"079be138-f54c-491f-8102-29a0ec066097","local_time":"20210109150512","is_ascension_mode":true,"campfire_choices":[{"floor":6,"key":"REST"},{"floor":10,"key":"REST"},{"floor":15,"key":"REST"}],"circlet_count":0,"master_deck":["AscendersBane","Strike_B","Strike_B","Strike_B","Defend_B","Defend_B","Defend_B","Defend_B","Zap","Dualcast","Echo Form+1","Redo","Gash","Defragment","Beam Cell","Go for the Eyes","Gash","Sunder"],"relics":["Cracked Core","Golden Idol","Oddly Smooth Stone","MawBank","Happy Flower","Lantern"],"acts_visited":["Exordium"],"potions_floor_usage":[5,12],"damage_taken":[{"damage":10,"enemies":"Small Slimes","floor":1,"turns":4},{"damage":4,"enemies":"2 Louse","floor":4,"turns":3},{"damage":0,"enemies":"Jaw Worm","floor":5,"turns":1},{"damage":20,"enemies":"Lagavulin","floor":7,"turns":7},{"damage":0,"enemies":"Exordium Wildlife","floor":11,"turns":3},{"damage":8,"enemies":"Large Slime","floor":12,"turns":6},{"damage":18,"enemies":"3 Louse","floor":14,"turns":3},{"damage":44,"enemies":"The Guardian","floor":16,"turns":8}],"seed_played":"-613075197208750767","potions_obtained":[{"floor":4,"key":"Fire Potion"},{"floor":5,"key":"FearPotion"},{"floor":7,"key":"LiquidBronze"}],"is_trial":false,"path_per_floor":["M","?","?","M","M","R","E","T","T","R","M","M","$","M","R","B"],"character_chosen":"DEFECT","items_purchased":["Gash","Lantern"],"campfire_rested":3,"item_purchase_floors":[13,13],"current_hp_per_floor":[54,54,30,26,26,47,27,27,27,48,48,40,40,22,43,0,0],"gold":47,"neow_bonus":"THREE_RARE_CARDS","is_daily":false,"chose_seed":false,"campfire_upgraded":0,"win_rate":0.0,"timestamp":1610193912,"path_taken":["M","?","?","M","?","R","E","?","T","R","M","M","$","M","R","BOSS"],"items_purchased_type":["Card","Relic"],"build_version":"2020-12-22","purchased_purges":1,"victory":false,"max_hp_per_floor":[71,71,71,71,71,71,71,71,71,71,71,71,71,71,71,71,71],"card_choices":[{"not_picked":["Thunder Strike","Meteor Strike"],"picked":"Echo Form","floor":0},{"not_picked":["Streamline","White Noise"],"picked":"Redo","floor":1},{"not_picked":["Cold Snap","Capacitor"],"picked":"Gash","floor":4},{"not_picked":["Barrage","Tempest"],"picked":"Defragment","floor":5},{"not_picked":["Blizzard","Redo","Storm"],"picked":"SKIP","floor":7},{"not_picked":["Steam","Heatsinks"],"picked":"Beam Cell","floor":11},{"not_picked":["Compile Driver","Machine Learning"],"picked":"Go for the Eyes","floor":12},{"not_picked":["Consume","Sweeping Beam"],"picked":"Sunder","floor":14}],"player_experience":1386992,"relics_obtained":[{"floor":7,"key":"Oddly Smooth Stone"},{"floor":8,"key":"MawBank"},{"floor":9,"key":"Happy Flower"}],"event_choices":[{"damage_healed":0,"gold_gain":0,"player_choice":"Grow","damage_taken":0,"max_hp_gain":0,"max_hp_loss":0,"event_name":"Living Wall","floor":2,"gold_loss":0,"cards_upgraded":["Echo Form"]},{"damage_healed":0,"gold_gain":0,"player_choice":"Take Damage","damage_taken":24,"relics_obtained":["Golden Idol"],"max_hp_gain":0,"max_hp_loss":0,"event_name":"Golden Idol","floor":3,"gold_loss":0}],"is_beta":false,"boss_relics":[],"items_purged_floors":[13],"is_endless":false,"potions_floor_spawned":[4,5,7],"killed_by":"The Guardian","ascension_level":15}}