{"host":"u499vgr0907g2fby","time":1610207183,"event":{"mods":["BaseMod","Downfall","Googly Eyes","Minty Spire (QoL Compilation)","StSLib"],"gold_per_floor":[99,116,116,116,116,136,136,156,156,181,201,227,239,255,265,367,367,167,183,195,295,395,408,408,408,441,457,471,501,513,527,539,644,644,519,537,18,18,38,70,116,66,95,45,75,47,47,47,63,63,63,94,13,13,13],"floor_reached":56,"playtime":4993,"items_purged":["Slimebound:Strike_Slimebound"],"score":1677,"play_id":"f6a5a75b-415c-4d65-b95a-4c4bcdb4554a","local_time":"20210109114623","is_ascension_mode":true,"campfire_choices":[{"floor":1,"key":"RECALL"},{"floor":18,"key":"DIG"},{"floor":35,"key":"DIG"},{"floor":42,"key":"DIG"},{"floor":44,"key":"DIG"},{"floor":47,"key":"DIG"},{"floor":54,"key":"DIG"}],"circlet_count":0,"master_deck":["Slimebound:Strike_Slimebound","Slimebound:Tackle","Slimebound:Defend_Slimebound","Slimebound:Defend_Slimebound","Slimebound:Defend_Slimebound","Slimebound:Split","Slimebound:CorrosiveSpit","Slimebound:HauntingLick","Slimebound:ItLooksTasty+1","Slimebound:SamplingLick","Slimebound:Equalize+1","Slimebound:FinishingTackle+1","Slimebound:Nibble+1","Slimebound:LeechEnergy+1","Slimebound:Equalize+1","Slimebound:Recycling","Slimebound:Recycling","Slimebound:SamplingLick+1","Slimebound:RejuvenatingLick","J.A.X.","Slimebound:Chomp+1","Slimebound:FlameTackle+1","Slimebound:BestDefense+1","Slimebound:LeechingTouch+1","Slimebound:LeadByExample","Slimebound:DuplicatedForm+1","Slimebound:Recycling+1","Slimebound:HungryTackle+1","Slimebound:SpikyOuterGoop+1","Apotheosis","Slimebound:Darklings","Slimebound:SelfFormingGoo+1","Slimebound:Gluttony+1","Slimebound:LeadByExample+1","Slimebound:SlimeTap+1","Slimebound:BestDefense+1","Slimebound:LeechEnergy+1","Slimebound:LeechLife+1","Slimebound:Nibble+1","Slimebound:Gluttony+1"],"relics":["Black Star","downfall:BrokenWingStatue","Slimebound:GreedOozeRelic","Molten Egg 2","Thread and Needle","Letter Opener","Shovel","Vajra","Strawberry","Mummified Hand","Fusion Hammer","downfall:HeartBlessingRed","downfall:HeartBlessingGreen","Blood Vial","MutagenicStrength","CaptainsWheel","Bottled Lightning","Anchor","StrikeDummy","Frozen Egg 2","Regal Pillow","Slimebound:TarBlob","downfall:HeartBlessingBlue","Centennial Puzzle","Membership Card","Slimebound:AggressiveSlimeRelic","Gremlin Horn","Oddly Smooth Stone","Ancient Tea Set","Lantern","Lizard Tail","Pear","Question Card","Slimebound:SlimedTailRelic","Slimebound:MaxSlimesRelic","Orichalcum","Calipers","Ornamental Fan","Toy Ornithopter","Bottled Tornado","Pantograph","Art of War","White Beast Statue"],"acts_visited":["Exordium","TheCity","TheBeyond","TheEnding"],"potions_floor_usage":[11,11,16,21,21,26,33,37,37,37,37,45,50,50,50],"damage_taken":[{"damage":7,"enemies":"Small Slimes","floor":2,"turns":4},{"damage":6,"enemies":"2 Louse","floor":6,"turns":3},{"damage":7,"enemies":"Jaw Worm","floor":8,"turns":3},{"damage":9,"enemies":"Gremlin Nob","floor":10,"turns":3},{"damage":9,"enemies":"Exordium Wildlife","floor":11,"turns":4},{"damage":18,"enemies":"Lagavulin","floor":12,"turns":4},{"damage":12,"enemies":"Gremlin Gang","floor":13,"turns":3},{"damage":0,"enemies":"Blue Slaver","floor":14,"turns":1},{"damage":0,"enemies":"2 Fungi Beasts","floor":15,"turns":1},{"damage":11,"enemies":"downfall:Defect","floor":16,"turns":4},{"damage":22,"enemies":"Spheric Guardian","floor":19,"turns":3},{"damage":0,"enemies":"Shell Parasite","floor":20,"turns":1},{"damage":19,"enemies":"downfall:Augmenter","floor":21,"turns":3},{"damage":18,"enemies":"Colosseum Nobs","floor":22,"turns":3},{"damage":7,"enemies":"Centurion and Healer","floor":23,"turns":2},{"damage":3,"enemies":"Gremlin Leader","floor":26,"turns":2},{"damage":16,"enemies":"Snake Plant","floor":27,"turns":3},{"damage":0,"enemies":"Snecko","floor":28,"turns":2},{"damage":7,"enemies":"Book of Stabbing","floor":29,"turns":3},{"damage":8,"enemies":"Centurion and Healer","floor":30,"turns":4},{"damage":15,"enemies":"Snake Plant","floor":31,"turns":2},{"damage":0,"enemies":"Snecko","floor":32,"turns":2},{"damage":22,"enemies":"downfall:Ironclad","floor":33,"turns":4},{"damage":0,"enemies":"3 Shapes","floor":36,"turns":2},{"damage":39,"enemies":"downfall:FleeingMerchant","floor":37,"turns":4},{"damage":24,"enemies":"Orb Walker","floor":39,"turns":2},{"damage":18,"enemies":"Nemesis","floor":40,"turns":3},{"damage":57,"enemies":"Giant Head","floor":43,"turns":5},{"damage":42,"enemies":"Nemesis","floor":45,"turns":3},{"damage":12,"enemies":"downfall:FleeingMerchant","floor":46,"turns":1},{"damage":33,"enemies":"3 Darklings","floor":49,"turns":1},{"damage":44,"enemies":"downfall:Silent","floor":50,"turns":3},{"damage":72,"enemies":"downfall:CharBossMerchant","floor":52,"turns":4},{"damage":70,"enemies":"downfall:NeowBoss","floor":55,"turns":13}],"seed_played":"1812549060066050737","potions_obtained":[{"floor":2,"key":"Block Potion"},{"floor":11,"key":"Fruit Juice"},{"floor":12,"key":"AttackPotion"},{"floor":15,"key":"champ:CounterPotion"},{"floor":20,"key":"champ:CounterPotion"},{"floor":22,"key":"FairyPotion"},{"floor":23,"key":"Swift Potion"},{"floor":28,"key":"PowerPotion"},{"floor":29,"key":"Strength Potion"},{"floor":31,"key":"ColorlessPotion"},{"floor":33,"key":"Dexterity Potion"},{"floor":36,"key":"EntropicBrew"},{"floor":45,"key":"Slimebound:SlimyTonguePotion"},{"floor":49,"key":"Slimebound:SlimyTonguePotion"}],"is_trial":false,"path_per_floor":["R","M","?","?","?","M","T","M","?","E","M","E","M","M","M","B",null,"R","M","M","?","?","M","T","?","E","M","M","E","M","M","M","B",null,"R","M","$","?","M","E","T","R","E","R","E","$","R","?","M","B",null,"E","$","R","B",null],"character_chosen":"SLIMEBOUND","items_purchased":["Membership Card","Slimebound:AggressiveSlimeRelic","Gremlin Horn","Slimebound:HungryTackle+1","Slimebound:SpikyOuterGoop+1","Apotheosis","ColorlessPotion","Slimebound:BestDefense+1","Calipers","Ornamental Fan","Slimebound:Nibble+1","Slimebound:Gluttony+1"],"campfire_rested":0,"item_purchase_floors":[37,37,37,37,37,37,37,46,46,46,53,53],"current_hp_per_floor":[60,57,57,57,54,52,52,49,49,40,44,45,49,57,57,62,72,72,70,72,53,53,52,52,52,59,55,67,72,70,72,72,72,72,82,82,82,82,81,82,82,82,92,92,88,92,92,92,92,92,92,92,92,92,83],"gold":13,"neow_bonus":"BOSS_RELIC","is_daily":false,"chose_seed":false,"campfire_upgraded":0,"win_rate":0.0,"timestamp":1610207183,"path_taken":["R","M","?","?","?","M","T","?","?","E","M","E","?","M","M","BOSS","R","M","M","?","?","M","T","?","E","?","M","E","M","M","M","BOSS","R","M","$","?","M","E","T","R","E","R","E","$","R","?","M","BOSS","E","$","R","BOSS"],"items_purchased_type":["Relic","Relic","Relic","Card","Card","Card","Potion","Card","Relic","Relic","Card","Card"],"build_version":"2020-12-22","purchased_purges":1,"victory":true,"max_hp_per_floor":[60,60,60,60,60,60,60,60,60,60,65,72,72,72,72,72,72,72,72,72,72,72,72,72,72,72,72,72,72,72,72,72,72,72,82,82,82,82,82,82,82,82,92,92,92,92,92,92,92,92,92,92,92,92,92],"card_choices":[{"not_picked":["Slimebound:SplitLeeching","Slimebound:ComboTackle"],"picked":"Slimebound:HauntingLick","floor":2},{"not_picked":["Slimebound:ViciousTackle+1","Slimebound:SplitBruiser"],"picked":"Slimebound:ItLooksTasty+1","floor":6},{"not_picked":["Slimebound:ComboTackle+1","Slimebound:Schlurp"],"picked":"Slimebound:SamplingLick","floor":8},{"not_picked":["Slimebound:SamplingLick","Slimebound:ProtectTheBoss"],"picked":"Slimebound:Equalize+1","floor":10},{"not_picked":["Slimebound:SlimeSpikes","Slimebound:Overexert"],"picked":"Slimebound:FinishingTackle+1","floor":11},{"not_picked":["Slimebound:Dissolve","Slimebound:MassFeed+1"],"picked":"Slimebound:Nibble+1","floor":12},{"not_picked":["Slimebound:SamplingLick","Slimebound:Chomp+1"],"picked":"Slimebound:LeechEnergy+1","floor":13},{"not_picked":["Slimebound:SplitAcid","Slimebound:Grow"],"picked":"Slimebound:Equalize+1","floor":14},{"not_picked":["Slimebound:FirmFortitude","Slimebound:RollThrough+1"],"picked":"Slimebound:Recycling","floor":15},{"not_picked":["Slimebound:RallyTheTroops+1","Slimebound:SelfFormingGoo"],"picked":"Slimebound:Recycling","floor":16},{"not_picked":["Slimebound:SplitMire","Slimebound:GrowthPunch+1"],"picked":"Slimebound:SamplingLick+1","floor":19},{"not_picked":["Slimebound:SamplingLick","Slimebound:Grow"],"picked":"Slimebound:RejuvenatingLick","floor":20},{"not_picked":[],"picked":"J.A.X.","floor":21},{"not_picked":["Slimebound:FormOfPuddle","Slimebound:SplitLeeching"],"picked":"Slimebound:BestDefense+1","floor":23},{"not_picked":["Slimebound:SamplingLick","Slimebound:TongueLash+1"],"picked":"Slimebound:LeechingTouch+1","floor":26},{"not_picked":["Slimebound:ForwardTackle+1","Slimebound:TongueLash+1"],"picked":"Slimebound:LeadByExample","floor":27},{"not_picked":["Slimebound:ForwardTackle+1","Slimebound:PressTheAttack+1","Slimebound:SamplingLick"],"picked":"SKIP","floor":28},{"not_picked":["Slimebound:FormOfPuddle+1","Slimebound:SplitLeeching+1"],"picked":"Slimebound:DuplicatedForm+1","floor":29},{"not_picked":["Slimebound:PressTheAttack+1","Slimebound:SplitMire","Slimebound:MassRepurpose"],"picked":"SKIP","floor":30},{"not_picked":["Slimebound:SlimeSpikes","Slimebound:SplitLeeching","Slimebound:FlameTackle+1"],"picked":"SKIP","floor":31},{"not_picked":["Slimebound:LeechingTouch+1","Slimebound:ComboTackle+1","Slimebound:GrowthPunch+1"],"picked":"SKIP","floor":32},{"not_picked":["Slimebound:MinionMaster+1","Slimebound:DouseInSlime"],"picked":"Slimebound:Recycling+1","floor":33},{"not_picked":["Slimebound:Equalize+1","Slimebound:SlimeBrawl+1","Slimebound:SplitBruiser+1"],"picked":"SKIP","floor":36},{"not_picked":["Slimebound:OneTwoCombo+1","Slimebound:ForwardTackle+1","Slimebound:MegaLick"],"picked":"SKIP","floor":37},{"not_picked":["Slimebound:SlimeSpikes+1","Slimebound:ViciousTackle+1","Slimebound:RollThrough+1"],"picked":"SKIP","floor":39},{"not_picked":["Slimebound:ViciousTackle+1","Slimebound:Schlurp+1"],"picked":"Slimebound:SelfFormingGoo+1","floor":40},{"not_picked":["Slimebound:MassFeed+1","Slimebound:SlimeBrawl"],"picked":"Slimebound:Gluttony+1","floor":43},{"not_picked":["Slimebound:SplitBruiser+1","Slimebound:GrowthPunch+1","Slimebound:FinishingTackle+1"],"picked":"Slimebound:LeadByExample+1","floor":45},{"not_picked":["Slimebound:SplitLeeching+1","Slimebound:Replication+1","Slimebound:Chomp+1"],"picked":"Slimebound:SlimeTap+1","floor":46},{"not_picked":["Slimebound:Dissolve+1","Slimebound:GrowthPunch+1","Slimebound:SplitBruiser+1"],"picked":"Slimebound:LeechEnergy+1","floor":49},{"not_picked":["Slimebound:Schlurp+1","Slimebound:HungryTackle+1","Slimebound:SamplingLick+1"],"picked":"Slimebound:LeechLife+1","floor":52}],"player_experience":1936485,"relics_obtained":[{"floor":7,"key":"Thread and Needle"},{"floor":9,"key":"Letter Opener"},{"floor":10,"key":"Shovel"},{"floor":10,"key":"Vajra"},{"floor":12,"key":"Strawberry"},{"floor":12,"key":"Mummified Hand"},{"floor":18,"key":"Blood Vial"},{"floor":21,"key":"MutagenicStrength"},{"floor":22,"key":"CaptainsWheel"},{"floor":22,"key":"Bottled Lightning"},{"floor":26,"key":"Anchor"},{"floor":26,"key":"StrikeDummy"},{"floor":29,"key":"Frozen Egg 2"},{"floor":29,"key":"Regal Pillow"},{"floor":35,"key":"Centennial Puzzle"},{"floor":40,"key":"Oddly Smooth Stone"},{"floor":40,"key":"Ancient Tea Set"},{"floor":41,"key":"Lantern"},{"floor":42,"key":"Lizard Tail"},{"floor":43,"key":"Pear"},{"floor":43,"key":"Question Card"},{"floor":44,"key":"Slimebound:SlimedTailRelic"},{"floor":45,"key":"Slimebound:MaxSlimesRelic"},{"floor":45,"key":"Orichalcum"},{"floor":47,"key":"Toy Ornithopter"},{"floor":48,"key":"Bottled Tornado"},{"floor":52,"key":"Pantograph"},{"floor":52,"key":"Art of War"},{"floor":54,"key":"White Beast Statue"}],"event_choices":[{"damage_healed":0,"gold_gain":0,"player_choice":"Success","damage_taken":3,"relics_obtained":["Molten Egg 2"],"max_hp_gain":0,"max_hp_loss":0,"event_name":"Scrap Ooze","floor":5,"gold_loss":0},{"damage_healed":0,"gold_gain":0,"player_choice":"Relic","damage_taken":0,"max_hp_gain":0,"max_hp_loss":0,"event_name":"Wheel of Change","floor":9,"gold_loss":0}],"is_beta":false,"boss_relics":[{"not_picked":["Coffee Dripper","Astrolabe"],"picked":"Fusion Hammer"},{"not_picked":["Runic Dome","SlaversCollar"],"picked":"Slimebound:TarBlob"}],"items_purged_floors":[46],"is_endless":false,"potions_floor_spawned":[2,11,12,15,20,22,23,28,29,31,33,36,40,45,49],"ascension_level":1}}