{"host":"mgc7o2tpy0ck407l","time":1610179480,"event":{"mods":["Alarm Clock","AlwaysNeverKeys","BaseMod","Better Altar","Better Match","Better Note","Better Sensory Stone","Better Skull","Better Third Choice","Better Vampires","Block Reminder","Booster Modes","Challenge The Spire","Colored Map","Colored Powertips","Disable Question Mark Monsters","Displayed Cursed Tome","Emptier Cage","Energized Spire","Evolution","Infinite Spire","Minty Spire (QoL Compilation)","Permanent Neow","Quick Restart","Rare Cards Sparkle","Reorder Act Four","Spicy Shops","StSLib","SuperFastMode","Transform Curses","Unceasing Turn Reminder"],"gold_per_floor":[114,133,148,148,4,45,73,73,73,73,116,136,174,207,219,339,351,391,430,442,565,601,613,647,685,697,736,767,779,808,864,876,988,1000,1032,1072,1105,1146,1187,1199,1261,1273,1310,703,703,703,738,765,765,765,765,50,50,82,82],"floor_reached":56,"playtime":2382,"items_purged":["Strike_G","Decay","Strike_G"],"score":1448,"play_id":"ff1daf84-9c9a-40b3-a4fd-d06aa23531b3","local_time":"20210109030440","is_ascension_mode":true,"campfire_choices":[{"data":"Cloak And Dagger","floor":8.0,"key":"SMITH"},{"floor":10.0,"key":"REST"},{"data":"Calculated Gamble","floor":15,"key":"SMITH"},{"data":"Cloak And Dagger","floor":23,"key":"SMITH"},{"data":"Concentrate","floor":29,"key":"SMITH"},{"data":"Storm of Steel","floor":32,"key":"SMITH"},{"data":"Catalyst","floor":40,"key":"SMITH"},{"floor":42,"key":"DIG"},{"floor":46,"key":"DIG"},{"floor":49,"key":"DIG"},{"floor":53,"key":"DIG"}],"circlet_count":0,"master_deck":["Strike_G+1","Defend_G","Defend_G","Defend_G","Defend_G","Survivor","Neutralize","infinitespire:Neurotoxin","Well Laid Plans","Reflex","Underhanded Strike","infinitespire:Collect","Noxious Fumes","Cloak And Dagger+1","Blade Dance","Concentrate+1","Calculated Gamble+1","Adrenaline","Die Die Die","Bouncing Flask","Wraith Form v2+1","Sucker Punch+1","Eviscerate+1","Cloak And Dagger+1","Storm of Steel+1","Eviscerate","Reflex+1","Blade Dance+1","Infinite Blades+1","Deflect+1","Catalyst+1","Acrobatics+1","infinitespire:Collect","Tactician","Prepared+1","Outmaneuver"],"relics":["Ring of the Snake","EVO:Axolotl","TwistedFunnel","CeramicFish","Vajra","Mercury Hourglass","MawBank","HoveringKite","Astrolabe","Torii","Blood Vial","Ornamental Fan","Frozen Egg 2","SlaversCollar","Shovel","Bag of Preparation","Centennial Puzzle","DollysMirror","Bottled Tornado","Pantograph","Medical Kit","Calipers","infinitespire:FocusingShard","Snake Skull","Membership Card","infinitespire:EmpoweringShard","Bronze Scales","Oddly Smooth Stone","HornCleat","ClockworkSouvenir","Bottled Lightning","Gremlin Horn"],"acts_visited":["Exordium","TheCity","TheBeyond","TheEnding"],"potions_floor_usage":[18,33,37,39,45,45,45,45],"damage_taken":[{"damage":0.0,"enemies":"Jaw Worm","floor":1.0,"turns":7.0},{"damage":0.0,"enemies":"Small Slimes","floor":2.0,"turns":5.0},{"damage":2.0,"enemies":"2 Louse","floor":3.0,"turns":3.0},{"damage":20.0,"enemies":"Lagavulin","floor":6.0,"turns":5.0},{"damage":19.0,"enemies":"Gremlin Gang","floor":7.0,"turns":3.0},{"damage":4.0,"enemies":"3 Sentries","floor":11.0,"turns":4.0},{"damage":3.0,"enemies":"2 Fungi Beasts","floor":12.0,"turns":2.0},{"damage":3.0,"enemies":"Gremlin Nob","floor":13.0,"turns":3.0},{"damage":3,"enemies":"Exordium Thugs","floor":14,"turns":2},{"damage":7,"enemies":"Hexaghost","floor":16,"turns":5},{"damage":6,"enemies":"Shell Parasite","floor":18,"turns":2},{"damage":1,"enemies":"2 Thieves","floor":22,"turns":2},{"damage":0,"enemies":"3 Cultists","floor":24,"turns":3},{"damage":0,"enemies":"Cultist and Chosen","floor":25,"turns":2},{"damage":0,"enemies":"Sentry and Sphere","floor":27,"turns":3},{"damage":12,"enemies":"Snecko","floor":28,"turns":4},{"damage":6,"enemies":"Centurion and Healer","floor":30,"turns":4},{"damage":1,"enemies":"Gremlin Leader","floor":31,"turns":2},{"damage":19,"enemies":"Collector","floor":33,"turns":6},{"damage":0,"enemies":"3 Darklings","floor":35,"turns":1},{"damage":8,"enemies":"3 Shapes","floor":36,"turns":3},{"damage":11,"enemies":"Sphere and 2 Shapes","floor":37,"turns":4},{"damage":0,"enemies":"Transient","floor":38,"turns":5},{"damage":0,"enemies":"3 Darklings","floor":39,"turns":2},{"damage":0,"enemies":"Mind Bloom Boss Battle","floor":41,"turns":3},{"damage":1,"enemies":"infinitespire:Three Voidlings","floor":45,"turns":2},{"damage":0,"enemies":"Giant Head","floor":47,"turns":3},{"damage":0,"enemies":"Spire Growth","floor":48,"turns":1},{"damage":39,"enemies":"Donu and Deca","floor":50,"turns":6},{"damage":0,"enemies":"Shield and Spear","floor":54,"turns":2},{"damage":21,"enemies":"The Heart","floor":55,"turns":4}],"seed_played":"-2475902867944390908","potions_obtained":[{"floor":1.0,"key":"EntropicBrew"},{"floor":2.0,"key":"Ancient Potion"},{"floor":6.0,"key":"Block Potion"},{"floor":13.0,"key":"GamblersBrew"},{"floor":20,"key":"Energy Potion"},{"floor":27,"key":"DistilledChaos"},{"floor":37,"key":"FearPotion"},{"floor":38,"key":"Swift Potion"},{"floor":39,"key":"PowerPotion"},{"floor":41,"key":"LiquidMemories"},{"floor":54,"key":"EssenceOfSteel"}],"is_trial":false,"path_per_floor":["M","M","M","?","$","E","M","R","T","R","E","M","E","M","R","B",null,"M","AVR","?","?","M","R","M","M","T","M","M","R","M","E","R","B",null,"M","M","M","M","M","R","?","R","T","$","?","R","E","M","R","B",null,"$","R","E","B",null],"character_chosen":"THE_SILENT","items_purchased":["TwistedFunnel","DollysMirror","Bottled Tornado","Pantograph","Medical Kit","Membership Card","infinitespire:EmpoweringShard","Bronze Scales","Oddly Smooth Stone","HornCleat","ClockworkSouvenir","Outmaneuver"],"campfire_rested":1,"item_purchase_floors":[5,44,44,44,44,52,52,52,52,52,52,52],"current_hp_per_floor":[70,70,68,50,50,30,11,11,11,32,28,25,22,19,19,12,70,64,64,64,32,33,33,35,37,37,39,29,29,25,26,26,9,70,70,62,53,55,57,57,59,59,59,59,60,60,62,64,64,31,70,70,70,70,49],"gold":82,"neow_bonus":"ONE_RANDOM_RARE_CARD","is_daily":false,"chose_seed":false,"campfire_upgraded":6,"win_rate":0.0,"timestamp":1610179480,"path_taken":["M","M","M","?","$","E","M","R","T","R","E","M","E","M","R","BOSS","M","AVR","?","?","M","R","M","M","T","M","M","R","M","E","R","BOSS","M","?","M","M","?","R","?","R","T","?","?","R","E","M","R","BOSS","$","R","E","BOSS"],"items_purchased_type":["Relic","Relic","Relic","Relic","Relic","Relic","Relic","Relic","Relic","Relic","Relic","Card"],"build_version":"2020-12-22","purchased_purges":3,"victory":true,"max_hp_per_floor":[70,70,70,70,70,70,70,70,70,70,70,70,70,70,70,70,70,70,70,70,70,70,70,70,70,70,70,70,70,70,70,70,70,70,70,70,70,70,70,70,70,70,70,70,70,70,70,70,70,70,70,70,70,70,70],"card_choices":[{"not_picked":["Blur","Dodge and Roll"],"picked":"Well Laid Plans","floor":1.0},{"not_picked":["Underhanded Strike","Dodge and Roll"],"picked":"Reflex","floor":2.0},{"not_picked":["Sucker Punch","Bane"],"picked":"Underhanded Strike","floor":3.0},{"not_picked":["infinitespire:SevenWalls","infinitespire:Execution"],"picked":"infinitespire:Collect","floor":4.0},{"not_picked":["Dodge and Roll","Backflip"],"picked":"Noxious Fumes","floor":6.0},{"not_picked":["Poisoned Stab","Underhanded Strike"],"picked":"Cloak And Dagger","floor":7.0},{"not_picked":["Finisher","All Out Attack"],"picked":"Blade Dance","floor":11.0},{"not_picked":["Outmaneuver","Sucker Punch"],"picked":"Concentrate","floor":12.0},{"not_picked":["Masterful Stab","Predator"],"picked":"Calculated Gamble","floor":13.0},{"not_picked":["Outmaneuver","Bane"],"picked":"Adrenaline","floor":14},{"not_picked":["Wraith Form v2","Phantasmal Killer"],"picked":"Die Die Die","floor":16},{"not_picked":["Poisoned Stab","Quick Slash"],"picked":"Bouncing Flask","floor":18},{"not_picked":["Backflip","Quick Slash"],"picked":"Cloak And Dagger","floor":22},{"not_picked":["Heel Hook+1","Quick Slash"],"picked":"Storm of Steel","floor":24},{"not_picked":["Skewer","Expertise"],"picked":"Eviscerate","floor":25},{"not_picked":["Riddle With Holes+1","PiercingWail"],"picked":"Reflex+1","floor":27},{"not_picked":["Backflip","Sucker Punch","Slice"],"picked":"SKIP","floor":28},{"not_picked":["PiercingWail","Infinite Blades+1","Dagger Spray"],"picked":"SKIP","floor":30},{"not_picked":["Endless Agony","Sucker Punch"],"picked":"Blade Dance+1","floor":31},{"not_picked":["Deadly Poison","Predator","Dagger Throw"],"picked":"SKIP","floor":35},{"not_picked":["Deflect","Prepared"],"picked":"Infinite Blades+1","floor":36},{"not_picked":["Heel Hook","Underhanded Strike+1"],"picked":"Deflect+1","floor":37},{"not_picked":["Sucker Punch+1","Dagger Spray"],"picked":"Catalyst","floor":38},{"not_picked":["Malaise","Underhanded Strike"],"picked":"Acrobatics+1","floor":39},{"not_picked":["Poisoned Stab+1","Bullet Time"],"picked":"Tactician","floor":47},{"not_picked":["Reflex","Well Laid Plans+1"],"picked":"Prepared+1","floor":48},{"not_picked":["Dagger Spray","Underhanded Strike","Blade Dance+1"],"picked":"SKIP","floor":54}],"player_experience":741224,"relics_obtained":[{"floor":6.0,"key":"CeramicFish"},{"floor":9.0,"key":"Vajra"},{"floor":11.0,"key":"Mercury Hourglass"},{"floor":13.0,"key":"MawBank"},{"floor":26,"key":"Ornamental Fan"},{"floor":31,"key":"Frozen Egg 2"},{"floor":41,"key":"Shovel"},{"floor":42,"key":"Bag of Preparation"},{"floor":43,"key":"Centennial Puzzle"},{"floor":46,"key":"Calipers"},{"floor":47,"key":"infinitespire:FocusingShard"},{"floor":49,"key":"Snake Skull"},{"floor":53,"key":"Bottled Lightning"},{"floor":54,"key":"Gremlin Horn"}],"event_choices":[{"damage_healed":0,"gold_gain":0,"player_choice":"Got Potions","damage_taken":0,"max_hp_gain":0,"max_hp_loss":0,"event_name":"Lab","floor":20,"gold_loss":0},{"damage_healed":0,"gold_gain":111,"player_choice":"GO UP RE ","damage_taken":37,"relics_obtained":["Blood Vial"],"max_hp_gain":0,"max_hp_loss":0,"event_name":"betterSkull:BetterSkull","floor":21,"gold_loss":0,"cards_upgraded":["Strike_G"]},{"damage_healed":0,"gold_gain":0,"player_choice":"Fight","damage_taken":0,"max_hp_gain":0,"max_hp_loss":0,"event_name":"MindBloom","floor":41,"gold_loss":0}],"is_beta":false,"boss_relics":[{"not_picked":["Velvet Choker","Pandora\u0027s Box"],"picked":"HoveringKite"},{"not_picked":["infinitespire:Cupcake","Runic Pyramid"],"picked":"SlaversCollar"}],"items_purged_floors":[19,44,52],"is_endless":false,"potions_floor_spawned":[1,2,6,13,22,25,27,37,38,39,41,54],"ascension_level":1}}