{"host":"8pjvbxl6xo882v42","time":1610212384,"event":{"mods":["AchievementEnabler","BaseMod","Minty Spire (QoL Compilation)","Replay The Spire","StSLib","The Cursed"],"gold_per_floor":[111,211,221,240,251,283,310,310,310,310,329,329,363,13,13,118,118,133,33,33,98,46,46,65,98,171,171,171,196,196,214,214,214,214],"floor_reached":33,"playtime":2974,"items_purged":["Strike_R","Overencumbered"],"score":490,"play_id":"2531eaaa-cb34-4ae4-9bef-0913b1667339","local_time":"20210109181304","is_ascension_mode":true,"campfire_choices":[{"data":"Metallicize","floor":8.0,"key":"SMITH"},{"data":"Bash","floor":10.0,"key":"SMITH"},{"data":"Feed","floor":12.0,"key":"SMITH"},{"data":"Replay:Sssssssssshield","floor":15.0,"key":"SMITH"},{"data":"1","floor":23.0,"key":"LIFT"},{"floor":27.0,"key":"REST"},{"floor":32,"key":"REST"}],"circlet_count":0,"master_deck":["AscendersBane","Strike_R","Strike_R","Strike_R","Strike_R","Defend_R","Defend_R","Defend_R","Defend_R","Bash+1","Reckless Charge","ReplayTheSpireMod:Limb From Limb","Metallicize+1","Feed+1","Replay:Undeath\u0027s Touch","Battle Trance","Shockwave","Pummel","Shrug It Off","Sentinel","Whirlwind","Replay:Sssssssssshield+1","Reaper","TheCursedMod:Dregs","Clumsy","Exhume","Life Link","Defy Death+1","Bloodletting","Burning Pact+1","Combust+1","True Grit"],"relics":["ReplayTheSpireMod:DimensionalGlitch","Red Skull","Odd Mushroom","Replay:Rubber Ducky","Replay:Bottled Flurry","BargainBundle","Akabeko","Replay:Ancient Bell","Oddly Smooth Stone","Blue Candle","Girya","Replay:Baseball","Omamori","Paper Frog","Juzu Bracelet","Blue Doll"],"acts_visited":["Exordium","TheCity"],"potions_floor_usage":[29,33],"damage_taken":[{"damage":1.0,"enemies":"Small Slimes","floor":1.0,"turns":4.0},{"damage":1.0,"enemies":"Cultist","floor":3.0,"turns":3.0},{"damage":7.0,"enemies":"Jaw Worm","floor":4.0,"turns":2.0},{"damage":0.0,"enemies":"3 Louse","floor":5.0,"turns":4.0},{"damage":18.0,"enemies":"3 Sentries","floor":6.0,"turns":8.0},{"damage":7.0,"enemies":"The Mushroom Lair","floor":7.0,"turns":3.0},{"damage":0.0,"enemies":"Large Slime","floor":11.0,"turns":2.0},{"damage":0.0,"enemies":"Lagavulin","floor":13.0,"turns":3.0},{"damage":11.0,"enemies":"Fading Forest","floor":16.0,"turns":11.0},{"damage":6.0,"enemies":"3 Byrds","floor":18.0,"turns":4.0},{"damage":0.0,"enemies":"Spheric Guardian","floor":24.0,"turns":1.0},{"damage":26.0,"enemies":"Gremlin Leader","floor":25.0,"turns":7.0},{"damage":17,"enemies":"Slavers","floor":29,"turns":4},{"damage":14,"enemies":"Shelled Parasite and Fungi","floor":31,"turns":2},{"damage":56,"enemies":"Pondfish","floor":33,"turns":8}],"seed_played":"-5677586894899649277","potions_obtained":[{"floor":1.0,"key":"Languid Potion"},{"floor":4.0,"key":"Block Potion"},{"floor":5.0,"key":"Dexterity Potion"},{"floor":24.0,"key":"Ancient Potion"},{"floor":25.0,"key":"FearPotion"},{"floor":29,"key":"ColorlessPotion"}],"is_trial":false,"path_per_floor":["M","?","M","M","M","E","?","R","T","R","M","R","E","$","R","B",null,"M","$","?","?","$","R","M","E","T","R","?","E","?","M","R","B"],"character_chosen":"IRONCLAD","items_purchased":["BargainBundle","Akabeko","ColorlessPotion","Pummel","Shrug It Off","Sentinel","Whirlwind","Replay:Sssssssssshield","BloodPotion"],"campfire_rested":2,"item_purchase_floors":[14,14,14,14,14,14,14,14,22],"current_hp_per_floor":[71,71,70,63,63,45,40,40,40,40,42,42,44,44,44,37,77,76,76,76,39,39,39,39,28,28,56,56,39,39,25,53,0,0],"gold":214,"neow_bonus":"BOSS_RELIC","is_daily":false,"chose_seed":false,"campfire_upgraded":4,"win_rate":0.0,"timestamp":1610212384,"path_taken":["M","?","?","M","M","E","?","R","T","R","M","R","E","$","R","BOSS","M","$","?","?","$","R","M","E","T","R","?","E","?","M","R","BOSS"],"items_purchased_type":["Relic","Relic","Potion","Card","Card","Card","Card","Card","Potion"],"build_version":"2020-12-22","purchased_purges":2,"victory":false,"max_hp_per_floor":[80,80,80,80,80,80,83,83,83,83,86,86,90,90,90,90,90,94,94,94,94,94,94,94,94,94,94,94,94,94,94,94,94,94],"card_choices":[{"not_picked":["Headbutt","Clash"],"picked":"Reckless Charge","floor":1.0},{"not_picked":["Rampage","Havoc"],"picked":"ReplayTheSpireMod:Limb From Limb","floor":3.0},{"not_picked":["Twin Strike","Warcry","Clothesline"],"picked":"SKIP","floor":4.0},{"not_picked":["Dropkick","Sword Boomerang"],"picked":"Metallicize","floor":5.0},{"not_picked":["Run Through","Armaments"],"picked":"Feed","floor":6.0},{"not_picked":["Feel No Pain","Reckless Charge"],"picked":"Replay:Undeath\u0027s Touch","floor":7.0},{"not_picked":["Cleave","Pommel Strike"],"picked":"Battle Trance","floor":11.0},{"not_picked":["Dark Embrace","Hemokinesis"],"picked":"Shockwave","floor":13.0},{"not_picked":["Demonic Infusion","Limit Break"],"picked":"Reaper","floor":16.0},{"not_picked":["CurseOfTheBell","Decay"],"picked":"Overencumbered","floor":17.0},{"not_picked":["Looming Evil","ReplayTheSpireMod:Doomed"],"picked":"TheCursedMod:Dregs","floor":17.0},{"not_picked":["Doubt","Replay:Hysterical Blindness"],"picked":"Clumsy","floor":17.0},{"not_picked":["Clothesline+1","Perfected Strike"],"picked":"Exhume","floor":18.0},{"not_picked":["Feel No Pain","Flame Barrier"],"picked":"Defy Death+1","floor":21.0},{"not_picked":["Evolve","Fire Breathing"],"picked":"Bloodletting","floor":21.0},{"not_picked":["ReplayTheSpireMod:Corrosion Curse","ReplayReversal"],"picked":"Burning Pact+1","floor":24.0},{"not_picked":["Berserk","Thunderclap+1","Pommel Strike"],"picked":"SKIP","floor":25.0},{"not_picked":["Bloodletting","Flex+1"],"picked":"Combust+1","floor":29},{"not_picked":["Massacre+1","Rampage"],"picked":"True Grit","floor":31}],"player_experience":289458,"relics_obtained":[{"floor":6.0,"key":"Red Skull"},{"floor":7.0,"key":"Odd Mushroom"},{"floor":9.0,"key":"Replay:Rubber Ducky"},{"floor":13.0,"key":"Replay:Bottled Flurry"},{"floor":21.0,"key":"Replay:Baseball"},{"floor":25.0,"key":"Omamori"},{"floor":26.0,"key":"Paper Frog"},{"floor":29,"key":"Juzu Bracelet"}],"event_choices":[{"damage_healed":0.0,"max_hp_gain":0.0,"max_hp_loss":0.0,"gold_gain":100.0,"event_name":"Wheel of Change","player_choice":"Gold","floor":2.0,"gold_loss":0.0,"damage_taken":0.0},{"damage_healed":0.0,"max_hp_gain":0.0,"max_hp_loss":0.0,"gold_gain":0.0,"event_name":"Mushrooms","player_choice":"Fought Mushrooms","floor":7.0,"gold_loss":0.0,"damage_taken":0.0},{"damage_healed":0.0,"max_hp_gain":0.0,"max_hp_loss":0.0,"gold_gain":0.0,"event_name":"The Library","player_choice":"Read","floor":20.0,"gold_loss":0.0,"damage_taken":0.0,"cards_obtained":["Life Link"]},{"damage_healed":0.0,"max_hp_gain":0.0,"max_hp_loss":0.0,"gold_gain":0.0,"event_name":"Forgotten Altar","player_choice":"Smashed Altar","floor":28.0,"gold_loss":0.0,"damage_taken":0.0,"cards_obtained":["Decay"]}],"is_beta":false,"boss_relics":[{"not_picked":["Cursed Key","Runic Pyramid"],"picked":"Replay:Ancient Bell"},{"not_picked":["MawBank","Anchor"],"picked":"Oddly Smooth Stone"},{"not_picked":["Shuriken","Meat on the Bone"],"picked":"Blue Candle"},{"not_picked":["Unceasing Top","Champion Belt"],"picked":"Girya"}],"items_purged_floors":[14,19],"is_endless":false,"potions_floor_spawned":[1,4,5,6,24,25,29],"killed_by":"Pondfish","ascension_level":11}}