{"host":"dyggtcpod2kd5hqt","time":1610209935,"event":{"mods":["2.2 Compatiblity","AchievementEnabler","BaseMod","Bestiary","Block Reminder","Colored Map","Colored Powertips","Minty Spire (QoL Compilation)","Quick Restart","Rare Cards Sparkle","Relic Stats","Unknown Chances"],"gold_per_floor":[118,41,55,55,230,265,265,265,265],"floor_reached":8,"playtime":313,"items_purged":[],"score":115,"play_id":"bf0619fb-2e1f-4d9e-ade9-950cdfcd9148","local_time":"20210109113215","is_ascension_mode":true,"campfire_choices":[{"data":"Streamline","floor":7,"key":"SMITH"}],"circlet_count":0,"master_deck":["Strike_B","Strike_B","Strike_B","Strike_B","Defend_B","Defend_B","Defend_B","Defend_B","Zap","Dualcast","Scrape","Streamline+1","Coolheaded","Loop","Doubt","Genetic Algorithm"],"relics":["Cracked Core","NeowsBlessing","Potion Belt"],"acts_visited":["Exordium"],"potions_floor_usage":[8],"damage_taken":[{"damage":0,"enemies":"Jaw Worm","floor":1,"turns":1},{"damage":0,"enemies":"Small Slimes","floor":3,"turns":1},{"damage":0,"enemies":"Lagavulin","floor":6,"turns":1},{"damage":33,"enemies":"3 Sentries","floor":8,"turns":4}],"seed_played":"562418724163013901","potions_obtained":[{"floor":6,"key":"SkillPotion"}],"is_trial":false,"path_per_floor":["M","$","M","$","?","E","R","E"],"character_chosen":"DEFECT","items_purchased":["Streamline","Coolheaded"],"campfire_rested":0,"item_purchase_floors":[2,2],"current_hp_per_floor":[68,68,68,68,68,68,68,35,35],"gold":265,"neow_bonus":"THREE_ENEMY_KILL","is_daily":false,"chose_seed":false,"campfire_upgraded":1,"win_rate":0.0,"timestamp":1610209935,"path_taken":["M","$","M","$","?","E","R","E"],"items_purchased_type":["Card","Card"],"build_version":"2020-12-22","purchased_purges":0,"victory":false,"max_hp_per_floor":[75,75,75,75,75,75,75,75,75],"relic_stats":{"counters":[4,7],"obtain_stats":[{"Potion Belt":6,"NeowsBlessing":0,"Cracked Core":0},{"Potion Belt":3,"NeowsBlessing":0,"Cracked Core":0},{"Potion Belt":3,"NeowsBlessing":0,"Cracked Core":0}]},"card_choices":[{"not_picked":["Steam","Double Energy"],"picked":"Scrape","floor":1},{"not_picked":["Sweeping Beam","Barrage"],"picked":"Loop","floor":3},{"not_picked":["Tempest","Ball Lightning"],"picked":"Genetic Algorithm","floor":6}],"player_experience":579163,"relics_obtained":[{"floor":6,"key":"Potion Belt"}],"event_choices":[{"damage_healed":0,"gold_gain":175,"player_choice":"AGREE","damage_taken":0,"max_hp_gain":0,"max_hp_loss":0,"event_name":"Liars Game","floor":5,"gold_loss":0,"cards_obtained":["Doubt"]}],"is_beta":false,"boss_relics":[],"items_purged_floors":[],"is_endless":false,"potions_floor_spawned":[6],"killed_by":"3 Sentries","ascension_level":9}}