{"host":"ogaeov5jmixfiqqf","time":1610174068,"event":{"mods":["Act Like it!","BaseMod","Better-Laid Plans","Challenge The Spire","Googly Eyes","Hallownest","Lobotomy","Minty Spire (QoL Compilation)","Permanent Neow","Quick Restart","Relic Stats","Spicy Shops","StSLib","SuperFastMode","TestMod","The Bug Knight","óô»ðÖ¸ÄÏ"],"gold_per_floor":[113,43,54,67,67,67,82,82,107,107,123,142,142,159,82,82,82],"floor_reached":16,"playtime":880,"items_purged":[],"score":119,"play_id":"d29ade5d-be63-42cf-a448-024733ba30ba","local_time":"20210109143428","is_ascension_mode":false,"campfire_choices":[{"floor":8,"key":"REST"},{"floor":10,"key":"REST"}],"circlet_count":0,"master_deck":["HollowMod:NailStrikeStart","HollowMod:NailStrikeStart","HollowMod:NailStrikeStart","HollowMod:QuickDashStart","HollowMod:QuickDashStart","HollowMod:QuickDashStart","HollowMod:QuickDashStart","HollowMod:FocusHealStart","HollowMod:PogoStrike","SpiderBud","Mercenary","HollowMod:DoubleDash","HollowMod:DoubleDash","HollowMod:HuntersJournal","RedShoes","MHz","HollowMod:MothsMistake","Scorched","HollowMod:SoulStrike","HollowMod:SoulStrike","HollowMod:ShadowDash","OSAHOGD","HollowMod:MothsMistake","HollowMod:MothsMistake"],"relics":["HollowMod:VesselMask","testmod-TestBox","CogitoBucket","testmod-IWantAll","Hallownest:StagBellRelic1","Hallownest:DreamNailRelic","Boot","LuminousBracelet","Sling"],"acts_visited":["Hallownest:Greenpath"],"potions_floor_usage":[12,12,16,16],"damage_taken":[{"damage":7,"enemies":"2_ Uuma","floor":1,"turns":5},{"damage":13,"enemies":"Hallownest:monsterHuskGuard","floor":3,"turns":3},{"damage":3,"enemies":"Hallownest:2_MossCreeps","floor":4,"turns":4},{"damage":30,"enemies":"Hallownest:Guard_and_Warrior","floor":7,"turns":5},{"damage":16,"enemies":"Hallownest:Wandering_and_Horned","floor":11,"turns":5},{"damage":24,"enemies":"Hallownest:1_Ooma_and_2_Uuma","floor":12,"turns":3},{"damage":58,"enemies":"Hallownest:1_Baldur_1_Crawlid_1_Warrior","floor":14,"turns":6},{"damage":47,"enemies":"Hallownest:BossHornet","floor":16,"turns":3}],"seed_played":"-7660105776364519667","potions_obtained":[{"floor":3,"key":"Strength Potion"},{"floor":7,"key":"DistilledChaos"},{"floor":11,"key":"SpeedPotion"},{"floor":12,"key":"SpeedPotion"}],"is_trial":false,"path_per_floor":["M","?","M","M","?","R","M","R","T","R","M","M","?","M","R","B"],"character_chosen":"THE_BUGKNIGHT","items_purchased":["Sling"],"campfire_rested":2,"item_purchase_floors":[15],"current_hp_per_floor":[74,74,61,64,64,64,34,56,56,75,65,56,56,29,29,0,0],"gold":82,"neow_bonus":"","is_daily":false,"chose_seed":false,"campfire_upgraded":0,"win_rate":0.0,"timestamp":1610174068,"path_taken":["M","?","M","M","?","R","M","R","T","R","M","M","?","?","R","BOSS"],"items_purchased_type":["Relic"],"build_version":"2020-12-22","purchased_purges":0,"victory":false,"max_hp_per_floor":[75,75,75,75,75,75,75,75,75,75,75,90,90,90,90,90,90],"relic_stats":{"counters":[9,35],"Boot":[13],"obtain_stats":[{"CogitoBucket":0,"Hallownest:StagBellRelic1":2,"testmod-TestBox":0,"LuminousBracelet":12,"HollowMod:VesselMask":0,"testmod-IWantAll":0,"Hallownest:DreamNailRelic":5,"Boot":9,"Sling":15},{"CogitoBucket":0,"Hallownest:StagBellRelic1":1,"testmod-TestBox":0,"LuminousBracelet":7,"HollowMod:VesselMask":0,"testmod-IWantAll":0,"Hallownest:DreamNailRelic":3,"Boot":4,"Sling":8},{"CogitoBucket":0,"Hallownest:StagBellRelic1":5,"testmod-TestBox":0,"LuminousBracelet":26,"HollowMod:VesselMask":0,"testmod-IWantAll":0,"Hallownest:DreamNailRelic":12,"Boot":17,"Sling":32}]},"card_choices":[{"not_picked":["HollowMod:GoodIntentions","HollowMod:SoulVessel"],"picked":"HollowMod:DescendingDark","floor":1},{"not_picked":["BeautyBeast","OSAHOGD"],"picked":"SpiderBud","floor":1},{"not_picked":["SnowQueen","OSAHOGD"],"picked":"Mercenary","floor":3},{"not_picked":["HollowMod:InfectionAssault","HollowMod:MothsMistake"],"picked":"HollowMod:DoubleDash","floor":3},{"not_picked":["HollowMod:InfectionAssault","HollowMod:MothsMistake"],"picked":"HollowMod:DoubleDash","floor":3},{"not_picked":["HollowMod:TaintedHusks","HollowMod:NewLittleFool"],"picked":"HollowMod:HuntersJournal","floor":4},{"not_picked":["WallGazer","PunishingBird"],"picked":"RedShoes","floor":4},{"not_picked":["VoidDream","PunishingBird"],"picked":"MHz","floor":7},{"not_picked":["HollowMod:WraithStrike","HollowMod:AwokenDreamNail"],"picked":"HollowMod:MothsMistake","floor":7},{"not_picked":["OSAHOGD","CrumblingArmor"],"picked":"WallGazer","floor":11},{"not_picked":["HollowMod:ShadowDash","HollowMod:SoulShaman","HollowMod:VengefulVoid"],"picked":"SKIP","floor":11},{"not_picked":["HollowMod:ShadowDash","HollowMod:SoulShaman","HollowMod:VengefulVoid"],"picked":"SKIP","floor":11},{"not_picked":["Wellcheers","CherryBlossoms"],"picked":"Scorched","floor":12},{"not_picked":["HollowMod:FallenFury","HollowMod:SiblingsSouls"],"picked":"HollowMod:SoulStrike","floor":12},{"not_picked":["HollowMod:FallenFury","HollowMod:SiblingsSouls"],"picked":"HollowMod:SoulStrike","floor":12},{"not_picked":["HappyTeddy","Bloodbath"],"picked":"OSAHOGD","floor":14},{"not_picked":["HollowMod:ShapeofUnn","HollowMod:Weaversong"],"picked":"HollowMod:MothsMistake","floor":14},{"not_picked":["HollowMod:ShapeofUnn","HollowMod:Weaversong"],"picked":"HollowMod:MothsMistake","floor":14}],"player_experience":222404,"relics_obtained":[{"floor":9,"key":"Boot"}],"event_choices":[],"is_beta":false,"boss_relics":[],"items_purged_floors":[],"is_endless":false,"potions_floor_spawned":[3,7,11,12],"killed_by":"Hallownest:BossHornet","ascension_level":0}}