{"host":"Qube","time":1610215419,"event":{"mods":["AchievementEnabler","BaseMod","Colored Map","Colored Powertips","Minty Spire (QoL Compilation)","Quick Restart","Random Character Button","StSLib"],"gold_per_floor":[118,43,43,63,73,73,100,100,100,100,14,31,44,70,70,70,70],"floor_reached":16,"playtime":535,"items_purged":[],"score":215,"play_id":"47bddcb6-8fec-4b7a-98f0-afcd63c0966e","local_time":"20210109100339","is_ascension_mode":true,"campfire_choices":[{"data":"Eruption","floor":6.0,"key":"SMITH"},{"data":"CutThroughFate","floor":8.0,"key":"SMITH"},{"data":"CutThroughFate","floor":10.0,"key":"SMITH"},{"floor":15.0,"key":"REST"}],"circlet_count":0,"master_deck":["AscendersBane","Strike_P","Strike_P","Strike_P","Strike_P","Defend_P","Defend_P","Eruption+1","Vigilance","Protect","Prostrate","CutThroughFate+1","CutThroughFate+1","Brilliance+1","DeceiveReality","Wallop+1","Pray+1"],"relics":["SlaversCollar","Sundial","Molten Egg 2","Toxic Egg 2"],"acts_visited":["Exordium"],"potions_floor_usage":[],"damage_taken":[{"damage":0.0,"enemies":"2 Louse","floor":1.0,"turns":3.0},{"damage":0.0,"enemies":"Cultist","floor":4.0,"turns":3.0},{"damage":0.0,"enemies":"Small Slimes","floor":5.0,"turns":3.0},{"damage":23.0,"enemies":"3 Sentries","floor":7.0,"turns":9.0},{"damage":0.0,"enemies":"Looter","floor":12.0,"turns":1.0},{"damage":16.0,"enemies":"Exordium Thugs","floor":13.0,"turns":3.0},{"damage":12.0,"enemies":"Lagavulin","floor":14.0,"turns":7.0},{"damage":0,"enemies":"Slime Boss","floor":16,"turns":1}],"seed_played":"8339704250469034971","potions_obtained":[{"floor":7.0,"key":"Strength Potion"},{"floor":12.0,"key":"ColorlessPotion"}],"is_trial":false,"path_per_floor":["M","?","?","M","M","R","E","R","T","R","$","M","M","E","R","B"],"character_chosen":"WATCHER","items_purchased":["Brilliance+1"],"campfire_rested":1,"item_purchase_floors":[11],"current_hp_per_floor":[61,61,61,61,61,61,38,38,38,38,38,38,22,10,30,30,30],"gold":70,"neow_bonus":"BOSS_RELIC","is_daily":false,"chose_seed":false,"campfire_upgraded":3,"win_rate":0.0,"timestamp":1610215419,"path_taken":["M","?","?","M","M","R","E","R","T","R","$","?","M","E","R","BOSS"],"items_purchased_type":["Card"],"build_version":"2020-12-18","purchased_purges":0,"victory":false,"max_hp_per_floor":[68,68,68,68,68,68,68,68,68,68,68,68,68,68,68,68,68],"card_choices":[{"not_picked":["PathToVictory","Halt"],"picked":"Protect","floor":1.0},{"not_picked":["Vengeance","InnerPeace","Protect"],"picked":"SKIP","floor":4.0},{"not_picked":["ThirdEye","PathToVictory"],"picked":"CutThroughFate","floor":5.0},{"not_picked":["Protect","ThirdEye"],"picked":"CutThroughFate","floor":7.0},{"not_picked":["FearNoEvil+1","FlyingSleeves+1"],"picked":"DeceiveReality","floor":12.0},{"not_picked":["ThirdEye","InnerPeace"],"picked":"Wallop+1","floor":13.0},{"not_picked":["Fasting2","FlyingSleeves+1"],"picked":"Pray+1","floor":14.0}],"player_experience":857125,"relics_obtained":[{"floor":7.0,"key":"Sundial"},{"floor":9.0,"key":"Molten Egg 2"},{"floor":14.0,"key":"Toxic Egg 2"}],"event_choices":[{"cards_removed":["Defend_P"],"damage_healed":0.0,"max_hp_gain":0.0,"max_hp_loss":0.0,"gold_gain":0.0,"event_name":"The Cleric","player_choice":"Card Removal","floor":2.0,"gold_loss":75.0,"damage_taken":0.0},{"damage_healed":0.0,"max_hp_gain":0.0,"max_hp_loss":0.0,"gold_gain":0.0,"cards_transformed":["Defend_P"],"event_name":"Transmorgrifier","player_choice":"Transformed","floor":3.0,"gold_loss":0.0,"damage_taken":0.0,"cards_obtained":["Prostrate"]}],"is_beta":true,"boss_relics":[],"items_purged_floors":[],"is_endless":false,"potions_floor_spawned":[7,12],"killed_by":"Slime Boss","ascension_level":19}}