{"host":"f4n39520dv0p5qms","time":1610234520,"event":{"mods":["AchievementEnabler","Act Like it!","BaseMod","BetterRewards","Colored Map","Colored Powertips","DeckTracker","Downfall","Hallownest","Hermit","Infinite Spire","Marisa????????","Minty Spire (QoL Compilation)","Replay The Spire","Shop Mod","StSLib","The Bug Knight","The Cursed","The Servant 0.9.4"],"gold_per_floor":[119,137,157,174,190,190,190,219,219,219,247,261,261,271,271,369,369,389,389,405,360,360,360,96,96,96,5,23,34,34,46,46,142,142,155,155,200,200,200,220,220,252,307,335,335,335,495,415,415,415],"floor_reached":51,"playtime":17344,"items_purged":["HollowMod:QuickDashStart","HollowMod:NailStrikeStart","HollowMod:DesolateDive+1"],"score":838,"play_id":"260cf8fd-0470-4196-921a-16ded14760bc","local_time":"20210110022200","is_ascension_mode":false,"campfire_choices":[{"data":"HollowMod:MantisMark","floor":6,"key":"SMITH"},{"data":"HollowMod:DesolateDive","floor":10,"key":"SMITH"},{"data":"HollowMod:PerfectDash","floor":15,"key":"SMITH"},{"data":"HollowMod:SoulSplash","floor":23,"key":"SMITH"},{"data":"HollowMod:HowlingWraiths","floor":25,"key":"SMITH"},{"data":"HollowMod:SlysStrikes","floor":32,"key":"SMITH"},{"floor":41,"key":"RECALL"},{"floor":46,"key":"REST"},{"floor":49,"key":"REST"}],"circlet_count":0,"master_deck":["HollowMod:NailStrikeStart","HollowMod:NailStrikeStart+1","HollowMod:NailStrikeStart+1","HollowMod:QuickDashStart","HollowMod:QuickDashStart","HollowMod:FocusHealStart","HollowMod:PogoStrike","HollowMod:GoodIntentions","HollowMod:HowlingWraiths+1","HollowMod:MantisMark+1","infinitespire:Gouge","HollowMod:CrystalDash","HollowMod:PerfectDash+1","HollowMod:CloakDash","HollowMod:Weaversong+1","HollowMod:CloakDash+1","HollowMod:VengefulSpirit","HollowMod:SlysStrikes+1","infinitespire:Execution","HollowMod:DoubleDash+1","HollowMod:PureVessel","CurseOfTheBell","HollowMod:SharpenedNail","Hallownest:attackMasterDashSlash"],"relics":["HollowMod:VesselMask","Eternal Feather","Meat on the Bone","ReplayTheSpireMod:Ninjato","SacredBark","Membership Card","MerchantsRug","Replay:Rubber Ducky","The Courier","Replay:Baseball","Mercury Hourglass","Replay:Bronze Core","Replay:Grab Bag","Busted Crown","Fusion Hammer","Replay:Drink Me","Strawberry","HollowMod:LumaflyLanternRelic","Calling Bell","HollowMod:PaleOreRelic","Matryoshka","Replay:PocketPolymizer","Ring of Fangs","ReplayTheSpireMod:Ring of Exchange","Onion Ring","Pen Nib","infinitespire:Satchel","HollowMod:KingsBrand","Whetstone","HornCleat","Hallownest:GodTamersBeastRelic"],"acts_visited":["Exordium","Hallownest:Greenpath","Hallownest:CityofTears"],"potions_floor_usage":[16,16,18,28,29],"damage_taken":[{"damage":1,"enemies":"Hallownest:2_Baldur","floor":1,"turns":5},{"damage":0,"enemies":"Hallownest:monsterHuskWarrior","floor":2,"turns":3},{"damage":0,"enemies":"2_ Uuma","floor":3,"turns":6},{"damage":0,"enemies":"Hallownest:monsterAspidMother","floor":4,"turns":4},{"damage":0,"enemies":"Hallownest:monsterMossCharger","floor":5,"turns":4},{"damage":9,"enemies":"Hallownest:eliteCrystalGuardian","floor":8,"turns":5},{"damage":0,"enemies":"Hallownest:eliteMossKnight","floor":11,"turns":7},{"damage":3,"enemies":"Hallownest:2_Tiktiks_1_Baldur_1_Crawlid","floor":12,"turns":3},{"damage":0,"enemies":"Hallownest:1_Baldur_1_Crawlid_1_Warrior","floor":14,"turns":5},{"damage":19,"enemies":"Hallownest:BossFalseKnight","floor":16,"turns":11},{"damage":23,"enemies":"Hallownest:Flukemon_and_Top","floor":18,"turns":4},{"damage":10,"enemies":"Hallownest:3_Youths","floor":20,"turns":5},{"damage":19,"enemies":"Hallownest:3_Mistakes","floor":28,"turns":4},{"damage":5,"enemies":"Hallownest:Warrior_and_Youth","floor":29,"turns":3},{"damage":6,"enemies":"Hallownest:2_Husk_Sentries","floor":31,"turns":5},{"damage":47,"enemies":"Hallownest:BossMantisLord","floor":33,"turns":8},{"damage":0,"enemies":"Hallownest:Shield_Heavy","floor":35,"turns":3},{"damage":0,"enemies":"Hallownest:3_Siblings","floor":40,"turns":5},{"damage":0,"enemies":"Hallownest:eliteCollector","floor":42,"turns":5},{"damage":0,"enemies":"Hallownest:eliteHiveKnight","floor":44,"turns":4},{"damage":0,"enemies":"Hallownest:eliteHiveKnight","floor":47,"turns":3},{"damage":0,"enemies":"Hallownest:eliteHiveKnight","floor":47,"turns":4},{"damage":0,"enemies":"Hallownest:eliteHiveKnight","floor":47,"turns":3},{"damage":0,"enemies":"Hallownest:eliteHiveKnight","floor":47,"turns":2},{"damage":2,"enemies":"Hallownest:BossHollowKnight","floor":50,"turns":5}],"seed_played":"4748304212119506025","potions_obtained":[{"floor":4,"key":"LiquidMemories"},{"floor":11,"key":"Block Potion"},{"floor":12,"key":"Explosive Potion"},{"floor":16,"key":"FearPotion"},{"floor":20,"key":"Toxic Potion"},{"floor":28,"key":"PowerPotion"},{"floor":35,"key":"FairyPotion"},{"floor":37,"key":"Death Potion"},{"floor":37,"key":"CultistPotion"}],"is_trial":false,"path_per_floor":["M","M","M","M","M","R","?","E","T","R","E","M","T","M","R","B",null,"M","?","M","?","?","R","$","R","T","$","M","M","AVR","M","R","B",null,"M","?","?","AVR","?","M","R","E","T","E","T","R","?","?","R","B",null],"character_chosen":"THE_BUGKNIGHT","items_purchased":["HollowMod:GoodIntentions","Membership Card","MerchantsRug","Replay:Rubber Ducky","Replay:Baseball","HollowMod:VengefulSpirit"],"campfire_rested":2,"item_purchase_floors":[0,24,24,24,27,27],"current_hp_per_floor":[74,74,75,75,75,75,57,48,48,57,57,54,54,54,66,53,75,52,52,42,42,38,50,50,62,62,62,43,38,38,44,56,31,57,57,57,50,50,50,56,64,64,64,64,64,64,64,64,64,62],"gold":415,"neow_bonus":"","is_daily":false,"chose_seed":false,"campfire_upgraded":6,"win_rate":0.0,"timestamp":1610234520,"path_taken":["M","M","M","?","?","R","?","E","T","R","E","M","?","M","R","BOSS","M","?","M","?","?","R","?","R","T","$","M","?","AVR","M","R","BOSS","M","?","?","AVR","?","?","R","E","T","E","?","R","?","?","R","BOSS"],"items_purchased_type":["Card","Relic","Relic","Relic","Relic","Card"],"build_version":"2020-12-22","purchased_purges":3,"victory":true,"max_hp_per_floor":[75,75,75,75,75,75,75,75,75,75,75,75,75,75,75,75,75,75,75,75,75,75,75,75,75,75,75,75,75,75,75,75,75,57,57,57,64,64,64,64,64,64,64,64,64,64,64,64,64,64],"card_choices":[{"not_picked":["HollowMod:HuntersJournal","HollowMod:LifebloodCocoon"],"picked":"HollowMod:HowlingWraiths","floor":1},{"not_picked":["HollowMod:VengefulVoid","HollowMod:InfectedCysts"],"picked":"HollowMod:SoulSplash","floor":2},{"not_picked":["HollowMod:NewJinnsSoul","HollowMod:MothsMistake"],"picked":"HollowMod:MantisMark","floor":3},{"not_picked":["HollowMod:WraithStrike","HollowMod:BlackTendrils"],"picked":"HollowMod:DesolateDive","floor":4},{"not_picked":["HollowMod:GoodIntentions","HollowMod:VengefulVoid"],"picked":"HollowMod:PureNailStrike","floor":5},{"not_picked":["infinitespire:FinalStrike","infinitespire:Menacing"],"picked":"infinitespire:Gouge","floor":7},{"not_picked":["HollowMod:MidwifesHunger","HollowMod:ShadowDash"],"picked":"HollowMod:CrystalDash","floor":8},{"not_picked":["HollowMod:CycloneSlash","HollowMod:RecoilStrike"],"picked":"HollowMod:PerfectDash","floor":11},{"not_picked":["HollowMod:NewLittleFool","HollowMod:DoubleDash"],"picked":"HollowMod:CloakDash","floor":12},{"not_picked":["HollowMod:SiblingsSouls","HollowMod:SoulSplash"],"picked":"HollowMod:MantisMark","floor":14},{"not_picked":["HollowMod:LordofShades","HollowMod:ElderbugsWisdom"],"picked":"HollowMod:Weaversong","floor":16},{"not_picked":["HollowMod:Grubsong","HollowMod:DreamGate+1","HollowMod:TaintedHusks"],"picked":"SKIP","floor":18},{"not_picked":["HollowMod:InfectedCysts","HollowMod:CrystalDash+1"],"picked":"HollowMod:CloakDash+1","floor":20},{"not_picked":["HollowMod:CornifersMapStart","HollowMod:DescendingDark"],"picked":"HollowMod:SlysStrikes","floor":28},{"not_picked":["HollowMod:GoodIntentions+1","HollowMod:FallenFury","HollowMod:BlackTendrils+1"],"picked":"SKIP","floor":29},{"not_picked":["HollowMod:CornifersMapStart","HollowMod:ShadowDash"],"picked":"HollowMod:DoubleDash+1","floor":31},{"not_picked":["HollowMod:AwokenDreamNail","HollowMod:ElderbugsWisdom"],"picked":"HollowMod:PureVessel","floor":33},{"not_picked":["HollowMod:DescendingDark"],"picked":"SKIP","floor":35},{"not_picked":[],"picked":"HollowMod:SharpenedNail","floor":40},{"not_picked":["HollowMod:FastStrike"],"picked":"SKIP","floor":42},{"not_picked":["HollowMod:PureNailStrike"],"picked":"SKIP","floor":44}],"player_experience":156969,"relics_obtained":[{"floor":8,"key":"Eternal Feather"},{"floor":9,"key":"Replay:Bottled Snecko"},{"floor":11,"key":"Meat on the Bone"},{"floor":13,"key":"ReplayTheSpireMod:Ninjato"},{"floor":26,"key":"The Courier"},{"floor":37,"key":"Strawberry"},{"floor":38,"key":"HollowMod:PaleOreRelic"},{"floor":38,"key":"Matryoshka"},{"floor":38,"key":"Replay:PocketPolymizer"},{"floor":39,"key":"Ring of Fangs"},{"floor":39,"key":"ReplayTheSpireMod:Ring of Exchange"},{"floor":42,"key":"Onion Ring"},{"floor":43,"key":"Pen Nib"},{"floor":43,"key":"infinitespire:Satchel"},{"floor":44,"key":"HollowMod:KingsBrand"},{"floor":45,"key":"Whetstone"},{"floor":45,"key":"HornCleat"}],"event_choices":[],"is_beta":false,"boss_relics":[{"not_picked":["Replay:Ancient Bell","Astrolabe"],"picked":"SacredBark"},{"not_picked":["Sozu","Abe\u0027s Treasure"],"picked":"Replay:Grab Bag"},{"not_picked":["Replay:Wanted Poster","Velvet Choker"],"picked":"Busted Crown"},{"not_picked":["infinitespire:Cupcake","Runic Dome"],"picked":"Fusion Hammer"},{"not_picked":["Runic Pyramid","Snecko Eye"],"picked":"Replay:Drink Me"}],"items_purged_floors":[24,30,38],"is_endless":false,"potions_floor_spawned":[4,11,12,16,20,28,35,44,47,47],"ascension_level":0}}