{"host":"k67zwea37tbl4jhz","time":1610236109,"event":{"mods":["AchievementEnabler","Act Like it!","Aspiration","Bard","BaseMod","Beaked The Cultist","Better Altar","Better Match","Better Note","Better Sensory Stone","Better Skull","Better Third Choice","BetterRewards","CCEM","Clawfect","Colored Map","Conspire","Downfall","GifTheSpireLib","Googly Eyes","Halation","Hermit","Highlight Path","Hubris","Hunter ??","Jedi Mod","Jorbs\u0027s Wanderer Trilogy","Mad Scientist","Marisa????????","Mimic Mod","Minty Spire (QoL Compilation)","Permanent Neow","Replay The Spire","Shade Mod","Shop Mod","Spicy Shops","StSLib","Stuff the Spire","The Administrix","The Blackbeard","The Construct","The Cursed","The Disciple","The Gatherer","The Hierophant","The IronCluck","The Jungle","The Mystic","The Necromancer","The Problem Sleuth","The Runesmith","The Servant 0.9.4","The Spell Scribe","The Witch","Unceasing Turn Reminder","everything is the same but u backflip on backflip","slay the spire mod where everything is the same but ironclad has a cowboy hat"],"gold_per_floor":[99,113,113,132,146,146,146,159,179,209,244,277,277,287,301,401,401,401,415,415,433,237,252,252,268,268,279,279,290,290,335,349,447,447,447,460,70,70,81,81,131,151,179,197,197,214,214,239,250,250],"floor_reached":51,"playtime":4776,"items_purged":["Guardian:Strike_Guardian"],"score":850,"play_id":"4fb4fe7a-cc55-43d3-9e32-765af60b2643","local_time":"20210109184829","is_ascension_mode":false,"campfire_choices":[{"data":"Guardian:TwinSlam","floor":1,"key":"SMITH"},{"data":"Guardian:TimeBomb","floor":6,"key":"SMITH"},{"floor":13,"key":"DIG"},{"floor":18,"key":"DIG"},{"floor":30,"key":"DIG"},{"floor":35,"key":"DIG"},{"floor":40,"key":"DIG"},{"floor":47,"key":"DIG"}],"circlet_count":0,"master_deck":["Guardian:Strike_Guardian","Guardian:Strike_Guardian","Guardian:Strike_Guardian","Guardian:Defend_Guardian","Guardian:Defend_Guardian","Guardian:Defend_Guardian","Guardian:Defend_Guardian","Guardian:CurlUp","Guardian:TimeBomb+1","Guardian:Reroute","Guardian:Planning+1","Guardian:ExploitGems","Guardian:Recover+1","Guardian:TimeCapacitor","Guardian:AncientConstruct","CurseOfTheBell","Guardian:TwinSlam+1","Guardian:Repulse","Guardian:ShieldCharger+1","Guardian:ChargeUp","Guardian:FierceBash","Guardian:ChargeUp","Guardian:TemporalStrike","Guardian:Clone+1","Guardian:FastForward","Guardian:Preprogram","Guardian:WalkerClaw+1","Guardian:TimeSifter","Guardian:PiercingHide"],"relics":["Guardian:ModeShifter","Pen Nib","downfall:ShatteredFragment","Replay:Bottled Steam","Shovel","Replay:Baseball","halation:PrussianBluePaint","War Paint","Calling Bell","StuffTheSpire:Mouthbags","Runesmith:Nanobots","Torii","jedi:heavyjacket","Guardian:PickAxe","CCEMRelics:SpiritsEdge","GremlinMask","aspiration:ChemicalBlood","ReplayTheSpireMod:TigerMarble","aspiration:RitualDagger","Potion Belt","CCEMRelics:PorcelainBowl","Lizard Tail","halation:PinkSoulGem","StuffTheSpire:HeavyRock","StuffTheSpire:Gunfinga","Onion Ring","Strange Spoon","Pet Ghost","ReplayTheSpireMod:Lightbulb"],"acts_visited":["Exordium","TheCity","TheBeyond"],"potions_floor_usage":[39,42,43,44,49,50,50,50],"damage_taken":[{"damage":0,"enemies":"Small Slimes","floor":2,"turns":3},{"damage":0,"enemies":"2 Louse","floor":4,"turns":2},{"damage":0,"enemies":"Cultist","floor":5,"turns":4},{"damage":0,"enemies":"Exordium Wildlife","floor":8,"turns":2},{"damage":1,"enemies":"2 Fungi Beasts","floor":9,"turns":3},{"damage":11,"enemies":"3 Sentries","floor":10,"turns":4},{"damage":20,"enemies":"conspire:MimicChest","floor":11,"turns":6},{"damage":1,"enemies":"Replay:BlueRogue","floor":12,"turns":4},{"damage":3,"enemies":"Lots of Slimes","floor":14,"turns":3},{"damage":17,"enemies":"Exordium Thugs","floor":15,"turns":4},{"damage":12,"enemies":"downfall:Ironclad","floor":16,"turns":7},{"damage":0,"enemies":"Shell Parasite","floor":19,"turns":5},{"damage":11,"enemies":"3 Byrds","floor":21,"turns":4},{"damage":0,"enemies":"downfall:FleeingMerchant","floor":22,"turns":4},{"damage":0,"enemies":"Cultist and Chosen","floor":23,"turns":8},{"damage":1,"enemies":"Sentry and Sphere","floor":25,"turns":5},{"damage":1,"enemies":"Chosen and Byrds","floor":27,"turns":5},{"damage":0,"enemies":"3 Cultists","floor":29,"turns":6},{"damage":9,"enemies":"Shelled Parasite and Fungi","floor":32,"turns":5},{"damage":0,"enemies":"downfall:Watcher","floor":33,"turns":8},{"damage":12,"enemies":"3 Shapes","floor":36,"turns":4},{"damage":12,"enemies":"downfall:FleeingMerchant","floor":37,"turns":4},{"damage":21,"enemies":"3 Darklings","floor":39,"turns":7},{"damage":13,"enemies":"Spire Growth","floor":42,"turns":4},{"damage":28,"enemies":"beaked:SuperParasite","floor":43,"turns":9},{"damage":12,"enemies":"Jaw Worm Horde","floor":44,"turns":4},{"damage":18,"enemies":"4 Shapes","floor":46,"turns":4},{"damage":15,"enemies":"Nemesis","floor":48,"turns":5},{"damage":15,"enemies":"Maw","floor":49,"turns":5},{"damage":103,"enemies":"downfall:Silent","floor":50,"turns":5}],"seed_played":"6262670336911229910","potions_obtained":[{"floor":4,"key":"Elixir"},{"floor":8,"key":"Elixir"},{"floor":9,"key":"FairyPotion"},{"floor":16,"key":"Block Potion"},{"floor":29,"key":"Dexterity Potion"},{"floor":36,"key":"SneckoOil"},{"floor":39,"key":"Fire Potion"},{"floor":42,"key":"sneckomod:MuddlingPotion"},{"floor":42,"key":"EssenceOfSteel"},{"floor":43,"key":"Adrenaline Potion"},{"floor":48,"key":"EssenceOfSteel"},{"floor":49,"key":"SpeedPotion"},{"floor":50,"key":"Swift Potion"},{"floor":50,"key":"Swift Potion"},{"floor":50,"key":"Weak Potion"}],"is_trial":false,"path_per_floor":["R","M","?","M","M","R","T","M","M","E","?","E","R","M","M","B",null,"R","M","?","M","$","M","T","M","R","M","?","M","R","T","M","B",null,"R","M","$","?","M","R","T","M","E","M","$","M","R","E","M","B",null],"character_chosen":"GUARDIAN","items_purchased":["Guardian:ChargeUp","Guardian:PickAxe","CCEMRelics:PorcelainBowl","Guardian:Preprogram","Lizard Tail","Strange Spoon"],"campfire_rested":0,"item_purchase_floors":[22,22,37,37,37,45],"current_hp_per_floor":[80,80,56,56,56,56,56,56,55,44,24,23,23,20,3,19,80,80,80,80,69,69,69,69,68,68,67,67,67,67,67,59,59,81,81,69,57,57,36,36,36,23,37,25,15,81,81,80,81,16],"gold":250,"neow_bonus":"RANDOM_COMMON_RELIC","is_daily":false,"chose_seed":false,"campfire_upgraded":2,"win_rate":0.0,"timestamp":1610236109,"path_taken":["R","M","?","M","M","R","T","M","M","E","?","E","R","M","M","BOSS","R","M","?","M","?","?","T","M","R","M","?","?","R","?","M","BOSS","R","M","$","?","M","R","T","M","E","M","?","M","R","E","M","BOSS"],"items_purchased_type":["Card","Relic","Relic","Card","Relic","Relic"],"build_version":"2020-12-22","purchased_purges":1,"victory":true,"max_hp_per_floor":[80,80,80,80,80,80,80,80,80,80,80,80,80,80,80,80,80,80,80,80,80,80,80,80,80,80,80,80,80,80,80,81,81,81,81,81,81,81,81,81,81,81,81,81,81,81,81,81,81,81],"card_choices":[{"not_picked":["Guardian:Incinerate","Guardian:TemporalShield"],"picked":"Guardian:TimeBomb","floor":2},{"not_picked":["Guardian:SpikerProtocol","Guardian:PiercingHide"],"picked":"Guardian:Gem_Red","floor":4},{"not_picked":["Guardian:Gem_Lightblue","Guardian:GuardianWhirl"],"picked":"Guardian:Reroute","floor":5},{"not_picked":["Guardian:Gem_White","Guardian:Incinerate"],"picked":"Guardian:Planning","floor":8},{"not_picked":["Guardian:ShieldSpikes","Guardian:FloatingOrbs"],"picked":"Guardian:Gem_Red","floor":9},{"not_picked":["Guardian:Suspension","Guardian:BronzeOrb"],"picked":"Guardian:ExploitGems","floor":10},{"not_picked":["Guardian:Gem_Green","Guardian:Suspension"],"picked":"Guardian:Recover","floor":11},{"not_picked":["Guardian:Reroute","Guardian:FierceBash","Guardian:RevengeProtocol"],"picked":"SKIP","floor":12},{"not_picked":["Guardian:PiercingHide","Guardian:GuardianWhirl"],"picked":"Guardian:TimeCapacitor","floor":14},{"not_picked":["Guardian:VentSteam","Guardian:Suspension"],"picked":"Guardian:Gem_Lightblue","floor":15},{"not_picked":["Guardian:RevengeProtocol","Guardian:HyperBeam_Guardian"],"picked":"Guardian:AncientConstruct","floor":16},{"not_picked":["Guardian:Suspension","Guardian:Planning+1"],"picked":"Guardian:Repulse","floor":19},{"not_picked":["Guardian:ArmoredProtocol+1","Guardian:Gem_Lightblue"],"picked":"Guardian:Gem_Green","floor":21},{"not_picked":["Guardian:RollAttack","Guardian:TemporalStrike"],"picked":"Guardian:ShieldCharger+1","floor":22},{"not_picked":["Guardian:DecasProtection+1","Guardian:Incinerate"],"picked":"Guardian:FierceBash","floor":23},{"not_picked":["Guardian:SentryBeam","Guardian:PolyBeam"],"picked":"Guardian:ChargeUp","floor":25},{"not_picked":["Guardian:CrystalBeam+1","Guardian:VentSteam"],"picked":"Guardian:TemporalStrike","floor":27},{"not_picked":["Guardian:CrystalBeam","Guardian:Gem_Purple"],"picked":"Guardian:Clone+1","floor":29},{"not_picked":["Guardian:StasisStrike","Guardian:Gem_Lightblue","Guardian:TemporalStrike"],"picked":"SKIP","floor":32},{"not_picked":["Guardian:BaubleBeam","Guardian:ConstructionForm"],"picked":"Guardian:FastForward","floor":33},{"not_picked":["Guardian:RefractedBeam+1","Guardian:Reroute"],"picked":"Guardian:Gem_Red","floor":36},{"not_picked":["Guardian:Gem_Green","Guardian:Recover+1","Guardian:ArmoredProtocol+1"],"picked":"SKIP","floor":37},{"not_picked":["Guardian:Gem_Green","Guardian:PrimingBeam"],"picked":"Guardian:WalkerClaw+1","floor":39},{"not_picked":["Guardian:Gem_Cyan","Guardian:GuardianWhirl+1"],"picked":"Guardian:TimeSifter","floor":42},{"not_picked":["Guardian:RollAttack","Guardian:GuardianWhirl"],"picked":"Guardian:PiercingHide","floor":43},{"not_picked":["Guardian:VentSteam","Guardian:TemporalShield+1"],"picked":"Guardian:Gem_Green","floor":44},{"not_picked":["Guardian:PolyBeam","Guardian:Gem_Red"],"picked":"Guardian:Gem_Cyan","floor":46},{"not_picked":["Guardian:WalkerClaw","Guardian:TemporalStrike+1","Guardian:ExploitGems"],"picked":"SKIP","floor":48},{"not_picked":["Guardian:ShieldCharger+1","Guardian:TemporalShield+1","Guardian:BronzeArmor+1"],"picked":"SKIP","floor":49}],"player_experience":150488,"relics_obtained":[{"floor":7,"key":"Replay:Bottled Steam"},{"floor":10,"key":"Shovel"},{"floor":11,"key":"Replay:Baseball"},{"floor":12,"key":"halation:PrussianBluePaint"},{"floor":13,"key":"War Paint"},{"floor":17,"key":"StuffTheSpire:Mouthbags"},{"floor":17,"key":"Runesmith:Nanobots"},{"floor":17,"key":"Torii"},{"floor":18,"key":"jedi:heavyjacket"},{"floor":24,"key":"CCEMRelics:SpiritsEdge"},{"floor":30,"key":"aspiration:ChemicalBlood"},{"floor":31,"key":"ReplayTheSpireMod:TigerMarble"},{"floor":35,"key":"Potion Belt"},{"floor":40,"key":"StuffTheSpire:HeavyRock"},{"floor":41,"key":"StuffTheSpire:Gunfinga"},{"floor":43,"key":"Onion Ring"},{"floor":47,"key":"Pet Ghost"},{"floor":48,"key":"ReplayTheSpireMod:Lightbulb"}],"event_choices":[{"damage_healed":0,"gold_gain":0,"player_choice":"Ignored","damage_taken":0,"max_hp_gain":0,"max_hp_loss":0,"event_name":"betterNote:BetterNote","floor":20,"gold_loss":0,"cards_obtained":["hexamod:RadiantFlame"]},{"damage_healed":0,"gold_gain":0,"player_choice":"Trade","damage_taken":0,"relics_obtained":["GremlinMask"],"max_hp_gain":0,"max_hp_loss":0,"event_name":"FaceTrader","floor":28,"gold_loss":0}],"is_beta":false,"boss_relics":[{"not_picked":["construct:WeddingRing","StuffTheSpire:Kangaroo"],"picked":"Calling Bell"},{"not_picked":["Replay:Ancient Bell","hubris:BlackHole"],"picked":"aspiration:RitualDagger"}],"items_purged_floors":[22],"is_endless":false,"potions_floor_spawned":[4,8,9,14,15,16,21,23,29,33,36,42,43,44,48],"ascension_level":0}}