{"host":"pvafbce70weqvzks","time":1610177665,"event":{"mods":["BaseMod","Gremlin Mod","Hermit","Minty Spire (QoL Compilation)","StSLib","themimic"],"gold_per_floor":[118,138,153,173,12,47,65,65,118,218,218,237,237,249,249,351,351,362,372,372,372,390,390,407,418,418,52,63,63,77,90,90,90,90],"floor_reached":33,"playtime":1222,"items_purged":["Injury"],"score":305,"play_id":"eb7fc320-190d-40ba-b9a3-8b5a077d0823","local_time":"20210109043425","is_ascension_mode":false,"campfire_choices":[{"data":"Genetic Algorithm","floor":8,"key":"SMITH"},{"data":"Redo","floor":11,"key":"SMITH"},{"data":"Rip and Tear","floor":13,"key":"SMITH"},{"data":"Zap","floor":15,"key":"SMITH"},{"floor":23,"key":"REST"},{"data":"Fusion","floor":32,"key":"SMITH"}],"circlet_count":0,"master_deck":["Defend_B+1","Defend_B+1","Defend_B+1","Defend_B+1","Zap+1","Dualcast","Dramatic Entrance","Genetic Algorithm+1","Chill","Capacitor","Auto Shields","Redo+1","FTL","Rip and Tear+1","Cold Snap","Melter","Leap","Redo","Echo Form","Ball Lightning+1","Defragment+1","Bite","Bite","Bite","Bite","Bite","Streamline+1","Cold Snap","Hologram+1","Leap","Finesse","Thunder Strike","Ball Lightning","Fusion+1","Amplify"],"relics":["Cracked Core","Bag of Marbles","Centennial Puzzle","Cursed Key","Nloth\u0027s Gift"],"acts_visited":["Exordium","TheCity"],"potions_floor_usage":[6,16,16,16,16,16,16,16,25,31,33],"damage_taken":[{"damage":1,"enemies":"Cultist","floor":1,"turns":4},{"damage":0,"enemies":"2 Louse","floor":2,"turns":2},{"damage":6,"enemies":"Small Slimes","floor":3,"turns":2},{"damage":1,"enemies":"2 Fungi Beasts","floor":4,"turns":5},{"damage":8,"enemies":"Lagavulin","floor":6,"turns":5},{"damage":0,"enemies":"Gremlin Gang","floor":7,"turns":3},{"damage":0,"enemies":"3 Louse","floor":12,"turns":1},{"damage":3,"enemies":"Exordium Thugs","floor":14,"turns":4},{"damage":17,"enemies":"Hexaghost","floor":16,"turns":6},{"damage":18,"enemies":"2 Thieves","floor":18,"turns":3},{"damage":0,"enemies":"Spheric Guardian","floor":19,"turns":3},{"damage":27,"enemies":"Snake Plant","floor":22,"turns":5},{"damage":27,"enemies":"Centurion and Healer","floor":24,"turns":5},{"damage":0,"enemies":"Snecko","floor":25,"turns":4},{"damage":0,"enemies":"Sentry and Sphere","floor":28,"turns":2},{"damage":23,"enemies":"Shelled Parasite and Fungi","floor":30,"turns":5},{"damage":5,"enemies":"Cultist and Chosen","floor":31,"turns":5},{"damage":84,"enemies":"Automaton","floor":33,"turns":12}],"seed_played":"4178000155776411077","potions_obtained":[{"floor":2,"key":"EntropicBrew"},{"floor":3,"key":"FearPotion"},{"floor":12,"key":"PowerPotion"},{"floor":14,"key":"EntropicBrew"},{"floor":22,"key":"Regen Potion"},{"floor":28,"key":"DistilledChaos"},{"floor":30,"key":"ColorlessPotion"}],"is_trial":false,"path_per_floor":["M","M","M","M","$","E","M","R","T","?","R","M","R","M","R","B",null,"M","M","?","?","M","R","M","M","T","$","M","?","M","M","R","B"],"character_chosen":"DEFECT","items_purchased":["Redo","FTL","Rip and Tear","Leap","Finesse","Thunder Strike"],"campfire_rested":1,"item_purchase_floors":[5,5,5,27,27,27],"current_hp_per_floor":[74,74,68,67,67,59,59,59,59,59,59,59,59,56,56,39,75,57,57,52,52,35,50,29,49,49,49,52,52,37,42,42,0,0],"gold":90,"neow_bonus":"RANDOM_COLORLESS","is_daily":false,"chose_seed":false,"campfire_upgraded":5,"win_rate":0.0,"timestamp":1610177665,"path_taken":["M","M","?","?","$","E","M","R","T","?","R","M","R","M","R","BOSS","M","M","?","?","M","R","M","M","T","$","M","?","M","M","R","BOSS"],"items_purchased_type":["Card","Card","Card","Card","Card","Card"],"build_version":"2020-12-22","purchased_purges":1,"victory":false,"max_hp_per_floor":[75,75,75,75,75,75,75,75,75,75,75,75,75,75,75,75,75,75,75,52,52,52,52,52,52,52,52,52,52,52,52,52,52,52],"card_choices":[{"not_picked":["Blind","Panacea"],"picked":"Dramatic Entrance","floor":0},{"not_picked":["Glacier","Static Discharge"],"picked":"Genetic Algorithm","floor":1},{"not_picked":["Turbo","Coolheaded"],"picked":"Chill","floor":2},{"not_picked":["Melter","Conserve Battery"],"picked":"Capacitor","floor":3},{"not_picked":["Rebound","Stack"],"picked":"Auto Shields","floor":4},{"not_picked":["Steam Power","Heatsinks"],"picked":"Cold Snap","floor":6},{"not_picked":["Biased Cognition","Sweeping Beam"],"picked":"Melter","floor":7},{"not_picked":["Stack","Sweeping Beam"],"picked":"Leap","floor":12},{"not_picked":["Streamline","Cold Snap"],"picked":"Redo","floor":14},{"not_picked":["Amplify","Meteor Strike"],"picked":"Echo Form","floor":16},{"not_picked":["BootSequence","Leap+1"],"picked":"Ball Lightning+1","floor":18},{"not_picked":["Coolheaded+1","Barrage+1"],"picked":"Defragment+1","floor":19},{"not_picked":["Leap","Sweeping Beam"],"picked":"Streamline+1","floor":22},{"not_picked":["Genetic Algorithm","Stack+1"],"picked":"Cold Snap","floor":24},{"not_picked":["Stack","Redo"],"picked":"Hologram+1","floor":25},{"not_picked":["Capacitor","Streamline"],"picked":"Ball Lightning","floor":28},{"not_picked":["Stack+1","Heatsinks+1"],"picked":"Fusion","floor":30},{"not_picked":["Compile Driver","Steam Power"],"picked":"Amplify","floor":31}],"player_experience":67106,"relics_obtained":[{"floor":6,"key":"Bag of Marbles"},{"floor":9,"key":"Centennial Puzzle"},{"floor":26,"key":"Bird Faced Urn"}],"event_choices":[{"damage_healed":0,"gold_gain":100,"player_choice":"Pray","damage_taken":0,"max_hp_gain":0,"max_hp_loss":0,"event_name":"Golden Shrine","floor":10,"gold_loss":0},{"damage_healed":0,"gold_gain":0,"player_choice":"Became a vampire","damage_taken":0,"max_hp_gain":0,"max_hp_loss":23,"event_name":"Vampires","floor":20,"gold_loss":0,"cards_obtained":["Bite","Bite","Bite","Bite","Bite"]},{"damage_healed":0,"gold_gain":0,"player_choice":"Simplicity","damage_taken":0,"max_hp_gain":0,"max_hp_loss":0,"event_name":"Back to Basics","floor":21,"gold_loss":0,"cards_upgraded":["Defend_B","Defend_B","Defend_B","Defend_B"]},{"damage_healed":0,"gold_gain":0,"player_choice":"Traded Relic","damage_taken":0,"relics_obtained":["Nloth\u0027s Gift"],"max_hp_gain":0,"max_hp_loss":0,"event_name":"N\u0027loth","floor":29,"relics_lost":["Bird Faced Urn"],"gold_loss":0}],"is_beta":false,"boss_relics":[{"not_picked":["Sozu","Empty Cage"],"picked":"Cursed Key"}],"items_purged_floors":[27],"is_endless":false,"potions_floor_spawned":[2,3,12,14,22,28,30],"killed_by":"Automaton","ascension_level":0}}