{"host":"adv1uqz3812gqgbw","time":1610205561,"event":{"mods":["BaseMod","Better Note","Colored Powertips","Custom Start","GifTheSpireLib","Hermit","Minty Spire (QoL Compilation)","SacredBarkPlus","StSLib","The Runesmith","Uncapped"],"gold_per_floor":[99,99,99,99,99,99,99],"floor_reached":6,"playtime":448,"items_purged":[],"score":138,"play_id":"5ba87f05-d293-4f5e-a826-7268338d466f","local_time":"20210109131921","daily_mods":["Diverse","Colorless Cards","Time Dilation","Flight","DeadlyEvents","Elite Swarm","Lethality","Midas"],"is_ascension_mode":true,"campfire_choices":[],"circlet_count":0,"master_deck":["Double Energy+1","Double Energy+1","Tempest+1","Redo+1","Redo+1","Redo+1","Chill+1","Chill+1","Chill+1"],"relics":["Cracked Core","Bag of Preparation","Ring of the Snake","Vajra","DataDisk","Pear","Mango","Lee\u0027s Waffle","Frozen Eye","Nuclear Battery","Ice Cream","Lantern","hermit:DentedPlate","PureWater","Strawberry","Turnip","Ginger","Ectoplasm","Anchor","Symbiotic Virus","Philosopher\u0027s Stone","Centennial Puzzle"],"acts_visited":["Exordium"],"potions_floor_usage":[],"damage_taken":[{"damage":0,"enemies":"Cultist","floor":1,"turns":1},{"damage":0,"enemies":"Small Slimes","floor":2,"turns":1},{"damage":0,"enemies":"3 Sentries","floor":6,"turns":1}],"seed_played":"-110585363392587808","potions_obtained":[{"floor":1,"key":"PowerPotion"}],"is_trial":true,"path_per_floor":["M","M","T","?","?","E"],"character_chosen":"DEFECT","items_purchased":[],"campfire_rested":0,"item_purchase_floors":[],"current_hp_per_floor":[71,71,71,71,71,71,71],"gold":99,"neow_bonus":"","is_daily":false,"chose_seed":false,"campfire_upgraded":0,"win_rate":0.0,"timestamp":1610205561,"path_taken":["M","?","?","?","?","E"],"items_purchased_type":[],"build_version":"2020-12-22","purchased_purges":0,"victory":false,"max_hp_per_floor":[71,71,71,71,71,71,71],"card_choices":[{"not_picked":["PanicButton","Compile Driver","EmptyBody"],"picked":"SKIP","floor":1},{"not_picked":["Bouncing Flask","Blade Dance","BowlingBash"],"picked":"SKIP","floor":2}],"player_experience":352282,"relics_obtained":[{"floor":3,"key":"Centennial Puzzle"}],"event_choices":[{"damage_healed":0,"gold_gain":0,"player_choice":"Ignored","damage_taken":0,"max_hp_gain":0,"max_hp_loss":0,"event_name":"Golden Wing","floor":4,"gold_loss":0},{"damage_healed":0,"gold_gain":0,"player_choice":"0 cards matched","damage_taken":0,"max_hp_gain":0,"max_hp_loss":0,"event_name":"Match and Keep!","floor":5,"gold_loss":0,"cards_obtained":[]}],"is_beta":false,"boss_relics":[],"items_purged_floors":[],"is_endless":false,"potions_floor_spawned":[1,6],"killed_by":"3 Sentries","ascension_level":20}}