{"host":"g01l53quoe6lrer0","time":1610221330,"event":{"mods":["2.2 Compatiblity","AchievementEnabler","BaseMod","Colored Map","Highlight Path","Keyboard Shortcuts","Minty Spire (QoL Compilation)","Permanent Neow","StSLib","SuperFastMode","everything is the same but u backflip on backflip"],"gold_per_floor":[114,126,201,218,230,230,256,274,274,0,0,0,11,31,31,105,105,124,141,159,178,178,206,206,236,236,236,336,351,137,169,169,245,245,262,282,282,97,116,116,150,150,218,108,119,119,130,148,148,148,148,148],"floor_reached":51,"playtime":1891,"items_purged":["Strike_R","Strike_R+1","Strike_R+1"],"score":1532,"play_id":"0a97a77b-d5fc-4507-a3d8-ffc1191a3f1d","local_time":"20210110044210","is_ascension_mode":true,"campfire_choices":[{"data":"Clothesline","floor":6.0,"key":"SMITH"},{"data":"Whirlwind","floor":12.0,"key":"SMITH"},{"data":"PanicButton","floor":15.0,"key":"SMITH"},{"data":"Sword Boomerang","floor":27.0,"key":"SMITH"},{"data":"Seeing Red","floor":32.0,"key":"SMITH"},{"data":"Limit Break","floor":40.0,"key":"SMITH"},{"floor":42.0,"key":"REST"},{"data":"True Grit","floor":46.0,"key":"SMITH"},{"data":"Trip","floor":49.0,"key":"SMITH"}],"circlet_count":0,"master_deck":["AscendersBane","Strike_R+1","Defend_R+1","Defend_R+1","Defend_R+1","Defend_R+1","Bash","Headbutt","Reaper+1","Clothesline+1","Whirlwind+1","PanicButton+1","Twin Strike","Corruption","True Grit+1","Sword Boomerang+1","Seeing Red+1","Seeing Red+1","Limit Break+1","Trip+1"],"relics":["Burning Blood","Akabeko","The Courier","Sundial","Brimstone","Velvet Choker","Red Skull","Bird Faced Urn","InkBottle","Unceasing Top","White Beast Statue","Orrery","Omamori","Black Star","Bronze Scales","Eternal Feather","Singing Bowl"],"acts_visited":["Exordium","TheCity","TheBeyond"],"potions_floor_usage":[],"damage_taken":[{"damage":1.0,"enemies":"Small Slimes","floor":1.0,"turns":3.0},{"damage":2.0,"enemies":"2 Louse","floor":2.0,"turns":3.0},{"damage":11.0,"enemies":"Jaw Worm","floor":4.0,"turns":4.0},{"damage":8.0,"enemies":"3 Louse","floor":5.0,"turns":3.0},{"damage":25.0,"enemies":"3 Sentries","floor":7.0,"turns":7.0},{"damage":0.0,"enemies":"Lots of Slimes","floor":8.0,"turns":1.0},{"damage":0.0,"enemies":"Large Slime","floor":13.0,"turns":3.0},{"damage":4.0,"enemies":"Blue Slaver","floor":14.0,"turns":3.0},{"damage":0.0,"enemies":"Slime Boss","floor":16.0,"turns":5.0},{"damage":8.0,"enemies":"Spheric Guardian","floor":18.0,"turns":3.0},{"damage":27.0,"enemies":"Shell Parasite","floor":19.0,"turns":4.0},{"damage":16.0,"enemies":"Centurion and Healer","floor":20.0,"turns":3.0},{"damage":29.0,"enemies":"Snake Plant","floor":21.0,"turns":3.0},{"damage":0.0,"enemies":"Gremlin Leader","floor":23.0,"turns":4.0},{"damage":37.0,"enemies":"Slavers","floor":25.0,"turns":4.0},{"damage":0.0,"enemies":"Colosseum Slavers","floor":28.0,"turns":1.0},{"damage":0.0,"enemies":"Colosseum Nobs","floor":28.0,"turns":2.0},{"damage":12.0,"enemies":"Snecko","floor":29.0,"turns":3.0},{"damage":32.0,"enemies":"Gremlin Leader","floor":31.0,"turns":5.0},{"damage":37.0,"enemies":"Collector","floor":33.0,"turns":8.0},{"damage":0.0,"enemies":"3 Shapes","floor":35.0,"turns":5.0},{"damage":39.0,"enemies":"3 Darklings","floor":36.0,"turns":4.0},{"damage":18.0,"enemies":"Writhing Mass","floor":39.0,"turns":4.0},{"damage":46.0,"enemies":"Nemesis","floor":41.0,"turns":5.0},{"damage":0.0,"enemies":"Spire Growth","floor":45.0,"turns":3.0},{"damage":33.0,"enemies":"Transient","floor":47.0,"turns":6.0},{"damage":16.0,"enemies":"Writhing Mass","floor":48.0,"turns":4.0},{"damage":71.0,"enemies":"Donu and Deca","floor":50.0,"turns":4.0},{"damage":71,"enemies":"Time Eater","floor":51,"turns":4}],"seed_played":"3642631143404128865","potions_obtained":[{"floor":2.0,"key":"AttackPotion"},{"floor":4.0,"key":"EssenceOfSteel"},{"floor":7.0,"key":"Swift Potion"},{"floor":19.0,"key":"BloodPotion"},{"floor":21.0,"key":"BloodPotion"},{"floor":25.0,"key":"Block Potion"},{"floor":29.0,"key":"Strength Potion"},{"floor":35.0,"key":"DuplicationPotion"},{"floor":39.0,"key":"Ancient Potion"},{"floor":47.0,"key":"DuplicationPotion"}],"is_trial":false,"path_per_floor":["M","M","?","M","M","R","E","M","T","$","?","R","M","M","R","B",null,"M","M","M","M","?","E","?","E","T","R","?","M","$","E","R","B",null,"M","M","?","$","M","R","E","R","T","?","M","R","M","M","R","B","B"],"character_chosen":"IRONCLAD","items_purchased":["Brimstone","PanicButton","Orrery","Trip"],"campfire_rested":1,"item_purchase_floors":[10,10,30,38],"current_hp_per_floor":[73,75,64,59,63,63,52,58,58,58,63,63,77,79,79,80,80,78,69,70,73,73,79,79,80,80,80,80,74,74,80,80,59,75,80,57,57,57,45,45,24,60,60,60,68,80,55,71,83,56,0,0],"gold":148,"neow_bonus":"RANDOM_COMMON_RELIC","is_daily":false,"chose_seed":false,"campfire_upgraded":8,"win_rate":0.0,"timestamp":1610221330,"path_taken":["M","M","?","M","M","R","E","M","T","$","?","R","M","M","R","BOSS","M","M","M","M","?","E","?","E","T","R","?","M","$","E","R","BOSS","M","M","?","$","M","R","E","R","T","?","M","R","M","?","R","BOSS","BOSS"],"items_purchased_type":["Relic","Card","Relic","Card"],"build_version":"2020-12-22","purchased_purges":3,"victory":false,"max_hp_per_floor":[75,75,75,75,75,75,75,75,75,75,80,80,80,80,80,80,80,80,80,80,80,80,80,80,80,80,80,80,80,80,80,80,80,80,80,80,80,80,80,80,80,80,80,80,82,82,84,86,86,86,86,86],"card_choices":[{"not_picked":["True Grit","Second Wind","Thunderclap"],"picked":"SKIP","floor":1.0},{"not_picked":["Rage","Flex"],"picked":"Headbutt","floor":2.0},{"not_picked":["Disarm","Evolve"],"picked":"Reaper","floor":4.0},{"not_picked":["Metallicize","Armaments"],"picked":"Clothesline","floor":5.0},{"not_picked":["Feed","Armaments"],"picked":"Whirlwind","floor":7.0},{"not_picked":["Anger","Shockwave","Shrug It Off"],"picked":"SKIP","floor":8.0},{"not_picked":["Wild Strike","Pommel Strike"],"picked":"Twin Strike","floor":13.0},{"not_picked":["Clothesline","Sentinel","Disarm"],"picked":"SKIP","floor":14.0},{"not_picked":["Juggernaut","Demon Form"],"picked":"Corruption","floor":16.0},{"not_picked":["Anger","Flex","Twin Strike"],"picked":"SKIP","floor":18.0},{"not_picked":["Flex","Demon Form","Feel No Pain"],"picked":"SKIP","floor":19.0},{"not_picked":["Rage","Body Slam"],"picked":"True Grit","floor":20.0},{"not_picked":["Dark Embrace","Searing Blow","Clothesline"],"picked":"SKIP","floor":21.0},{"not_picked":["Havoc","Searing Blow","True Grit"],"picked":"SKIP","floor":23.0},{"not_picked":["Uppercut","Sword Boomerang","Armaments"],"picked":"SKIP","floor":25.0},{"not_picked":["Uppercut","Sword Boomerang","Armaments"],"picked":"SKIP","floor":25.0},{"not_picked":["Twin Strike","Infernal Blade","Iron Wave+1"],"picked":"SKIP","floor":29.0},{"not_picked":["Searing Blow","Battle Trance"],"picked":"Seeing Red","floor":30.0},{"not_picked":["Heavy Blade","Hemokinesis+1"],"picked":"Seeing Red+1","floor":31.0},{"not_picked":["Reaper","Bludgeon"],"picked":"Limit Break","floor":33.0},{"not_picked":["Shrug It Off+1","Body Slam","Headbutt"],"picked":"SKIP","floor":35.0},{"not_picked":["Sentinel+1","Entrench","Infernal Blade"],"picked":"SKIP","floor":36.0},{"not_picked":["Pummel","Shrug It Off+1","Disarm"],"picked":"SKIP","floor":39.0},{"not_picked":["Clash+1","Bloodletting","Havoc"],"picked":"SKIP","floor":41.0},{"not_picked":["Shrug It Off+1","Flex","Carnage+1"],"picked":"Singing Bowl","floor":45.0},{"not_picked":["Pommel Strike","Second Wind+1","Blood for Blood"],"picked":"Singing Bowl","floor":47.0},{"not_picked":["Blood for Blood","Berserk","Second Wind"],"picked":"Singing Bowl","floor":48.0}],"player_experience":119484,"relics_obtained":[{"floor":7.0,"key":"The Courier"},{"floor":9.0,"key":"Sundial"},{"floor":23.0,"key":"Red Skull"},{"floor":25.0,"key":"Bird Faced Urn"},{"floor":26.0,"key":"InkBottle"},{"floor":28.0,"key":"Unceasing Top"},{"floor":28.0,"key":"White Beast Statue"},{"floor":31.0,"key":"Omamori"},{"floor":41.0,"key":"Bronze Scales"},{"floor":41.0,"key":"Eternal Feather"},{"floor":43.0,"key":"Singing Bowl"}],"event_choices":[{"damage_healed":0.0,"max_hp_gain":0.0,"max_hp_loss":0.0,"gold_gain":75.0,"event_name":"World of Goop","player_choice":"Gather Gold","floor":3.0,"gold_loss":0.0,"damage_taken":11.0},{"damage_healed":0.0,"max_hp_gain":5.0,"max_hp_loss":0.0,"gold_gain":0.0,"event_name":"Big Fish","player_choice":"Donut","floor":11.0,"gold_loss":0.0,"damage_taken":0.0},{"damage_healed":0.0,"max_hp_gain":0.0,"max_hp_loss":0.0,"gold_gain":0.0,"event_name":"Back to Basics","player_choice":"Simplicity","floor":22.0,"gold_loss":0.0,"damage_taken":0.0,"cards_upgraded":["Strike_R","Strike_R","Strike_R","Strike_R","Defend_R","Defend_R","Defend_R","Defend_R"]},{"damage_healed":0.0,"max_hp_gain":0.0,"max_hp_loss":0.0,"gold_gain":0.0,"event_name":"The Library","player_choice":"Read","floor":24.0,"gold_loss":0.0,"damage_taken":0.0,"cards_obtained":["Sword Boomerang"]},{"damage_healed":0.0,"max_hp_gain":0.0,"max_hp_loss":0.0,"gold_gain":0.0,"event_name":"Colosseum","player_choice":"Fight","floor":28.0,"gold_loss":0.0,"damage_taken":0.0},{"damage_healed":0.0,"max_hp_gain":0.0,"max_hp_loss":0.0,"gold_gain":0.0,"event_name":"Colosseum","player_choice":"Fought Nobs","floor":28.0,"gold_loss":0.0,"damage_taken":0.0},{"damage_healed":0.0,"max_hp_gain":0.0,"max_hp_loss":0.0,"gold_gain":0.0,"event_name":"Tomb of Lord Red Mask","player_choice":"Ignored","floor":37.0,"gold_loss":0.0,"damage_taken":0.0},{"cards_removed":["Strike_R"],"damage_healed":0.0,"max_hp_gain":0.0,"max_hp_loss":0.0,"gold_gain":0.0,"event_name":"Designer","player_choice":"Upgrade and Remove","floor":44.0,"gold_loss":110.0,"damage_taken":0.0,"cards_upgraded":["Reaper"]}],"is_beta":false,"boss_relics":[{"not_picked":["Astrolabe","Black Blood"],"picked":"Velvet Choker"},{"not_picked":["Snecko Eye","Fusion Hammer"],"picked":"Black Star"}],"items_purged_floors":[10,30,38],"is_endless":false,"potions_floor_spawned":[2,4,7,14,16,19,21,23,25,29,31,33,35,36,39,41,45,47,48],"killed_by":"Time Eater","ascension_level":20}}