{"host":"l84l8xigz5v5foa2","time":1610166759,"event":{"mods":["2.2 Compatiblity","AchievementEnabler","BaseMod","Better Note","Better Vampires","Card Filter","Colored Map","DeckTracker","Downfall","Gremlin Skip","Highlight Path","Keyboard Shortcuts","Minty Spire (QoL Compilation)","Permanent Neow","Quick Restart","Relic Filter","Relic Stats","StSLib","SuperFastMode","Transform Curses","Unknown Chances"],"gold_per_floor":[99,110,125,137,154,154,154,217,217,250,266,266,276,276,276,276],"floor_reached":14,"playtime":825,"items_purged":[],"score":184,"play_id":"21f39b45-6b4c-419d-8281-bbe201d1b761","local_time":"20210109133239","is_ascension_mode":true,"campfire_choices":[{"data":"Guardian:CurlUp","floor":1,"key":"SMITH"},{"data":"Guardian:Suspension","floor":9,"key":"SMITH"},{"data":"Guardian:PiercingHide","floor":12,"key":"SMITH"}],"circlet_count":0,"master_deck":["AscendersBane","Guardian:Strike_Guardian","Guardian:Strike_Guardian","Guardian:Strike_Guardian","Guardian:Defend_Guardian","Guardian:Defend_Guardian","Guardian:Defend_Guardian","Guardian:CurlUp+1","Guardian:TwinSlam","Guardian:FuturePlans","Guardian:StasisField","Guardian:TimeCapacitor","Guardian:Suspension+1","Guardian:PiercingHide+1","Guardian:PrimingBeam"],"relics":["Guardian:ModeShifter","Question Card","Question Card","Question Card","Question Card","Question Card","Question Card","Art of War","Shuriken","Bottled Lightning"],"acts_visited":[],"potions_floor_usage":[4,8],"damage_taken":[{"damage":0,"enemies":"2 Louse","floor":2,"turns":4},{"damage":2,"enemies":"Jaw Worm","floor":3,"turns":5},{"damage":1,"enemies":"Cultist","floor":4,"turns":5},{"damage":6,"enemies":"Blue Slaver","floor":5,"turns":6},{"damage":4,"enemies":"3 Sentries","floor":8,"turns":6},{"damage":40,"enemies":"Gremlin Nob","floor":10,"turns":5},{"damage":5,"enemies":"2 Fungi Beasts","floor":11,"turns":5},{"damage":10,"enemies":"3 Louse","floor":13,"turns":5},{"damage":7,"enemies":"3 Sentries","floor":14,"turns":4}],"seed_played":"-8181881357784677723","potions_obtained":[{"floor":2,"key":"SkillPotion"},{"floor":3,"key":"AttackPotion"},{"floor":13,"key":"FearPotion"}],"is_trial":false,"path_per_floor":["R","M","M","M","M","?","T","?","R","E","M","R","M","E"],"character_chosen":"GUARDIAN","items_purchased":[],"campfire_rested":0,"item_purchase_floors":[],"current_hp_per_floor":[65,65,63,62,56,61,61,57,57,17,12,12,2,0,0,0],"gold":276,"neow_bonus":"REMOVE_TWO","is_daily":false,"chose_seed":false,"campfire_upgraded":3,"win_rate":0.0,"timestamp":1610166759,"path_taken":["R","M","M","M","M","?","T","?","R","E","M","R","M","E"],"items_purchased_type":[],"build_version":"2020-12-22","purchased_purges":0,"victory":false,"max_hp_per_floor":[65,65,65,65,65,70,70,70,70,70,70,70,70,70,70,70],"relic_stats":{"counters":[9,45],"Shuriken":[4],"Art of War":[3],"Question Card":48,"obtain_stats":[{"Shuriken":8,"Guardian:ModeShifter":0,"Art of War":7,"Bottled Lightning":10,"Question Card":0},{"Shuriken":5,"Guardian:ModeShifter":0,"Art of War":4,"Bottled Lightning":6,"Question Card":0},{"Shuriken":26,"Guardian:ModeShifter":0,"Art of War":20,"Bottled Lightning":31,"Question Card":0}]},"card_choices":[{"not_picked":["Guardian:Gem_Red","Guardian:Clone","Guardian:VentSteam","Guardian:Gem_Cyan","Guardian:Gem_Green","Guardian:RollAttack","Guardian:WalkerClaw","Guardian:PiercingHide"],"picked":"Guardian:FuturePlans","floor":2},{"not_picked":["Guardian:TemporalStrike","Guardian:PiercingHide","Guardian:Reroute","Guardian:WalkerClaw","Guardian:PrimingBeam","Guardian:Gem_Purple","Guardian:RefractedBeam","Guardian:ShieldSpikes"],"picked":"Guardian:Gem_White","floor":3},{"not_picked":["Guardian:Gem_Cyan","Guardian:CrystalBeam","Guardian:TemporalShield","Guardian:ShieldCharger","Guardian:EvasiveProtocol","Guardian:TemporalStrike","Guardian:PrimingBeam","Guardian:WalkerClaw"],"picked":"Guardian:StasisField","floor":4},{"not_picked":["Guardian:Emergency","Guardian:ShieldCharger","Guardian:DonusPower","Guardian:Repulse","Guardian:CrystalBeam","Guardian:Suspension","Guardian:StasisField","Guardian:Reroute"],"picked":"Guardian:TimeCapacitor","floor":5},{"not_picked":["Guardian:PrimingBeam","Guardian:ChargeCore","Guardian:RollAttack","Guardian:Incinerate","Guardian:VentSteam","Guardian:PrismaticBarrier","Guardian:Emergency","Guardian:Recover"],"picked":"Guardian:Suspension","floor":8},{"not_picked":["Guardian:Planning","Guardian:CrystalBeam","Guardian:SpikerProtocol","Guardian:TimeCapacitor","Guardian:PrismaticBeam","Guardian:TemporalShield","Guardian:Reroute","Guardian:PiercingHide"],"picked":"Guardian:Gem_Cyan","floor":10},{"not_picked":["Guardian:Gem_Cyan","Guardian:Planning","Guardian:Incinerate","Guardian:DecasProtection","Guardian:AncientConstruct","Guardian:TemporalShield","Guardian:Suspension","Guardian:Gem_Red"],"picked":"Guardian:PiercingHide","floor":11},{"not_picked":["Guardian:Gem_Green","Guardian:FuturePlans","Guardian:ShieldCharger","Guardian:Suspension","Guardian:PolyBeam","Guardian:DecasProtection","Guardian:PrismaticBarrier","Guardian:Planning"],"picked":"Guardian:PrimingBeam","floor":13}],"player_experience":3013590,"relics_obtained":[{"floor":7,"key":"Art of War"},{"floor":8,"key":"Shuriken"},{"floor":10,"key":"Bottled Lightning"}],"event_choices":[{"damage_healed":0,"gold_gain":0,"player_choice":"Donut","damage_taken":0,"max_hp_gain":5,"max_hp_loss":0,"event_name":"Big Fish","floor":6,"gold_loss":0}],"is_beta":false,"boss_relics":[],"items_purged_floors":[],"is_endless":false,"potions_floor_spawned":[2,3,13],"killed_by":"3 Sentries","ascension_level":20}}