{"host":"8f8ps4z875kp1oop","time":1610161999,"event":{"mods":["BaseMod","Colored Map","Minty Spire (QoL Compilation)"],"gold_per_floor":[367,517,517,531,37,76,76,111,111,127,127,127],"floor_reached":11,"playtime":696,"items_purged":["Doubt"],"score":158,"play_id":"d41f4b28-58f9-4b96-af54-bfe48ca6f230","local_time":"20210108221319","is_ascension_mode":true,"campfire_choices":[{"floor":7.0,"key":"REST"}],"circlet_count":0,"master_deck":["AscendersBane","Strike_B","Strike_B","Strike_B","Strike_B","Defend_B","Defend_B","Defend_B","Defend_B","Zap","Dualcast","White Noise","Cold Snap","Hologram","Capacitor","Echo Form"],"relics":["Cracked Core","Golden Idol","Bottled Lightning","CaptainsWheel","Matryoshka","Letter Opener","Unceasing Top"],"acts_visited":["Exordium"],"potions_floor_usage":[10],"damage_taken":[{"damage":1.0,"enemies":"Cultist","floor":1.0,"turns":3.0},{"damage":4.0,"enemies":"Small Slimes","floor":4.0,"turns":4.0},{"damage":18.0,"enemies":"Gremlin Nob","floor":6.0,"turns":4.0},{"damage":32.0,"enemies":"Lagavulin","floor":8.0,"turns":10.0},{"damage":3,"enemies":"2 Louse","floor":10,"turns":2},{"damage":11,"enemies":"Gremlin Nob","floor":11,"turns":2}],"seed_played":"5827953771406029336","potions_obtained":[{"floor":1.0,"key":"SpeedPotion"},{"floor":8.0,"key":"BlessingOfTheForge"}],"is_trial":false,"path_per_floor":["M","?","?","M","$","E","R","E","T","M","E"],"character_chosen":"DEFECT","items_purchased":["Bottled Lightning","Block Potion","DuplicationPotion"],"campfire_rested":1,"item_purchase_floors":[5,5,5],"current_hp_per_floor":[45,45,45,41,41,23,42,10,10,7,0,0],"gold":127,"neow_bonus":"TWO_FIFTY_GOLD","is_daily":false,"chose_seed":false,"campfire_upgraded":0,"win_rate":0.0,"timestamp":1610161999,"path_taken":["M","?","?","M","$","E","R","E","T","M","E"],"items_purchased_type":["Relic","Potion","Potion"],"build_version":"2020-12-22","purchased_purges":1,"victory":false,"max_hp_per_floor":[71,71,64,64,64,64,64,64,64,64,64,64],"card_choices":[{"not_picked":["Stack","Redo"],"picked":"White Noise","floor":1.0},{"not_picked":["Hologram","Gash"],"picked":"Cold Snap","floor":4.0},{"not_picked":["Stack","Redo"],"picked":"Hologram","floor":6.0},{"not_picked":["Beam Cell","Redo"],"picked":"Capacitor","floor":8.0},{"not_picked":["Tempest","Heatsinks"],"picked":"Echo Form","floor":10}],"player_experience":395090,"relics_obtained":[{"floor":6.0,"key":"CaptainsWheel"},{"floor":8.0,"key":"Matryoshka"},{"floor":9,"key":"Letter Opener"},{"floor":9,"key":"Unceasing Top"}],"event_choices":[{"damage_healed":0.0,"max_hp_gain":0.0,"max_hp_loss":0.0,"gold_gain":150.0,"event_name":"Liars Game","player_choice":"AGREE","floor":2.0,"gold_loss":0.0,"damage_taken":0.0,"cards_obtained":["Doubt"]},{"damage_healed":0.0,"max_hp_gain":0.0,"max_hp_loss":7.0,"gold_gain":0.0,"event_name":"Golden Idol","player_choice":"Lose Max HP","floor":3.0,"gold_loss":0.0,"damage_taken":0.0,"relics_obtained":["Golden Idol"]}],"is_beta":false,"boss_relics":[],"items_purged_floors":[5],"is_endless":false,"potions_floor_spawned":[1,8],"killed_by":"Gremlin Nob","ascension_level":19}}