{"host":"b995t17pt6d05w8c","time":1610200480,"event":{"mods":["AchievementEnabler","BaseMod","Colored Map","Minty Spire (QoL Compilation)","SuperFastMode"],"gold_per_floor":[109,126,126,146,96,96,123,123,123,123,123,48,58,70,70,171,171,189,36,36,50,66,66,66,84,84,103,28,38,57,70,70,170,170,184,59,109,109,109,138,138,165,165,45,45,61,79,95,95,95],"floor_reached":51,"playtime":1966,"items_purged":["Defend_G","Strike_G","Strike_G","Strike_G"],"score":1042,"play_id":"f79cf194-2ab0-46db-b402-bee0c24e5717","local_time":"20210109225440","is_ascension_mode":true,"campfire_choices":[{"data":"Well Laid Plans","floor":6.0,"key":"SMITH"},{"floor":8.0,"key":"REST"},{"data":"Neutralize","floor":10.0,"key":"SMITH"},{"floor":15.0,"key":"REST"},{"data":"Prepared","floor":24.0,"key":"SMITH"},{"data":"Grand Finale","floor":32.0,"key":"SMITH"},{"data":"Madness","floor":41.0,"key":"SMITH"},{"floor":49.0,"key":"REST"}],"circlet_count":0,"master_deck":["Defend_G","Defend_G","Defend_G","Survivor","Neutralize+1","Bouncing Flask","Poisoned Stab","Well Laid Plans+1","Deadly Poison","Grand Finale+1","Tactician+1","Prepared+1","Acrobatics","Blur","Backflip","Dagger Throw","Phantasmal Killer","Madness+1","Madness","Acrobatics"],"relics":["Ring of the Snake","Toy Ornithopter","Bottled Tornado","Juzu Bracelet","SacredBark","Matryoshka","HoveringKite","Torii","Blue Candle","Gambling Chip","Snake Skull","The Courier"],"acts_visited":["Exordium","TheCity","TheBeyond"],"potions_floor_usage":[50],"damage_taken":[{"damage":1.0,"enemies":"2 Louse","floor":1.0,"turns":4.0},{"damage":4.0,"enemies":"Jaw Worm","floor":2.0,"turns":4.0},{"damage":8.0,"enemies":"Small Slimes","floor":4.0,"turns":4.0},{"damage":36.0,"enemies":"Gremlin Nob","floor":7.0,"turns":4.0},{"damage":3.0,"enemies":"Exordium Wildlife","floor":13.0,"turns":5.0},{"damage":16.0,"enemies":"Exordium Thugs","floor":14.0,"turns":6.0},{"damage":28.0,"enemies":"The Guardian","floor":16.0,"turns":9.0},{"damage":10.0,"enemies":"Shell Parasite","floor":18.0,"turns":7.0},{"damage":7.0,"enemies":"2 Thieves","floor":21.0,"turns":2.0},{"damage":10.0,"enemies":"Snake Plant","floor":22.0,"turns":4.0},{"damage":3.0,"enemies":"Shelled Parasite and Fungi","floor":25.0,"turns":10.0},{"damage":7.0,"enemies":"Chosen and Byrds","floor":27.0,"turns":4.0},{"damage":0.0,"enemies":"Cultist and Chosen","floor":29.0,"turns":3.0},{"damage":13.0,"enemies":"Sentry and Sphere","floor":30.0,"turns":4.0},{"damage":4.0,"enemies":"Snake Plant","floor":31.0,"turns":3.0},{"damage":32.0,"enemies":"Collector","floor":33.0,"turns":8.0},{"damage":0.0,"enemies":"Orb Walker","floor":35.0,"turns":3.0},{"damage":0.0,"enemies":"Mind Bloom Boss Battle","floor":37.0,"turns":6.0},{"damage":14.0,"enemies":"Reptomancer","floor":40.0,"turns":5.0},{"damage":37.0,"enemies":"Giant Head","floor":42.0,"turns":8.0},{"damage":0.0,"enemies":"3 Darklings","floor":46.0,"turns":3.0},{"damage":18.0,"enemies":"Jaw Worm Horde","floor":47.0,"turns":3.0},{"damage":0.0,"enemies":"Transient","floor":48.0,"turns":5.0},{"damage":52,"enemies":"Time Eater","floor":50,"turns":6}],"seed_played":"7244911417819834820","potions_obtained":[{"floor":1.0,"key":"Strength Potion"},{"floor":13.0,"key":"LiquidMemories"},{"floor":14.0,"key":"Weak Potion"},{"floor":16.0,"key":"PowerPotion"},{"floor":18.0,"key":"SkillPotion"},{"floor":23.0,"key":"Regen Potion"},{"floor":29.0,"key":"Regen Potion"},{"floor":46.0,"key":"Ancient Potion"},{"floor":48.0,"key":"SneckoOil"}],"is_trial":false,"path_per_floor":["M","M","?","M","?","R","E","R","T","R","?","$","M","M","R","B",null,"M","$","?","M","M","?","R","M","T","M","?","M","M","M","R","B",null,"M","$","?","?","?","E","R","E","T","$","?","M","M","M","R","B",null],"character_chosen":"THE_SILENT","items_purchased":["Prepared"],"campfire_rested":3,"item_purchase_floors":[19],"current_hp_per_floor":[62,58,58,50,50,50,19,40,40,40,33,33,30,14,35,7,54,44,44,44,37,27,27,27,70,70,63,63,63,50,46,46,14,56,56,56,56,56,47,38,38,45,45,45,45,45,27,27,48,1],"gold":95,"neow_bonus":"RANDOM_COMMON_RELIC","is_daily":false,"chose_seed":false,"campfire_upgraded":5,"win_rate":0.0,"timestamp":1610200480,"path_taken":["M","M","?","M","?","R","E","R","T","R","?","$","M","M","R","BOSS","M","$","?","M","M","?","R","M","T","M","?","M","M","M","R","BOSS","M","$","?","?","?","E","R","E","T","$","?","M","M","M","R","BOSS"],"items_purchased_type":["Card"],"build_version":"2020-12-22","purchased_purges":4,"victory":true,"max_hp_per_floor":[70,70,70,70,70,70,70,70,70,70,70,70,70,70,70,70,70,70,70,70,70,70,70,70,70,70,70,70,70,70,70,70,70,70,70,70,70,70,70,70,70,70,70,70,70,70,70,70,70,70],"card_choices":[{"not_picked":["Bane","Setup"],"picked":"Bouncing Flask","floor":1.0},{"not_picked":["Caltrops","Flying Knee"],"picked":"Poisoned Stab","floor":2.0},{"not_picked":["Underhanded Strike","Sucker Punch"],"picked":"Well Laid Plans","floor":4.0},{"not_picked":["Well Laid Plans","Tools of the Trade","Riddle With Holes"],"picked":"SKIP","floor":7.0},{"not_picked":["Flechettes","Bane"],"picked":"Deadly Poison","floor":13.0},{"not_picked":["Dodge and Roll","Prepared","Infinite Blades"],"picked":"SKIP","floor":14.0},{"not_picked":["Doppelganger","Envenom"],"picked":"Grand Finale","floor":16.0},{"not_picked":["Dash","Calculated Gamble"],"picked":"Tactician+1","floor":18.0},{"not_picked":["Underhanded Strike","Dodge and Roll+1"],"picked":"Blur","floor":21.0},{"not_picked":["Deadly Poison+1","Prepared","Catalyst"],"picked":"SKIP","floor":22.0},{"not_picked":["Catalyst","Crippling Poison+1","Blade Dance"],"picked":"SKIP","floor":25.0},{"not_picked":["Dodge and Roll+1","Deflect+1"],"picked":"Backflip","floor":27.0},{"not_picked":["Cloak And Dagger","Unload","Deadly Poison"],"picked":"SKIP","floor":29.0},{"not_picked":["Cloak And Dagger","Unload","Deadly Poison"],"picked":"SKIP","floor":29.0},{"not_picked":["Dodge and Roll+1","Blade Dance","Masterful Stab"],"picked":"SKIP","floor":30.0},{"not_picked":["Leg Sweep","Slice"],"picked":"Dagger Throw","floor":31.0},{"not_picked":["Bullet Time","Die Die Die"],"picked":"Phantasmal Killer","floor":33.0},{"not_picked":["Cloak And Dagger","Sucker Punch+1","Catalyst"],"picked":"SKIP","floor":35.0},{"not_picked":["Outmaneuver+1","Bane+1","Poisoned Stab+1"],"picked":"SKIP","floor":40.0},{"not_picked":["Outmaneuver+1","Slice+1","Prepared+1"],"picked":"SKIP","floor":42.0},{"not_picked":["Outmaneuver+1","Underhanded Strike+1","Deflect"],"picked":"SKIP","floor":46.0},{"not_picked":["Blade Dance+1","Deflect+1","Quick Slash+1"],"picked":"SKIP","floor":47.0},{"not_picked":["Dagger Throw+1","Tactician","Cloak And Dagger"],"picked":"SKIP","floor":48.0}],"player_experience":70795,"relics_obtained":[{"floor":7.0,"key":"Bottled Tornado"},{"floor":9.0,"key":"Juzu Bracelet"},{"floor":26.0,"key":"Matryoshka"},{"floor":37.0,"key":"Torii"},{"floor":40.0,"key":"Blue Candle"},{"floor":42.0,"key":"Gambling Chip"},{"floor":43.0,"key":"Snake Skull"},{"floor":43.0,"key":"The Courier"}],"event_choices":[{"damage_healed":0.0,"max_hp_gain":0.0,"max_hp_loss":0.0,"gold_gain":0.0,"event_name":"Liars Game","player_choice":"Ignored","floor":3.0,"gold_loss":0.0,"damage_taken":0.0},{"cards_removed":["Strike_G"],"damage_healed":0.0,"max_hp_gain":0.0,"max_hp_loss":0.0,"gold_gain":0.0,"event_name":"The Cleric","player_choice":"Card Removal","floor":5.0,"gold_loss":50.0,"damage_taken":0.0},{"cards_removed":["Strike_G"],"damage_healed":0.0,"max_hp_gain":0.0,"max_hp_loss":0.0,"gold_gain":0.0,"event_name":"Golden Wing","player_choice":"Card Removal","floor":11.0,"gold_loss":0.0,"damage_taken":7.0},{"damage_healed":0.0,"max_hp_gain":0.0,"max_hp_loss":0.0,"gold_gain":0.0,"event_name":"The Library","player_choice":"Read","floor":20.0,"gold_loss":0.0,"damage_taken":0.0,"cards_obtained":["Acrobatics"]},{"damage_healed":0.0,"max_hp_gain":0.0,"max_hp_loss":0.0,"gold_gain":0.0,"event_name":"Lab","player_choice":"Got Potions","floor":23.0,"gold_loss":0.0,"damage_taken":0.0},{"cards_removed":["Defend_G"],"damage_healed":0.0,"max_hp_gain":0.0,"max_hp_loss":0.0,"gold_gain":0.0,"event_name":"Beggar","player_choice":"Gave Gold","floor":28.0,"gold_loss":75.0,"damage_taken":0.0},{"damage_healed":0.0,"max_hp_gain":0.0,"max_hp_loss":0.0,"gold_gain":0.0,"event_name":"MindBloom","player_choice":"Fight","floor":37.0,"gold_loss":0.0,"damage_taken":0.0},{"damage_healed":0.0,"max_hp_gain":0.0,"max_hp_loss":0.0,"gold_gain":0.0,"event_name":"Tomb of Lord Red Mask","player_choice":"Ignored","floor":38.0,"gold_loss":0.0,"damage_taken":0.0},{"damage_healed":0.0,"max_hp_gain":0.0,"max_hp_loss":0.0,"gold_gain":0.0,"event_name":"Winding Halls","player_choice":"Embrace Madness","floor":39.0,"gold_loss":0.0,"damage_taken":9.0,"cards_obtained":["Madness","Madness"]},{"damage_healed":0.0,"max_hp_gain":0.0,"max_hp_loss":0.0,"gold_gain":0.0,"event_name":"Duplicator","player_choice":"Copied","floor":45.0,"gold_loss":0.0,"damage_taken":0.0,"cards_obtained":["Acrobatics"]}],"is_beta":false,"boss_relics":[{"not_picked":["Black Star","Calling Bell"],"picked":"SacredBark"},{"not_picked":["Coffee Dripper","Astrolabe"],"picked":"HoveringKite"}],"items_purged_floors":[12,19,36,44],"is_endless":false,"potions_floor_spawned":[1,13,14,16,18,29,31,33,46,48],"ascension_level":9}}