{"host":"ta9mufxydm4vkknf","time":1610209200,"event":{"mods":["AchievementEnabler","BaseMod","Minty Spire (QoL Compilation)","Quick Restart"],"gold_per_floor":[119,136,147,160,110,144,144,144,169,40,40,52,65,80,80,181,181,199,184,199,199,199],"floor_reached":21,"playtime":791,"items_purged":["Strike_R"],"score":256,"play_id":"b9a341bb-f627-43fe-a3d4-a864268b9d16","local_time":"20210109172000","is_ascension_mode":true,"campfire_choices":[{"data":"Seeing Red","floor":7,"key":"SMITH"},{"data":"Flex","floor":11,"key":"SMITH"},{"data":"Burning Pact","floor":15,"key":"SMITH"}],"circlet_count":0,"master_deck":["Strike_R","Defend_R","Defend_R","Defend_R","Bash","Thunderclap","Clothesline","Seeing Red+1","Feed","Wild Strike","Flex+1","Burning Pact+1","Double Tap","Reaper+1","Feed+1","Body Slam+1","Whirlwind"],"relics":["SlaversCollar","Bronze Scales","MealTicket","Astrolabe"],"acts_visited":["Exordium","TheCity"],"potions_floor_usage":[19,20,21],"damage_taken":[{"damage":1,"enemies":"Cultist","floor":1,"turns":3},{"damage":15,"enemies":"Jaw Worm","floor":2,"turns":5},{"damage":0,"enemies":"Small Slimes","floor":3,"turns":3},{"damage":13,"enemies":"3 Louse","floor":4,"turns":4},{"damage":16,"enemies":"Gremlin Nob","floor":6,"turns":3},{"damage":0,"enemies":"Exordium Wildlife","floor":12,"turns":2},{"damage":6,"enemies":"Looter","floor":13,"turns":2},{"damage":8,"enemies":"Blue Slaver","floor":14,"turns":4},{"damage":39,"enemies":"Hexaghost","floor":16,"turns":10},{"damage":2,"enemies":"3 Byrds","floor":18,"turns":3},{"damage":26,"enemies":"2 Thieves","floor":19,"turns":4},{"damage":64,"enemies":"Cultist and Chosen","floor":20,"turns":8},{"damage":34,"enemies":"Centurion and Healer","floor":21,"turns":4}],"seed_played":"8933076851113092958","potions_obtained":[{"floor":2,"key":"BlessingOfTheForge"},{"floor":4,"key":"PowerPotion"},{"floor":14,"key":"AttackPotion"},{"floor":19,"key":"Explosive Potion"}],"is_trial":false,"path_per_floor":["M","M","M","M","?","E","R","?","T","$","R","M","M","M","R","B",null,"M","M","M","M"],"character_chosen":"IRONCLAD","items_purchased":["Flex"],"campfire_rested":0,"item_purchase_floors":[10],"current_hp_per_floor":[79,64,64,51,51,38,38,43,43,58,58,61,55,47,47,8,70,77,75,23,0,0],"gold":199,"neow_bonus":"BOSS_RELIC","is_daily":false,"chose_seed":false,"campfire_upgraded":3,"win_rate":0.0,"timestamp":1610209200,"path_taken":["M","M","?","M","?","E","R","?","T","$","R","M","M","M","R","BOSS","M","M","M","M"],"items_purchased_type":["Card"],"build_version":"2020-12-22","purchased_purges":1,"victory":false,"max_hp_per_floor":[80,80,80,80,80,83,83,88,88,88,88,91,91,91,91,91,91,98,101,108,108,108],"card_choices":[{"not_picked":["True Grit","Armaments"],"picked":"Thunderclap","floor":1},{"not_picked":["Dual Wield","Headbutt"],"picked":"Clothesline","floor":2},{"not_picked":["Thunderclap","Havoc"],"picked":"Seeing Red","floor":3},{"not_picked":["Clothesline","Second Wind"],"picked":"Feed","floor":4},{"not_picked":["Armaments","Hemokinesis"],"picked":"Wild Strike","floor":6},{"not_picked":["Blood for Blood","Thunderclap","Bloodletting"],"picked":"SKIP","floor":12},{"not_picked":["Dark Embrace","Perfected Strike"],"picked":"Burning Pact","floor":13},{"not_picked":["Heavy Blade","Sword Boomerang","Thunderclap"],"picked":"SKIP","floor":14},{"not_picked":["Reaper","Feed"],"picked":"Double Tap","floor":16},{"not_picked":["Wild Strike","Clothesline+1","Warcry"],"picked":"SKIP","floor":18},{"not_picked":["Perfected Strike+1","Clash"],"picked":"Whirlwind","floor":19},{"not_picked":["Heavy Blade","Thunderclap","Armaments"],"picked":"SKIP","floor":20}],"player_experience":253555,"relics_obtained":[{"floor":6,"key":"Bronze Scales"},{"floor":9,"key":"MealTicket"}],"event_choices":[{"cards_removed":["Strike_R"],"damage_healed":0,"gold_gain":0,"player_choice":"Card Removal","damage_taken":0,"max_hp_gain":0,"max_hp_loss":0,"event_name":"The Cleric","floor":5,"gold_loss":50},{"damage_healed":0,"gold_gain":0,"player_choice":"Donut","damage_taken":0,"max_hp_gain":5,"max_hp_loss":0,"event_name":"Big Fish","floor":8,"gold_loss":0}],"is_beta":false,"boss_relics":[{"not_picked":["Runic Dome","Fusion Hammer"],"picked":"Astrolabe"}],"items_purged_floors":[10],"is_endless":false,"potions_floor_spawned":[2,4,14,16,19],"killed_by":"Centurion and Healer","ascension_level":5}}