{"host":"fnk117zi8wf5078t","time":1610196000,"event":{"mods":["AchievementEnabler","BaseMod","Colored Map","Minty Spire (QoL Compilation)","Rare Cards Sparkle","SuperFastMode","everything is the same but u backflip on backflip"],"gold_per_floor":[117,130,149,74,74,101,101,121,148,165,165,165,179,67,67,67,67],"floor_reached":16,"playtime":413,"items_purged":["Strike_R"],"score":194,"play_id":"ebc1b842-fabc-4a28-a62c-a65bf38e9a08","local_time":"20210109214000","is_ascension_mode":true,"campfire_choices":[{"floor":7,"key":"REST"},{"floor":12,"key":"REST"},{"data":"Body Slam","floor":15,"key":"SMITH"}],"circlet_count":0,"master_deck":["AscendersBane","Strike_R","Strike_R","Defend_R","Defend_R","Defend_R","Defend_R","Bash","Body Slam+1","Shockwave","Pummel","Rampage","Rage","Reaper","Dropkick","Infernal Blade"],"relics":["Burning Blood","Regal Pillow","Ancient Tea Set"],"acts_visited":["Exordium"],"potions_floor_usage":[6,6],"damage_taken":[{"damage":6,"enemies":"2 Louse","floor":1,"turns":2},{"damage":14,"enemies":"Jaw Worm","floor":2,"turns":4},{"damage":14,"enemies":"Small Slimes","floor":3,"turns":4},{"damage":62,"enemies":"Lagavulin","floor":6,"turns":8},{"damage":17,"enemies":"3 Louse","floor":8,"turns":4},{"damage":11,"enemies":"Looter","floor":10,"turns":3},{"damage":10,"enemies":"Lots of Slimes","floor":13,"turns":6},{"damage":87,"enemies":"Hexaghost","floor":16,"turns":11}],"seed_played":"1571309108987415527","potions_obtained":[{"floor":1,"key":"Weak Potion"},{"floor":2,"key":"Fire Potion"},{"floor":3,"key":"BloodPotion"}],"is_trial":false,"path_per_floor":["M","M","M","?","$","E","R","M","T","M","?","R","M","$","R","B"],"character_chosen":"IRONCLAD","items_purchased":["Infernal Blade"],"campfire_rested":2,"item_purchase_floors":[14],"current_hp_per_floor":[75,67,59,59,59,19,58,47,47,42,42,81,82,82,82,0,0],"gold":67,"neow_bonus":"TEN_PERCENT_HP_BONUS","is_daily":false,"chose_seed":false,"campfire_upgraded":1,"win_rate":0.0,"timestamp":1610196000,"path_taken":["M","M","M","?","$","E","R","M","T","M","?","R","M","$","R","BOSS"],"items_purchased_type":["Card"],"build_version":"2020-12-22","purchased_purges":1,"victory":false,"max_hp_per_floor":[82,82,82,82,82,82,82,82,82,82,82,82,82,82,82,82,82],"card_choices":[{"not_picked":["Sentinel","True Grit"],"picked":"Body Slam","floor":1},{"not_picked":["Sentinel","Seeing Red"],"picked":"Shockwave","floor":2},{"not_picked":["Thunderclap","Anger"],"picked":"Pummel","floor":3},{"not_picked":["Iron Wave","Berserk"],"picked":"Rampage","floor":6},{"not_picked":["Thunderclap","Sword Boomerang","Sever Soul"],"picked":"SKIP","floor":8},{"not_picked":["Havoc","Headbutt"],"picked":"Rage","floor":10},{"not_picked":["Heavy Blade","Havoc"],"picked":"Dropkick","floor":13}],"player_experience":361624,"relics_obtained":[{"floor":6,"key":"Regal Pillow"},{"floor":9,"key":"Ancient Tea Set"}],"event_choices":[{"cards_removed":["Strike_R"],"damage_healed":0,"gold_gain":0,"player_choice":"Card Removal","damage_taken":0,"max_hp_gain":0,"max_hp_loss":0,"event_name":"The Cleric","floor":4,"gold_loss":75},{"damage_healed":0,"gold_gain":0,"cards_transformed":["Strike_R"],"player_choice":"Change","damage_taken":0,"max_hp_gain":0,"max_hp_loss":0,"event_name":"Living Wall","floor":11,"gold_loss":0,"cards_obtained":["Reaper"]}],"is_beta":false,"boss_relics":[],"items_purged_floors":[14],"is_endless":false,"potions_floor_spawned":[1,2,3],"killed_by":"Hexaghost","ascension_level":18}}