{"host":"h9d5il8g1iqie9ys","time":1610161635,"event":{"mods":["BaseMod","Colored Powertips","Decade(???)","Hero for Fun","Luminous","Marisa????????","Minty Spire (QoL Compilation)","StSLib","The Administrix","The Animator","The Bug Knight","The Cursed","The Exalted","The Necromancer","The Poker Player","The Saiyan","The Servant 0.9.4","The Wild Card"],"gold_per_floor":[210,210,223,237,90,90,119,136,163,163,175,175,450,469,469,588,588,613,637,637,637,668,698,400,400,400,400,416,416,451,464,464,567,567,587,669,722,722,722,722,745,745,745,755,755,790,790,817,817,817,817,817,192,227,227],"floor_reached":56,"playtime":4219,"items_purged":["Pain"],"score":1289,"play_id":"9df7f1da-304e-4783-8ea5-89c158f0eea0","local_time":"20210109100715","is_ascension_mode":false,"campfire_choices":[{"floor":6,"key":"RECALL"},{"data":"Decade_SpecialSkill","floor":10,"key":"SMITH"},{"floor":15,"key":"REST"},{"floor":29,"key":"REST"},{"floor":32,"key":"REST"},{"data":"NMDAZYYGL","floor":40,"key":"SMITH"},{"data":"Madness","floor":45,"key":"SMITH"},{"floor":47,"key":"REST"},{"floor":49,"key":"REST"},{"data":"Madness","floor":52,"key":"SMITH"}],"circlet_count":0,"master_deck":["Decade_Attack","Decade_Attack","Decade_Attack","KamenRide","Decade_SpecialSkill+1","Decade_Defend","Decade_Defend","Decade_Defend","Decade_Defend","Decade_Invisible","UnarmedAttack9","UnarmedAttack7","UnarmedAttack1","UnarmedAttack6+1","Decade_Illusion","UnarmedAttack7","RideBooker_Skill_1+1","Necronomicurse","Decade_Defend2+1","RideBooker+1","NMDAZYYGL+1","Madness+1","Madness+1","KamenRideDecade+1","RideBooker","UnarmedAttack5"],"relics":["Decadriver","TOEIDeficitBill","Toolbox","Pen Nib","Bloody Idol","Empty Cage","Red Mask","Tiny Chest","Lantern","HandDrill","Necronomicon","Mercury Hourglass","Orichalcum","Bromod:ArcaneVictory","SlaversCollar","Blue Candle","Anchor","WarpedTongs","Toy Ornithopter","Kunai","Pear","Strawberry","Bag of Preparation","Bag of Marbles","Blood Vial"],"acts_visited":["Exordium","TheCity","TheBeyond","TheEnding"],"potions_floor_usage":[18,33,46,50,55],"damage_taken":[{"damage":1,"enemies":"Jaw Worm","floor":1,"turns":3},{"damage":0,"enemies":"Cultist","floor":3,"turns":5},{"damage":7,"enemies":"Small Slimes","floor":4,"turns":5},{"damage":7,"enemies":"Lagavulin","floor":7,"turns":4},{"damage":0,"enemies":"Looter","floor":8,"turns":4},{"damage":13,"enemies":"Gremlin Gang","floor":11,"turns":4},{"damage":4,"enemies":"2 Fungi Beasts","floor":14,"turns":4},{"damage":58,"enemies":"Slime Boss","floor":16,"turns":9},{"damage":11,"enemies":"2 Thieves","floor":18,"turns":5},{"damage":5,"enemies":"Spheric Guardian","floor":19,"turns":3},{"damage":12,"enemies":"Masked Bandits","floor":22,"turns":5},{"damage":10,"enemies":"Gremlin Leader","floor":23,"turns":4},{"damage":9,"enemies":"Snake Plant","floor":28,"turns":2},{"damage":13,"enemies":"Slavers","floor":30,"turns":4},{"damage":10,"enemies":"Sentry and Sphere","floor":31,"turns":4},{"damage":10,"enemies":"Automaton","floor":33,"turns":7},{"damage":0,"enemies":"3 Darklings","floor":35,"turns":2},{"damage":2,"enemies":"Orb Walker","floor":42,"turns":2},{"damage":4,"enemies":"Spire Growth","floor":44,"turns":2},{"damage":54,"enemies":"Reptomancer","floor":46,"turns":3},{"damage":10,"enemies":"HollowMod:StalkingDevout","floor":48,"turns":4},{"damage":19,"enemies":"Awakened One","floor":50,"turns":7},{"damage":9,"enemies":"Shield and Spear","floor":54,"turns":2},{"damage":124,"enemies":"The Heart","floor":55,"turns":7}],"seed_played":"2771079275350480350","potions_obtained":[{"floor":3,"key":"AttackPotion"},{"floor":4,"key":"Swift Potion"},{"floor":7,"key":"CultistPotion"},{"floor":18,"key":"Strength Potion"},{"floor":35,"key":"CultistPotion"},{"floor":48,"key":"FairyPotion"}],"is_trial":false,"path_per_floor":["M","?","M","M","$","R","E","M","T","R","M","?","?","M","R","B",null,"M","M","?","?","?","E","$","?","T","?","M","R","E","M","R","B",null,"M","T","T","?","?","R","T","M","T","M","R","E","R","E","R","B",null,"R","$","E","B",null],"character_chosen":"Decade","items_purchased":["Toolbox","Lantern","HandDrill","KamenRideBlade","FairyPotion","Bag of Preparation","Bag of Marbles","UnarmedAttack5","Blade_Slash"],"campfire_rested":5,"item_purchase_floors":[5,24,24,53,53,53,53,53,53],"current_hp_per_floor":[69,69,69,72,72,72,65,75,75,75,62,62,62,58,80,50,80,69,69,69,69,68,63,63,47,47,47,43,67,72,69,80,80,80,80,80,80,70,70,70,75,73,73,80,80,46,73,81,97,82,97,97,97,94,26],"gold":227,"neow_bonus":"HUNDRED_GOLD","is_daily":false,"chose_seed":false,"campfire_upgraded":4,"win_rate":0.0,"timestamp":1610161635,"path_taken":["M","?","M","M","$","R","E","M","T","R","?","?","?","M","R","BOSS","M","?","?","?","?","E","$","?","T","?","M","R","E","?","R","BOSS","M","?","?","?","?","R","?","M","T","M","R","E","R","E","R","BOSS","R","$","E","BOSS"],"items_purchased_type":["Relic","Relic","Relic","Card","Potion","Relic","Relic","Card","Card"],"build_version":"2020-12-22","purchased_purges":1,"victory":true,"max_hp_per_floor":[70,70,70,80,80,80,80,80,80,80,80,80,80,80,80,80,80,80,80,80,80,80,80,80,80,80,80,80,80,80,80,80,80,80,80,80,80,80,80,80,80,80,80,80,80,90,90,97,97,97,97,97,97,97,97],"card_choices":[{"not_picked":["Hibiki_Attack1","TimeVent"],"picked":"Decade_Invisible","floor":3},{"not_picked":["Kiva_Eat","DragShield"],"picked":"UnarmedAttack9","floor":7},{"not_picked":["Blade_Slash","FormRideBasshaa"],"picked":"UnarmedAttack7","floor":8},{"not_picked":["Decade_Dash1","DenO_Gun+1"],"picked":"UnarmedAttack1","floor":18},{"not_picked":["KamenRideDecade","KamenRideAgito"],"picked":"UnarmedAttack6+1","floor":19},{"not_picked":["Hibiki_Attack3","DragClaw"],"picked":"Decade_Illusion","floor":19},{"not_picked":["Dragreder","FormRideGaruru"],"picked":"UnarmedAttack7","floor":22},{"not_picked":["Decade_Invisible","UnarmedAttack5+1"],"picked":"RideBooker_Skill_1+1","floor":23},{"not_picked":["Decade_Dash1","FormRideDogga"],"picked":"Decade_Defend2+1","floor":28},{"not_picked":["UnarmedAttack1","FormRideStorm+1"],"picked":"RideBooker+1","floor":31},{"not_picked":["Kiva_Eat","Kiva_Swallow"],"picked":"NMDAZYYGL","floor":33},{"not_picked":["UnarmedAttack8","KamenRideAgito+1"],"picked":"KamenRideDecade+1","floor":42},{"not_picked":["FormRideBasshaa","Decade_Illusion"],"picked":"RideBooker","floor":46}],"player_experience":183511,"relics_obtained":[{"floor":7,"key":"Pen Nib"},{"floor":22,"key":"Red Mask"},{"floor":23,"key":"Tiny Chest"},{"floor":25,"key":"Necronomicon"},{"floor":26,"key":"Mercury Hourglass"},{"floor":30,"key":"Bromod:ArcaneVictory"},{"floor":36,"key":"Blue Candle"},{"floor":37,"key":"Anchor"},{"floor":41,"key":"Toy Ornithopter"},{"floor":43,"key":"Kunai"},{"floor":46,"key":"Pear"},{"floor":48,"key":"Strawberry"},{"floor":54,"key":"Blood Vial"}],"event_choices":[{"cards_removed":["Decade_Attack"],"damage_healed":0,"gold_gain":0,"player_choice":"Offered Basic","damage_taken":0,"max_hp_gain":0,"max_hp_loss":0,"event_name":"Bonfire Elementals","floor":2,"gold_loss":0},{"damage_healed":0,"gold_gain":0,"player_choice":"Take Wound","damage_taken":0,"relics_obtained":["Golden Idol"],"max_hp_gain":0,"max_hp_loss":0,"event_name":"Golden Idol","floor":12,"gold_loss":0,"cards_obtained":["Injury"]},{"damage_healed":0,"gold_gain":275,"player_choice":"Desecrate","damage_taken":0,"max_hp_gain":0,"max_hp_loss":0,"event_name":"Golden Shrine","floor":13,"gold_loss":0,"cards_obtained":["Regret"]},{"damage_healed":0,"gold_gain":0,"player_choice":"Gave Idol","damage_taken":0,"relics_obtained":["Bloody Idol"],"max_hp_gain":0,"max_hp_loss":0,"event_name":"Forgotten Altar","floor":20,"relics_lost":["Golden Idol"],"gold_loss":0},{"damage_healed":0,"gold_gain":0,"player_choice":"Ignored","damage_taken":0,"max_hp_gain":0,"max_hp_loss":0,"event_name":"Beggar","floor":21,"gold_loss":0},{"damage_healed":0,"gold_gain":0,"player_choice":"Fought Bandits","damage_taken":0,"max_hp_gain":0,"max_hp_loss":0,"event_name":"Masked Bandits","floor":22,"gold_loss":0},{"damage_healed":0,"gold_gain":0,"player_choice":"Obtained Book","damage_taken":16,"max_hp_gain":0,"max_hp_loss":0,"event_name":"Cursed Tome","floor":25,"gold_loss":0},{"damage_healed":0,"gold_gain":0,"player_choice":"Opened","damage_taken":0,"relics_obtained":["Orichalcum"],"max_hp_gain":0,"max_hp_loss":0,"event_name":"The Mausoleum","floor":27,"gold_loss":0},{"damage_healed":0,"gold_gain":0,"player_choice":"Embrace Madness","damage_taken":10,"max_hp_gain":0,"max_hp_loss":0,"event_name":"Winding Halls","floor":38,"gold_loss":0,"cards_obtained":["Madness","Madness"]},{"damage_healed":0,"gold_gain":0,"player_choice":"Rummage","damage_taken":0,"relics_obtained":["WarpedTongs"],"max_hp_gain":0,"max_hp_loss":0,"event_name":"Accursed Blacksmith","floor":39,"gold_loss":0,"cards_obtained":["Pain"]}],"is_beta":false,"boss_relics":[{"not_picked":["Bromod:ArcaneGrace","SacredBark"],"picked":"Empty Cage"},{"not_picked":["Snecko Eye","Runic Dome"],"picked":"SlaversCollar"}],"items_purged_floors":[53],"is_endless":false,"potions_floor_spawned":[3,4,7,8,14,18,22,35,44,48,54],"ascension_level":0}}