{"host":"i8jghf4o7lwzr9fo","time":1610196255,"event":{"mods":["BaseMod","Minty Spire (QoL Compilation)"],"gold_per_floor":[114,124,142,152,171,200,219,239,239,250,250,275,91,91,91,192,192,211,24,40,2,16,16,16,16,70,80,80,80,80,80,80],"floor_reached":31,"playtime":2826,"items_purged":["Strike_R","Strike_R"],"score":259,"play_id":"bb6a594c-88d3-45c6-b332-3760250346ce","local_time":"20210109124415","is_ascension_mode":false,"campfire_choices":[{"floor":11,"key":"REST"},{"floor":15,"key":"REST"},{"data":"Barricade","floor":23,"key":"SMITH"},{"floor":29,"key":"REST"}],"circlet_count":0,"master_deck":["Strike_R","Strike_R","Strike_R+1","Defend_R","Defend_R","Defend_R","Defend_R","Bash","Iron Wave","True Grit","Shrug It Off","Fiend Fire","Rampage","Flame Barrier","Inflame","Hemokinesis+1","Pummel","Rupture","Metallicize","Intimidate","Barricade+1","Hemokinesis+1","Entrench","Shrug It Off","Battle Trance","Metallicize+1","Headbutt","Writhe","Shrug It Off"],"relics":["Burning Blood","NeowsBlessing","Red Skull","Whetstone","Odd Mushroom","Runic Dome","Ancient Tea Set","PreservedInsect","Nilry\u0027s Codex"],"acts_visited":["Exordium","TheCity"],"potions_floor_usage":[6,10,16,16,25,27],"damage_taken":[{"damage":0,"enemies":"Small Slimes","floor":1,"turns":1},{"damage":0,"enemies":"2 Louse","floor":2,"turns":1},{"damage":0,"enemies":"Jaw Worm","floor":3,"turns":1},{"damage":19,"enemies":"Large Slime","floor":4,"turns":10},{"damage":10,"enemies":"Looter","floor":5,"turns":2},{"damage":17,"enemies":"Lagavulin","floor":6,"turns":8},{"damage":13,"enemies":"Red Slaver","floor":7,"turns":2},{"damage":6,"enemies":"3 Louse","floor":8,"turns":4},{"damage":10,"enemies":"Gremlin Gang","floor":10,"turns":4},{"damage":24,"enemies":"The Mushroom Lair","floor":12,"turns":4},{"damage":38,"enemies":"Hexaghost","floor":16,"turns":7},{"damage":21,"enemies":"3 Byrds","floor":18,"turns":8},{"damage":13,"enemies":"Shell Parasite","floor":20,"turns":7},{"damage":23,"enemies":"Chosen and Byrds","floor":22,"turns":8},{"damage":25,"enemies":"Slavers","floor":25,"turns":3},{"damage":8,"enemies":"Centurion and Healer","floor":27,"turns":7},{"damage":30,"enemies":"Snake Plant","floor":31,"turns":3}],"seed_played":"7457414291813421862","potions_obtained":[{"floor":2,"key":"Dexterity Potion"},{"floor":3,"key":"LiquidMemories"},{"floor":6,"key":"FearPotion"},{"floor":7,"key":"LiquidBronze"},{"floor":16,"key":"SmokeBomb"},{"floor":18,"key":"Weak Potion"}],"is_trial":false,"path_per_floor":["M","M","M","M","M","E","M","M","T","M","R","?","$","?","R","B",null,"M","$","M","$","M","R","?","E","T","M","?","R","?","M"],"character_chosen":"IRONCLAD","items_purchased":["Metallicize","Intimidate","Entrench","Shrug It Off","Metallicize"],"campfire_rested":3,"item_purchase_floors":[13,13,19,19,21],"current_hp_per_floor":[80,80,80,67,63,52,45,45,45,41,65,47,47,47,71,39,80,65,65,58,58,41,41,41,22,22,20,4,28,28,0,0],"gold":80,"neow_bonus":"THREE_ENEMY_KILL","is_daily":false,"chose_seed":false,"campfire_upgraded":1,"win_rate":0.0,"timestamp":1610196255,"path_taken":["M","M","M","M","M","E","M","M","T","M","R","?","$","?","R","BOSS","M","$","M","$","M","R","?","E","T","M","?","R","?","?"],"items_purchased_type":["Card","Card","Card","Card","Card"],"build_version":"2020-12-22","purchased_purges":2,"victory":false,"max_hp_per_floor":[80,80,80,80,80,80,80,80,80,80,80,80,80,80,80,80,80,80,80,80,80,80,80,80,80,80,80,80,80,80,80,80],"card_choices":[{"not_picked":["Twin Strike","Perfected Strike"],"picked":"Iron Wave","floor":1},{"not_picked":["Clothesline","Flex"],"picked":"True Grit","floor":2},{"not_picked":["Perfected Strike","Second Wind"],"picked":"Shrug It Off","floor":3},{"not_picked":["Pummel","Armaments"],"picked":"Fiend Fire","floor":4},{"not_picked":["Ghostly Armor","Uppercut"],"picked":"Rampage","floor":5},{"not_picked":["Cleave","True Grit"],"picked":"Flame Barrier","floor":6},{"not_picked":["Clothesline","Perfected Strike"],"picked":"Inflame","floor":7},{"not_picked":["Sword Boomerang","Armaments"],"picked":"Hemokinesis","floor":8},{"not_picked":["Cleave","Iron Wave"],"picked":"Pummel","floor":10},{"not_picked":["Shrug It Off","Body Slam"],"picked":"Rupture","floor":12},{"not_picked":["Impervious","Offering"],"picked":"Barricade","floor":16},{"not_picked":["Clothesline","Power Through"],"picked":"Hemokinesis+1","floor":18},{"not_picked":["Twin Strike","Headbutt"],"picked":"Battle Trance","floor":20},{"not_picked":["Anger+1","Sword Boomerang"],"picked":"Headbutt","floor":22},{"not_picked":["Pommel Strike","Reaper"],"picked":"Shrug It Off","floor":27}],"player_experience":28675,"relics_obtained":[{"floor":6,"key":"Red Skull"},{"floor":9,"key":"Whetstone"},{"floor":12,"key":"Odd Mushroom"},{"floor":26,"key":"PreservedInsect"},{"floor":28,"key":"Nilry\u0027s Codex"}],"event_choices":[{"damage_healed":0,"gold_gain":0,"player_choice":"Fought Mushrooms","damage_taken":0,"max_hp_gain":0,"max_hp_loss":0,"event_name":"Mushrooms","floor":12,"gold_loss":0},{"damage_healed":0,"gold_gain":0,"player_choice":"Ignored","damage_taken":0,"max_hp_gain":0,"max_hp_loss":0,"event_name":"Liars Game","floor":14,"gold_loss":0},{"damage_healed":0,"gold_gain":0,"player_choice":"Opened","damage_taken":0,"relics_obtained":["Ancient Tea Set"],"max_hp_gain":0,"max_hp_loss":0,"event_name":"The Mausoleum","floor":24,"gold_loss":0,"cards_obtained":["Writhe"]},{"damage_healed":0,"gold_gain":0,"player_choice":"Obtained Book","damage_taken":16,"max_hp_gain":0,"max_hp_loss":0,"event_name":"Cursed Tome","floor":28,"gold_loss":0},{"damage_healed":0,"gold_gain":0,"player_choice":"Upgraded","damage_taken":0,"max_hp_gain":0,"max_hp_loss":0,"event_name":"Upgrade Shrine","floor":30,"gold_loss":0,"cards_upgraded":["Metallicize"]}],"is_beta":false,"boss_relics":[{"not_picked":["Busted Crown","Tiny House"],"picked":"Runic Dome"}],"items_purged_floors":[13,19],"is_endless":false,"potions_floor_spawned":[2,3,6,7,16,18],"killed_by":"Snake Plant","ascension_level":0}}