{"host":"f5uumzf5hfexzk8l","time":1610179559,"event":{"mods":["AchievementEnabler","BaseMod","Bestiary","Colored Map","Googly Eyes","Minty Spire (QoL Compilation)","Permanent Neow","Relic Sorter","Relic Stats","SuperFastMode","Unceasing Turn Reminder","everything is the same but u backflip on backflip"],"gold_per_floor":[119,135,145,145,145,173,173,198,198,217,217,242,252,267,267,341,341,355,227,142,42,55,55,55,55],"floor_reached":24,"playtime":752,"items_purged":["Strike_R","Strike_G"],"score":378,"play_id":"805a9072-d180-4c3d-b354-addbf0498b47","local_time":"20210109000559","daily_mods":["SealedDeck","Chimera","Diverse"],"is_ascension_mode":true,"campfire_choices":[{"data":"Reprogram","floor":7,"key":"SMITH"},{"data":"Whirlwind","floor":11,"key":"SMITH"},{"data":"Dual Wield","floor":15,"key":"SMITH"},{"data":"True Grit","floor":23,"key":"SMITH"}],"circlet_count":0,"master_deck":["AscendersBane","Survivor","Zap","Defend_R","Defend_G","Defend_P","CutThroughFate","Consecrate","EmptyFist","Battle Trance","Poisoned Stab","Evaluate","Whirlwind+1","Self Repair","SandsOfTime","Reprogram+1","Blade Dance","Dual Wield+1","Genetic Algorithm","Seek","Offering","True Grit+1"],"relics":["Burning Blood","Art of War","InkBottle","Strawberry","Mercury Hourglass","Runic Pyramid","Singing Bowl"],"acts_visited":["Exordium","TheCity"],"potions_floor_usage":[8,16,18],"damage_taken":[{"damage":6,"enemies":"Cultist","floor":1,"turns":3},{"damage":12,"enemies":"Jaw Worm","floor":2,"turns":2},{"damage":12,"enemies":"Small Slimes","floor":3,"turns":4},{"damage":35,"enemies":"Lagavulin","floor":6,"turns":7},{"damage":38,"enemies":"Gremlin Nob","floor":8,"turns":5},{"damage":8,"enemies":"Exordium Wildlife","floor":10,"turns":3},{"damage":14,"enemies":"3 Sentries","floor":12,"turns":5},{"damage":0,"enemies":"2 Fungi Beasts","floor":13,"turns":1},{"damage":0,"enemies":"Lots of Slimes","floor":14,"turns":1},{"damage":29,"enemies":"Hexaghost","floor":16,"turns":9},{"damage":8,"enemies":"3 Byrds","floor":18,"turns":3},{"damage":10,"enemies":"Chosen","floor":22,"turns":5},{"damage":80,"enemies":"Book of Stabbing","floor":24,"turns":7}],"seed_played":"8352319580894247815","potions_obtained":[{"floor":6,"key":"Block Potion"},{"floor":10,"key":"LiquidMemories"},{"floor":12,"key":"BloodPotion"},{"floor":16,"key":"CultistPotion"}],"is_trial":true,"path_per_floor":["M","M","M","?","?","E","R","E","T","M","R","E","M","M","R","B",null,"M","$","?","$","M","R","E"],"character_chosen":"IRONCLAD","items_purchased":["True Grit"],"campfire_rested":0,"item_purchase_floors":[19],"current_hp_per_floor":[68,69,63,56,56,34,34,29,36,41,41,40,46,52,52,45,73,71,71,71,71,76,76,0,0],"gold":55,"neow_bonus":"","is_daily":false,"chose_seed":false,"campfire_upgraded":4,"win_rate":0.0,"timestamp":1610179559,"path_taken":["M","M","M","?","?","E","R","E","T","M","R","E","M","M","R","BOSS","M","?","?","$","M","R","E"],"items_purchased_type":["Card"],"build_version":"2020-12-22","purchased_purges":2,"victory":false,"max_hp_per_floor":[75,75,75,75,75,75,75,75,82,82,82,82,82,82,82,82,82,82,82,82,82,84,84,84,84],"relic_stats":{"Singing Bowl":2,"counters":[13,55],"Art of War":[5],"obtain_stats":[{"Singing Bowl":20,"Strawberry":9,"Art of War":6,"Burning Blood":0,"InkBottle":8,"Mercury Hourglass":12,"Runic Pyramid":17},{"Singing Bowl":11,"Strawberry":5,"Art of War":4,"Burning Blood":0,"InkBottle":5,"Mercury Hourglass":7,"Runic Pyramid":10},{"Singing Bowl":43,"Strawberry":21,"Art of War":16,"Burning Blood":0,"InkBottle":21,"Mercury Hourglass":29,"Runic Pyramid":40}],"Burning Blood":72,"InkBottle":[11],"Mercury Hourglass":[105]},"card_choices":[{"not_picked":["Searing Blow","CutThroughFate"],"picked":"Self Repair","floor":1},{"not_picked":["FlyingSleeves","Bouncing Flask","Dagger Throw"],"picked":"SKIP","floor":2},{"not_picked":["Melter","Streamline"],"picked":"SandsOfTime","floor":3},{"not_picked":["Turbo","Sweeping Beam"],"picked":"Reprogram","floor":6},{"not_picked":["Clash","Electrodynamics"],"picked":"Blade Dance","floor":8},{"not_picked":["BowlingBash","Redo","Sword Boomerang"],"picked":"SKIP","floor":10},{"not_picked":["Setup","Crescendo"],"picked":"Dual Wield","floor":12},{"not_picked":["Deflect","Iron Wave"],"picked":"Genetic Algorithm","floor":13},{"not_picked":["Outmaneuver","EmptyBody"],"picked":"Seek","floor":14},{"not_picked":["LessonLearned","Devotion"],"picked":"Offering","floor":16},{"not_picked":["Tactician","Outmaneuver","Masterful Stab"],"picked":"SKIP","floor":18},{"not_picked":["Eviscerate","Iron Wave","Perseverance"],"picked":"Singing Bowl","floor":22}],"player_experience":383931,"relics_obtained":[{"floor":6,"key":"Art of War"},{"floor":8,"key":"InkBottle"},{"floor":9,"key":"Strawberry"},{"floor":12,"key":"Mercury Hourglass"}],"event_choices":[{"cards_removed":["Bash"],"damage_healed":0,"gold_gain":0,"player_choice":"Card Removal","damage_taken":7,"max_hp_gain":0,"max_hp_loss":0,"event_name":"Golden Wing","floor":4,"gold_loss":0},{"cards_removed":["Eruption"],"damage_healed":0,"gold_gain":0,"player_choice":"Purged","damage_taken":0,"max_hp_gain":0,"max_hp_loss":0,"event_name":"Purifier","floor":5,"gold_loss":0},{"damage_healed":0,"gold_gain":0,"player_choice":"Obtained Relic","damage_taken":0,"relics_obtained":["Singing Bowl"],"max_hp_gain":0,"max_hp_loss":0,"event_name":"Addict","floor":20,"gold_loss":85}],"is_beta":false,"boss_relics":[{"not_picked":["Cursed Key","Black Blood"],"picked":"Runic Pyramid"}],"items_purged_floors":[19,21],"is_endless":false,"potions_floor_spawned":[6,10,12,14,16],"killed_by":"Book of Stabbing","ascension_level":15}}