{"host":"qojc688juf5ijsln","time":1610159963,"event":{"mods":["AchievementEnabler","BaseMod","BetterRewards","Colored Powertips","Highlight Path","Minty Spire (QoL Compilation)","Quick Restart","Shop Mod","StSLib"],"gold_per_floor":[114,114,134,134,154,154,190,190,190,224,237,260,260,278,278,397,397,422,521,546,461,293,334,334,334,357,357,357,389,400,410,410,514,514,533,553,570,445,458,492,492,529,529,529,543,266,266,266,266,266,266,266,66,108,108],"floor_reached":56,"playtime":3878,"items_purged":["Defend_G","Strike_G","Strike_G","Parasite"],"score":1637,"play_id":"2e724b15-d509-4af5-9f98-b0abe943500c","local_time":"20210109103923","is_ascension_mode":true,"campfire_choices":[{"data":"Strike_G","floor":6.0,"key":"PURGE"},{"floor":8.0,"key":"REST"},{"floor":13.0,"key":"REST"},{"floor":15.0,"key":"REST"},{"floor":25.0,"key":"REST"},{"data":"Noxious Fumes","floor":28.0,"key":"SMITH"},{"floor":32.0,"key":"REST"},{"floor":41.0,"key":"REST"},{"floor":44,"key":"REST"},{"data":"Defend_G","floor":47,"key":"PURGE"},{"floor":49,"key":"RECALL"},{"data":"Defend_G","floor":52,"key":"PURGE"}],"circlet_count":0,"master_deck":["Defend_G","Defend_G","Survivor","Neutralize","Noxious Fumes+1","Well Laid Plans","Footwork","Poisoned Stab+1","Crippling Poison","Deflect","Envenom","Slice+1","Sadistic Nature","Bouncing Flask"],"relics":["Ring of the Snake","Peace Pipe","TheAbacus","Torii","Bloody Idol","Bottled Tornado","TungstenRod","Black Star","Orichalcum","Girya","PreservedInsect","Pantograph","Regal Pillow","CultistMask","Pear","Oddly Smooth Stone","Empty Cage","Anchor","Bag of Marbles","CeramicFish","Snake Skull","Darkstone Periapt","Membership Card","Letter Opener","Lantern","Toy Ornithopter"],"acts_visited":["Exordium","TheCity","TheBeyond","TheEnding"],"potions_floor_usage":[42,55,55],"damage_taken":[{"damage":0.0,"enemies":"2 Louse","floor":1.0,"turns":4.0},{"damage":1.0,"enemies":"Jaw Worm","floor":3.0,"turns":5.0},{"damage":1.0,"enemies":"Small Slimes","floor":5.0,"turns":3.0},{"damage":22.0,"enemies":"Lagavulin","floor":7.0,"turns":8.0},{"damage":31.0,"enemies":"Gremlin Nob","floor":10.0,"turns":6.0},{"damage":6.0,"enemies":"3 Louse","floor":11.0,"turns":4.0},{"damage":7.0,"enemies":"Exordium Thugs","floor":12.0,"turns":7.0},{"damage":0.0,"enemies":"2 Fungi Beasts","floor":14.0,"turns":4.0},{"damage":13.0,"enemies":"The Guardian","floor":16.0,"turns":17.0},{"damage":0.0,"enemies":"Spheric Guardian","floor":18.0,"turns":8.0},{"damage":48.0,"enemies":"Gremlin Leader","floor":23.0,"turns":8.0},{"damage":5.0,"enemies":"Book of Stabbing","floor":29.0,"turns":7.0},{"damage":14.0,"enemies":"Chosen","floor":30.0,"turns":7.0},{"damage":0.0,"enemies":"Snake Plant","floor":31.0,"turns":6.0},{"damage":54.0,"enemies":"Automaton","floor":33.0,"turns":13.0},{"damage":2.0,"enemies":"3 Shapes","floor":35.0,"turns":5.0},{"damage":5.0,"enemies":"3 Darklings","floor":36.0,"turns":6.0},{"damage":24.0,"enemies":"Spire Growth","floor":37.0,"turns":10.0},{"damage":14.0,"enemies":"Writhing Mass","floor":39.0,"turns":8.0},{"damage":36.0,"enemies":"Nemesis","floor":40.0,"turns":11.0},{"damage":43,"enemies":"Giant Head","floor":42,"turns":11},{"damage":6,"enemies":"4 Shapes","floor":45,"turns":5},{"damage":73,"enemies":"Awakened One","floor":50,"turns":18},{"damage":43,"enemies":"Shield and Spear","floor":54,"turns":5},{"damage":70,"enemies":"The Heart","floor":55,"turns":8}],"seed_played":"3134550135684810435","potions_obtained":[{"floor":1.0,"key":"SkillPotion"},{"floor":12.0,"key":"PowerPotion"},{"floor":14.0,"key":"ColorlessPotion"},{"floor":16.0,"key":"Fruit Juice"},{"floor":23.0,"key":"LiquidBronze"},{"floor":31.0,"key":"ColorlessPotion"},{"floor":33.0,"key":"Explosive Potion"},{"floor":36.0,"key":"Regen Potion"},{"floor":42,"key":"Fruit Juice"},{"floor":48,"key":"SmokeBomb"},{"floor":54,"key":"LiquidBronze"}],"is_trial":false,"path_per_floor":["M","?","M","?","M","R","E","R","T","E","M","M","R","M","R","B",null,"M","?","T","?","$","E","?","R","T","?","R","E","M","M","R","B",null,"M","M","M","$","M","E","R","E","T","R","M","$","R","?","R","B",null,"R","$","E","B",null],"character_chosen":"THE_SILENT","items_purchased":["Noxious Fumes","TheAbacus","Footwork","Membership Card","FairyPotion","Sadistic Nature","Letter Opener"],"campfire_rested":7,"item_purchase_floors":[0,0,22,46,46,53,53],"current_hp_per_floor":[70,65,64,64,63,63,41,60,60,29,23,16,35,35,54,46,70,70,70,70,70,70,22,22,43,48,48,48,58,49,54,80,31,80,80,80,61,61,52,21,60,32,32,72,71,71,71,71,71,9,82,82,82,49,12],"gold":108,"neow_bonus":"","is_daily":false,"chose_seed":false,"campfire_upgraded":1,"win_rate":0.0,"timestamp":1610159963,"path_taken":["M","?","M","?","M","R","E","R","T","E","?","M","R","M","R","BOSS","M","?","?","?","$","E","?","R","T","?","R","E","?","M","R","BOSS","M","M","M","$","M","E","R","E","T","R","M","$","R","?","R","BOSS","R","$","E","BOSS"],"items_purchased_type":["Card","Relic","Card","Relic","Potion","Card","Relic"],"build_version":"2020-12-22","purchased_purges":4,"victory":true,"max_hp_per_floor":[70,65,65,65,65,65,65,65,65,65,65,65,65,65,65,70,70,70,70,70,70,70,70,70,70,70,70,70,80,80,80,80,80,80,80,80,80,80,80,80,80,85,85,85,85,82,82,82,82,82,82,82,82,82,82],"card_choices":[{"not_picked":["Tactician","Infinite Blades","Deadly Poison"],"picked":"SKIP","floor":1.0},{"not_picked":["Dodge and Roll","Flying Knee","Blade Dance"],"picked":"SKIP","floor":3.0},{"not_picked":["Dagger Spray","Reflex"],"picked":"Well Laid Plans","floor":5.0},{"not_picked":["Skewer","All Out Attack","Heel Hook"],"picked":"SKIP","floor":7.0},{"not_picked":["Caltrops","Quick Slash","Bane"],"picked":"SKIP","floor":10.0},{"not_picked":["Bouncing Flask","Riddle With Holes","Dagger Throw"],"picked":"SKIP","floor":11.0},{"not_picked":["Flying Knee","Poisoned Stab","Prepared"],"picked":"SKIP","floor":12.0},{"not_picked":["Calculated Gamble","Wraith Form v2","Sucker Punch"],"picked":"SKIP","floor":14.0},{"not_picked":["Choke","PiercingWail","Calculated Gamble"],"picked":"SKIP","floor":18.0},{"not_picked":["Riddle With Holes+1","Burst"],"picked":"Poisoned Stab+1","floor":23.0},{"not_picked":["Dagger Spray","Distraction+1"],"picked":"Crippling Poison","floor":29.0},{"not_picked":["Expertise","Predator","Dagger Spray"],"picked":"SKIP","floor":30.0},{"not_picked":["Backflip","Acrobatics"],"picked":"Deflect","floor":31.0},{"not_picked":["Storm of Steel","Glass Knife"],"picked":"Envenom","floor":33.0},{"not_picked":["Backflip","Terror+1","Cloak And Dagger+1"],"picked":"SKIP","floor":35.0},{"not_picked":["Outmaneuver","Acrobatics+1","Expertise"],"picked":"SKIP","floor":36.0},{"not_picked":["Infinite Blades+1","Acrobatics+1","Blade Dance"],"picked":"SKIP","floor":37.0},{"not_picked":["Blur","Deadly Poison+1","Dagger Throw"],"picked":"SKIP","floor":39.0},{"not_picked":["Endless Agony+1","Deadly Poison","PiercingWail"],"picked":"SKIP","floor":40.0},{"not_picked":["Heel Hook","Underhanded Strike+1"],"picked":"Slice+1","floor":42},{"not_picked":["Caltrops+1","A Thousand Cuts","Outmaneuver+1"],"picked":"SKIP","floor":45},{"not_picked":["Deflect","Blade Dance+1"],"picked":"Bouncing Flask","floor":54}],"player_experience":116124,"relics_obtained":[{"floor":7.0,"key":"Bottled Tornado"},{"floor":10.0,"key":"TungstenRod"},{"floor":20.0,"key":"Orichalcum"},{"floor":23.0,"key":"PreservedInsect"},{"floor":23.0,"key":"Pantograph"},{"floor":26.0,"key":"Regal Pillow"},{"floor":29.0,"key":"Pear"},{"floor":29.0,"key":"Oddly Smooth Stone"},{"floor":40.0,"key":"Anchor"},{"floor":40.0,"key":"Bag of Marbles"},{"floor":42,"key":"CeramicFish"},{"floor":42,"key":"Snake Skull"},{"floor":43,"key":"Darkstone Periapt"},{"floor":54,"key":"Lantern"},{"floor":54,"key":"Toy Ornithopter"}],"event_choices":[{"damage_healed":0.0,"max_hp_gain":0.0,"max_hp_loss":5.0,"gold_gain":0.0,"event_name":"Golden Idol","player_choice":"Lose Max HP","floor":2.0,"gold_loss":0.0,"damage_taken":0.0,"relics_obtained":["Golden Idol"]},{"damage_healed":0.0,"max_hp_gain":0.0,"max_hp_loss":0.0,"gold_gain":0.0,"event_name":"Shining Light","player_choice":"Ignored","floor":4.0,"gold_loss":0.0,"damage_taken":0.0},{"damage_healed":0.0,"max_hp_gain":0.0,"max_hp_loss":0.0,"gold_gain":99.0,"event_name":"Nest","player_choice":"Stole From Cult","floor":19.0,"gold_loss":0.0,"damage_taken":0.0},{"damage_healed":0.0,"max_hp_gain":0.0,"max_hp_loss":0.0,"gold_gain":0.0,"event_name":"Addict","player_choice":"Obtained Relic","floor":21.0,"gold_loss":85.0,"damage_taken":0.0,"relics_obtained":["Girya"]},{"damage_healed":0.0,"max_hp_gain":0.0,"max_hp_loss":0.0,"gold_gain":0.0,"event_name":"Forgotten Altar","player_choice":"Gave Idol","floor":24.0,"relics_lost":["Golden Idol"],"gold_loss":0.0,"damage_taken":0.0,"relics_obtained":["Bloody Idol"]},{"damage_healed":0.0,"max_hp_gain":0.0,"max_hp_loss":0.0,"gold_gain":0.0,"event_name":"FaceTrader","player_choice":"Trade","floor":27.0,"gold_loss":0.0,"damage_taken":0.0,"relics_obtained":["CultistMask"]},{"damage_healed":0,"gold_gain":0,"player_choice":"Got Potions","damage_taken":0,"max_hp_gain":0,"max_hp_loss":0,"event_name":"Lab","floor":48,"gold_loss":0}],"is_beta":false,"boss_relics":[{"not_picked":["Cursed Key","Runic Pyramid"],"picked":"Black Star"},{"not_picked":["Calling Bell","WristBlade"],"picked":"Empty Cage"}],"items_purged_floors":[0,22,38,46],"is_endless":false,"potions_floor_spawned":[1,12,14,16,23,31,33,36,37,39,42,54],"ascension_level":1}}