{"host":"ys1yj7vjgjnkivwe","time":1610213358,"event":{"mods":["AchievementEnabler","Aspiration","BaseMod","Colored Powertips","Downfall","Energized Spire","Infinite Spire","Ironclad Rager","Minty Spire (QoL Compilation)","Random Character Button","Replay The Spire","StSLib","The Bladedancer","The Cursed","The Druid"],"gold_per_floor":[112,126,145,145,159,159,188,199,499,96,96,96,106,138,138,242,292,302,53,70,70,88,119,132,132,132,144,164,180,180,180,180],"floor_reached":31,"playtime":1869,"items_purged":["ICR:Dodge","ICR:VenomStrike"],"score":337,"play_id":"b12a6e96-2b68-4e76-9114-3c48052c5235","local_time":"20210109172918","is_ascension_mode":true,"campfire_choices":[{"data":"Replay:Poison Smokescreen","floor":6.0,"key":"SMITH"},{"data":"ICR:VenomStrike","floor":12.0,"key":"SMITH"},{"data":"ICR:VenomStrike","floor":15.0,"key":"SMITH"},{"data":"ICR:VenomStrike","floor":25.0,"key":"SMITH"}],"circlet_count":0,"master_deck":["Survivor","Neutralize","ICR:VenomStrike+1","ICR:VenomStrike+1","ICR:VenomStrike","ICR:VenomStrike+1","ICR:Dodge","ICR:Dodge","ICR:Dodge","ICR:Dodge","Backstab+1","PiercingWail","Replay:Poison Smokescreen+1","Bane+1","Bullet Time","Bane","Bane","ReplayTheSpireMod:Speed Training","Deflect","Corpse Explosion","Deadly Poison","Acrobatics","Bouncing Flask","Bouncing Flask","Poisoned Stab","Dodge and Roll","Heel Hook+1","Caltrops","Sneak Up","Dodge and Roll+1","Backflip+1"],"relics":["infinitespire:DarkRift","infinitespire:Cubic Diamond","infinitespire:Lucky Rock","Old Coin","Simple Rune","Lee\u0027s Waffle","NlothsMask","aspiration:VileToxins","Tiny House","Whetstone","Mercury Hourglass","CeramicFish"],"acts_visited":["Exordium","TheCity"],"potions_floor_usage":[31],"damage_taken":[{"damage":1.0,"enemies":"Small Slimes","floor":1.0,"turns":3.0},{"damage":0.0,"enemies":"Cultist","floor":2.0,"turns":4.0},{"damage":0.0,"enemies":"2 Louse","floor":3.0,"turns":3.0},{"damage":1.0,"enemies":"Red Slaver","floor":5.0,"turns":4.0},{"damage":30.0,"enemies":"3 Sentries","floor":7.0,"turns":9.0},{"damage":2.0,"enemies":"Blue Slaver","floor":8.0,"turns":3.0},{"damage":0.0,"enemies":"Looter","floor":13.0,"turns":2.0},{"damage":11.0,"enemies":"Gremlin Nob","floor":14.0,"turns":4.0},{"damage":4.0,"enemies":"Slime Boss","floor":16.0,"turns":8.0},{"damage":0.0,"enemies":"3 Byrds","floor":18.0,"turns":3.0},{"damage":8.0,"enemies":"2 Thieves","floor":20.0,"turns":2.0},{"damage":18.0,"enemies":"Chosen and Byrds","floor":22.0,"turns":6.0},{"damage":5.0,"enemies":"Replay:Snechameleon","floor":23.0,"turns":4.0},{"damage":0.0,"enemies":"Snake Plant","floor":24.0,"turns":2.0},{"damage":7.0,"enemies":"Centurion and Healer","floor":27.0,"turns":4.0},{"damage":4.0,"enemies":"Shelled Parasite and Fungi","floor":28.0,"turns":4.0},{"damage":0,"enemies":"3 Cultists","floor":29,"turns":4},{"damage":28,"enemies":"Nightmare","floor":31,"turns":9}],"seed_played":"156644572466852212","potions_obtained":[{"floor":2.0,"key":"Energy Potion"},{"floor":5.0,"key":"DuplicationPotion"},{"floor":13.0,"key":"Swift Potion"},{"floor":14.0,"key":"champ:CounterPotion"},{"floor":16.0,"key":"Fruit Juice"},{"floor":23.0,"key":"Swift Potion"},{"floor":27.0,"key":"PowerPotion"},{"floor":28.0,"key":"Block Potion"}],"is_trial":false,"path_per_floor":["M","M","M","?","M","R","E","M","T","$","?","R","M","E","R","B",null,"M","$","M","?","M","E","M","R","T","M","M","M","AVR","NM"],"character_chosen":"THE_SILENT","items_purchased":["Bane","Simple Rune","Lee\u0027s Waffle","Bouncing Flask","Whetstone","Poisoned Stab"],"campfire_rested":0,"item_purchase_floors":[10,10,10,19,19,19],"current_hp_per_floor":[69,69,69,69,68,68,38,36,36,77,77,77,77,66,66,62,82,87,87,79,62,44,39,39,39,39,32,28,28,28,0,0],"gold":180,"neow_bonus":"SILENT_POISONER","is_daily":false,"chose_seed":false,"campfire_upgraded":4,"win_rate":0.0,"timestamp":1610213358,"path_taken":["M","M","M","?","M","R","E","M","T","$","?","R","M","E","R","BOSS","M","$","?","?","M","E","M","R","T","M","M","M","AVR","NM"],"items_purchased_type":["Card","Relic","Relic","Card","Relic","Card"],"build_version":"2020-12-22","purchased_purges":2,"victory":false,"max_hp_per_floor":[70,70,70,70,70,70,70,70,70,77,77,77,77,77,77,77,82,87,87,87,92,92,92,92,92,92,92,92,92,92,92,92],"card_choices":[{"not_picked":["Sucker Punch","Flying Knee"],"picked":"Backstab","floor":1.0},{"not_picked":["Masterful Stab","Sucker Punch"],"picked":"PiercingWail","floor":2.0},{"not_picked":["ReplayTheSpireMod:Scrap Shanks","Dagger Spray"],"picked":"Replay:Poison Smokescreen","floor":3.0},{"not_picked":["ReplayTheSpireMod:Tripwire","Deadly Poison"],"picked":"Bane","floor":5.0},{"not_picked":["Prepared","Blade Dance"],"picked":"Bullet Time","floor":7.0},{"not_picked":["Acrobatics","Prepared"],"picked":"Bane","floor":8.0},{"not_picked":["ReplayTheSpireMod:Exploit Weakness","ReplayTheSpireMod:The Works"],"picked":"ReplayTheSpireMod:Speed Training","floor":13.0},{"not_picked":["Underhanded Strike","Backstab"],"picked":"Deflect","floor":14.0},{"not_picked":["Replay:Bag of Tricks","Venomology"],"picked":"Corpse Explosion","floor":16.0},{"not_picked":["PiercingWail","Eviscerate"],"picked":"Deadly Poison","floor":17.0},{"not_picked":["Flechettes","ReplayTheSpireMod:Exploit Weakness"],"picked":"Acrobatics","floor":18.0},{"not_picked":["Bane","Cloak And Dagger+1"],"picked":"Dodge and Roll","floor":20.0},{"not_picked":["Bane","Deflect"],"picked":"Heel Hook+1","floor":22.0},{"not_picked":["Masterful Stab","Acrobatics"],"picked":"Caltrops","floor":23.0},{"not_picked":["Backflip","Outmaneuver"],"picked":"Sneak Up","floor":24.0},{"not_picked":["Storm of Steel","ReplayTheSpireMod:Tripwire+1"],"picked":"Dodge and Roll+1","floor":27.0},{"not_picked":["Reflex","Underhanded Strike"],"picked":"Backflip+1","floor":28.0},{"not_picked":["Dagger Spray","Poisoned Stab","Blade Dance"],"picked":"SKIP","floor":29}],"player_experience":403382,"relics_obtained":[{"floor":7.0,"key":"infinitespire:Lucky Rock"},{"floor":9.0,"key":"Old Coin"},{"floor":14.0,"key":"aspiration:VileToxins"},{"floor":23.0,"key":"Mercury Hourglass"}],"event_choices":[{"damage_healed":0.0,"max_hp_gain":0.0,"max_hp_loss":0.0,"gold_gain":0.0,"event_name":"FaceTrader","player_choice":"Trade","floor":11.0,"gold_loss":0.0,"damage_taken":0.0,"relics_obtained":["NlothsMask"]},{"damage_healed":0.0,"max_hp_gain":5.0,"max_hp_loss":0.0,"gold_gain":0.0,"event_name":"Forgotten Altar","player_choice":"Shed Blood","floor":21.0,"gold_loss":0.0,"damage_taken":22.0}],"is_beta":false,"boss_relics":[{"not_picked":["energizedSpire:OgreHead","Fusion Hammer"],"picked":"Tiny House"}],"items_purged_floors":[10,30],"is_endless":false,"potions_floor_spawned":[2,5,13,14,16,23,27,28],"killed_by":"Nightmare","ascension_level":3}}