{"host":"qy0m86b6j0qgj9ra","time":1610212026,"event":{"mods":["Act Like it!","Aspiration","Astrologer","Bartender","BaseMod","CCEM","Clockwork Mod","Conspire","Downfall","Duelist Mod","Energized Spire","Friendly Minions","Gensokyo","GifTheSpireLib","Googly Eyes","GungeonMod","Halation","Hallownest","Hermit","Hubris","Infinite Spire","Ironclad Rager","Jorbs\u0027s Wanderer Trilogy","Koishi","KomeijiMod","Lobotomy","LobotomyExtend","Mad Scientist","Marisa????????","Minty Spire (QoL Compilation)","Pale of the Ancients","Quarter Circle Forward PUNCH!","RRrroohrrRGHHhhh!!","Random Character Button","Rare Cards Sparkle","Reimu??????","Replay The Spire","Retaliation","RumiaBox-????????","SCP261 Mod","Slumbering Mod","Spicy Shops","Spikes Relics","StSLib","Stuff the Spire","The Administrix","The Animator","The Bug Knight","The Construct","The Cursed","The Hierophant","The Jungle","The Sage","The Saiyan","The Vixen","TheBandit","TheFirefly","Trackpad","Wandering Minibosses","WarShipGirlsR/????R mod","Yuri Mod","vexMod"],"gold_per_floor":[99,99,115,129,129,143,143,143,153,153,184,195,229,58,70,165,165,165,175,186,186,186,186],"floor_reached":21,"playtime":2015,"items_purged":["champ:Defend"],"score":191,"play_id":"c6052ab3-a9b1-4b06-a372-daea7cb76e9c","local_time":"20210109180706","is_ascension_mode":false,"campfire_choices":[{"data":"champ:Strike","floor":1,"key":"PURGE"},{"data":"champ:DefensiveStyle","floor":8,"key":"SMITH"},{"data":"champ:EnGarde","floor":10,"key":"SMITH"},{"floor":18,"key":"DIG"}],"circlet_count":0,"master_deck":["champ:Strike","champ:Strike","champ:Strike","champ:Defend","champ:Defend","champ:Defend","champ:Execute+1","champ:Taunt","champ:FaceSlap","champ:PreciseThrust","champ:DefensiveStyle+1","champ:EnGarde+1","champ:FocusedDefense","champ:Riposte","champ:SkillfulDodge","champ:EnGarde","champ:PerfectForm","champ:BerserkerStyle"],"relics":["champ:ChampionCrown","LetterFromLob","LugNut","trackpad:DisasterInABottle","Pet Ghost","Philosopher\u0027s Stone"],"acts_visited":["Exordium","TheCity"],"potions_floor_usage":[16,16,16],"damage_taken":[{"damage":6,"enemies":"Hallownest:monsterHuskWarrior","floor":3,"turns":3},{"damage":17,"enemies":"Hallownest:monsterHuskGuard","floor":4,"turns":4},{"damage":10,"enemies":"Hallownest:2_Baldur","floor":6,"turns":3},{"damage":19,"enemies":"Hallownest:Guard_and_Warrior","floor":9,"turns":6},{"damage":20,"enemies":"Hallownest:eliteMossKnight","floor":11,"turns":5},{"damage":6,"enemies":"Hallownest:monsterFoolEater","floor":12,"turns":3},{"damage":27,"enemies":"Hallownest:eliteCrystalGuardian","floor":13,"turns":6},{"damage":5,"enemies":"downfall:FleeingMerchant","floor":14,"turns":4},{"damage":10,"enemies":"Hallownest:1_Baldur_1_Crawlid_1_Warrior","floor":15,"turns":5},{"damage":12,"enemies":"downfall:Defect","floor":16,"turns":4},{"damage":59,"enemies":"conspire:FuzzyDice","floor":19,"turns":5},{"damage":40,"enemies":"3 Byrds","floor":20,"turns":5},{"damage":20,"enemies":"Snecko","floor":21,"turns":4}],"seed_played":"8515577064715333550","potions_obtained":[{"floor":3,"key":"Regen Potion"},{"floor":6,"key":"Explosive Potion"},{"floor":9,"key":"ColorlessPotion"}],"is_trial":false,"path_per_floor":["R","?","M","M","?","M","T","R","M","R","E","M","E","$","M","B",null,"R","M","M","M"],"character_chosen":"THE_CHAMP","items_purchased":["champ:EnGarde"],"campfire_rested":0,"item_purchase_floors":[14],"current_hp_per_floor":[90,90,89,77,90,85,85,85,76,76,66,60,33,33,23,25,90,90,44,14,0,0,0],"gold":186,"neow_bonus":"UPGRADE_CARD","is_daily":false,"chose_seed":false,"campfire_upgraded":2,"win_rate":0.0,"timestamp":1610212026,"path_taken":["R","?","M","M","?","M","T","R","M","R","E","?","E","$","M","BOSS","R","M","M","M"],"items_purchased_type":["Card"],"build_version":"2020-12-22","purchased_purges":1,"victory":false,"max_hp_per_floor":[90,90,90,90,90,90,90,90,90,90,90,90,90,90,90,90,90,90,90,90,90,90,90],"card_choices":[{"not_picked":["champ:GladiatorsShout","champ:BerserkersShout"],"picked":"champ:FaceSlap","floor":3},{"not_picked":["champ:IgnorePain","champ:GutPunch"],"picked":"champ:PreciseThrust","floor":4},{"not_picked":["champ:Riposte","champ:TornadoPunch"],"picked":"champ:DefensiveStyle","floor":6},{"not_picked":["champ:HeavySlash","champ:AdrenalArmor"],"picked":"champ:EnGarde","floor":9},{"not_picked":["champ:GutPunch","champ:RapidStrikes"],"picked":"champ:FocusedDefense","floor":11},{"not_picked":["champ:Shatter","champ:DefensiveStyle"],"picked":"champ:Riposte","floor":12},{"not_picked":["champ:Lariat","champ:GladiatorsShout"],"picked":"champ:SkillfulDodge","floor":13},{"not_picked":["champ:FocusedDefense","champ:DefensiveShout","champ:Duel"],"picked":"SKIP","floor":14},{"not_picked":["champ:FlashCut","champ:Backstep","champ:DefensiveStyle"],"picked":"SKIP","floor":15},{"not_picked":["champ:DancingMaster","champ:IgnorePain"],"picked":"champ:PerfectForm","floor":16},{"not_picked":["champ:PreciseThrust","champ:FlashCut","champ:PerfectedStrike"],"picked":"SKIP","floor":19},{"not_picked":["champ:DefensiveStyle","champ:BringItOn"],"picked":"champ:BerserkerStyle","floor":20}],"player_experience":555875,"relics_obtained":[{"floor":3,"key":"LetterFromLob"},{"floor":7,"key":"LugNut"},{"floor":11,"key":"trackpad:DisasterInABottle"},{"floor":13,"key":"Pet Ghost"}],"event_choices":[],"is_beta":false,"boss_relics":[{"not_picked":["trackpad:StolenKidneys","hubris:TerracottaHorce"],"picked":"Philosopher\u0027s Stone"}],"items_purged_floors":[14],"is_endless":false,"potions_floor_spawned":[3,6,9,13],"killed_by":"Snecko","ascension_level":0}}