{"host":"zyr8epy5qmtlh8g0","time":1610177864,"event":{"mods":["Arknights The Spire","BaseMod","Colored Map","Downfall","Minty Spire (QoL Compilation)","MostiFishMod","Quick Restart","Replay The Spire","Spicy Shops","StSLib","TestMod","【遗物卡牌】REMEMod","篝火指南"],"gold_per_floor":[99,113,127,144,157,157,157,167,567,598,598,598,598,625,635,737,737,737,747,254,254,98,206,233,261,280,280,292,292,312,332,351,450,450,450,465,557,567,181,181,205,205,223,242,242,262,262,357,373,373],"floor_reached":51,"playtime":1891,"items_purged":["Writhe"],"score":855,"play_id":"dac26068-96b9-4dde-b56f-851576357296","local_time":"20210109153744","is_ascension_mode":false,"campfire_choices":[{"data":"Slimebound:CorrosiveSpit","floor":1.0,"key":"SMITH"},{"floor":11.0,"key":"REST"},{"data":"Slimebound:SplitMire","floor":13.0,"key":"SMITH"},{"data":"MostiFishMod:FrostNova","floor":29,"key":"SMITH"},{"floor":35,"key":"DIG"},{"data":"Slimebound:SplitAcid","floor":42,"key":"SMITH"},{"data":"Slimebound:Prepare","floor":47,"key":"SMITH"}],"circlet_count":0,"master_deck":["Slimebound:Strike_Slimebound","Slimebound:Strike_Slimebound","Slimebound:Strike_Slimebound","Slimebound:Tackle","Slimebound:Defend_Slimebound","Slimebound:Defend_Slimebound","Slimebound:Defend_Slimebound","Slimebound:Split+1","Slimebound:CorrosiveSpit+1","Slimebound:MassRepurpose","Slimebound:GoopSpray","Slimebound:FinishingTackle","Slimebound:GoopTackle","Slimebound:SplitMire+1","Slimebound:Repurpose","Slimebound:CheckThePlaybook+1","Slimebound:PressTheAttack","Slimebound:Dissolve+1","Slimebound:GoopTackle","Slimebound:LeechLife+1","MostiFishMod:FrostNova+1","MostiFishMod:WinterMarkForm+1","Slimebound:Schlurp","REME_WheelOfFate+1","Slimebound:SplitAcid+1","Slimebound:HauntingLick+1","Slimebound:SpikyOuterGoop+1","expansioncontent:Flail+1","Slimebound:LivingWall+1","Slimebound:FormOfPuddle+1","Slimebound:SplitBruiser+1","Slimebound:PrepareCrush+1","Slimebound:DisruptingSlam","Slimebound:Prepare+1","Slimebound:SplitAcid+1","Pot Of Greed","Pot Of Greed","Pot Of Greed","Pot Of Greed","Slimebound:RallyTheTroops+1","MostiFishMod:Neptune","MostiFishMod:TheEndOfMoonlight","MostiFishMod:SparklingWater","MostiFishMod:FantasySummer","MostiFishMod:NightSea","Slimebound:SlimeSpikes+1","Slimebound:SplitAcid+1","Slimebound:SplitLeeching+1","Slimebound:BestDefense+1","Slimebound:OozeBath+1","Pot Of Greed","Slimebound:Equalize","Slimebound:LeechingTouch+1"],"relics":["Slimebound:AbsorbEndCombat","testmod-TestBox","REME_ComplimentaryCards","testmod-ArcanaOfDestiny","ThornShield","MealTicket","Golden Egg","Art of War","FrostBlade","testmod-OneHitWonder","Happy Flower","Letter Opener","SynthV","Blue Doll","Ancient Tea Set","Incense Burner","Grinning Jar","MoonlightInvasionPlan","Lantern","testmod-Muramasa","Replay:Rubber Ducky"],"acts_visited":["Exordium","TheCity","TheBeyond"],"potions_floor_usage":[49],"damage_taken":[{"damage":11.0,"enemies":"2 Louse","floor":2.0,"turns":2.0},{"damage":7.0,"enemies":"Cultist","floor":3.0,"turns":3.0},{"damage":11.0,"enemies":"Jaw Worm","floor":4.0,"turns":3.0},{"damage":15.0,"enemies":"3 Louse","floor":5.0,"turns":2.0},{"damage":24.0,"enemies":"Lots of Slimes","floor":8.0,"turns":4.0},{"damage":28.0,"enemies":"Replay:BlueRogue","floor":10.0,"turns":3.0},{"damage":14.0,"enemies":"Lagavulin","floor":14.0,"turns":3.0},{"damage":11.0,"enemies":"Red Slaver","floor":15.0,"turns":2.0},{"damage":24.0,"enemies":"downfall:Watcher","floor":16.0,"turns":4.0},{"damage":10.0,"enemies":"3 Byrds","floor":19.0,"turns":2.0},{"damage":28.0,"enemies":"downfall:FleeingMerchant","floor":20.0,"turns":4.0},{"damage":31,"enemies":"Replay:Snechameleon","floor":23,"turns":4},{"damage":23,"enemies":"Book of Stabbing","floor":25,"turns":4},{"damage":9,"enemies":"Chosen","floor":26,"turns":1},{"damage":9,"enemies":"3 Cultists","floor":28,"turns":2},{"damage":13,"enemies":"Snecko","floor":30,"turns":2},{"damage":7,"enemies":"Sentry and Sphere","floor":31,"turns":2},{"damage":6,"enemies":"Shelled Parasite and Fungi","floor":32,"turns":3},{"damage":24,"enemies":"downfall:Silent","floor":33,"turns":4},{"damage":10,"enemies":"3 Darklings","floor":36,"turns":2},{"damage":3,"enemies":"Orb Walker","floor":37,"turns":2},{"damage":12,"enemies":"Spire Growth","floor":38,"turns":2},{"damage":0,"enemies":"4 Shapes","floor":43,"turns":2},{"damage":2,"enemies":"Jaw Worm Horde","floor":44,"turns":2},{"damage":11,"enemies":"Spire Growth","floor":46,"turns":3},{"damage":4,"enemies":"3 Darklings","floor":48,"turns":4},{"damage":16,"enemies":"Transient","floor":49,"turns":5},{"damage":10,"enemies":"downfall:Defect","floor":50,"turns":3}],"seed_played":"-180861189812950550","potions_obtained":[{"floor":4.0,"key":"PowerPotion"},{"floor":8.0,"key":"Languid Potion"},{"floor":10.0,"key":"champ:CounterPotion"},{"floor":23,"key":"Weak Potion"},{"floor":25,"key":"champ:CounterPotion"}],"is_trial":false,"path_per_floor":["R","M","M","M","M","?","T","M","?","E","R","?","R","E","M","B",null,"R_BF","M","$","?","$","E","T","E","M","?","M","R","M","M","M","B",null,"R_BF","M","M","M","?","?","T","R","M","M","?","M","R","M","M","B",null],"character_chosen":"SLIMEBOUND","items_purchased":["REME_WheelOfFate","testmod-OneHitWonder","Happy Flower","Slimebound:SplitAcid","Slimebound:HauntingLick","Slimebound:SpikyOuterGoop","expansioncontent:Flail","SynthV","testmod-Muramasa"],"campfire_rested":1,"item_purchase_floors":[20,20,20,20,20,20,20,22,39],"current_hp_per_floor":[60,53,50,47,36,36,36,42,42,22,40,40,40,48,45,45,60,60,50,52,52,60,52,52,59,54,54,49,49,48,53,54,46,60,60,60,59,59,59,59,59,59,59,60,52,60,60,60,60,60],"gold":373,"neow_bonus":"ONE_RANDOM_RARE_CARD","is_daily":false,"chose_seed":false,"campfire_upgraded":5,"win_rate":0.0,"timestamp":1610177864,"path_taken":["R","M","M","M","M","?","T","?","?","E","R","?","R","E","M","BOSS","R_BF","M","$","?","$","E","T","E","M","?","M","R","M","M","M","BOSS","R_BF","M","M","M","?","?","T","R","M","M","?","M","R","?","M","BOSS"],"items_purchased_type":["Card","Relic","Relic","Card","Card","Card","Card","Relic","Relic"],"build_version":"2020-12-22","purchased_purges":1,"victory":true,"max_hp_per_floor":[60,60,60,60,60,60,60,60,60,60,60,60,60,60,60,60,60,60,60,60,60,60,60,60,60,60,60,60,60,60,60,60,60,60,60,60,60,60,60,60,60,60,60,60,60,60,60,60,60,60],"card_choices":[{"not_picked":["Slimebound:ViciousTackle","Slimebound:RejuvenatingLick"],"picked":"Slimebound:GoopSpray","floor":2.0},{"not_picked":["Slimebound:GrowthPunch","Slimebound:SamplingLick"],"picked":"Slimebound:FinishingTackle","floor":3.0},{"not_picked":["Slimebound:Schlurp","Slimebound:SamplingLick"],"picked":"Slimebound:GoopTackle","floor":4.0},{"not_picked":["Slimebound:LeechEnergy","Slimebound:ComboTackle"],"picked":"Slimebound:SplitMire","floor":5.0},{"not_picked":["Slimebound:ComboTackle","Slimebound:PressTheAttack"],"picked":"Slimebound:CheckThePlaybook","floor":8.0},{"not_picked":["Slimebound:GoopTackle","Slimebound:ComboTackle"],"picked":"Slimebound:PressTheAttack","floor":10.0},{"not_picked":["Slimebound:FinishingTackle","Slimebound:RollThrough"],"picked":"Slimebound:Dissolve","floor":14.0},{"not_picked":["Slimebound:SamplingLick","Slimebound:Gluttony"],"picked":"Slimebound:GoopTackle","floor":15.0},{"not_picked":["Slimebound:MassFeed","Slimebound:RallyTheTroops"],"picked":"Slimebound:LeechLife","floor":16.0},{"not_picked":["Slimebound:FinishingTackle+1","Slimebound:TongueLash"],"picked":"Slimebound:Schlurp","floor":19.0},{"not_picked":["Slimebound:SamplingLick+1","Slimebound:BestDefense"],"picked":"Slimebound:LivingWall+1","floor":23},{"not_picked":["Slimebound:LeechingTouch","Slimebound:SplitLeeching"],"picked":"Slimebound:FormOfPuddle+1","floor":25},{"not_picked":["Slimebound:Equalize","Slimebound:SplitMire"],"picked":"Slimebound:SplitBruiser+1","floor":26},{"not_picked":["Slimebound:SplitAcid","Slimebound:SamplingLick"],"picked":"Slimebound:PrepareCrush","floor":28},{"not_picked":["Slimebound:Replication","Slimebound:LeechEnergy"],"picked":"Slimebound:DisruptingSlam","floor":30},{"not_picked":["Slimebound:SplitLeeching","Slimebound:ComboTackle"],"picked":"Slimebound:Prepare","floor":31},{"not_picked":["Slimebound:LeadByExample","Slimebound:BestDefense"],"picked":"Slimebound:SplitAcid","floor":32},{"not_picked":["Slimebound:SlimeSlap","Slimebound:LeechLife"],"picked":"Slimebound:RallyTheTroops","floor":33},{"not_picked":["Slimebound:LeechEnergy","Slimebound:RainOfGoop+1"],"picked":"Slimebound:SlimeSpikes+1","floor":36},{"not_picked":["Slimebound:TongueLash","Slimebound:DisruptingSlam"],"picked":"Slimebound:SplitAcid+1","floor":37},{"not_picked":["Slimebound:LeechingTouch+1","Slimebound:Grow+1"],"picked":"Slimebound:SplitLeeching+1","floor":38},{"not_picked":["Slimebound:ProtectTheBoss","Slimebound:LeechingTouch"],"picked":"Slimebound:BestDefense+1","floor":43},{"not_picked":["Slimebound:SplitLeeching","Slimebound:PressTheAttack+1"],"picked":"Slimebound:OozeBath","floor":44},{"not_picked":["Slimebound:LeechingTouch","Slimebound:LeechEnergy","Slimebound:FinishingTackle"],"picked":"SKIP","floor":46},{"not_picked":["Slimebound:DisruptingSlam","Slimebound:RainOfGoop"],"picked":"Slimebound:Equalize","floor":48},{"not_picked":["Slimebound:LeechEnergy","Slimebound:BestDefense"],"picked":"Slimebound:LeechingTouch+1","floor":49}],"player_experience":63719,"relics_obtained":[{"floor":7.0,"key":"MealTicket"},{"floor":10.0,"key":"Golden Egg"},{"floor":14.0,"key":"Art of War"},{"floor":23,"key":"Blue Doll"},{"floor":24,"key":"Ancient Tea Set"},{"floor":25,"key":"Incense Burner"},{"floor":35,"key":"Lantern"},{"floor":41,"key":"Replay:Rubber Ducky"}],"event_choices":[{"damage_healed":0.0,"max_hp_gain":0.0,"max_hp_loss":0.0,"gold_gain":0.0,"cards_transformed":["Second Wind"],"event_name":"Transmorgrifier","player_choice":"Transformed","floor":6.0,"gold_loss":0.0,"damage_taken":0.0,"cards_obtained":["Slimebound:Repurpose"]},{"damage_healed":0.0,"max_hp_gain":0.0,"max_hp_loss":0.0,"gold_gain":400.0,"event_name":"恩洛斯的盘子","player_choice":"Sell","floor":9.0,"relics_lost":["DaveBox"],"gold_loss":0.0,"damage_taken":0.0},{"damage_healed":0.0,"max_hp_gain":0.0,"max_hp_loss":0.0,"gold_gain":0.0,"event_name":"Upgrade Shrine","player_choice":"Upgraded","floor":12.0,"gold_loss":0.0,"damage_taken":0.0,"cards_upgraded":["Slimebound:CheckThePlaybook"]},{"damage_healed":0.0,"max_hp_gain":0.0,"max_hp_loss":0.0,"gold_gain":0.0,"event_name":"NoteForYourself","player_choice":"Ignored","floor":18.0,"gold_loss":0.0,"damage_taken":0.0},{"damage_healed":0,"gold_gain":0,"player_choice":"Ignored","damage_taken":0,"max_hp_gain":0,"max_hp_loss":0,"event_name":"Vampires","floor":27,"gold_loss":0},{"damage_healed":0,"gold_gain":0,"player_choice":"Forge","damage_taken":0,"max_hp_gain":0,"max_hp_loss":0,"event_name":"Accursed Blacksmith","floor":40,"gold_loss":0,"cards_upgraded":["Slimebound:Split"]}],"is_beta":false,"boss_relics":[{"not_picked":["ReplayTheSpireMod:DimensionalGlitch","Painkiller Herb"],"picked":"FrostBlade"},{"not_picked":["Replay:Bronze Core","Replay:Drink Me"],"picked":"MoonlightInvasionPlan"}],"items_purged_floors":[39],"is_endless":false,"potions_floor_spawned":[4,8,10,14,15,23,25,28,33,37,38],"ascension_level":0}}