{"host":"3mt4w4o4jnuk8q1t","time":1610195882,"event":{"mods":["Act Like it!","BaseMod","Colored Map","Colored Powertips","Decade(王小明)","GungeonMod","Hermit","Jedi Mod","Lobotomy","LobotomyExtend","Marisa（F雨　魔理沙）","Minty Spire (QoL Compilation)","Reimu（博丽灵梦）","Remilia（蕾米莉亚）","Replay The Spire","RumiaBox-露米娅的神秘盒子","Shop Mod","Spicy Shops","StSLib","The Bug Knight","Waifu the Spire","Yakumo Yukari mod","Youmu（魂魄妖梦）","[IsaacMod]以撒尖塔","【功能Mod】混沌之环修复补丁","【功能Mod】聪明的最终Boss"],"gold_per_floor":[-300,-285,-269,-259,-244,-217,-217,-205,-205,-205,-205,-205,-186,-156,-156,-55,-55,-42,-26,-9,9,66,95,95,95,95,95,95,95,95,95,95,95,95],"floor_reached":33,"playtime":3851,"items_purged":[],"score":327,"play_id":"cd011898-e4d3-4f4e-98c7-156401b9aefb","local_time":"20210109203802","is_ascension_mode":false,"campfire_choices":[{"data":"DecadeViolentEmotion","floor":7.0,"key":"SMITH"},{"floor":10.0,"key":"RECALL"},{"floor":15.0,"key":"DIG"},{"data":"KamenRideKuuga","floor":25.0,"key":"SMITH"}],"circlet_count":0,"master_deck":[],"relics":["Decadriver","TOEIDeficitBill","HushsDoor","SteamSale","Baka","LetterFromLob","jedi:crownofsimplicity","Juzu Bracelet","SSSystem","MagicMushroom","DemoMod:GlassGuonStoneRelic","TheBean","Chameleon Ring"],"acts_visited":["Exordium","TheCity"],"potions_floor_usage":[],"damage_taken":[{"damage":0.0,"enemies":"Cultist","floor":1.0,"turns":4.0},{"damage":10.0,"enemies":"2 Louse","floor":2.0,"turns":5.0},{"damage":0.0,"enemies":"Jaw Worm","floor":3.0,"turns":3.0},{"damage":26.0,"enemies":"Blue Slaver","floor":4.0,"turns":6.0},{"damage":14.0,"enemies":"2 Fungi Beasts","floor":5.0,"turns":3.0},{"damage":13.0,"enemies":"Lagavulin","floor":6.0,"turns":6.0},{"damage":2.0,"enemies":"Large Slime","floor":8.0,"turns":1.0},{"damage":0.0,"enemies":"3 Louse","floor":13.0,"turns":2.0},{"damage":6.0,"enemies":"HollowMod:MossKnight","floor":14.0,"turns":3.0},{"damage":2.0,"enemies":"Fading Forest","floor":16.0,"turns":11.0},{"damage":0.0,"enemies":"Chosen","floor":18.0,"turns":2.0},{"damage":13.0,"enemies":"3 Byrds","floor":19.0,"turns":1.0},{"damage":9.0,"enemies":"Cultist and Chosen","floor":20.0,"turns":7.0},{"damage":21.0,"enemies":"Centurion and Healer","floor":21.0,"turns":3.0},{"damage":0.0,"enemies":"Replay:Snechameleon","floor":23.0,"turns":3.0},{"damage":0.0,"enemies":"Snake Plant","floor":24.0,"turns":2.0},{"damage":0,"enemies":"Champ","floor":33,"turns":2}],"seed_played":"4947581543468740117","potions_obtained":[{"floor":1.0,"key":"jedi:StrikingPotion"},{"floor":4.0,"key":"SmokeBomb"},{"floor":5.0,"key":"DuplicationPotion"},{"floor":13.0,"key":"Reflective Coating"},{"floor":16.0,"key":"ColorlessPotion"},{"floor":18.0,"key":"AttackPotion"},{"floor":20.0,"key":"Swift Potion"},{"floor":32.0,"key":"EssenceOfSteel"}],"is_trial":false,"path_per_floor":["M","M","M","M","M","E","R","M","T","R","$","?","M","E","R_BF","B",null,"M","M","M","M","?","E","M","R","T","$","M","?","$","?","R","B"],"character_chosen":"Decade","items_purchased":["Blade_Metal"],"campfire_rested":0,"item_purchase_floors":[11],"current_hp_per_floor":[70,60,60,34,20,10,10,8,8,8,8,8,13,7,7,35,77,77,64,56,36,21,22,28,28,28,28,28,28,28,76,76,77,77],"gold":95,"neow_bonus":"THREE_RARE_CARDS","is_daily":false,"chose_seed":false,"campfire_upgraded":2,"win_rate":0.0,"timestamp":1610195882,"path_taken":["M","M","M","M","M","E","R","?","T","R","$","?","?","E","R_BF","BOSS","M","M","M","M","?","E","M","R","T","$","M","?","$","?","R","BOSS"],"items_purchased_type":["Card"],"build_version":"2020-12-22","purchased_purges":0,"victory":false,"max_hp_per_floor":[70,70,70,70,70,70,70,70,70,70,70,70,70,70,70,70,77,77,77,77,77,77,77,77,77,77,77,77,77,77,77,77,77,77],"card_choices":[{"not_picked":["Hibiki_FEVER","NMDAZYYGL"],"picked":"DecadeViolentEmotion","floor":0.0},{"not_picked":["UnarmedAttack7","PrometheusPower"],"picked":"Kabuto_ClockUp","floor":1.0},{"not_picked":["Blade_Kick","Decade_Defend3"],"picked":"Blade_Beat","floor":1.0},{"not_picked":["DenO_Ax","FormRideTitan"],"picked":"UnarmedAttack7","floor":2.0},{"not_picked":["AutoVajin","KamenRideKiva"],"picked":"UnarmedAttack8","floor":2.0},{"not_picked":["DenO_Sword","DragClaw","FormRideTitan"],"picked":"SKIP","floor":2.0},{"not_picked":["DragClaw","FormRideGaruru","FormRideTitan"],"picked":"SKIP","floor":2.0},{"not_picked":["RideBooker","FormRideStorm","DecadeViolentEmotion"],"picked":"SKIP","floor":2.0},{"not_picked":["RideBooker","Dragreder"],"picked":"Blade_Kick","floor":3.0},{"not_picked":["UnarmedAttack3","FormRideDragon"],"picked":"Blade_Beat","floor":3.0},{"not_picked":["DenO_Gun","FormRideDragon"],"picked":"PhotonAcceleration","floor":3.0},{"not_picked":["FormRidePegasus","PrometheusPower","Hibiki_Attack2"],"picked":"SKIP","floor":3.0},{"not_picked":["UnarmedAttack3","Dragreder"],"picked":"Decade_Invisible","floor":4.0},{"not_picked":["FormRideFlame","FormRideDragon"],"picked":"Kuuga_GouramAttack","floor":4.0},{"not_picked":["RideBooker","FormRideFlame","Kuuga_Rising"],"picked":"SKIP","floor":4.0},{"not_picked":["RideBooker_Skill_3","FormRideTitan"],"picked":"AttackRide","floor":5.0},{"not_picked":["Decade_Dash2","FormRideDragon"],"picked":"MirrorWorld","floor":5.0},{"not_picked":["FormRideTitan","Bomb","DragClaw"],"picked":"SKIP","floor":5.0},{"not_picked":["DenO_Ax","DenO_Rod","Bomb"],"picked":"SKIP","floor":5.0},{"not_picked":["Bomb","UnarmedAttack6"],"picked":"KamenRideKuuga","floor":6.0},{"not_picked":["Blade_Slash","Decade_Dash1"],"picked":"KamenRideKabuto","floor":6.0},{"not_picked":["UnarmedAttack7","Decade_Illusion"],"picked":"Kuuga_GouramAttack","floor":6.0},{"not_picked":["FormRide","Kiva_Eat"],"picked":"KamenRideKiva","floor":8.0},{"not_picked":["Decade_Dash1","RideBooker"],"picked":"UnarmedAttack6","floor":8.0},{"not_picked":["PrometheusPower","DenO_Ax","Hibiki_Attack2"],"picked":"SKIP","floor":8.0},{"not_picked":["KamenRideHibiki","Hibiki_Attack1"],"picked":"Blade_Beat","floor":13.0},{"not_picked":["FormRideDogga","UnarmedAttack3"],"picked":"UnarmedAttack5","floor":13.0},{"not_picked":["DenO_Rod","DenO_Sword","Bomb"],"picked":"SKIP","floor":13.0},{"not_picked":["Hibiki_Attack1","KamenRideAgito"],"picked":"FormRideDragon","floor":14.0},{"not_picked":["Dragreder","Bomb"],"picked":"FormRideDogga","floor":14.0},{"not_picked":["DenO_Rod","PrometheusPower"],"picked":"Blade_Metal","floor":14.0},{"not_picked":["DecadeViolentEmotion","TimeVent"],"picked":"UnarmedAttack9","floor":16.0},{"not_picked":["DenO_Climax","Hibiki_FEVER"],"picked":"NMDAZYYGL","floor":16.0},{"not_picked":["NMDAZYYGL","Kiva_Eat"],"picked":"Kuuga_Rising","floor":16.0},{"not_picked":["KamenRideBlade","FormRideStorm"],"picked":"RideBooker_Skill_2+1","floor":18.0},{"not_picked":["RideBooker","FormRideStorm"],"picked":"UnarmedAttack4","floor":18.0},{"not_picked":["FormRideDogga","DenO_Gun","DenO_Rod+1"],"picked":"SKIP","floor":18.0},{"not_picked":["Kuuga_Rising","UnarmedAttack4"],"picked":"FormRideTitan+1","floor":19.0},{"not_picked":["AutoVajin","DenO_Gun"],"picked":"UnarmedAttack4+1","floor":19.0},{"not_picked":["RideBooker_Skill_1","FormRideBasshaa"],"picked":"UnarmedAttack9","floor":19.0},{"not_picked":["Dragreder","PrometheusPower","FormRideGaruru"],"picked":"SKIP","floor":19.0},{"not_picked":["FormRideFlame+1","KamenRideDecade","DragShield"],"picked":"SKIP","floor":19.0},{"not_picked":["Kiva_Swallow","RideBooker+1"],"picked":"FormRideTitan","floor":20.0},{"not_picked":["FormRideFlame","Decade_Dash1"],"picked":"Blade_Metal+1","floor":20.0},{"not_picked":["DenO_Ax","Decade_Dash2","Hibiki_Attack2"],"picked":"SKIP","floor":20.0},{"not_picked":["Kiva_Frozen+1","UnarmedAttack1"],"picked":"KamenRideKuuga","floor":21.0},{"not_picked":["UnarmedAttack1","Blade_Beat"],"picked":"Blade_Mach","floor":21.0},{"not_picked":["FormRideDragon","FormRideJack"],"picked":"UnarmedAttack5+1","floor":21.0},{"not_picked":["UnarmedAttack1+1","KamenRideHibiki"],"picked":"Kiva_Bats+1","floor":23.0},{"not_picked":["Dragreder","FormRideDogga+1"],"picked":"RideBooker_Skill_1","floor":23.0},{"not_picked":["Blade_Slash+1","AttackRide"],"picked":"Blade_Beat","floor":23.0},{"not_picked":["Blade_Slash","FormRideDogga"],"picked":"FormRidePegasus","floor":23.0},{"not_picked":["Decade_Dash2","NMDAZYYGL","Hibiki_Attack1"],"picked":"SKIP","floor":23.0},{"not_picked":["AttackRide","KamenRideDecade+1"],"picked":"UnarmedAttack5+1","floor":24.0},{"not_picked":["TimeVent","Decade_Dash2","RideBooker"],"picked":"SKIP","floor":24.0},{"not_picked":["DenO_Gun","FormRideGaruru","Dragreder"],"picked":"SKIP","floor":24.0},{"not_picked":["Decade_Defend3","Hibiki_Attack2","FormRideFlame"],"picked":"SKIP","floor":24.0}],"player_experience":170845,"relics_obtained":[{"floor":1.0,"key":"Baka"},{"floor":1.0,"key":"LetterFromLob"},{"floor":6.0,"key":"jedi:crownofsimplicity"},{"floor":14.0,"key":"Juzu Bracelet"},{"floor":15.0,"key":"SSSystem"},{"floor":23.0,"key":"TheBean"},{"floor":26.0,"key":"Chameleon Ring"}],"event_choices":[{"damage_healed":0.0,"max_hp_gain":0.0,"max_hp_loss":0.0,"gold_gain":0.0,"event_name":"Shining Light","player_choice":"Ignored","floor":12.0,"gold_loss":0.0,"damage_taken":0.0},{"damage_healed":0.0,"max_hp_gain":0.0,"max_hp_loss":0.0,"gold_gain":0.0,"event_name":"Ghosts","player_choice":"Ignored","floor":29.0,"gold_loss":0.0,"damage_taken":0.0}],"is_beta":false,"boss_relics":[{"not_picked":["Honey Jar","Cursed Key"],"picked":"MagicMushroom"},{"not_picked":[]}],"items_purged_floors":[],"is_endless":false,"potions_floor_spawned":[1,4,5,13,16,18,20],"killed_by":"Champ","ascension_level":0}}