{"host":"Ceyx","time":1610196903,"event":{"mods":["BaseMod","Beaked The Cultist","Better Third Choice","BetterRewards","Conspire","Downfall","Exacting","Hermit","Hubris","Infinite Spire","Lobotomy","Minty Spire (QoL Compilation)","Permanent Neow","Replay The Spire","Shop Mod","StSLib","The Alterego","The Jungle","The Poker Player"],"gold_per_floor":[111,111,111,111,141,173,223,223,223,248,248,281,281,231,231,335,335,397,409,423,235,250,283,283,283,355,375,400,410,410,420,470,625,625,708,742,761,811,823,849,849,874,926,963,1013,1000,1000,324,324,329],"floor_reached":51,"playtime":9935,"items_purged":[],"score":906,"play_id":"217d9d4e-3ce6-4ff7-bf64-9128d328d5d1","local_time":"20210109195503","is_ascension_mode":false,"campfire_choices":[{"floor":8.0,"key":"REST"},{"data":"alterego_mod:Punishment","floor":11.0,"key":"SMITH"},{"data":"alterego_mod:TrashNCrash","floor":15.0,"key":"SMITH"},{"data":"ReplayTheSpireMod:Book of Names","floor":24,"key":"SMITH"},{"data":"Madness","floor":32,"key":"PURGE"},{"data":"alterego_mod:ClassAdvantage","floor":41,"key":"SMITH"},{"floor":49,"key":"DIG"}],"circlet_count":0,"master_deck":["alterego_mod:Strike","alterego_mod:Strike","alterego_mod:Strike","alterego_mod:Defend","alterego_mod:Defend","alterego_mod:Defend","alterego_mod:Impale","alterego_mod:BigMeatyClaws","alterego_mod:BrynhildrsRune","alterego_mod:Punishment+1","alterego_mod:TrashNCrash+1","ReplayTheSpireMod:Book of Names+1","alterego_mod:Bloomers","alterego_mod:Birthday","alterego_mod:TrickOrTreatment","alterego_mod:SakuraFive","alterego_mod:Tantrum","alterego_mod:Rip+1","alterego_mod:Cooking","alterego_mod:Santa","alterego_mod:RocketPunch","alterego_mod:Valkyrie","alterego_mod:Pet","alterego_mod:Undulate","alterego_mod:BreastValley","alterego_mod:Skirt","alterego_mod:TrashNCrash+1","alterego_mod:Schoolgirl+1","alterego_mod:GoddessCore+1","alterego_mod:GoddessCore+1","alterego_mod:RidiculouslyBig+1","alterego_mod:ClassAdvantage+1","alterego_mod:Rip","alterego_mod:Cushion+1","alterego_mod:Vow+1","alterego_mod:IndependentAction+1","Parasite","alterego_mod:Mirror+1","alterego_mod:SakuraLabyrinth+1","alterego_mod:Cycle+1","expansioncontent:Collect","Dramatic Entrance","ReplayUltimateDefense","alterego_mod:Exercise","alterego_mod:Bounce","alterego_mod:SakuraLabyrinth+1","alterego_mod:Cooking+1","alterego_mod:Complex","HandOfGreed","Pot Of Greed+1","Pot Of Greed+1","Pot Of Greed+1","Pot Of Greed+1","Pot Of Greed+1"],"relics":["alterego_mod:MasochisticConstitution","infinitespire:CheckeredPen","MealTicket","hubris:MobiusCoin","infinitespire:EmpoweringShard","Bronze Scales","hubris:BlackHole","BargainBundle","Replay:Ringing Soul","Lantern","Toxic Egg 2","Peace Pipe","Runic Pyramid","ReplayTheSpireMod:Lightbulb","hubris:Towel","OrangePellets","Grinning Jar","Akabeko"],"acts_visited":["Exordium","TheCity","TheBeyond"],"potions_floor_usage":[16,20,22,31,35,50],"damage_taken":[{"damage":4.0,"enemies":"Jaw Worm","floor":1.0,"turns":5.0},{"damage":3.0,"enemies":"2 Louse","floor":5.0,"turns":2.0},{"damage":19.0,"enemies":"Lagavulin","floor":6.0,"turns":6.0},{"damage":29.0,"enemies":"3 Sentries","floor":10.0,"turns":6.0},{"damage":1.0,"enemies":"Small Slimes","floor":12.0,"turns":3.0},{"damage":9,"enemies":"Fading Forest","floor":16,"turns":11},{"damage":0,"enemies":"Spheric Guardian","floor":18,"turns":2},{"damage":22,"enemies":"conspire:FuzzyDice","floor":19,"turns":3},{"damage":12,"enemies":"Snake Plant","floor":20,"turns":2},{"damage":8,"enemies":"Sentry and Sphere","floor":22,"turns":3},{"damage":0,"enemies":"conspire:Head Lice","floor":23,"turns":2},{"damage":5,"enemies":"Snecko","floor":27,"turns":3},{"damage":4,"enemies":"Centurion and Healer","floor":29,"turns":4},{"damage":0,"enemies":"Snake Plant","floor":31,"turns":3},{"damage":22,"enemies":"hubris:MusketHawk","floor":33,"turns":5},{"damage":0,"enemies":"Orb Walker","floor":35,"turns":1},{"damage":0,"enemies":"3 Darklings","floor":36,"turns":3},{"damage":0,"enemies":"Spire Growth","floor":37,"turns":3},{"damage":0,"enemies":"Maw","floor":39,"turns":7},{"damage":24,"enemies":"Writhing Mass","floor":40,"turns":5},{"damage":0,"enemies":"Spire Growth","floor":42,"turns":5},{"damage":17,"enemies":"3 Darklings","floor":44,"turns":4},{"damage":18,"enemies":"Sphere and 2 Shapes","floor":46,"turns":2},{"damage":28,"enemies":"Donu and Deca","floor":50,"turns":3}],"seed_played":"2711716979170604641","potions_obtained":[{"floor":1.0,"key":"Regen Potion"},{"floor":10.0,"key":"GamblersBrew"},{"floor":16,"key":"Death Potion"},{"floor":18,"key":"Regen Potion"},{"floor":27,"key":"champ:CounterPotion"},{"floor":29,"key":"AttackPotion"},{"floor":30,"key":"PowerPotion"},{"floor":35,"key":"LiquidBronze"},{"floor":36,"key":"conspire:TimeTravelPotion"}],"is_trial":false,"path_per_floor":["M","?","?","?","M","E","?","R","T","E","R","M","?","?","R","B",null,"M","M","M","$","M","E","R","AVR","T","M","?","M","?","M","R","B",null,"M","M","M","?","M","M","R","M","T","M","?","M","?","$","R","B",null],"character_chosen":"The_Alterego","items_purchased":["BargainBundle","alterego_mod:RocketPunch","alterego_mod:Valkyrie","alterego_mod:Pet","alterego_mod:Undulate","alterego_mod:BreastValley","Madness","GamblersBrew","Strength Potion","FairyPotion","The Bomb","OrangePellets","alterego_mod:Bounce","alterego_mod:SakuraLabyrinth+1","alterego_mod:Cooking+1","alterego_mod:Complex","HandOfGreed","Grinning Jar"],"campfire_rested":1,"item_purchase_floors":[21,21,21,21,21,21,21,21,21,21,21,48,48,48,48,48,48,48],"current_hp_per_floor":[67,67,60,43,41,23,23,44,44,55,55,61,61,61,61,55,76,76,57,48,63,61,85,85,85,85,84,52,55,55,69,69,66,103,106,109,112,122,125,108,108,116,116,136,129,117,117,135,135,114],"gold":329,"neow_bonus":"RANDOM_EVENT","is_daily":false,"chose_seed":false,"campfire_upgraded":4,"win_rate":0.0,"timestamp":1610196903,"path_taken":["M","?","?","?","M","E","?","R","T","E","R","?","?","?","R","BOSS","M","M","M","$","M","E","R","AVR","T","M","?","M","?","M","R","BOSS","M","M","M","?","M","?","R","M","T","M","?","M","?","$","R","BOSS"],"items_purchased_type":["Relic","Card","Card","Card","Card","Card","Card","Potion","Potion","Potion","Card","Relic","Card","Card","Card","Card","Card","Relic"],"build_version":"2020-12-18","purchased_purges":0,"victory":true,"max_hp_per_floor":[71,71,71,71,72,73,73,73,73,74,74,75,75,75,75,76,76,76,77,78,78,82,85,85,85,85,89,92,96,96,99,99,103,103,106,109,112,122,125,129,129,132,132,136,139,143,143,146,146,147],"card_choices":[{"not_picked":["alterego_mod:Bounce","alterego_mod:Cushion"],"picked":"alterego_mod:Punishment","floor":1.0},{"not_picked":["infinitespire:SealOfDarkness+","infinitespire:Gouge"],"picked":"ReplayTheSpireMod:Book of Names","floor":4.0},{"not_picked":["alterego_mod:MagicResistance","alterego_mod:BiFurious"],"picked":"alterego_mod:Bloomers","floor":5.0},{"not_picked":["alterego_mod:Cycle","alterego_mod:SakuraPetals"],"picked":"alterego_mod:Birthday","floor":6.0},{"not_picked":["alterego_mod:InsideBaseball","alterego_mod:GoddessCore","alterego_mod:Rip"],"picked":"SKIP","floor":10.0},{"not_picked":["alterego_mod:Punishment","alterego_mod:Schoolgirl"],"picked":"alterego_mod:SakuraFive","floor":12.0},{"not_picked":["alterego_mod:Rake","alterego_mod:Valkyrie"],"picked":"alterego_mod:Tantrum","floor":16},{"not_picked":["alterego_mod:TrashNCrash+1","alterego_mod:Birthday"],"picked":"alterego_mod:Rip+1","floor":18},{"not_picked":["alterego_mod:Jiggle","alterego_mod:Exercise"],"picked":"alterego_mod:Cooking","floor":19},{"not_picked":["alterego_mod:MaintainEyeContact","alterego_mod:Maid"],"picked":"alterego_mod:Santa","floor":20},{"not_picked":["alterego_mod:DustData","alterego_mod:Undulate"],"picked":"alterego_mod:Skirt","floor":22},{"not_picked":["alterego_mod:RocketPunch","alterego_mod:SuperDuperMasochism"],"picked":"alterego_mod:TrashNCrash+1","floor":23},{"not_picked":["alterego_mod:MaintainEyeContact+1","alterego_mod:HighServant+1"],"picked":"alterego_mod:Schoolgirl+1","floor":27},{"not_picked":["alterego_mod:Valentines+1","alterego_mod:ChallengeComplete"],"picked":"alterego_mod:GoddessCore+1","floor":28},{"not_picked":["alterego_mod:MaintainEyeContact+1","alterego_mod:Belts"],"picked":"alterego_mod:GoddessCore+1","floor":29},{"not_picked":["alterego_mod:HighServant+1","alterego_mod:Jiggle+1"],"picked":"alterego_mod:RidiculouslyBig+1","floor":31},{"not_picked":["alterego_mod:Rake","alterego_mod:Valkyrie"],"picked":"alterego_mod:ClassAdvantage","floor":33},{"not_picked":["alterego_mod:Mirror+1","alterego_mod:BoobPocket+1"],"picked":"alterego_mod:Rip","floor":35},{"not_picked":["alterego_mod:DestructionOfProperty+1","alterego_mod:TrashNCrash+1"],"picked":"alterego_mod:Cushion+1","floor":36},{"not_picked":["alterego_mod:Pet+1","alterego_mod:PurpleHair+1"],"picked":"alterego_mod:Vow+1","floor":37},{"not_picked":["alterego_mod:TrashNCrash+1","alterego_mod:Complex+1"],"picked":"alterego_mod:IndependentAction+1","floor":39},{"not_picked":["alterego_mod:RidiculouslyBig+1","alterego_mod:Pet+1"],"picked":"alterego_mod:Belle+1","floor":40},{"not_picked":["alterego_mod:Skirt+1","alterego_mod:DiscoLights+1"],"picked":"alterego_mod:Mirror+1","floor":42},{"not_picked":["alterego_mod:BustOut","alterego_mod:TrickOrTreatment"],"picked":"alterego_mod:SakuraLabyrinth+1","floor":44},{"not_picked":["alterego_mod:DeftHands","alterego_mod:Cooking+1"],"picked":"alterego_mod:Cycle+1","floor":44},{"not_picked":["hubris:EnhanceAbility","Replay:SS_forest_6"],"picked":"expansioncontent:Collect","floor":45},{"not_picked":["expansioncontent:GoopSpray+1","expansioncontent:SuperHexaguard+1"],"picked":"Dramatic Entrance","floor":45},{"not_picked":["expansioncontent:ManipulateTime+1","Forethought+1"],"picked":"ReplayUltimateDefense","floor":45},{"not_picked":["alterego_mod:BiFurious+1","alterego_mod:HighServant+1"],"picked":"alterego_mod:Exercise","floor":46}],"player_experience":570950,"relics_obtained":[{"floor":6.0,"key":"hubris:MobiusCoin"},{"floor":9.0,"key":"infinitespire:EmpoweringShard"},{"floor":10.0,"key":"Bronze Scales"},{"floor":22,"key":"Replay:Ringing Soul"},{"floor":23,"key":"Lantern"},{"floor":26,"key":"Toxic Egg 2"},{"floor":28,"key":"Peace Pipe"},{"floor":43,"key":"ReplayTheSpireMod:Lightbulb"},{"floor":49,"key":"Akabeko"}],"event_choices":[{"damage_healed":0.0,"max_hp_gain":0.0,"max_hp_loss":0.0,"gold_gain":0.0,"event_name":"Big Fish","player_choice":"Box","floor":0.0,"gold_loss":0.0,"damage_taken":0.0,"relics_obtained":["infinitespire:CheckeredPen"],"cards_obtained":["Regret"]},{"damage_healed":0.0,"max_hp_gain":0.0,"max_hp_loss":0.0,"gold_gain":0.0,"event_name":"betterThird:BetterScrap","player_choice":"Relic ","floor":3.0,"gold_loss":0.0,"damage_taken":7.0,"cards_obtained":["Poison Darts"]},{"damage_healed":0.0,"max_hp_gain":0.0,"max_hp_loss":0.0,"gold_gain":0.0,"cards_transformed":["alterego_mod:Strike"],"event_name":"Transmorgrifier","player_choice":"Transformed","floor":7.0,"gold_loss":0.0,"damage_taken":0.0,"cards_obtained":["alterego_mod:TrickOrTreatment"]},{"cards_removed":["alterego_mod:Defend"],"damage_healed":0.0,"max_hp_gain":0.0,"max_hp_loss":0.0,"gold_gain":0.0,"event_name":"Living Wall","player_choice":"Forget","floor":13.0,"gold_loss":0.0,"damage_taken":0.0},{"cards_removed":["Regret"],"damage_healed":0.0,"max_hp_gain":0.0,"max_hp_loss":0.0,"gold_gain":0.0,"event_name":"The Cleric","player_choice":"Card Removal","floor":14.0,"gold_loss":50.0,"damage_taken":0.0},{"damage_healed":0,"gold_gain":0,"player_choice":"Got Potions","damage_taken":0,"max_hp_gain":0,"max_hp_loss":0,"event_name":"Lab","floor":30,"gold_loss":0},{"cards_removed":["The Bomb"],"damage_healed":0,"gold_gain":0,"player_choice":"Offered Rare","damage_taken":0,"max_hp_gain":10,"max_hp_loss":0,"event_name":"Bonfire Elementals","floor":38,"gold_loss":0},{"damage_healed":0,"gold_gain":0,"player_choice":"Memory 3","damage_taken":10,"max_hp_gain":0,"max_hp_loss":0,"event_name":"SensoryStone","floor":45,"gold_loss":0}],"is_beta":true,"boss_relics":[{"not_picked":["beaked:SacredDeck","Fusion Hammer"],"picked":"hubris:BlackHole"},{"not_picked":["Empty Cage","Astrolabe"],"picked":"Runic Pyramid"}],"items_purged_floors":[],"is_endless":false,"potions_floor_spawned":[10,16,18,27,29,35,36,46],"ascension_level":0}}