{"host":"h23hlq20ir8sps7h","time":1610168161,"event":{"mods":["Act Like it!","Aspiration","BaseMod","BetterRewards","Colored Map","Conspire","Energized Spire","Friendly Minions","GifTheSpireLib","Halation","Hubris","Ironclad Rager","Minty Spire (QoL Compilation)","Permanent Neow","Prisma Mod","Quarter Circle Forward PUNCH!","Quick Restart","Railgun Mod","Remilia??????","Replay The Spire","SCP261 Mod","Shop Mod","Spikes Relics","StSLib","Stuff the Spire","The Animator","The Hierophant","The Problem Sleuth","The Runesmith","The Sage","Trackpad","Wandering Minibosses","vexMod"],"gold_per_floor":[119,131,206,49,123,151,170,170,170],"floor_reached":8,"playtime":658,"items_purged":[],"score":59,"play_id":"f03a19a4-761f-4a6b-8770-46430186614f","local_time":"20210108205601","is_ascension_mode":true,"campfire_choices":[],"circlet_count":0,"master_deck":["PrismaMod:ChloeCommonAttack","PrismaMod:ChloeCommonAttack","PrismaMod:ChloeCommonAttack","PrismaMod:ChloeCommonAttack","PrismaMod:ChloeCommonAttack","PrismaMod:ChloeCommonDefend","PrismaMod:ChloeCommonDefend","PrismaMod:ChloeCommonDefend","PrismaMod:ChloeCommonDefend","PrismaMod:ChloeCommonDefend","PrismaMod:ChloeCheapAttack","PrismaMod:ChloeCheapDefend","PrismaMod:ChloeCheapAttack","PrismaMod:ChloeUncommonAttack","PrismaMod:ChloeCheapAttackTwo","PrismaMod:ChloeAnyPowerTrace","PrismaMod:ChloeCheapAttackTwo","PrismaMod:ChloeExhaustThree","PrismaMod:ChloeCheapDefendTwo"],"relics":["PrismaMod:PrismaTraceOn","trackpad:Compendium","Runesmith:Locket"],"acts_visited":["Exordium"],"potions_floor_usage":[],"damage_taken":[{"damage":0,"enemies":"Cultist","floor":1,"turns":3},{"damage":0,"enemies":"2 Louse","floor":2,"turns":3},{"damage":15,"enemies":"3 Sentries","floor":6,"turns":6},{"damage":0,"enemies":"Jaw Worm","floor":7,"turns":3},{"damage":42,"enemies":"Gremlin Nob","floor":8,"turns":4}],"seed_played":"4423314252473819384","potions_obtained":[{"floor":1,"key":"BlessingOfTheForge"},{"floor":5,"key":"Reflective Coating"},{"floor":5,"key":"SCP261:SweetSwarmPotion"}],"is_trial":false,"path_per_floor":["M","M","?","$","?","E","M","E"],"character_chosen":"CHLOE","items_purchased":["PrismaMod:ChloeAnyPowerTrace"],"campfire_rested":0,"item_purchase_floors":[4],"current_hp_per_floor":[75,75,64,64,46,38,38,0,0],"gold":170,"neow_bonus":"THREE_CARDS","is_daily":false,"chose_seed":false,"campfire_upgraded":0,"win_rate":0.0,"timestamp":1610168161,"path_taken":["M","M","?","$","?","E","M","E"],"items_purchased_type":["Card"],"build_version":"2020-12-22","purchased_purges":0,"victory":false,"max_hp_per_floor":[75,75,75,75,75,75,75,75,75],"card_choices":[{"not_picked":["PrismaMod:ChloeCheapDefend","PrismaMod:ChloeCommonAOEAttack"],"picked":"PrismaMod:ChloeCheapAttack","floor":0},{"not_picked":["PrismaMod:ChloeMaid","PrismaMod:ChloeCommonAOEAttack"],"picked":"PrismaMod:ChloeUncommonAttack","floor":1},{"not_picked":["PrismaMod:ChloeCheapAttack","PrismaMod:ChloeCheapDefend"],"picked":"PrismaMod:ChloeCheapAttackTwo","floor":2},{"not_picked":["PrismaMod:ChloeRhongomyniad","PrismaMod:ChloeCheapAttack"],"picked":"PrismaMod:ChloeCheapAttackTwo","floor":5},{"not_picked":["PrismaMod:ChloeRhongomyniad","PrismaMod:ChloeCheapDefend"],"picked":"PrismaMod:ChloeExhaustThree","floor":6},{"not_picked":["PrismaMod:ChloeCheapAttackTwo","PrismaMod:ChloeCommonAOEAttack"],"picked":"PrismaMod:ChloeCheapDefendTwo","floor":7}],"player_experience":268697,"relics_obtained":[{"floor":5,"key":"trackpad:Compendium"},{"floor":6,"key":"Runesmith:Locket"}],"event_choices":[{"damage_healed":0,"gold_gain":75,"player_choice":"Gather Gold","damage_taken":11,"max_hp_gain":0,"max_hp_loss":0,"event_name":"World of Goop","floor":3,"gold_loss":0}],"is_beta":false,"boss_relics":[],"items_purged_floors":[],"is_endless":false,"potions_floor_spawned":[1,7],"killed_by":"Gremlin Nob","ascension_level":1}}