{"host":"wkcoec525dnrk4jw","time":1610190702,"event":{"mods":["BaseMod","Conspire","Lobotomy","Minty Spire (QoL Compilation)","Quick Restart","Replay The Spire","Shop Mod","StSLib","TestMod","The Bug Knight","The Cursed","[IsaacMod]ÒÔÈö¼âËþ","vexMod","¡¾ÒÅÎï¿¨ÅÆ¡¿REMEMod"],"gold_per_floor":[114,130,130,147,74,74,105,105,130,130,130,157,173,183,183,278,278,298,298,298,298,311,343,343,343,343,377,397,407,439,454,454,552,552,570,570,700,713,713,768,768,800,876,923,907,930,981,981,981,1017,1017,1017,1017,1080,1106],"floor_reached":56,"playtime":3425,"items_purged":["Regret"],"score":1732,"play_id":"8d41e201-ebf2-496e-943a-037a7aa3d474","local_time":"20210109191142","is_ascension_mode":true,"campfire_choices":[{"data":"EpicFetus","floor":6,"key":"SMITH"},{"floor":8,"key":"REST"},{"data":"DoctorFetus","floor":10,"key":"SMITH"},{"floor":15,"key":"REST"},{"floor":24,"key":"REST"},{"floor":32,"key":"REST"},{"floor":41,"key":"RECALL"},{"floor":49,"key":"REST"},{"floor":52,"key":"REST"}],"circlet_count":0,"master_deck":["conspire:GhostlyStrike","conspire:GhostlyStrike","conspire:GhostlyStrike","conspire:GhostlyStrike","conspire:GhostlyStrike","conspire:GhostlyDefend","conspire:GhostlyDefend","conspire:GhostlyDefend","conspire:GhostlyDefend","conspire:GhostlyDefend","Survivor","Neutralize+1","DoctorFetus+1","EpicFetus+1","Hidden Blade","Choke+1","Backflip","Survey Options","All Out Attack+1","testmod-Reverberation","ReplayTheSpireMod:Shiv Toss","Deflect","Infinite Blades","Endless Agony","Backstab+1","Sneak Up","Corpse Explosion","ReplayTheSpireMod:Necrogeddon","Deadly Poison","ReplayTheSpireMod:From All Sides","REME_ShadowStrike","testmod-LifeRuler","Escape Plan","Outmaneuver","Bane+1","Poisoned Stab","Poisoned Stab","Flying Knee","Flechettes","Skewer","Dagger Spray","REME_GrazeFinale","Noxious Fumes+1","DoctorFetus","All Out Attack","Prepared","Corpse Explosion","Corpse Explosion","Poisoned Stab","REME_PuzzleBox","Trip","Noxious Fumes+1","Dash","Sneak Up+1","Dash+1","Cloak And Dagger+1","Cloak And Dagger","Blade Dance+1","Wraith Form v2+1","Flying Knee+1","Flying Knee+1","PiercingWail+1","testmod-LimitFlipper+1","Poisoned Strike+1","Storm of Steel+1"],"relics":["HushsDoor","testmod-TestBox","REME_ComplimentaryCards","testmod-Muramasa","SteamSale","Potion Belt","Membership Card","Ancient Tea Set","Blue Doll","Whetstone","REME_PuzzleBoxRelic","testmod-Prudence","GuppysTail","Turnip","Medical Kit","Byrd Skull","Replay:Bottled Flurry","testmod-TurbochargingSystem","Lizard Tail","Sling","GuppysHead","testmod-BouquetWithThorns","InkBottle","Oddly Smooth Stone","testmod-CardMagician","Ginger","Lee\u0027s Waffle","MerchantsRug","Pet Ghost","Replay:Bandana","BFFS","PreservedInsect","DeadEye","Golden Egg","BookOfRevelations","TheBean","conspire:TopHat","HandDrill","testmod-Nyarlathotep"],"acts_visited":["Exordium","TheCity","TheBeyond","TheEnding"],"potions_floor_usage":[12,16,16,19,22,22,29,33,33,33,33,33,42,42,45,50,50,50,50,55,55,55,55,55],"damage_taken":[{"damage":5,"enemies":"Cultist","floor":1,"turns":4},{"damage":8,"enemies":"Jaw Worm","floor":2,"turns":4},{"damage":13,"enemies":"2 Louse","floor":4,"turns":3},{"damage":27,"enemies":"3 Sentries","floor":7,"turns":3},{"damage":47,"enemies":"Lagavulin","floor":12,"turns":6},{"damage":11,"enemies":"Exordium Thugs","floor":13,"turns":4},{"damage":0,"enemies":"Lots of Slimes","floor":14,"turns":1},{"damage":3,"enemies":"Fading Forest","floor":16,"turns":11},{"damage":30,"enemies":"Spheric Guardian","floor":18,"turns":4},{"damage":14,"enemies":"Shell Parasite","floor":22,"turns":2},{"damage":37,"enemies":"Book of Stabbing","floor":23,"turns":5},{"damage":18,"enemies":"Gremlin Leader","floor":27,"turns":3},{"damage":13,"enemies":"Snake Plant","floor":28,"turns":2},{"damage":6,"enemies":"Cultist and Chosen","floor":29,"turns":4},{"damage":18,"enemies":"HollowMod:Nosk","floor":30,"turns":4},{"damage":2,"enemies":"Snecko","floor":31,"turns":3},{"damage":58,"enemies":"Champ","floor":33,"turns":8},{"damage":11,"enemies":"Orb Walker","floor":35,"turns":3},{"damage":17,"enemies":"3 Darklings","floor":38,"turns":3},{"damage":9,"enemies":"Reptomancer","floor":40,"turns":3},{"damage":0,"enemies":"Nemesis","floor":42,"turns":2},{"damage":0,"enemies":"Transient","floor":44,"turns":5},{"damage":278,"enemies":"Maw","floor":45,"turns":3},{"damage":13,"enemies":"Sphere and 2 Shapes","floor":46,"turns":2},{"damage":0,"enemies":"Reptomancer","floor":47,"turns":3},{"damage":85,"enemies":"Replay:Hell Engine","floor":50,"turns":4},{"damage":0,"enemies":"Shield and Spear","floor":54,"turns":2},{"damage":5,"enemies":"The Heart","floor":55,"turns":6}],"seed_played":"5752382278700406538","potions_obtained":[{"floor":4,"key":"FearPotion"},{"floor":13,"key":"PowerPotion"},{"floor":14,"key":"Milkshake"},{"floor":16,"key":"testmod-TestPotion"},{"floor":23,"key":"Ancient Potion"},{"floor":27,"key":"ColorlessPotion"},{"floor":30,"key":"Dexterity Potion"},{"floor":36,"key":"testmod-TestPotion"},{"floor":36,"key":"Explosive Potion"},{"floor":36,"key":"testmod-EscapePotion"},{"floor":44,"key":"REME_GoldPotion"},{"floor":45,"key":"FearPotion"},{"floor":46,"key":"Languid Potion"},{"floor":47,"key":"PowerPotion"}],"is_trial":false,"path_per_floor":["M","M","?","M","$","R","E","R","T","R","?","E","M","M","R","B",null,"M","$","?","$","M","E","R","?","T","E","M","M","E","M","R","B",null,"M","?","$","M","$","E","R","E","T","M","M","M","E","?","R","B",null,"R","$","E","B",null],"character_chosen":"THE_SILENT","items_purchased":["Membership Card","Ancient Tea Set","Blue Doll","Survey Options","All Out Attack+1","testmod-Reverberation","ReplayTheSpireMod:Shiv Toss","Deflect","Infinite Blades","Elixir","Dexterity Potion","BlessingOfTheForge","Endless Agony","FairyPotion","GuppysTail","Turnip","Medical Kit","Byrd Skull","ReplayTheSpireMod:Necrogeddon","testmod-SpacePotion","ColorlessPotion","EssenceOfSteel","Deadly Poison","ReplayTheSpireMod:From All Sides","REME_ShadowStrike","testmod-TurbochargingSystem","Lizard Tail","Sling","testmod-LifeRuler","Escape Plan","Outmaneuver","Bane+1","Block Potion","Ginger","Lee\u0027s Waffle","Noxious Fumes+1","DoctorFetus","All Out Attack","Prepared","MerchantsRug","Pet Ghost","Replay:Bandana","BFFS","Corpse Explosion","Poisoned Stab","REME_PuzzleBox","Trip","Adrenaline Potion","Noxious Fumes+1","TheBean","conspire:TopHat","HandDrill","Blade Dance+1","Wraith Form v2","Flying Knee","PiercingWail","Block Potion","Fire Potion","Languid Potion","testmod-LimitFlipper","Poisoned Strike"],"campfire_rested":6,"item_purchase_floors":[5,5,5,5,5,5,5,5,5,5,5,5,5,17,17,19,19,19,19,19,19,19,19,19,19,21,21,21,21,21,21,21,37,37,37,37,37,37,37,37,39,39,39,39,39,39,39,39,39,53,53,53,53,53,53,53,53,53,53,53,53],"current_hp_per_floor":[128,120,120,107,107,107,80,140,140,140,140,93,105,105,137,134,123,93,93,93,93,79,42,114,114,114,96,83,77,59,57,120,62,120,120,120,134,117,117,108,108,108,108,108,40,27,27,40,80,4,102,134,134,134,129],"gold":1106,"neow_bonus":"BOSS_RELIC","is_daily":false,"chose_seed":false,"campfire_upgraded":2,"win_rate":0.0,"timestamp":1610190702,"path_taken":["M","M","?","M","$","R","E","R","T","R","?","E","?","M","R","BOSS","M","$","?","$","M","E","R","?","T","E","?","M","E","M","R","BOSS","M","?","$","?","$","E","R","E","T","M","M","M","E","?","R","BOSS","R","$","E","BOSS"],"items_purchased_type":["Relic","Relic","Relic","Card","Card","Card","Card","Card","Card","Potion","Potion","Potion","Card","Potion","Relic","Relic","Relic","Relic","Card","Potion","Potion","Potion","Card","Card","Card","Relic","Relic","Relic","Card","Card","Card","Card","Potion","Relic","Relic","Card","Card","Card","Card","Relic","Relic","Relic","Relic","Card","Card","Card","Card","Potion","Card","Relic","Relic","Relic","Card","Card","Card","Card","Potion","Potion","Potion","Card","Card"],"build_version":"2020-12-22","purchased_purges":1,"victory":true,"max_hp_per_floor":[140,140,140,140,140,140,140,140,140,140,140,140,137,137,137,137,123,123,123,123,123,123,123,123,123,123,120,120,120,120,120,120,120,120,120,120,134,134,134,134,134,134,134,134,134,134,134,134,134,134,134,134,134,134,134],"card_choices":[{"not_picked":[],"picked":"DoctorFetus","floor":0},{"not_picked":["All Out Attack","Sucker Punch"],"picked":"Hidden Blade","floor":1},{"not_picked":["Tactician","Dagger Spray"],"picked":"Choke","floor":2},{"not_picked":["Quick Slash","REME_ShadowForm"],"picked":"Backflip","floor":4},{"not_picked":["ReplayTheSpireMod:Necrosis","Prepared","Replay:Poison Smokescreen"],"picked":"SKIP","floor":7},{"not_picked":["ReplayTheSpireMod:Speed Training","Sucker Punch"],"picked":"Bomb","floor":12},{"not_picked":["Expertise","Crippling Poison"],"picked":"Backstab","floor":13},{"not_picked":["Dagger Spray","Slice"],"picked":"Sneak Up","floor":14},{"not_picked":["Glass Knife","REME_CopyPotion"],"picked":"Corpse Explosion","floor":16},{"not_picked":["ReplayTheSpireMod:Scrap Shanks","Backflip","Crippling Poison"],"picked":"SKIP","floor":18},{"not_picked":["Expertise+1","Crippling Poison","ReplayTheSpireMod:Speed Training"],"picked":"SKIP","floor":22},{"not_picked":["PiercingWail","Prepared"],"picked":"Poisoned Stab","floor":23},{"not_picked":["Draining Mist+1","Deflect"],"picked":"Poisoned Stab","floor":27},{"not_picked":["Underhanded Strike","Deflect"],"picked":"Flying Knee","floor":28},{"not_picked":["Deflect","Heel Hook"],"picked":"Flechettes","floor":29},{"not_picked":["Underhanded Strike","PiercingWail"],"picked":"Skewer","floor":30},{"not_picked":["Quick Slash","Sucker Punch"],"picked":"Dagger Spray","floor":31},{"not_picked":["REME_ShadowForm","Unload"],"picked":"REME_GrazeFinale","floor":33},{"not_picked":["Prepared","Caltrops","Acrobatics"],"picked":"SKIP","floor":35},{"not_picked":["Crippling Poison+1","ReplayTheSpireMod:Speed Training","Dagger Throw"],"picked":"SKIP","floor":38},{"not_picked":["Dodge and Roll+1","Slice"],"picked":"Dash","floor":40},{"not_picked":["Envenom","Tactician"],"picked":"Sneak Up+1","floor":42},{"not_picked":["Tactician","Underhanded Strike","Heel Hook"],"picked":"SKIP","floor":44},{"not_picked":["Acrobatics","Deadly Poison","Blur"],"picked":"Dash+1","floor":45},{"not_picked":["Flying Knee","Underhanded Strike+1"],"picked":"Cloak And Dagger+1","floor":46},{"not_picked":["All Out Attack+1","Poisoned Stab+1"],"picked":"Cloak And Dagger","floor":47},{"not_picked":["Bouncing Flask","ReplayTheSpireMod:Scrap Shanks"],"picked":"Storm of Steel","floor":54}],"player_experience":217044,"relics_obtained":[{"floor":7,"key":"Whetstone"},{"floor":12,"key":"REME_PuzzleBoxRelic"},{"floor":23,"key":"GuppysHead"},{"floor":26,"key":"testmod-BouquetWithThorns"},{"floor":27,"key":"InkBottle"},{"floor":30,"key":"Oddly Smooth Stone"},{"floor":40,"key":"PreservedInsect"},{"floor":42,"key":"DeadEye"},{"floor":43,"key":"Golden Egg"},{"floor":47,"key":"BookOfRevelations"},{"floor":54,"key":"testmod-Nyarlathotep"}],"event_choices":[{"damage_healed":0,"gold_gain":0,"player_choice":"Box","damage_taken":0,"relics_obtained":["Potion Belt"],"max_hp_gain":0,"max_hp_loss":0,"event_name":"Big Fish","floor":3,"gold_loss":0,"cards_obtained":["Regret"]},{"damage_healed":0,"gold_gain":0,"player_choice":"Agree","damage_taken":0,"max_hp_gain":0,"max_hp_loss":0,"event_name":"conspire:LoneGhost","floor":11,"gold_loss":0},{"damage_healed":0,"gold_gain":0,"player_choice":"Forge","damage_taken":0,"max_hp_gain":0,"max_hp_loss":0,"event_name":"Accursed Blacksmith","floor":25,"gold_loss":0,"cards_upgraded":["Backstab"]},{"damage_healed":0,"gold_gain":0,"player_choice":"Got Potions","damage_taken":0,"max_hp_gain":0,"max_hp_loss":0,"event_name":"Lab","floor":36,"gold_loss":0}],"is_beta":false,"boss_relics":[{"not_picked":["Sozu","testmod-StringDisintegrator"],"picked":"testmod-Prudence"},{"not_picked":[]},{"not_picked":["conspire:SeveredTorchhead","SacredBark"],"picked":"testmod-CardMagician"},{"not_picked":[]}],"items_purged_floors":[5],"is_endless":false,"potions_floor_spawned":[4,13,14,16,23,27,28,30,44,45,46,47],"ascension_level":8}}