{"host":"7xbu8gt067z192g2","time":1610236695,"event":{"mods":["BaseMod","Better Note","Colored Map","Colored Powertips","Googly Eyes","Highlight Path","Minty Spire (QoL Compilation)","Rare Cards Sparkle","Replay The Spire","StSLib","The Bladedancer","The Cursed","The Hierophant","The Valiant","The Wild Card"],"gold_per_floor":[162,182,182,200,87,116,135,165,189,221,221,221,233,6,6,110,110,129,143,160,180,30,30,40,55,55,55,0,26,26,125,125,221,221,236,236,236,252,16,16,49,49,49,49,105,105,105,139,139,181,181,181,30,95,115,115],"floor_reached":55,"playtime":3736,"items_purged":["Pain","ReplayTheSpireMod:Scrap Shanks"],"score":931,"play_id":"71febd05-5c59-40f7-8537-402b68ec3786","local_time":"20210109185815","is_ascension_mode":true,"campfire_choices":[{"data":"Accuracy","floor":11,"key":"SMITH"},{"floor":15,"key":"REST"},{"data":"Storm of Steel","floor":23,"key":"SMITH"},{"floor":32,"key":"REST"},{"data":"Secret Weapon","floor":40,"key":"SMITH"},{"data":"Phantasmal Killer","floor":42,"key":"SMITH"},{"floor":44,"key":"RECALL"},{"floor":46,"key":"REST"},{"data":"Apotheosis","floor":49,"key":"SMITH"},{"data":"Prepared","floor":52,"key":"SMITH"}],"circlet_count":0,"master_deck":["Strike_G","Strike_G+1","Strike_G","Strike_G","Strike_G","Defend_G","Defend_G","Defend_G","Defend_G","Defend_G","Survivor","Neutralize","Underhanded Strike","ReplayTheSpireMod:Scrap Shanks+1","Blade Dance+1","Reflex","Riddle With Holes","Prepared+1","Accuracy+1","Prepared","Calculated Gamble","After Image+1","Choke","Storm of Steel+1","Eviscerate","Hidden Blade+1","ReplayTheSpireMod:Shiv Toss","Finisher","Acrobatics","Burst","Adrenaline","Acrobatics+1","Secret Weapon+1","Phantasmal Killer+1","Apotheosis+1"],"relics":["Tiny House","Pen Nib","Pet Ghost","Lantern","Replay:Rubber Ducky","WarpedTongs","Guide Book","SlaversCollar","Mummified Hand","Smiling Mask","WristBlade","Replay:Bandana","Juzu Bracelet","The Specimen","Oddly Smooth Stone","Replay:Mystery Machine"],"acts_visited":["Exordium","TheCity","TheBeyond","TheEnding"],"potions_floor_usage":[6,10,10,24,29,29,33,55,55],"damage_taken":[{"damage":0,"enemies":"Cultist","floor":1,"turns":3},{"damage":2,"enemies":"Small Slimes","floor":2,"turns":4},{"damage":0,"enemies":"2 Louse","floor":4,"turns":2},{"damage":35,"enemies":"3 Sentries","floor":6,"turns":9},{"damage":12,"enemies":"Blue Slaver","floor":7,"turns":3},{"damage":5,"enemies":"Gremlin Nob","floor":8,"turns":3},{"damage":11,"enemies":"3 Sentries","floor":10,"turns":4},{"damage":1,"enemies":"Exordium Wildlife","floor":13,"turns":3},{"damage":10,"enemies":"Fading Forest","floor":16,"turns":11},{"damage":1,"enemies":"Chosen","floor":18,"turns":2},{"damage":4,"enemies":"Shell Parasite","floor":19,"turns":3},{"damage":3,"enemies":"Centurion and Healer","floor":20,"turns":3},{"damage":5,"enemies":"Chosen and Byrds","floor":21,"turns":4},{"damage":0,"enemies":"Snecko","floor":24,"turns":3},{"damage":30,"enemies":"Sentry and Sphere","floor":25,"turns":6},{"damage":0,"enemies":"Book of Stabbing","floor":29,"turns":3},{"damage":18,"enemies":"Automaton","floor":33,"turns":8},{"damage":0,"enemies":"Orb Walker","floor":35,"turns":2},{"damage":7,"enemies":"3 Darklings","floor":38,"turns":3},{"damage":0,"enemies":"Giant Head","floor":41,"turns":4},{"damage":49,"enemies":"Nemesis","floor":45,"turns":5},{"damage":0,"enemies":"Maw","floor":48,"turns":4},{"damage":0,"enemies":"Donu and Deca","floor":50,"turns":6},{"damage":21,"enemies":"Shield and Spear","floor":54,"turns":5},{"damage":60,"enemies":"The Heart","floor":55,"turns":3}],"seed_played":"990007797673020198","potions_obtained":[{"floor":0,"key":"Fruit Juice"},{"floor":2,"key":"SkillPotion"},{"floor":4,"key":"SpeedPotion"},{"floor":8,"key":"LiquidBronze"},{"floor":16,"key":"Adrenaline Potion"},{"floor":19,"key":"Poison Potion"},{"floor":24,"key":"Swift Potion"},{"floor":29,"key":"Flashbang"},{"floor":35,"key":"SteroidPotion"},{"floor":48,"key":"SneckoOil"}],"is_trial":false,"path_per_floor":["M","M","?","M","$","E","M","E","T","E","R","?","M","$","R","B",null,"M","M","M","M","$","R","M","M","T","$","?","E","$","?","R","B",null,"M","?","T","M","$","R","E","R","T","R","E","R","?","M","R","B",null,"R","$","E","B"],"character_chosen":"THE_SILENT","items_purchased":["Riddle With Holes","Prepared","Choke","Guide Book","Finisher","Secret Weapon","Oddly Smooth Stone"],"campfire_rested":3,"item_purchase_floors":[5,5,14,14,22,39,53],"current_hp_per_floor":[75,73,73,73,73,43,31,26,26,15,15,15,14,14,38,38,80,79,75,72,67,67,67,67,37,37,37,37,37,37,37,61,43,80,80,80,80,73,73,73,73,73,73,73,24,48,48,48,48,48,80,80,80,59,0,0],"gold":115,"neow_bonus":"BOSS_RELIC","is_daily":false,"chose_seed":false,"campfire_upgraded":6,"win_rate":0.0,"timestamp":1610236695,"path_taken":["M","?","?","M","$","E","M","E","T","E","R","?","M","$","R","BOSS","M","M","M","M","$","R","M","?","T","?","?","E","$","?","R","BOSS","M","?","?","M","$","R","E","R","T","R","E","R","?","M","R","BOSS","R","$","E","BOSS"],"items_purchased_type":["Card","Card","Card","Relic","Card","Card","Relic"],"build_version":"2020-12-22","purchased_purges":2,"victory":false,"max_hp_per_floor":[75,75,75,75,75,80,80,80,80,80,80,80,80,80,80,80,80,80,80,80,80,80,80,80,80,80,80,80,80,80,80,80,80,80,80,80,80,80,80,80,80,80,80,80,80,80,80,80,80,80,80,80,80,80,80,80],"card_choices":[{"not_picked":["Cloak And Dagger","Escape Plan"],"picked":"Underhanded Strike","floor":0},{"not_picked":["ReplayTheSpireMod:Shiv Toss","Eviscerate"],"picked":"ReplayTheSpireMod:Scrap Shanks","floor":1},{"not_picked":["Deflect","Acrobatics"],"picked":"Blade Dance","floor":2},{"not_picked":["Cloak And Dagger","Sucker Punch"],"picked":"Reflex","floor":4},{"not_picked":["Escape Plan","Finisher"],"picked":"Accuracy","floor":6},{"not_picked":["Sucker Punch","Dagger Throw"],"picked":"ReplayTheSpireMod:Scrap Shanks","floor":7},{"not_picked":["ReplayTheSpireMod:Exploit Weakness","Replay:Poison Smokescreen"],"picked":"Prepared","floor":8},{"not_picked":["Dagger Throw","Cloak And Dagger"],"picked":"Calculated Gamble","floor":10},{"not_picked":["PiercingWail","Slice"],"picked":"After Image","floor":13},{"not_picked":["After Image","Envenom"],"picked":"Storm of Steel","floor":16},{"not_picked":["Dagger Throw","Backflip"],"picked":"Eviscerate","floor":18},{"not_picked":["Prepared","Dagger Spray"],"picked":"Hidden Blade+1","floor":19},{"not_picked":["Flying Knee","Backstab+1"],"picked":"ReplayTheSpireMod:Shiv Toss","floor":20},{"not_picked":["Skewer","Deflect+1","Replay:Poison Smokescreen+1"],"picked":"SKIP","floor":21},{"not_picked":["Caltrops","Sucker Punch"],"picked":"Acrobatics","floor":24},{"not_picked":["Deflect+1","Dodge and Roll+1","Prepared"],"picked":"SKIP","floor":25},{"not_picked":["Prepared","Flying Knee"],"picked":"Burst","floor":29},{"not_picked":["Glass Knife","Die Die Die"],"picked":"Adrenaline","floor":33},{"not_picked":["Sucker Punch+1","Riddle With Holes+1"],"picked":"Acrobatics+1","floor":35},{"not_picked":["Blur","PiercingWail+1","Crippling Poison+1"],"picked":"SKIP","floor":38},{"not_picked":["Acrobatics","PiercingWail+1"],"picked":"Phantasmal Killer","floor":41},{"not_picked":["All Out Attack","ReplayTheSpireMod:The Works","Caltrops"],"picked":"SKIP","floor":45},{"not_picked":["Dark Shackles","ReplayTheSpireMod:Private Reserves"],"picked":"Apotheosis","floor":47},{"not_picked":["Choke","Deflect","Cloak And Dagger+1"],"picked":"SKIP","floor":48},{"not_picked":["Predator","Deadly Poison+1","Heel Hook+1"],"picked":"SKIP","floor":54}],"player_experience":166568,"relics_obtained":[{"floor":6,"key":"Pen Nib"},{"floor":8,"key":"Pet Ghost"},{"floor":9,"key":"Lantern"},{"floor":10,"key":"Replay:Rubber Ducky"},{"floor":26,"key":"Mummified Hand"},{"floor":29,"key":"Smiling Mask"},{"floor":41,"key":"Replay:Bandana"},{"floor":43,"key":"Juzu Bracelet"},{"floor":45,"key":"The Specimen"},{"floor":54,"key":"Replay:Mystery Machine"}],"event_choices":[{"damage_healed":0,"gold_gain":0,"player_choice":"Grow","damage_taken":0,"max_hp_gain":0,"max_hp_loss":0,"event_name":"Living Wall","floor":3,"gold_loss":0,"cards_upgraded":["Blade Dance"]},{"damage_healed":0,"gold_gain":0,"player_choice":"Rummage","damage_taken":0,"relics_obtained":["WarpedTongs"],"max_hp_gain":0,"max_hp_loss":0,"event_name":"Accursed Blacksmith","floor":12,"gold_loss":0,"cards_obtained":["Pain"]},{"damage_healed":0,"gold_gain":0,"player_choice":"Paid Fearfully","damage_taken":0,"max_hp_gain":0,"max_hp_loss":0,"event_name":"Masked Bandits","floor":28,"gold_loss":55},{"damage_healed":0,"gold_gain":99,"player_choice":"Stole From Cult","damage_taken":0,"max_hp_gain":0,"max_hp_loss":0,"event_name":"Nest","floor":31,"gold_loss":0},{"damage_healed":0,"gold_gain":0,"player_choice":"Ignored","damage_taken":0,"max_hp_gain":0,"max_hp_loss":0,"event_name":"Tomb of Lord Red Mask","floor":36,"gold_loss":0},{"damage_healed":0,"gold_gain":0,"player_choice":"Memory 1","damage_taken":0,"max_hp_gain":0,"max_hp_loss":0,"event_name":"SensoryStone","floor":47,"gold_loss":0}],"is_beta":false,"boss_relics":[{"not_picked":["ReplayTheSpireMod:DimensionalGlitch","Runic Dome"],"picked":"SlaversCollar"},{"not_picked":["Coffee Dripper","Replay:Grab Bag"],"picked":"WristBlade"}],"items_purged_floors":[22,39],"is_endless":false,"potions_floor_spawned":[2,4,8,16,19,24,29,35,48],"killed_by":"The Heart","ascension_level":1}}