{"host":"9d9dhukr2jywmy0f","time":1610212589,"event":{"mods":["2.2 Compatiblity","Alarm Clock","BaseMod","Bestiary","Block Reminder","Colored Map","Colored Powertips","Curses Come First","Data Control","DeckTracker","Energized Spire","Highlight Path","Key Reminder","Minty Spire (QoL Compilation)","Quick Restart","Rare Cards Sparkle","Relic Sorter","Relic Stats","Spire Birthday Party","StSLib","SuperFastMode","Synergy Search","Unceasing Turn Reminder","Unknown Chances"],"gold_per_floor":[117,128,142,8,25,25,55,55,80,109,121,143,170,197,209,221,221],"floor_reached":16,"playtime":572,"items_purged":["Strike_G"],"score":212,"play_id":"8890f5a7-8636-4000-a6f3-da40f14071ee","local_time":"20210110011629","is_ascension_mode":true,"campfire_choices":[{"data":"A Thousand Cuts","floor":6.0,"key":"SMITH"},{"data":"Neutralize","floor":8.0,"key":"SMITH"},{"data":"Outmaneuver","floor":15.0,"key":"SMITH"}],"circlet_count":0,"master_deck":["AscendersBane","Strike_G","Strike_G","Strike_G","Strike_G","Defend_G","Defend_G","Defend_G","Defend_G","Defend_G","Survivor","Neutralize+1","Sadistic Nature","Backflip","Escape Plan","Blade Dance","A Thousand Cuts+1","Blur","Escape Plan","Deadly Poison","Outmaneuver+1"],"relics":["Ring of the Snake","Orichalcum","MawBank"],"acts_visited":["Exordium"],"potions_floor_usage":[],"damage_taken":[{"damage":4.0,"enemies":"Cultist","floor":1.0,"turns":4.0},{"damage":0.0,"enemies":"2 Louse","floor":2.0,"turns":4.0},{"damage":7.0,"enemies":"Small Slimes","floor":3.0,"turns":4.0},{"damage":0.0,"enemies":"Blue Slaver","floor":5.0,"turns":4.0},{"damage":10.0,"enemies":"3 Sentries","floor":7.0,"turns":4.0},{"damage":0.0,"enemies":"Exordium Wildlife","floor":10.0,"turns":4.0},{"damage":0.0,"enemies":"Exordium Thugs","floor":12.0,"turns":4.0},{"damage":0.0,"enemies":"Blue Slaver","floor":13.0,"turns":4.0},{"damage":0.0,"enemies":"Large Slime","floor":14.0,"turns":5.0},{"damage":0,"enemies":"Hexaghost","floor":16,"turns":1}],"seed_played":"-481443690134512528","potions_obtained":[{"floor":1.0,"key":"SneckoOil"},{"floor":2.0,"key":"Strength Potion"},{"floor":10.0,"key":"Dexterity Potion"},{"floor":12.0,"key":"SkillPotion"}],"is_trial":false,"path_per_floor":["M","M","M","$","M","R","E","R","T","M","?","M","M","M","R","B"],"character_chosen":"THE_SILENT","items_purchased":["Blade Dance"],"campfire_rested":0,"item_purchase_floors":[4],"current_hp_per_floor":[40,40,33,33,33,33,23,23,23,23,19,19,19,19,19,19,19],"gold":221,"neow_bonus":"RANDOM_COLORLESS_2","is_daily":false,"chose_seed":false,"campfire_upgraded":3,"win_rate":0.0,"timestamp":1610212589,"path_taken":["M","M","M","$","?","R","E","R","T","M","?","M","?","M","R","BOSS"],"items_purchased_type":["Card"],"build_version":"2020-11-30","purchased_purges":1,"victory":false,"max_hp_per_floor":[66,66,66,66,66,66,66,66,66,66,66,66,66,66,66,66,66],"relic_stats":{"counters":[10,38],"Orichalcum":[18],"MawBank":84,"obtain_stats":[{"Orichalcum":7,"MawBank":9,"Ring of the Snake":0},{"Orichalcum":5,"MawBank":5,"Ring of the Snake":0},{"Orichalcum":20,"MawBank":20,"Ring of the Snake":0}],"Ring of the Snake":[20]},"card_choices":[{"not_picked":["Mayhem","Panache"],"picked":"Sadistic Nature","floor":0.0},{"not_picked":["Dagger Throw","Prepared","PiercingWail"],"picked":"SKIP","floor":1.0},{"not_picked":["Endless Agony","Acrobatics"],"picked":"Backflip","floor":2.0},{"not_picked":["Masterful Stab","PiercingWail"],"picked":"Escape Plan","floor":3.0},{"not_picked":["Deflect","PiercingWail"],"picked":"A Thousand Cuts","floor":5.0},{"not_picked":["Deflect","PiercingWail"],"picked":"Blur","floor":7.0},{"not_picked":["Slice","Concentrate"],"picked":"Escape Plan","floor":10.0},{"not_picked":["Dodge and Roll","All Out Attack"],"picked":"Deadly Poison","floor":12.0},{"not_picked":["Dagger Spray","Masterful Stab","Predator"],"picked":"SKIP","floor":13.0},{"not_picked":["Blur","Slice"],"picked":"Outmaneuver","floor":14.0}],"player_experience":798178,"relics_obtained":[{"floor":7.0,"key":"Orichalcum"},{"floor":9.0,"key":"MawBank"}],"event_choices":[{"damage_healed":0.0,"max_hp_gain":0.0,"max_hp_loss":0.0,"gold_gain":0.0,"event_name":"The Woman in Blue","player_choice":"Bought 0 Potions","floor":11.0,"gold_loss":0.0,"damage_taken":0.0}],"is_beta":false,"boss_relics":[],"items_purged_floors":[4],"is_endless":false,"potions_floor_spawned":[1,2,10,12],"killed_by":"Hexaghost","ascension_level":20}}