{"host":"98ajcw3do3zsggh8","time":1610160679,"event":{"mods":["BaseMod","Minty Spire (QoL Compilation)","Replay The Spire","StSLib"],"gold_per_floor":[112,129,129,144,155,182,182,209,234,252,269,303,319,319,319,419,419,429,429,429,442,367,401,416,446,446,457,486,486,486,520,520,618,618,635,685,0,11,11,39,39,73,73,107,122,122,122,122],"floor_reached":47,"playtime":2387,"items_purged":[],"score":647,"play_id":"0e0602bb-bce1-4186-ab86-10451e54284e","local_time":"20210109035119","is_ascension_mode":true,"campfire_choices":[{"data":"Toxin Wave","floor":7.0,"key":"SMITH"},{"floor":15.0,"key":"REST"},{"floor":29.0,"key":"REST"},{"floor":41,"key":"REST"},{"floor":46,"key":"REST"}],"circlet_count":0,"master_deck":["Strike_G","Strike_G","Strike_G","Strike_G","Strike_G","Defend_G","Defend_G+1","Survivor","Neutralize","Replay:Poison Smokescreen","Bane","Toxin Wave+1","Crippling Poison","Atom Bomb","Dodge and Roll+1","Draining Mist","ReplayTheSpireMod:Speed Training+1","Catalyst+1","AbeCurse","Venomology","Slice+1","ReplayTheSpireMod:Exploit Weakness+1","Deflect+1","PiercingWail+1","Terror+1","Catalyst+1","ReplayTheSpireMod:Speed Training+1","ReplayTheSpireMod:The Works+1","Prepared+1","Slice","Setup+1"],"relics":["Ring of the Snake","NeowsBlessing","Counterbalance","Art of War","ReplayTheSpireMod:TigerMarble","Toy Ornithopter","Fusion Hammer","Ginger","Prayer Wheel","Bag of Preparation","StoneCalendar","Pantograph","Ornamental Fan","Honey Jar","Du-Vu Doll","Red Mask","Replay:Mystery Machine","Blue Doll","Ice Cream","Snack Pack"],"acts_visited":["Exordium","TheCity","TheBeyond"],"potions_floor_usage":[40,40,40,42,42,44,44,44,44,45,45,47,47],"damage_taken":[{"damage":0.0,"enemies":"2 Louse","floor":1.0,"turns":1.0},{"damage":0.0,"enemies":"Small Slimes","floor":2.0,"turns":1.0},{"damage":0.0,"enemies":"Jaw Worm","floor":4.0,"turns":1.0},{"damage":12.0,"enemies":"Large Slime","floor":5.0,"turns":8.0},{"damage":23.0,"enemies":"Lagavulin","floor":6.0,"turns":6.0},{"damage":19.0,"enemies":"Gremlin Nob","floor":8.0,"turns":4.0},{"damage":4.0,"enemies":"Exordium Wildlife","floor":10.0,"turns":3.0},{"damage":0.0,"enemies":"Blue Slaver","floor":11.0,"turns":3.0},{"damage":6.0,"enemies":"Lagavulin","floor":12.0,"turns":6.0},{"damage":3.0,"enemies":"Looter","floor":13.0,"turns":3.0},{"damage":0.0,"enemies":"Hexaghost","floor":16.0,"turns":9.0},{"damage":0.0,"enemies":"Chosen","floor":18.0,"turns":2.0},{"damage":0.0,"enemies":"Spheric Guardian","floor":21.0,"turns":3.0},{"damage":24.0,"enemies":"Gremlin Leader","floor":23.0,"turns":6.0},{"damage":4.0,"enemies":"Snecko","floor":24.0,"turns":2.0},{"damage":12.0,"enemies":"Slavers","floor":25.0,"turns":4.0},{"damage":32.0,"enemies":"3 Cultists","floor":27.0,"turns":6.0},{"damage":0.0,"enemies":"Book of Stabbing","floor":28.0,"turns":2.0},{"damage":4.0,"enemies":"Replay:Snechameleon","floor":31.0,"turns":3.0},{"damage":38.0,"enemies":"Pondfish","floor":33.0,"turns":12.0},{"damage":12.0,"enemies":"Orb Walker","floor":35.0,"turns":3.0},{"damage":10.0,"enemies":"Mind Bloom Boss Battle","floor":36.0,"turns":7.0},{"damage":22.0,"enemies":"3 Shapes","floor":38.0,"turns":3.0},{"damage":37,"enemies":"Nemesis","floor":40,"turns":7},{"damage":19,"enemies":"Giant Head","floor":42,"turns":7},{"damage":41,"enemies":"Reptomancer","floor":44,"turns":4},{"damage":13,"enemies":"Sphere and 2 Shapes","floor":45,"turns":4},{"damage":61,"enemies":"Transient","floor":47,"turns":4}],"seed_played":"-4687895717480115206","potions_obtained":[{"floor":1.0,"key":"Regen Potion"},{"floor":4.0,"key":"Elixir"},{"floor":5.0,"key":"FearPotion"},{"floor":8.0,"key":"BlessingOfTheForge"},{"floor":13.0,"key":"Explosive Potion"},{"floor":16.0,"key":"Fire Potion"},{"floor":25.0,"key":"Elixir"},{"floor":27.0,"key":"Reflective Coating"},{"floor":28.0,"key":"Explosive Potion"},{"floor":33.0,"key":"Fire Potion"},{"floor":36.0,"key":"Energy Potion"},{"floor":42,"key":"Regen Potion"}],"is_trial":false,"path_per_floor":["M","M","?","M","M","E","R","E","T","M","M","E","M","?","R","B",null,"M","?","T","M","?","E","M","E","T","M","E","R","?","E","R","B",null,"M","?","?","M","?","E","R","E","T","E","M","R","M"],"character_chosen":"THE_SILENT","items_purchased":[],"campfire_rested":4,"item_purchase_floors":[],"current_hp_per_floor":[70,70,70,70,58,50,50,31,31,27,27,21,18,11,32,37,70,70,70,70,70,70,46,42,40,40,8,13,34,57,57,70,38,70,58,60,60,43,43,21,42,33,33,26,23,44,0,0],"gold":122,"neow_bonus":"THREE_ENEMY_KILL","is_daily":false,"chose_seed":false,"campfire_upgraded":1,"win_rate":0.0,"timestamp":1610160679,"path_taken":["M","M","?","M","M","E","R","E","T","M","M","E","M","?","R","BOSS","M","?","?","M","?","E","?","E","T","M","E","R","?","E","R","BOSS","M","?","?","M","?","E","R","E","T","E","M","R","?"],"items_purchased_type":[],"build_version":"2020-12-22","purchased_purges":0,"victory":false,"max_hp_per_floor":[70,70,70,70,70,70,70,70,70,70,70,70,70,70,70,70,70,70,70,70,70,70,70,70,70,70,70,70,70,70,70,70,70,70,70,70,70,70,70,70,70,70,70,70,70,70,70,70],"card_choices":[{"not_picked":["ReplayTheSpireMod:The Works","Sneak Up"],"picked":"Replay:Poison Smokescreen","floor":1.0},{"not_picked":["Riddle With Holes","Poisoned Stab","ReplayTheSpireMod:The Works"],"picked":"SKIP","floor":2.0},{"not_picked":["Setup","Poisoned Stab","ReplayTheSpireMod:Scrap Shanks"],"picked":"SKIP","floor":4.0},{"not_picked":["Prepared","Hidden Blade"],"picked":"Bane","floor":5.0},{"not_picked":["Dagger Throw","Cloak And Dagger"],"picked":"Toxin Wave","floor":6.0},{"not_picked":["PiercingWail","Choke"],"picked":"Crippling Poison","floor":8.0},{"not_picked":["Predator","Flying Knee","Slice"],"picked":"SKIP","floor":10.0},{"not_picked":["Flechettes","Fluid Movement","Hidden Blade"],"picked":"SKIP","floor":11.0},{"not_picked":["Riddle With Holes","ReplayTheSpireMod:The Works","Caltrops"],"picked":"SKIP","floor":12.0},{"not_picked":["ReplayTheSpireMod:Shiv Toss","PiercingWail","Crippling Poison"],"picked":"SKIP","floor":13.0},{"not_picked":["Adrenaline","Replay:Bag of Tricks"],"picked":"Atom Bomb","floor":16.0},{"not_picked":["Poisoned Stab+1","Accuracy","Replay:Poison Smokescreen"],"picked":"SKIP","floor":18.0},{"not_picked":["Deflect","Backstab","Dagger Throw"],"picked":"SKIP","floor":21.0},{"not_picked":["Prepared","Bane+1"],"picked":"Draining Mist","floor":23.0},{"not_picked":["Poisoned Stab","Prepared"],"picked":"ReplayTheSpireMod:Speed Training+1","floor":24.0},{"not_picked":["Outmaneuver","Flying Knee+1","Endless Agony"],"picked":"SKIP","floor":24.0},{"not_picked":["Finisher+1","Caltrops","Acrobatics"],"picked":"SKIP","floor":25.0},{"not_picked":["Doppelganger","ReplayTheSpireMod:Tripwire"],"picked":"Catalyst+1","floor":27.0},{"not_picked":["Sucker Punch","Crippling Poison","Underhanded Strike"],"picked":"SKIP","floor":27.0},{"not_picked":["Poisoned Stab","Prepared+1","Riddle With Holes"],"picked":"SKIP","floor":28.0},{"not_picked":["Deflect+1","Backflip","Bouncing Flask"],"picked":"SKIP","floor":31.0},{"not_picked":["Atom Bomb","Night Terror"],"picked":"Venomology","floor":33.0},{"not_picked":["Quick Slash+1","Flying Knee+1","Skewer+1"],"picked":"Slice+1","floor":35.0},{"not_picked":["Cloak And Dagger+1","ReplayTheSpireMod:Tripwire","Bane+1"],"picked":"ReplayTheSpireMod:Exploit Weakness+1","floor":35.0},{"not_picked":["Fluid Movement+1","Accuracy+1","Dagger Throw+1"],"picked":"Deflect+1","floor":36.0},{"not_picked":["Flying Knee","Slice","Finisher"],"picked":"PiercingWail+1","floor":38.0},{"not_picked":["Dodge and Roll+1","Quick Slash","Dagger Throw+1"],"picked":"Terror+1","floor":38.0},{"not_picked":["Sucker Punch+1","Skewer+1","Expertise"],"picked":"ReplayTheSpireMod:Speed Training+1","floor":40},{"not_picked":["Accuracy","Acrobatics+1","Choke+1"],"picked":"ReplayTheSpireMod:The Works+1","floor":42},{"not_picked":["Eviscerate","Accuracy","Cloak And Dagger+1"],"picked":"Prepared+1","floor":44},{"not_picked":["All Out Attack","Sucker Punch+1","Underhanded Strike"],"picked":"Slice","floor":45},{"not_picked":["Dagger Spray","Predator+1","Cloak And Dagger+1"],"picked":"Setup+1","floor":45}],"player_experience":324103,"relics_obtained":[{"floor":6.0,"key":"Counterbalance"},{"floor":8.0,"key":"Art of War"},{"floor":9.0,"key":"ReplayTheSpireMod:TigerMarble"},{"floor":12.0,"key":"Toy Ornithopter"},{"floor":20.0,"key":"Ginger"},{"floor":23.0,"key":"Prayer Wheel"},{"floor":25.0,"key":"Bag of Preparation"},{"floor":26.0,"key":"StoneCalendar"},{"floor":28.0,"key":"Pantograph"},{"floor":31.0,"key":"Ornamental Fan"},{"floor":36.0,"key":"Du-Vu Doll"},{"floor":40,"key":"Replay:Mystery Machine"},{"floor":42,"key":"Blue Doll"},{"floor":43,"key":"Ice Cream"},{"floor":44,"key":"Snack Pack"}],"event_choices":[{"cards_removed":["Defend_G"],"damage_healed":0.0,"max_hp_gain":0.0,"max_hp_loss":0.0,"gold_gain":0.0,"event_name":"Golden Wing","player_choice":"Card Removal","floor":14.0,"gold_loss":0.0,"damage_taken":7.0},{"damage_healed":0.0,"max_hp_gain":0.0,"max_hp_loss":0.0,"gold_gain":0.0,"cards_transformed":["Defend_G","Defend_G"],"event_name":"Drug Dealer","player_choice":"Became Test Subject","floor":19.0,"gold_loss":0.0,"damage_taken":0.0,"cards_obtained":["ReplayTheSpireMod:The Works","Dodge and Roll"]},{"cards_removed":["ReplayTheSpireMod:The Works"],"damage_healed":0.0,"max_hp_gain":0.0,"max_hp_loss":0.0,"gold_gain":0.0,"event_name":"Beggar","player_choice":"Gave Gold","floor":22.0,"gold_loss":75.0,"damage_taken":0.0},{"damage_healed":23.0,"max_hp_gain":0.0,"max_hp_loss":0.0,"gold_gain":0.0,"event_name":"The Library","player_choice":"Heal","floor":30.0,"gold_loss":0.0,"damage_taken":0.0},{"damage_healed":0.0,"max_hp_gain":0.0,"max_hp_loss":0.0,"gold_gain":0.0,"event_name":"MindBloom","player_choice":"Fight","floor":36.0,"gold_loss":0.0,"damage_taken":0.0},{"damage_healed":0.0,"max_hp_gain":0.0,"max_hp_loss":0.0,"gold_gain":0.0,"event_name":"Tomb of Lord Red Mask","player_choice":"Paid","floor":37.0,"gold_loss":685.0,"damage_taken":0.0,"relics_obtained":["Red Mask"]},{"damage_healed":0,"gold_gain":0,"player_choice":"Copied","damage_taken":0,"max_hp_gain":0,"max_hp_loss":0,"event_name":"Duplicator","floor":39,"gold_loss":0,"cards_obtained":["Catalyst"]}],"is_beta":false,"boss_relics":[{"not_picked":["Ring of the Serpent","Pandora\u0027s Box"],"picked":"Fusion Hammer"},{"not_picked":["Sozu","Snecko Eye"],"picked":"Honey Jar"}],"items_purged_floors":[],"is_endless":false,"potions_floor_spawned":[1,4,5,8,13,16,18,25,27,28,33,36,42],"killed_by":"Transient","ascension_level":2}}