{"host":"0i8dz4ityulxi1rd","time":1610169364,"event":{"mods":["BaseMod","Colored Map","Colored Powertips","Custom Start","Highlight Path","Keyboard Shortcuts","Minty Spire (QoL Compilation)","StSLib","SuperFastMode"],"gold_per_floor":[115,115,115,134,53,86,86,98,98,248,248,276,73,129,129,206,206,219,234,102,122,59,59,59,59,82,482,482,482],"floor_reached":28,"playtime":779,"items_purged":["Doubt","Strike_B","Defend_B"],"score":534,"play_id":"e57b40d3-7951-4c2d-ba01-43f355507bad","local_time":"20210109141604","is_ascension_mode":true,"campfire_choices":[{"data":"Defragment","floor":7.0,"key":"SMITH"},{"data":"Chaos","floor":11.0,"key":"SMITH"},{"data":"Skim","floor":15.0,"key":"SMITH"},{"floor":23.0,"key":"REST"},{"data":"Dualcast","floor":25.0,"key":"SMITH"}],"circlet_count":0,"master_deck":["AscendersBane","Strike_B","Strike_B","Defend_B+1","Defend_B","Defend_B","Zap","Dualcast+1","Cold Snap","Chaos+1","Barrage","Defragment+1","Self Repair","Sweeping Beam","BootSequence","Skim+1","Electrodynamics","Steam+1","Compile Driver+1","Turbo","Capacitor"],"relics":["Cracked Core","NeowsBlessing","Strawberry","HornCleat","Matryoshka","Membership Card","Molten Egg 2","Black Star","OrangePellets","War Paint","Bronze Scales","Old Coin","Singing Bowl"],"acts_visited":["Exordium","TheCity"],"potions_floor_usage":[28],"damage_taken":[{"damage":0.0,"enemies":"Small Slimes","floor":1.0,"turns":1.0},{"damage":0.0,"enemies":"Cultist","floor":4.0,"turns":1.0},{"damage":0.0,"enemies":"Gremlin Nob","floor":6.0,"turns":1.0},{"damage":5.0,"enemies":"Jaw Worm","floor":8.0,"turns":4.0},{"damage":16.0,"enemies":"Lagavulin","floor":12.0,"turns":6.0},{"damage":21.0,"enemies":"Lagavulin Event","floor":14.0,"turns":8.0},{"damage":40.0,"enemies":"The Guardian","floor":16.0,"turns":13.0},{"damage":15.0,"enemies":"2 Thieves","floor":18.0,"turns":3.0},{"damage":13.0,"enemies":"Shell Parasite","floor":19.0,"turns":6.0},{"damage":12.0,"enemies":"Snecko","floor":21.0,"turns":5.0},{"damage":0.0,"enemies":"Book of Stabbing","floor":24.0,"turns":1.0},{"damage":7.0,"enemies":"Colosseum Slavers","floor":27.0,"turns":3.0},{"damage":0.0,"enemies":"Colosseum Nobs","floor":27.0,"turns":3.0},{"damage":28,"enemies":"Gremlin Leader","floor":28,"turns":4}],"seed_played":"-8829331598192661587","potions_obtained":[{"floor":1.0,"key":"PowerPotion"},{"floor":3.0,"key":"CultistPotion"},{"floor":12.0,"key":"SmokeBomb"},{"floor":14.0,"key":"DuplicationPotion"},{"floor":16.0,"key":"Swift Potion"},{"floor":27.0,"key":"Dexterity Potion"}],"is_trial":false,"path_per_floor":["M","?","?","M","$","E","R","M","T","?","R","E","$","?","R","B",null,"M","M","$","M","$","R","E","R","T","?","E"],"character_chosen":"DEFECT","items_purchased":["Defragment","Membership Card","OrangePellets"],"campfire_rested":1,"item_purchase_floors":[5,13,20],"current_hp_per_floor":[64,64,64,64,64,71,71,73,73,73,73,64,64,50,50,17,63,48,42,42,30,30,53,53,53,53,46,18,18],"gold":482,"neow_bonus":"THREE_ENEMY_KILL","is_daily":false,"chose_seed":false,"campfire_upgraded":4,"win_rate":0.0,"timestamp":1610169364,"path_taken":["M","?","?","M","$","E","R","?","T","?","R","E","$","?","R","BOSS","M","M","$","M","$","R","E","R","T","?","E"],"items_purchased_type":["Card","Relic","Relic"],"build_version":"2020-12-22","purchased_purges":3,"victory":false,"max_hp_per_floor":[71,71,71,71,71,78,78,78,78,78,78,78,78,78,78,78,78,78,78,78,78,78,78,78,78,78,78,78,78],"card_choices":[{"not_picked":["Scrape","Blizzard"],"picked":"Cold Snap","floor":1.0},{"not_picked":["Ball Lightning","FTL"],"picked":"Barrage","floor":4.0},{"not_picked":["Redo","Stack"],"picked":"Self Repair","floor":6.0},{"not_picked":["Coolheaded","Barrage"],"picked":"Sweeping Beam","floor":8.0},{"not_picked":["Redo","Ball Lightning"],"picked":"BootSequence","floor":12.0},{"not_picked":["Conserve Battery","Melter+1"],"picked":"Skim","floor":14.0},{"not_picked":["Machine Learning","Rainbow"],"picked":"Electrodynamics","floor":16.0},{"not_picked":["Sweeping Beam+1","Leap"],"picked":"Steam","floor":18.0},{"not_picked":["Cold Snap+1","Go for the Eyes+1"],"picked":"Compile Driver+1","floor":19.0},{"not_picked":["Static Discharge","Go for the Eyes+1"],"picked":"Turbo","floor":21.0},{"not_picked":["Leap","Tempest+1"],"picked":"Capacitor","floor":27.0}],"player_experience":1313213,"relics_obtained":[{"floor":6.0,"key":"Strawberry"},{"floor":9.0,"key":"HornCleat"},{"floor":12.0,"key":"Matryoshka"},{"floor":14.0,"key":"Molten Egg 2"},{"floor":26.0,"key":"War Paint"},{"floor":26.0,"key":"Bronze Scales"},{"floor":27.0,"key":"Old Coin"},{"floor":27.0,"key":"Singing Bowl"}],"event_choices":[{"damage_healed":0.0,"max_hp_gain":0.0,"max_hp_loss":0.0,"gold_gain":0.0,"cards_transformed":["Strike_B"],"event_name":"Living Wall","player_choice":"Change","floor":2.0,"gold_loss":0.0,"damage_taken":0.0,"cards_obtained":["Chaos"]},{"damage_healed":0.0,"max_hp_gain":0.0,"max_hp_loss":0.0,"gold_gain":0.0,"event_name":"Lab","player_choice":"Got Potions","floor":3.0,"gold_loss":0.0,"damage_taken":0.0},{"damage_healed":0.0,"max_hp_gain":0.0,"max_hp_loss":0.0,"gold_gain":150.0,"event_name":"Liars Game","player_choice":"AGREE","floor":10.0,"gold_loss":0.0,"damage_taken":0.0,"cards_obtained":["Doubt"]},{"damage_healed":0.0,"max_hp_gain":0.0,"max_hp_loss":0.0,"gold_gain":30.0,"event_name":"Dead Adventurer","player_choice":"Searched \u00272\u0027 times","floor":14.0,"gold_loss":0.0,"damage_taken":0.0},{"damage_healed":0.0,"max_hp_gain":0.0,"max_hp_loss":0.0,"gold_gain":0.0,"event_name":"Colosseum","player_choice":"Fight","floor":27.0,"gold_loss":0.0,"damage_taken":0.0},{"damage_healed":0.0,"max_hp_gain":0.0,"max_hp_loss":0.0,"gold_gain":0.0,"event_name":"Colosseum","player_choice":"Fought Nobs","floor":27.0,"gold_loss":0.0,"damage_taken":0.0}],"is_beta":false,"boss_relics":[{"not_picked":["Runic Dome","Nuclear Battery"],"picked":"Black Star"}],"items_purged_floors":[13,20,22],"is_endless":false,"potions_floor_spawned":[1,12,14,16,21,24,27],"killed_by":"Gremlin Leader","ascension_level":20}}