{"host":"xje8igj95tvh9ehd","time":1610179234,"event":{"mods":["BaseMod","Colored Map","Colored Powertips","Downfall","Infinite Spire","Marisa£®ÏF”Í°°ƒß¿Ì…≥£©","Minty Spire (QoL Compilation)","Replay The Spire","StSLib","SuperFastMode","The Bug Knight","The Construct","The Runesmith","The Servant 0.9.4","[IsaacMod]“‘»ˆº‚À˛"],"gold_per_floor":[109,109,109,129,129,129,140,140,188,188,207,222,36,48,48,152,152,165,165,165],"floor_reached":19,"playtime":940,"items_purged":[],"score":159,"play_id":"94f12059-4d1a-4a7f-8d22-76da52a39d76","local_time":"20210109160034","is_ascension_mode":false,"campfire_choices":[{"data":"Pummel","floor":6,"key":"SMITH"},{"data":"Burning Pact","floor":8,"key":"SMITH"},{"data":"Apotheosis","floor":15,"key":"SMITH"}],"circlet_count":0,"master_deck":["Strike_R","Strike_R","Defend_R","Defend_R+1","Defend_R","Defend_R","Bash+1","Pummel+1","Searing Blow","Burning Pact+1","Languid","Rupture","Rupture","Apotheosis+1","Feed","Brutality","Dual Wield+1"],"relics":["Burning Blood","HushsDoor","KeepersGift","HollowMod:PaleOreRelic","Quantum Egg","King of Hearts","Ring of Hypnosis","Ring of Misfortune","Empty Cage"],"acts_visited":["Exordium","TheCity"],"potions_floor_usage":[16,16,19],"damage_taken":[{"damage":8,"enemies":"Small Slimes","floor":1,"turns":3},{"damage":5,"enemies":"2 Louse","floor":4,"turns":2},{"damage":1,"enemies":"Jaw Worm","floor":7,"turns":4},{"damage":5,"enemies":"Exordium Wildlife","floor":11,"turns":3},{"damage":17,"enemies":"3 Louse","floor":12,"turns":4},{"damage":0,"enemies":"Large Slime","floor":14,"turns":9},{"damage":49,"enemies":"The Guardian","floor":16,"turns":10},{"damage":61,"enemies":"3 Byrds","floor":18,"turns":8},{"damage":8,"enemies":"Masked Bandits","floor":19,"turns":3}],"seed_played":"-8523223580898929862","potions_obtained":[{"floor":4,"key":"ElixirPotion"},{"floor":12,"key":"champ:CounterPotion"},{"floor":16,"key":"hexamod:EctoCoolerPotion"}],"is_trial":false,"path_per_floor":["M","?","?","M","?","R","M","R","T","?","M","M","$","M","R","B",null,"M","?"],"character_chosen":"IRONCLAD","items_purchased":["Apotheosis"],"campfire_rested":0,"item_purchase_floors":[13],"current_hp_per_floor":[78,78,62,63,56,56,61,61,61,61,62,51,51,57,57,18,84,29,21,21],"gold":165,"neow_bonus":"RANDOM_COMMON_RELIC","is_daily":false,"chose_seed":false,"campfire_upgraded":3,"win_rate":0.0,"timestamp":1610179234,"path_taken":["M","?","?","M","?","R","M","R","T","?","M","?","?","M","R","BOSS","M","?"],"items_purchased_type":["Card"],"build_version":"2020-12-22","purchased_purges":0,"victory":false,"max_hp_per_floor":[80,80,80,80,80,80,80,80,80,80,80,80,80,80,80,84,84,84,84,84],"card_choices":[{"not_picked":["Bloodletting","Armaments"],"picked":"Pummel","floor":1},{"not_picked":["Body Slam","Run Through"],"picked":"Searing Blow","floor":4},{"not_picked":["Sword Boomerang","Abandon"],"picked":"Burning Pact","floor":7},{"not_picked":["Bomb","Run Through"],"picked":"Rupture","floor":11},{"not_picked":["Clash","Headbutt"],"picked":"Rupture","floor":12},{"not_picked":["True Grit","Disarm"],"picked":"Feed","floor":14},{"not_picked":["Eclipse","Bludgeon"],"picked":"Brutality","floor":16},{"not_picked":["Armaments","Burning Pact+1"],"picked":"Dual Wield+1","floor":18}],"player_experience":31276,"relics_obtained":[{"floor":2,"key":"Quantum Egg"},{"floor":9,"key":"King of Hearts"},{"floor":10,"key":"Ring of Hypnosis"},{"floor":10,"key":"Ring of Misfortune"}],"event_choices":[{"damage_healed":0,"gold_gain":0,"player_choice":"Entered Light","damage_taken":16,"max_hp_gain":0,"max_hp_loss":0,"event_name":"Shining Light","floor":3,"gold_loss":0,"cards_upgraded":["Defend_R","Bash"]},{"cards_removed":["Strike_R"],"damage_healed":0,"gold_gain":0,"player_choice":"Card Removal","damage_taken":7,"max_hp_gain":0,"max_hp_loss":0,"event_name":"Golden Wing","floor":5,"gold_loss":0},{"damage_healed":0,"gold_gain":0,"player_choice":"Fought Bandits","damage_taken":0,"max_hp_gain":0,"max_hp_loss":0,"event_name":"Masked Bandits","floor":19,"gold_loss":0}],"is_beta":false,"boss_relics":[{"not_picked":["Philosopher\u0027s Stone","construct:WeddingRing"],"picked":"Empty Cage"},{"not_picked":[]}],"items_purged_floors":[],"is_endless":false,"potions_floor_spawned":[4,12,16],"killed_by":"Masked Bandits","ascension_level":0}}