{"host":"ekyl8r8j8fco3zlk","time":1610172978,"event":{"mods":["ATMod(∞¢Ë™Mod)","Act Like it!","Arknights The Spire","BaseMod","CapriCore","Decade(Õı–°√˜)","Friendly Minions","Gensokyo","Hallownest","Lobotomy","LobotomyExtend","Luminous","Marisa£®ÏF”Í°°ƒß¿Ì…≥£©","Minty Spire (QoL Compilation)","READ ME - Guardian Mod","Rare Cards Sparkle","Reimu£®≤©¿ˆ¡È√Œ£©","StSLib","The Alterego","The Bug Knight","The Immortal","The Jungle","Waifu the Spire","WarShipGirlsR/’ΩΩ¢…Ÿ≈ÆR mod","°æ“≈ŒÔø®≈∆°øREMEMod"],"gold_per_floor":[115,125,125,145,145,145,32,32,32,51,51,119,119,129,129,129,129],"floor_reached":16,"playtime":400,"items_purged":[],"score":90,"play_id":"45098617-1673-44a1-aef3-7b8e027e9e28","local_time":"20210109141618","is_ascension_mode":false,"campfire_choices":[{"floor":6,"key":"REST"},{"data":"alterego_mod:Tantrum","floor":8,"key":"SMITH"},{"data":"alterego_mod:Bounce","floor":11,"key":"SMITH"},{"data":"alterego_mod:Bounce","floor":15,"key":"SMITH"}],"circlet_count":0,"master_deck":["alterego_mod:Strike","alterego_mod:Strike","alterego_mod:Strike","alterego_mod:Strike","alterego_mod:Defend","alterego_mod:Defend","alterego_mod:Defend+1","alterego_mod:Impale","alterego_mod:BigMeatyClaws","alterego_mod:BrynhildrsRune+1","AT_DrawKnifeCut+1","alterego_mod:VirginLaserPalladion+1","alterego_mod:GoddessCore","alterego_mod:Rip+1","alterego_mod:Smother","alterego_mod:DeftHands","alterego_mod:Tantrum+1","alterego_mod:Bounce+1","alterego_mod:MagicResistance","alterego_mod:Bounce+1","alterego_mod:Maid","alterego_mod:Santa","alterego_mod:Stockings","alterego_mod:BustOut"],"relics":["alterego_mod:MasochisticConstitution","AT_ATBox","REME_ComplimentaryCards","LetterFromLob","Moonlight_r","War Paint"],"acts_visited":["Exordium"],"potions_floor_usage":[16],"damage_taken":[{"damage":8,"enemies":"Cultist","floor":1,"turns":3},{"damage":0,"enemies":"Small Slimes","floor":2,"turns":3},{"damage":0,"enemies":"2 Louse","floor":4,"turns":2},{"damage":0,"enemies":"2 Fungi Beasts","floor":10,"turns":1},{"damage":0,"enemies":"Looter","floor":14,"turns":2},{"damage":44,"enemies":"The Guardian","floor":16,"turns":6}],"seed_played":"5064004440531492412","potions_obtained":[{"floor":2,"key":"AttackPotion"},{"floor":10,"key":"Energy Potion"},{"floor":14,"key":"Explosive Potion"}],"is_trial":false,"path_per_floor":["M","M","M","M","?","R","$","R","T","M","R","?","?","M","R","B"],"character_chosen":"The_Alterego","items_purchased":["alterego_mod:DeftHands","alterego_mod:Tantrum"],"campfire_rested":1,"item_purchase_floors":[7,7],"current_hp_per_floor":[63,63,22,22,22,43,43,43,43,43,43,43,43,43,43,0,0],"gold":129,"neow_bonus":"REMOVE_CARD","is_daily":false,"chose_seed":false,"campfire_upgraded":3,"win_rate":0.0,"timestamp":1610172978,"path_taken":["M","M","?","M","?","R","?","R","T","?","R","?","?","M","R","BOSS"],"items_purchased_type":["Card","Card"],"build_version":"2020-12-22","purchased_purges":0,"victory":false,"max_hp_per_floor":[71,71,71,71,71,71,71,71,71,71,71,71,71,71,71,71,71],"card_choices":[{"not_picked":["alterego_mod:BiFurious","alterego_mod:DestructionOfProperty"],"picked":"alterego_mod:GoddessCore","floor":1},{"not_picked":["alterego_mod:Table","alterego_mod:GachaTicket"],"picked":"alterego_mod:Rip","floor":2},{"not_picked":["alterego_mod:Belle","alterego_mod:Crossover"],"picked":"alterego_mod:Smother","floor":4},{"not_picked":["alterego_mod:Support","alterego_mod:Pet"],"picked":"alterego_mod:Bounce","floor":10},{"not_picked":["alterego_mod:DeftHands","alterego_mod:Rip"],"picked":"alterego_mod:BustOut","floor":14}],"player_experience":678526,"relics_obtained":[{"floor":1,"key":"LetterFromLob"},{"floor":9,"key":"War Paint"}],"event_choices":[{"damage_healed":0,"gold_gain":0,"player_choice":"Forge","damage_taken":0,"max_hp_gain":0,"max_hp_loss":0,"event_name":"Accursed Blacksmith","floor":5,"gold_loss":0,"cards_upgraded":["alterego_mod:VirginLaserPalladion"]},{"damage_healed":0,"gold_gain":68,"player_choice":"Gained Gold","damage_taken":0,"max_hp_gain":0,"max_hp_loss":0,"event_name":"Golden Wing","floor":12,"gold_loss":0}],"is_beta":false,"boss_relics":[],"items_purged_floors":[],"is_endless":false,"potions_floor_spawned":[2,10,14],"killed_by":"The Guardian","ascension_level":0}}