{"host":"t9vqxmgmtrdkt9v9","time":1610175944,"event":{"mods":["AchievementEnabler","BaseMod","Colored Map","Minty Spire (QoL Compilation)","Permanent Neow","Relic Stats","StSLib"],"gold_per_floor":[116,116,127,127,143,184,184,184,184],"floor_reached":8,"playtime":485,"items_purged":[],"score":104,"play_id":"962f81ab-b6cb-4355-9ef4-85116f110aae","local_time":"20210109170544","is_ascension_mode":true,"campfire_choices":[],"circlet_count":0,"master_deck":["AscendersBane","Strike_R","Strike_R","Strike_R","Strike_R","Defend_R","Defend_R","Defend_R","Defend_R","Bash+1","Flame Barrier","Twin Strike","Disarm","Reaper","Sever Soul"],"relics":["Burning Blood","Golden Idol","Calipers"],"acts_visited":["Exordium"],"potions_floor_usage":[8,8],"damage_taken":[{"damage":4,"enemies":"Small Slimes","floor":1,"turns":4},{"damage":1,"enemies":"2 Louse","floor":3,"turns":3},{"damage":7,"enemies":"Jaw Worm","floor":5,"turns":4},{"damage":43,"enemies":"Gremlin Nob","floor":6,"turns":5},{"damage":19,"enemies":"3 Sentries","floor":8,"turns":5}],"seed_played":"579154719922597877","potions_obtained":[{"floor":1,"key":"EssenceOfSteel"},{"floor":3,"key":"ElixirPotion"},{"floor":6,"key":"BlessingOfTheForge"}],"is_trial":false,"path_per_floor":["M","?","M","?","M","E","?","E"],"character_chosen":"IRONCLAD","items_purchased":[],"campfire_rested":0,"item_purchase_floors":[],"current_hp_per_floor":[70,75,80,52,51,14,14,0,0],"gold":184,"neow_bonus":"UPGRADE_CARD","is_daily":false,"chose_seed":false,"campfire_upgraded":0,"win_rate":0.0,"timestamp":1610175944,"path_taken":["M","?","M","?","?","E","?","E"],"items_purchased_type":[],"build_version":"2020-12-22","purchased_purges":0,"victory":false,"max_hp_per_floor":[75,80,80,80,80,80,80,80,80],"relic_stats":{"counters":[5,21],"Golden Idol":11,"obtain_stats":[{"Calipers":6,"Golden Idol":4,"Burning Blood":0},{"Calipers":4,"Golden Idol":2,"Burning Blood":0},{"Calipers":16,"Golden Idol":7,"Burning Blood":0}],"Burning Blood":24},"card_choices":[{"not_picked":["Flex","Perfected Strike"],"picked":"Flame Barrier","floor":1},{"not_picked":["Entrench","Heavy Blade"],"picked":"Twin Strike","floor":3},{"not_picked":["Berserk","Warcry"],"picked":"Disarm","floor":5},{"not_picked":["Flex","True Grit"],"picked":"Reaper","floor":6}],"player_experience":393180,"relics_obtained":[{"floor":6,"key":"Calipers"}],"event_choices":[{"damage_healed":0,"gold_gain":0,"player_choice":"Donut","damage_taken":0,"max_hp_gain":5,"max_hp_loss":0,"event_name":"Big Fish","floor":2,"gold_loss":0},{"damage_healed":0,"gold_gain":0,"player_choice":"Take Damage","damage_taken":28,"relics_obtained":["Golden Idol"],"max_hp_gain":0,"max_hp_loss":0,"event_name":"Golden Idol","floor":4,"gold_loss":0},{"damage_healed":0,"gold_gain":0,"cards_transformed":["Strike_R"],"player_choice":"Transformed","damage_taken":0,"max_hp_gain":0,"max_hp_loss":0,"event_name":"Transmorgrifier","floor":7,"gold_loss":0,"cards_obtained":["Sever Soul"]}],"is_beta":false,"boss_relics":[],"items_purged_floors":[],"is_endless":false,"potions_floor_spawned":[1,3,6],"killed_by":"3 Sentries","ascension_level":17}}