{"host":"1p0ug38l8q9et435","time":1610232229,"event":{"mods":["AchievementEnabler","BaseMod","Colored Powertips","Downfall","Minty Spire (QoL Compilation)","StSLib","UnlockEverythingMod"],"gold_per_floor":[361,381,25,43,43,43,70,19,19,38,65,80,96,123,123,224,224,241,260,34,50,60,60,77,77,77,77,91,91,13,28,28,129,129,140,150,14,14,14],"floor_reached":38,"playtime":1783,"items_purged":[],"score":450,"play_id":"46d379f8-9735-4400-8de7-315b26087be7","local_time":"20210109144349","is_ascension_mode":false,"campfire_choices":[{"data":"Eruption","floor":6,"key":"SMITH"},{"floor":15,"key":"REST"},{"floor":23,"key":"REST"},{"floor":25,"key":"REST"},{"floor":27,"key":"RECALL"},{"floor":32,"key":"REST"}],"circlet_count":0,"master_deck":["Strike_P","Strike_P","Strike_P","Strike_P","Defend_P","Defend_P","Defend_P","Defend_P","Eruption+1","Vigilance","Prostrate","FlurryOfBlows","Consecrate","Indignation","DeusExMachina","Eruption","FlurryOfBlows","Consecrate","EmptyBody","WheelKick","Evaluate","DeceiveReality","EmptyFist","Alpha","Collect+1","BattleHymn+1","Prostrate","ForeignInfluence+1","Halt+1","Crescendo+1","ReachHeaven+1","EmptyMind+1","Devotion","Evaluate+1","Halt+1","EmptyBody+1","FearNoEvil"],"relics":["PureWater","Matryoshka","Blood Vial","InkBottle","Meat on the Bone","Happy Flower","StrikeDummy","Fusion Hammer","Membership Card","Vajra","Toxic Egg 2","Boot","Toolbox","SacredBark","Regal Pillow"],"acts_visited":["Exordium","TheCity","TheBeyond"],"potions_floor_usage":[12,14,14,16,33,33,36],"damage_taken":[{"damage":0,"enemies":"2 Louse","floor":1,"turns":1},{"damage":2,"enemies":"Cultist","floor":2,"turns":3},{"damage":0,"enemies":"Small Slimes","floor":4,"turns":2},{"damage":36,"enemies":"3 Sentries","floor":7,"turns":8},{"damage":0,"enemies":"Exordium Wildlife","floor":10,"turns":2},{"damage":31,"enemies":"Lagavulin","floor":11,"turns":3},{"damage":9,"enemies":"3 Louse","floor":12,"turns":2},{"damage":0,"enemies":"2 Fungi Beasts","floor":13,"turns":2},{"damage":0,"enemies":"Gremlin Nob","floor":14,"turns":3},{"damage":34,"enemies":"The Guardian","floor":16,"turns":15},{"damage":21,"enemies":"2 Thieves","floor":18,"turns":3},{"damage":14,"enemies":"Spheric Guardian","floor":19,"turns":4},{"damage":15,"enemies":"3 Cultists","floor":21,"turns":5},{"damage":0,"enemies":"Chosen and Byrds","floor":22,"turns":5},{"damage":22,"enemies":"Snake Plant","floor":24,"turns":4},{"damage":29,"enemies":"3 Cultists","floor":28,"turns":4},{"damage":0,"enemies":"Snecko","floor":31,"turns":3},{"damage":38,"enemies":"Champ","floor":33,"turns":5},{"damage":20,"enemies":"3 Shapes","floor":35,"turns":2},{"damage":20,"enemies":"Orb Walker","floor":36,"turns":4},{"damage":41,"enemies":"4 Shapes","floor":38,"turns":2}],"seed_played":"2475922977284516324","potions_obtained":[{"floor":2,"key":"Strength Potion"},{"floor":11,"key":"Regen Potion"},{"floor":12,"key":"AttackPotion"},{"floor":13,"key":"BlessingOfTheForge"},{"floor":22,"key":"Swift Potion"},{"floor":24,"key":"Guardian:BlockOnCardUsePotion"},{"floor":28,"key":"EssenceOfSteel"},{"floor":33,"key":"DuplicationPotion"}],"is_trial":false,"path_per_floor":["M","M","$","M","?","R","E","$","T","M","E","M","M","E","R","B",null,"M","M","$","M","M","R","M","R","T","R","M","?","$","M","R","B",null,"M","M","$","M"],"character_chosen":"WATCHER","items_purchased":["Matryoshka","Consecrate","Indignation","Consecrate","Membership Card","Prostrate","Energy Potion","Dexterity Potion","Toolbox","Regal Pillow","EmptyBody+1","FearNoEvil"],"campfire_rested":4,"item_purchase_floors":[3,3,3,8,20,20,20,20,30,37,37,37],"current_hp_per_floor":[65,63,63,63,63,63,27,27,27,41,24,34,36,38,57,37,65,44,44,44,43,45,64,43,62,62,62,35,35,35,37,56,32,65,45,39,39,0,0],"gold":14,"neow_bonus":"TWO_FIFTY_GOLD","is_daily":false,"chose_seed":false,"campfire_upgraded":1,"win_rate":0.0,"timestamp":1610232229,"path_taken":["M","M","$","M","?","R","E","$","T","M","E","M","M","E","R","BOSS","M","M","$","M","M","R","M","R","T","R","M","?","$","M","R","BOSS","M","M","$","M"],"items_purchased_type":["Relic","Card","Card","Card","Relic","Card","Potion","Potion","Relic","Relic","Card","Card"],"build_version":"2020-12-22","purchased_purges":0,"victory":false,"max_hp_per_floor":[65,65,65,65,65,65,65,65,65,65,65,65,65,65,65,65,65,65,65,65,65,65,65,65,65,65,65,65,65,65,65,65,65,65,65,65,65,65,65],"card_choices":[{"not_picked":["Meditate","Protect"],"picked":"Prostrate","floor":1},{"not_picked":["Evaluate","Weave"],"picked":"FlurryOfBlows","floor":2},{"not_picked":["LikeWater","SignatureMove","FlyingSleeves"],"picked":"SKIP","floor":4},{"not_picked":["SashWhip","Crescendo"],"picked":"FlurryOfBlows","floor":7},{"not_picked":["Adaptation","EmptyMind"],"picked":"EmptyBody","floor":10},{"not_picked":["WaveOfTheHand","PathToVictory"],"picked":"WheelKick","floor":11},{"not_picked":["Worship","FlyingSleeves"],"picked":"Evaluate","floor":12},{"not_picked":["BowlingBash","ClearTheMind"],"picked":"DeceiveReality","floor":13},{"not_picked":["ClearTheMind","Tantrum"],"picked":"EmptyFist","floor":14},{"not_picked":["Brilliance","Omniscience"],"picked":"Alpha","floor":16},{"not_picked":["Indignation","Crescendo"],"picked":"Collect+1","floor":18},{"not_picked":["FearNoEvil","Swivel"],"picked":"BattleHymn+1","floor":19},{"not_picked":["Conclude","CrushJoints"],"picked":"ForeignInfluence+1","floor":21},{"not_picked":["FlyingSleeves+1","LikeWater"],"picked":"Halt+1","floor":22},{"not_picked":["Indignation","Evaluate"],"picked":"Crescendo+1","floor":24},{"not_picked":["ThirdEye+1","WreathOfFlame+1"],"picked":"ReachHeaven+1","floor":28},{"not_picked":["BowlingBash","CrushJoints"],"picked":"EmptyMind+1","floor":31},{"not_picked":["Alpha+1","Blasphemy+1"],"picked":"Devotion","floor":33},{"not_picked":["CrushJoints+1","Collect+1"],"picked":"Evaluate+1","floor":35},{"not_picked":["PathToVictory+1","ReachHeaven+1"],"picked":"Halt+1","floor":36}],"player_experience":18351,"relics_obtained":[{"floor":7,"key":"Blood Vial"},{"floor":9,"key":"InkBottle"},{"floor":9,"key":"Meat on the Bone"},{"floor":11,"key":"Happy Flower"},{"floor":14,"key":"StrikeDummy"},{"floor":26,"key":"Vajra"},{"floor":26,"key":"Toxic Egg 2"}],"event_choices":[{"damage_healed":0,"gold_gain":0,"player_choice":"2 cards matched","damage_taken":0,"max_hp_gain":0,"max_hp_loss":0,"event_name":"Match and Keep!","floor":5,"gold_loss":0,"cards_obtained":["DeusExMachina","Eruption"]},{"damage_healed":0,"gold_gain":0,"player_choice":"Gave Potion","damage_taken":0,"relics_obtained":["Boot"],"max_hp_gain":0,"max_hp_loss":0,"event_name":"WeMeetAgain","floor":29,"gold_loss":0}],"is_beta":false,"boss_relics":[{"not_picked":["Philosopher\u0027s Stone","VioletLotus"],"picked":"Fusion Hammer"},{"not_picked":["Runic Dome","Snecko Eye"],"picked":"SacredBark"}],"items_purged_floors":[],"is_endless":false,"potions_floor_spawned":[2,11,12,13,22,24,28,33],"killed_by":"4 Shapes","ascension_level":0}}