{"host":"mytek2nu1hrzdnew","time":1610233854,"event":{"mods":["100% Spire Juice","AchievementEnabler","Aspiration","BaseMod","Conspire","GifTheSpireLib","Gold Saver","Hubris","Ironclad Rager","Minty Spire (QoL Compilation)","Replay The Spire","StSLib","Stuff the Spire","Uncapped"],"gold_per_floor":[13,13,13,112,37,37,72,72,95,109,125,149,149,169,169,288,288,303,326,19,19,34,70,93,114,114,130,146,146,162,182,182,307,307,323,7,31,31,31,31],"floor_reached":39,"playtime":1732,"items_purged":["Normality"],"score":407,"play_id":"953272fe-fed1-4fcf-aff2-0ffcb87d926c","local_time":"20210109181053","is_ascension_mode":false,"campfire_choices":[{"floor":6,"key":"REST"},{"data":"Inflame","floor":8,"key":"SMITH"},{"data":"Havoc","floor":13,"key":"SMITH"},{"floor":15,"key":"REST"},{"data":"Havoc","floor":32,"key":"SMITH"}],"circlet_count":0,"master_deck":["Bash","Twin Strike","Twin Strike","Twin Strike","Twin Strike","Iron Wave","Iron Wave","Iron Wave","Iron Wave","Clash","Burning Pact+1","Inflame+1","Havoc+1","Replay:Undeath\u0027s Touch","Heavy Blade","Juggernaut","Anger","ReplayTheSpireMod:Limb From Limb+1","Havoc+1","Sentinel","StuffTheSpire:Slingshot","StuffTheSpire:RockThrow","ReplayTheSpireMod:Strike From Hell","StuffTheSpire:Slingshot","Havoc+1","Flex+1","Inflame"],"relics":["Burning Blood","Golden Idol","StuffTheSpire:Experiment12","hubris:OldNail","Blue Doll","conspire:SpecialSausage","Snack Pack","Torii","War Paint","SlaversCollar","Replay:Wax Seal","Another Sword"],"acts_visited":["Exordium","TheCity","TheBeyond"],"potions_floor_usage":[7,12,23,23,28,30,33,33],"damage_taken":[{"damage":0,"enemies":"Small Slimes","floor":1,"turns":2},{"damage":15,"enemies":"3 Sentries","floor":7,"turns":7},{"damage":0,"enemies":"2 Louse","floor":10,"turns":2},{"damage":0,"enemies":"Cultist","floor":11,"turns":2},{"damage":11,"enemies":"Lots of Slimes","floor":12,"turns":3},{"damage":12,"enemies":"Exordium Wildlife","floor":14,"turns":3},{"damage":26,"enemies":"The Guardian","floor":16,"turns":5},{"damage":23,"enemies":"Shell Parasite","floor":18,"turns":3},{"damage":8,"enemies":"Chosen","floor":19,"turns":2},{"damage":0,"enemies":"Snecko","floor":22,"turns":3},{"damage":28,"enemies":"Slavers","floor":23,"turns":5},{"damage":6,"enemies":"Centurion and Healer","floor":24,"turns":2},{"damage":10,"enemies":"Sentry and Sphere","floor":25,"turns":3},{"damage":1,"enemies":"Cultist and Chosen","floor":27,"turns":3},{"damage":0,"enemies":"Centurion and Healer","floor":28,"turns":4},{"damage":8,"enemies":"Snecko","floor":30,"turns":3},{"damage":1,"enemies":"3 Cultists","floor":31,"turns":3},{"damage":12,"enemies":"Champ","floor":33,"turns":5},{"damage":1,"enemies":"Orb Walker","floor":35,"turns":2},{"damage":17,"enemies":"3 Darklings","floor":37,"turns":5},{"damage":82,"enemies":"Replay:Hell Engine","floor":39,"turns":5}],"seed_played":"-7956348062888074716","potions_obtained":[{"floor":1,"key":"Block Potion"},{"floor":7,"key":"Adrenaline Potion"},{"floor":16,"key":"Block Potion"},{"floor":19,"key":"EssenceOfSteel"},{"floor":24,"key":"Swift Potion"},{"floor":27,"key":"HeartOfIron"},{"floor":28,"key":"Toxic Potion"},{"floor":31,"key":"Adrenaline Potion"}],"is_trial":false,"path_per_floor":["M","?","$","?","$","R","E","R","T","M","M","M","R","M","R","B",null,"M","M","$","?","M","E","M","M","T","M","M","$","M","M","R","B",null,"M","$","M","?","B"],"character_chosen":"IRONCLAD","items_purchased":["Snack Pack","ReplayTheSpireMod:Limb From Limb+1","Havoc","Replay:Wax Seal","Another Sword"],"campfire_rested":2,"item_purchase_floors":[20,20,20,36,36],"current_hp_per_floor":[57,39,39,21,21,42,33,33,33,39,45,40,40,34,55,35,72,55,53,53,53,61,43,45,45,45,54,66,66,68,72,72,72,72,72,72,65,65,0,0],"gold":31,"neow_bonus":"IRONCLAD_BERSERKER","is_daily":false,"chose_seed":false,"campfire_upgraded":3,"win_rate":0.0,"timestamp":1610233853,"path_taken":["M","?","$","?","$","R","E","R","T","?","M","M","R","M","R","BOSS","M","M","?","?","M","E","M","M","T","M","M","$","?","M","R","BOSS","M","$","M","?","BOSS"],"items_purchased_type":["Relic","Card","Card","Relic","Relic"],"build_version":"2020-12-22","purchased_purges":1,"victory":false,"max_hp_per_floor":[72,72,72,72,72,72,72,72,72,72,72,72,72,72,72,72,72,72,72,72,72,72,72,72,72,72,72,72,72,72,72,72,72,72,72,72,72,72,72,72],"card_choices":[{"not_picked":["Intimidate","conspire:ExplosiveBarrier","ReplayReversal"],"picked":"SKIP","floor":1},{"not_picked":["Evolve","Intimidate"],"picked":"Clash","floor":4},{"not_picked":["Whirlwind","Power Through"],"picked":"Burning Pact","floor":4},{"not_picked":["StuffTheSpire:Pyroclast","Cleave"],"picked":"Inflame","floor":7},{"not_picked":["Massacre","Combust","Armaments"],"picked":"SKIP","floor":10},{"not_picked":["Flame Barrier","Thunderclap"],"picked":"Havoc","floor":11},{"not_picked":["Iron Wave","Defy Death"],"picked":"Replay:Undeath\u0027s Touch","floor":12},{"not_picked":["Impervious","Metallicize"],"picked":"Heavy Blade","floor":14},{"not_picked":["Brutality","Berserk"],"picked":"Juggernaut","floor":16},{"not_picked":["Body Slam","Headbutt","Pommel Strike"],"picked":"SKIP","floor":18},{"not_picked":["True Grit+1","Metallicize+1"],"picked":"Anger","floor":19},{"not_picked":["Armaments","Fire Breathing+1"],"picked":"StuffTheSpire:Slingshot","floor":22},{"not_picked":["StuffTheSpire:Resist","Iron Wave"],"picked":"StuffTheSpire:RockThrow","floor":23},{"not_picked":["StuffTheSpire:Pyroclast","Wild Strike+1"],"picked":"ReplayTheSpireMod:Strike From Hell","floor":24},{"not_picked":["Twin Strike","Fire Breathing","Pommel Strike+1"],"picked":"SKIP","floor":25},{"not_picked":["Thunderclap","Run Through"],"picked":"StuffTheSpire:Slingshot","floor":27},{"not_picked":["Iron Wave","Flame Barrier","Infernal Blade+1"],"picked":"SKIP","floor":28},{"not_picked":["Dropkick+1","StuffTheSpire:Incineration+1"],"picked":"Havoc","floor":30},{"not_picked":["Cleave","Pummel","StuffTheSpire:Incineration"],"picked":"SKIP","floor":31},{"not_picked":["Clothesline","Warcry"],"picked":"Flex+1","floor":35},{"not_picked":["Havoc","hubris:ReadiedAction+1"],"picked":"Inflame","floor":37}],"player_experience":1042983,"relics_obtained":[{"floor":4,"key":"StuffTheSpire:Experiment12"},{"floor":7,"key":"hubris:OldNail"},{"floor":9,"key":"Blue Doll"},{"floor":23,"key":"Torii"},{"floor":26,"key":"War Paint"}],"event_choices":[{"damage_healed":0,"gold_gain":0,"player_choice":"Take Damage","damage_taken":18,"relics_obtained":["Golden Idol"],"max_hp_gain":0,"max_hp_loss":0,"event_name":"Golden Idol","floor":2,"gold_loss":0},{"damage_healed":0,"gold_gain":0,"cards_transformed":["Twin Strike"],"player_choice":"Transformed","damage_taken":0,"max_hp_gain":0,"max_hp_loss":0,"event_name":"Transmorgrifier","floor":21,"gold_loss":0,"cards_obtained":["Sentinel"]},{"damage_healed":0,"gold_gain":0,"player_choice":"Took Portal","damage_taken":0,"max_hp_gain":0,"max_hp_loss":0,"event_name":"SecretPortal","floor":38,"gold_loss":0}],"is_beta":false,"boss_relics":[{"not_picked":["conspire:RoyalGoblet","StuffTheSpire:RunicConfusion"],"picked":"conspire:SpecialSausage"},{"not_picked":["aspiration:DefectSkillbook","Snecko Eye"],"picked":"SlaversCollar"}],"items_purged_floors":[5],"is_endless":false,"potions_floor_spawned":[1,7,16,19,24,25,27,28,31],"killed_by":"Replay:Hell Engine","ascension_level":0}}