{"host":"sav7uxregyirlf69","time":1610209309,"event":{"mods":["AchievementEnabler","BaseMod","Colored Map","DeckTracker","Keyboard Shortcuts","Minty Spire (QoL Compilation)","READ ME - Guardian Mod","StSLib","SuperFastMode"],"gold_per_floor":[117,117,128,128,228,228,252,252,552,567,567,122,140,159,159,257,257,270,270,19,19,19,19,44,15,15,47,67,81,81,112,112,183,183,203,219,236,236,249,281,298,258,306,320,370,370,399,416,416,416,416],"floor_reached":52,"playtime":1175,"items_purged":["Strike_G"],"score":2449,"play_id":"afdc131f-16b0-4179-9653-f247e89b8eb8","local_time":"20210110012149","is_ascension_mode":true,"campfire_choices":[{"data":"Cloak And Dagger","floor":6.0,"key":"SMITH"},{"data":"Neutralize","floor":8.0,"key":"SMITH"},{"data":"Well Laid Plans","floor":11.0,"key":"SMITH"},{"data":"Finesse","floor":15.0,"key":"SMITH"},{"data":"Accuracy","floor":23,"key":"SMITH"},{"data":"Reflex","floor":30,"key":"SMITH"},{"data":"After Image","floor":32,"key":"SMITH"},{"data":"Blade Dance","floor":46,"key":"SMITH"},{"floor":49,"key":"RECALL"}],"circlet_count":0,"master_deck":["AscendersBane","Strike_G","Strike_G","Defend_G","Defend_G","Defend_G","Defend_G","Defend_G","Survivor","Cloak And Dagger+1","Flying Knee","Dagger Throw","Well Laid Plans+1","Finesse+1","Blade Dance+1","After Image+1","Reflex+1","Concentrate+1","Reflex+1","Blade Dance+1","Accuracy+1","Phantasmal Killer+1","Catalyst+1","Backstab+1","Prepared+1","Backflip+1","Cloak And Dagger+1","Adrenaline+1","Blur+1","Escape Plan+1","Acrobatics+1"],"relics":["Ring of the Snake","NeowsBlessing","Bloody Idol","Old Coin","Potion Belt","WristBlade","Toxic Egg 2","Orrery","Strawberry","Mercury Hourglass","Shuriken","Blood Vial","Busted Crown","Centennial Puzzle","PreservedInsect","Ninja Scroll"],"acts_visited":["Exordium","TheCity","TheBeyond"],"potions_floor_usage":[24,24,40,40,47],"damage_taken":[{"damage":0.0,"enemies":"Jaw Worm","floor":1.0,"turns":1.0},{"damage":0.0,"enemies":"2 Louse","floor":3.0,"turns":1.0},{"damage":0.0,"enemies":"Small Slimes","floor":7.0,"turns":1.0},{"damage":11.0,"enemies":"Red Slaver","floor":10.0,"turns":4.0},{"damage":2.0,"enemies":"Blue Slaver","floor":13.0,"turns":4.0},{"damage":9.0,"enemies":"Large Slime","floor":14.0,"turns":7.0},{"damage":0.0,"enemies":"The Guardian","floor":16.0,"turns":10.0},{"damage":1.0,"enemies":"3 Byrds","floor":18.0,"turns":6.0},{"damage":10,"enemies":"Gremlin Leader","floor":24,"turns":5},{"damage":27,"enemies":"Book of Stabbing","floor":27,"turns":5},{"damage":5,"enemies":"2 Thieves","floor":28,"turns":3},{"damage":0,"enemies":"Centurion and Healer","floor":29,"turns":3},{"damage":4,"enemies":"Slavers","floor":31,"turns":3},{"damage":8,"enemies":"Collector","floor":33,"turns":6},{"damage":0,"enemies":"Orb Walker","floor":35,"turns":3},{"damage":0,"enemies":"3 Darklings","floor":36,"turns":2},{"damage":0,"enemies":"Transient","floor":37,"turns":6},{"damage":9,"enemies":"Sphere and 2 Shapes","floor":39,"turns":4},{"damage":0,"enemies":"Nemesis","floor":40,"turns":3},{"damage":0,"enemies":"4 Shapes","floor":41,"turns":3},{"damage":0,"enemies":"3 Darklings","floor":44,"turns":3},{"damage":0,"enemies":"Giant Head","floor":47,"turns":3},{"damage":0,"enemies":"Writhing Mass","floor":48,"turns":4},{"damage":0,"enemies":"Awakened One","floor":50,"turns":5},{"damage":0,"enemies":"Donu and Deca","floor":51,"turns":5}],"seed_played":"726810082948503818","potions_obtained":[{"floor":3.0,"key":"SteroidPotion"},{"floor":10.0,"key":"GamblersBrew"},{"floor":16.0,"key":"DuplicationPotion"},{"floor":27,"key":"LiquidMemories"},{"floor":31,"key":"FearPotion"},{"floor":33,"key":"LiquidMemories"},{"floor":35,"key":"Block Potion"},{"floor":40,"key":"SkillPotion"},{"floor":41,"key":"Strength Potion"},{"floor":42,"key":"EntropicBrew"}],"is_trial":false,"path_per_floor":["M","?","M","?","?","R","M","R","T","M","R","$","M","M","R","B",null,"M","T","$","?","?","R","E","$","T","E","M","M","R","E","R","B",null,"M","M","M","?","M","E","M","?","T","M","?","R","E","M","R","B","B",null],"character_chosen":"THE_SILENT","items_purchased":["Potion Belt","Finesse","CultistPotion","Orrery","Accuracy","Prepared+1"],"campfire_rested":0,"item_purchase_floors":[12,12,12,20,20,25],"current_hp_per_floor":[59,64,64,40,40,40,40,40,40,29,29,29,27,18,18,18,58,57,57,57,57,57,57,59,59,59,37,42,47,47,48,48,47,70,77,78,78,78,74,78,78,78,78,78,78,78,78,78,78,78,78],"gold":416,"neow_bonus":"THREE_ENEMY_KILL","is_daily":false,"chose_seed":false,"campfire_upgraded":8,"win_rate":0.0,"timestamp":1610209309,"path_taken":["M","?","M","?","?","R","M","R","T","M","R","$","M","M","R","BOSS","M","?","$","?","?","R","E","?","T","E","M","M","R","E","R","BOSS","M","M","M","?","M","E","M","?","T","?","?","R","E","M","R","BOSS","BOSS"],"items_purchased_type":["Relic","Card","Potion","Relic","Card","Card"],"build_version":"2020-12-22","purchased_purges":1,"victory":true,"max_hp_per_floor":[66,71,71,71,71,71,71,71,71,71,71,71,71,71,71,71,71,71,71,71,71,71,71,78,78,78,78,78,78,78,78,78,78,78,78,78,78,78,78,78,78,78,78,78,78,78,78,78,78,78,78],"card_choices":[{"not_picked":["Dodge and Roll","Terror"],"picked":"Cloak And Dagger","floor":1.0},{"not_picked":["Acrobatics","Sucker Punch"],"picked":"Flying Knee","floor":3.0},{"not_picked":["Caltrops","Blur"],"picked":"Dagger Throw","floor":7.0},{"not_picked":["Underhanded Strike","Caltrops"],"picked":"Well Laid Plans","floor":10.0},{"not_picked":["Crippling Poison","Die Die Die"],"picked":"Blade Dance","floor":13.0},{"not_picked":["Slice","Sucker Punch","Dodge and Roll"],"picked":"SKIP","floor":14.0},{"not_picked":["Envenom","Glass Knife"],"picked":"After Image","floor":16.0},{"not_picked":["PiercingWail","Expertise"],"picked":"Reflex","floor":18.0},{"not_picked":["Reflex+1","Slice"],"picked":"Concentrate+1","floor":20},{"not_picked":["Backstab","Sucker Punch"],"picked":"Reflex+1","floor":20},{"not_picked":["Slice","All Out Attack"],"picked":"Blade Dance+1","floor":20},{"not_picked":["Sucker Punch+1","Setup+1"],"picked":"Backstab+1","floor":24},{"not_picked":["Eviscerate","Slice+1"],"picked":"Backflip+1","floor":27},{"not_picked":["Quick Slash","Reflex+1","PiercingWail+1"],"picked":"SKIP","floor":28},{"not_picked":["Deflect+1","Outmaneuver+1","Concentrate+1"],"picked":"SKIP","floor":29},{"not_picked":["Flying Knee","Die Die Die"],"picked":"Cloak And Dagger+1","floor":31},{"not_picked":["Corpse Explosion+1","Bullet Time+1"],"picked":"Adrenaline+1","floor":33},{"not_picked":["Prepared+1"],"picked":"SKIP","floor":35},{"not_picked":["Cloak And Dagger+1"],"picked":"SKIP","floor":36},{"not_picked":["PiercingWail+1"],"picked":"SKIP","floor":37},{"not_picked":["Dagger Throw"],"picked":"SKIP","floor":39},{"not_picked":["Flying Knee+1"],"picked":"SKIP","floor":40},{"not_picked":[],"picked":"Blur+1","floor":41},{"not_picked":[],"picked":"Escape Plan+1","floor":44},{"not_picked":["Noxious Fumes"],"picked":"SKIP","floor":47},{"not_picked":[],"picked":"Acrobatics+1","floor":48}],"player_experience":1220951,"relics_obtained":[{"floor":9.0,"key":"Old Coin"},{"floor":19.0,"key":"Toxic Egg 2"},{"floor":24,"key":"Strawberry"},{"floor":26,"key":"Mercury Hourglass"},{"floor":27,"key":"Shuriken"},{"floor":31,"key":"Blood Vial"},{"floor":40,"key":"Centennial Puzzle"},{"floor":43,"key":"PreservedInsect"},{"floor":47,"key":"Ninja Scroll"}],"event_choices":[{"damage_healed":0.0,"max_hp_gain":5.0,"max_hp_loss":0.0,"gold_gain":0.0,"event_name":"Big Fish","player_choice":"Donut","floor":2.0,"gold_loss":0.0,"damage_taken":0.0},{"damage_healed":0.0,"max_hp_gain":0.0,"max_hp_loss":0.0,"gold_gain":0.0,"event_name":"Golden Idol","player_choice":"Take Damage","floor":4.0,"gold_loss":0.0,"damage_taken":24.0,"relics_obtained":["Golden Idol"]},{"damage_healed":0.0,"max_hp_gain":0.0,"max_hp_loss":0.0,"gold_gain":100.0,"event_name":"Wheel of Change","player_choice":"Gold","floor":5.0,"gold_loss":0.0,"damage_taken":0.0},{"damage_healed":0,"gold_gain":0,"player_choice":"Gave Idol","damage_taken":0,"relics_obtained":["Bloody Idol"],"max_hp_gain":0,"max_hp_loss":0,"event_name":"Forgotten Altar","floor":21,"relics_lost":["Golden Idol"],"gold_loss":0},{"damage_healed":0,"gold_gain":0,"cards_transformed":["Strike_G","Strike_G"],"player_choice":"Became Test Subject","damage_taken":0,"max_hp_gain":0,"max_hp_loss":0,"event_name":"Drug Dealer","floor":22,"gold_loss":0,"cards_obtained":["Phantasmal Killer","Catalyst"]},{"cards_removed":["Neutralize"],"damage_healed":0,"gold_gain":0,"player_choice":"Removed Attack","damage_taken":0,"max_hp_gain":0,"max_hp_loss":0,"event_name":"Falling","floor":38,"gold_loss":0},{"damage_healed":0,"gold_gain":0,"player_choice":"Bought 3 Potions","damage_taken":0,"max_hp_gain":0,"max_hp_loss":0,"event_name":"The Woman in Blue","floor":42,"gold_loss":0},{"damage_healed":0,"gold_gain":50,"player_choice":"Pray","damage_taken":0,"max_hp_gain":0,"max_hp_loss":0,"event_name":"Golden Shrine","floor":45,"gold_loss":0}],"is_beta":false,"boss_relics":[{"not_picked":["Fusion Hammer","SacredBark"],"picked":"WristBlade"},{"not_picked":["HoveringKite","Velvet Choker"],"picked":"Busted Crown"}],"items_purged_floors":[12],"is_endless":false,"potions_floor_spawned":[3,10,16,27,31,33,35,40,41,44],"ascension_level":20}}