{"host":"nptej036rrbiurf5","time":1610157521,"event":{"mods":["BaseMod","Colored Map","Colored Powertips","DeckTracker","Minty Spire (QoL Compilation)","StSLib","SuperFastMode"],"gold_per_floor":[119,44,44,194,194,225,254,11,34,34,34],"floor_reached":10,"playtime":93,"items_purged":["Doubt"],"score":244,"play_id":"06d8c82d-4005-4ce1-91dc-843cd5edd27b","local_time":"20210109105841","is_ascension_mode":true,"campfire_choices":[],"circlet_count":0,"master_deck":["AscendersBane","Strike_P","Strike_P","Strike_P","Strike_P","Defend_P","Defend_P","Defend_P","Eruption","Vigilance","FollowUp","MentalFortress","Meditate"],"relics":["PureWater","NeowsBlessing","WingedGreaves","Akabeko","Dream Catcher"],"acts_visited":["Exordium"],"potions_floor_usage":[],"damage_taken":[{"damage":0.0,"enemies":"2 Louse","floor":1.0,"turns":1.0},{"damage":0.0,"enemies":"Lagavulin","floor":6.0,"turns":1.0},{"damage":0.0,"enemies":"Gremlin Nob","floor":7.0,"turns":1.0},{"damage":0,"enemies":"3 Sentries","floor":10,"turns":1}],"seed_played":"4639155485868635644","potions_obtained":[{"floor":1.0,"key":"LiquidMemories"}],"is_trial":false,"path_per_floor":["M","?","?","?","T","E","E","$","T","E"],"character_chosen":"WATCHER","items_purchased":["MentalFortress","Meditate"],"campfire_rested":0,"item_purchase_floors":[8,8],"current_hp_per_floor":[61,61,66,66,66,66,66,66,66,66,66],"gold":34,"neow_bonus":"THREE_ENEMY_KILL","is_daily":false,"chose_seed":false,"campfire_upgraded":0,"win_rate":0.0,"timestamp":1610157521,"path_taken":["M","?","?","?","?","E","E","?","T","E"],"items_purchased_type":["Card","Card"],"build_version":"2020-12-22","purchased_purges":1,"victory":false,"max_hp_per_floor":[68,68,73,73,73,73,73,73,73,73,73],"card_choices":[{"not_picked":["Pray","Crescendo"],"picked":"FollowUp","floor":1.0},{"not_picked":["ThirdEye","Halt","Evaluate"],"picked":"SKIP","floor":6.0},{"not_picked":["Swivel","Conclude","ForeignInfluence"],"picked":"SKIP","floor":7.0}],"player_experience":880977,"relics_obtained":[{"floor":5.0,"key":"WingedGreaves"},{"floor":6.0,"key":"Akabeko"},{"floor":7.0,"key":"Dream Catcher"}],"event_choices":[{"cards_removed":["Defend_P"],"damage_healed":0.0,"max_hp_gain":0.0,"max_hp_loss":0.0,"gold_gain":0.0,"event_name":"The Cleric","player_choice":"Card Removal","floor":2.0,"gold_loss":75.0,"damage_taken":0.0},{"damage_healed":0.0,"max_hp_gain":5.0,"max_hp_loss":0.0,"gold_gain":0.0,"event_name":"Big Fish","player_choice":"Donut","floor":3.0,"gold_loss":0.0,"damage_taken":0.0},{"damage_healed":0.0,"max_hp_gain":0.0,"max_hp_loss":0.0,"gold_gain":150.0,"event_name":"Liars Game","player_choice":"AGREE","floor":4.0,"gold_loss":0.0,"damage_taken":0.0,"cards_obtained":["Doubt"]}],"is_beta":false,"boss_relics":[],"items_purged_floors":[8],"is_endless":false,"potions_floor_spawned":[1],"killed_by":"3 Sentries","ascension_level":20}}