{"host":"brd61wijv1cf72gn","time":1610207566,"event":{"mods":["Act Like it!","BaseMod","Conspire","Gensokyo","Marisa£®ÏF”Í°°ƒß¿Ì…≥£©","Minty Spire (QoL Compilation)","Replay The Spire","StSLib","The Bug Knight","The Cursed","The Runesmith","The Servant 0.9.4"],"gold_per_floor":[119,136,36,36,52,83,83,83,83,122,135,152,152,164,164,262,262,280,299,29,29,49,49],"floor_reached":22,"playtime":945,"items_purged":["Replay:Sluggish"],"score":236,"play_id":"e1ee648b-b860-442c-8018-14be46ccfc96","local_time":"20210109235246","is_ascension_mode":false,"campfire_choices":[{"floor":8,"key":"REST"},{"floor":13,"key":"REST"},{"floor":15,"key":"REST"}],"circlet_count":0,"master_deck":["conspire:GhostlyStrike","conspire:GhostlyStrike","conspire:GhostlyStrike","conspire:GhostlyStrike","conspire:GhostlyStrike","conspire:GhostlyDefend","conspire:GhostlyDefend","conspire:GhostlyDefend","conspire:GhostlyDefend","conspire:GhostlyDefend","Survivor","Neutralize","ReplayTheSpireMod:Scrap Shanks","Prepared","conspire:SpireCoStock","conspire:SpireCoStock","Underhanded Strike","Tools of the Trade","Blade Dance","Blade Dance","Tactician","Bullet Time","Escape Plan","Dagger Throw+1","Blade Dance"],"relics":["Ring of the Snake","NeowsBlessing","Basket Of Snakes","Frozen Egg 2","Cursed Key","Pondfish Scales","Lee\u0027s Waffle"],"acts_visited":["Exordium","Exordium"],"potions_floor_usage":[6,6,16],"damage_taken":[{"damage":0,"enemies":"Cultist","floor":1,"turns":1},{"damage":0,"enemies":"Small Slimes","floor":2,"turns":1},{"damage":0,"enemies":"2 Louse","floor":5,"turns":1},{"damage":31,"enemies":"Gremlin Nob","floor":6,"turns":5},{"damage":10,"enemies":"2 Fungi Beasts","floor":10,"turns":4},{"damage":2,"enemies":"Blue Slaver","floor":11,"turns":4},{"damage":18,"enemies":"Exordium Thugs","floor":12,"turns":4},{"damage":25,"enemies":"Lots of Slimes","floor":14,"turns":4},{"damage":26,"enemies":"Slime Boss","floor":16,"turns":6},{"damage":24,"enemies":"Gensokyo:2_Gloops","floor":18,"turns":5},{"damage":3,"enemies":"Gensokyo:AngelMirror","floor":22,"turns":2}],"seed_played":"7034762334603951608","potions_obtained":[{"floor":2,"key":"ColorlessPotion"},{"floor":5,"key":"DuplicationPotion"},{"floor":10,"key":"CultistPotion"},{"floor":12,"key":"SpeedPotion"}],"is_trial":false,"path_per_floor":["M","M","?","?","M","E","$","R","T","M","M","M","R","M","R","B",null,"M","?","$","COS","M"],"character_chosen":"THE_SILENT","items_purchased":["Lee\u0027s Waffle","Blade Dance"],"campfire_rested":3,"item_purchase_floors":[20,20],"current_hp_per_floor":[70,70,70,70,70,39,39,60,60,50,48,30,51,26,47,21,70,46,46,77,77,74,74],"gold":49,"neow_bonus":"THREE_ENEMY_KILL","is_daily":false,"chose_seed":false,"campfire_upgraded":0,"win_rate":0.0,"timestamp":1610207566,"path_taken":["M","?","?","?","M","E","$","R","T","M","M","M","R","M","R","BOSS","M","?","?","COS","M"],"items_purchased_type":["Relic","Card"],"build_version":"2020-12-22","purchased_purges":1,"victory":false,"max_hp_per_floor":[70,70,70,70,70,70,70,70,70,70,70,70,70,70,70,70,70,70,70,77,77,77,77],"card_choices":[{"not_picked":["Poisoned Stab","Bouncing Flask"],"picked":"ReplayTheSpireMod:Scrap Shanks","floor":1},{"not_picked":["Slice","PiercingWail"],"picked":"Prepared","floor":2},{"not_picked":["Blur","Bane"],"picked":"Underhanded Strike","floor":5},{"not_picked":["Quick Slash","Hidden Blade"],"picked":"Tools of the Trade","floor":6},{"not_picked":["Heel Hook","Expertise"],"picked":"Blade Dance","floor":10},{"not_picked":["PiercingWail","Quick Slash"],"picked":"Blade Dance","floor":11},{"not_picked":["Heel Hook","Replay:Poison Smokescreen"],"picked":"Tactician","floor":12},{"not_picked":["Deflect","Deadly Poison","Sucker Punch"],"picked":"SKIP","floor":14},{"not_picked":["ReplayTheSpireMod:Necrosis","Glass Knife"],"picked":"Bullet Time","floor":16},{"not_picked":["Noxious Fumes+1","Quick Slash+1"],"picked":"Escape Plan","floor":18},{"not_picked":["Dash","ReplayTheSpireMod:The Works"],"picked":"Dagger Throw+1","floor":19}],"player_experience":12812,"relics_obtained":[{"floor":6,"key":"Basket Of Snakes"},{"floor":9,"key":"Frozen Egg 2"},{"floor":19,"key":"Pondfish Scales"}],"event_choices":[{"damage_healed":0,"gold_gain":0,"player_choice":"Invest 2","damage_taken":0,"max_hp_gain":0,"max_hp_loss":0,"event_name":"conspire:Investor","floor":3,"gold_loss":0},{"damage_healed":0,"gold_gain":0,"player_choice":"Agree","damage_taken":0,"max_hp_gain":0,"max_hp_loss":0,"event_name":"conspire:LoneGhost","floor":4,"gold_loss":0}],"is_beta":false,"boss_relics":[{"not_picked":["conspire:RoyalGoblet","Runesmith:UraniumAnvil"],"picked":"Cursed Key"}],"items_purged_floors":[20],"is_endless":false,"potions_floor_spawned":[2,5,10,12],"killed_by":"Gensokyo:AngelMirror","ascension_level":0}}