{"host":"whe4vf9w0yuhsr02","time":1610231421,"event":{"mods":["BaseMod","Highlight Path","Lobotomy","LobotomyExtend","Minty Spire (QoL Compilation)","Quick Restart","StSLib"],"gold_per_floor":[213,62,62,77,97,97,97,97,97,125,125,142,156,171,171,171,171],"floor_reached":16,"playtime":1172,"items_purged":[],"score":102,"play_id":"0b7bd5c6-c668-4159-a74a-59e3373d830c","local_time":"20210110003021","is_ascension_mode":false,"campfire_choices":[],"circlet_count":0,"master_deck":["SpecialBullet","SpecialBullet","SpecialBullet","SpecialBullet","SpecialBullet","SpecialBullet","SpecialBullet","SpecialBullet","ExtractionCode","ControlCode","SecurityCode","SomewhereSpear+1","OSAHOGD","MagicBullet","ParadiseLost","BlackSwan_ego+1","TodaysExpression+1","InformationCode","Diffraction+1","UniverseFragment","FourthMatchFlame+1","Ecstasy+1","InTheNameOfLoveAndHate+1"],"relics":["CogitoBucket","RabbitCall","LetterFromLob","Happy Flower","Bronze Scales","AspirationHeart"],"acts_visited":["Exordium"],"potions_floor_usage":[],"damage_taken":[{"damage":0.0,"enemies":"2 Louse","floor":1.0,"turns":2.0},{"damage":11.0,"enemies":"Jaw Worm","floor":4.0,"turns":2.0},{"damage":7.0,"enemies":"Small Slimes","floor":5.0,"turns":2.0},{"damage":18.0,"enemies":"3 Sentries","floor":10.0,"turns":4.0},{"damage":30.0,"enemies":"Gremlin Gang","floor":12.0,"turns":3.0},{"damage":20.0,"enemies":"Blue Slaver","floor":13.0,"turns":4.0},{"damage":3.0,"enemies":"Large Slime","floor":14.0,"turns":2.0},{"damage":39,"enemies":"The Guardian","floor":16,"turns":8}],"seed_played":"-7627538296154114220","potions_obtained":[{"floor":4.0,"key":"FearPotion"},{"floor":5.0,"key":"SpeedPotion"},{"floor":10.0,"key":"LiquidBronze"}],"is_trial":false,"path_per_floor":["M","$","?","M","M","R","?","R","T","E","R","M","M","M","R","B"],"character_chosen":"Angela","items_purchased":["Happy Flower"],"campfire_rested":0,"item_purchase_floors":[2],"current_hp_per_floor":[70,70,70,67,68,68,68,68,68,58,58,36,34,39,39,0,0],"gold":171,"neow_bonus":"HUNDRED_GOLD","is_daily":false,"chose_seed":false,"campfire_upgraded":0,"win_rate":0.0,"timestamp":1610231421,"path_taken":["M","$","?","M","M","R","?","R","T","E","R","M","M","M","R","BOSS"],"items_purchased_type":["Relic"],"build_version":"2020-12-22","purchased_purges":0,"victory":false,"max_hp_per_floor":[70,70,70,70,70,70,70,70,70,70,70,70,80,80,80,80,80],"card_choices":[{"not_picked":["CherryBlossom"],"picked":"SomewhereSpear","floor":1.0},{"not_picked":["BlueStar","Yin"],"picked":"OSAHOGD","floor":1.0},{"not_picked":["SomewhereSpear","Loneliness"],"picked":"SKIP","floor":1.0},{"not_picked":["SomewhereSpear"],"picked":"MagicBullet","floor":4.0},{"not_picked":["Heaven"],"picked":"ParadiseLost","floor":5.0},{"not_picked":["Logging","Noise"],"picked":"SKIP","floor":5.0},{"not_picked":["Tough+1","TodaysExpression+1"],"picked":"BlackSwan_ego+1","floor":10.0},{"not_picked":["MHz","Wellcheers","DespairKnight"],"picked":"Singing Bowl","floor":10.0},{"not_picked":["CherryBlossom+1","CUTE+1"],"picked":"TodaysExpression+1","floor":10.0},{"not_picked":["Logging+1","Discord+1"],"picked":"Diffraction+1","floor":12.0},{"not_picked":["MeatLantern","ShyLook","BeautyBeast"],"picked":"Singing Bowl","floor":12.0},{"not_picked":["LittleHelper","MHz"],"picked":"UniverseFragment","floor":12.0},{"not_picked":["Wingbeat+1","Regret_ego+1"],"picked":"FourthMatchFlame+1","floor":12.0},{"not_picked":["ShyLook","Woodsman","QueenBee"],"picked":"Singing Bowl","floor":13.0},{"not_picked":["SomewhereSpear+1","Twilight+1"],"picked":"Ecstasy+1","floor":13.0},{"not_picked":["ShyLook","Bloodbath","RedShoes"],"picked":"Singing Bowl","floor":14.0},{"not_picked":["CherryBlossom+1","FourthMatchFlame+1"],"picked":"InTheNameOfLoveAndHate+1","floor":14.0}],"player_experience":441861,"relics_obtained":[{"floor":1.0,"key":"LetterFromLob"},{"floor":10.0,"key":"Bronze Scales"}],"event_choices":[{"damage_healed":0.0,"max_hp_gain":0.0,"max_hp_loss":0.0,"gold_gain":0.0,"event_name":"Living Wall","player_choice":"Grow","floor":7.0,"gold_loss":0.0,"damage_taken":0.0,"cards_upgraded":["SomewhereSpear"]}],"is_beta":false,"boss_relics":[],"items_purged_floors":[],"is_endless":false,"potions_floor_spawned":[4,5,10],"killed_by":"The Guardian","ascension_level":0}}