{"host":"porgtwlvhh3hs75v","time":1610199575,"event":{"mods":["ATMod(°¢èªMod)","Act Like it!","Arknights The Spire","BaseMod","GifTheSpireLib","KinomotoSakuraMod(Ä¾Ö®±¾Ó£)","Minty Spire (QoL Compilation)","Quick Restart","Replay The Spire","StSLib"],"gold_per_floor":[110,110,110,121,121,121,137,137,169,187,187,206,206,239,239,250,250,352,352,371,371,385,16,35,35,60,60,60,74,74,74,86,114,114,218,218,236,289,289,303,303,303,303,331,331,103,120,120,150,167,167,167,167,167,67,97,97],"floor_reached":58,"playtime":2950,"items_purged":["ats:Strike G","ats:Defend"],"score":1395,"play_id":"926ffbe4-746a-47e3-9ab1-59784560efdc","local_time":"20210109213935","is_ascension_mode":true,"campfire_choices":[{"data":"AT_Desolate","floor":8.0,"key":"SMITH"},{"data":"ats:Part Time Job","floor":15.0,"key":"SMITH"},{"data":"ats:Strike S","floor":17.0,"key":"PURGE"},{"data":"ats:Durian","floor":25.0,"key":"SMITH"},{"data":"1","floor":27.0,"key":"LIFT"},{"data":"2","floor":30.0,"key":"LIFT"},{"data":"3","floor":34.0,"key":"LIFT"},{"floor":43.0,"key":"REST"},{"data":"ats:Soul Absorption","floor":48,"key":"SMITH"},{"floor":51,"key":"RECALL"},{"data":"ats:Demon Strength","floor":54,"key":"SMITH"}],"circlet_count":0,"master_deck":["ats:Strike C","ats:Strike V","ats:Armor Crushing Shot","ats:Defend","ats:Defend","ats:Defend","AT_Desolate+1","Neutralize","ats:Counter Healing Mode","ats:Mental Burst+1","ats:Apocalypse","ats:Automatic Cover","ats:Revitalization","ats:Part Time Job+1","ats:Durian+1","ats:Healing Drone","ats:Calcification","CurseOfTheBell","ats:Wolf Pack+1","ats:Wolf Pack+1","ats:Flexible Camouflage+1","ats:Demon Strength+1","ats:Calcification+1","Clumsy","ats:Soul Absorption+1","ats:Healing Strengthening+1","ats:Healing Strengthening+1","ats:Revitalization+1","ats:Closed Bolt Burst Fire+1"],"relics":["ats:Sanity","AT_ATBox","Replay:Towering Pillar of Hats","ats:Originium","Ancient Tea Set","ats:Lavender","Calipers","Calling Bell","Nunchaku","AT_ForceNature","Girya","Golden Egg","Du-Vu Doll","AT_SilvercatRing","Boot","Cursed Key","Pocketwatch","AT_ImmortalShieldbow","DollysMirror","Blood Vial","Bronze Scales"],"acts_visited":["Exordium","TheCity","TheBeyond","TheEnding"],"potions_floor_usage":[57],"damage_taken":[{"damage":2.0,"enemies":"Jaw Worm","floor":1.0,"turns":4.0},{"damage":3.0,"enemies":"2 Louse","floor":4.0,"turns":2.0},{"damage":0.0,"enemies":"Small Slimes","floor":7.0,"turns":2.0},{"damage":5.0,"enemies":"Replay:BlueRogue","floor":9.0,"turns":4.0},{"damage":0.0,"enemies":"Looter","floor":10.0,"turns":2.0},{"damage":0.0,"enemies":"Exordium Wildlife","floor":12.0,"turns":2.0},{"damage":0.0,"enemies":"Lagavulin","floor":14.0,"turns":4.0},{"damage":0.0,"enemies":"2 Fungi Beasts","floor":16.0,"turns":2.0},{"damage":41.0,"enemies":"The Guardian","floor":18.0,"turns":6.0},{"damage":53.0,"enemies":"3 Byrds","floor":20.0,"turns":10.0},{"damage":41.0,"enemies":"2 Thieves","floor":22.0,"turns":4.0},{"damage":88.0,"enemies":"Centurion and Healer","floor":24.0,"turns":21.0},{"damage":22.0,"enemies":"Replay:Snechameleon","floor":26.0,"turns":6.0},{"damage":13.0,"enemies":"Snake Plant","floor":29.0,"turns":2.0},{"damage":7.0,"enemies":"3 Cultists","floor":32.0,"turns":6.0},{"damage":39.0,"enemies":"Book of Stabbing","floor":33.0,"turns":6.0},{"damage":61.0,"enemies":"Champ","floor":35.0,"turns":10.0},{"damage":56.0,"enemies":"3 Darklings","floor":37.0,"turns":10.0},{"damage":79.0,"enemies":"2 Orb Walkers","floor":38.0,"turns":6.0},{"damage":7.0,"enemies":"Orb Walker","floor":40.0,"turns":3.0},{"damage":24.0,"enemies":"R_Hoarder","floor":42.0,"turns":8.0},{"damage":64.0,"enemies":"Reptomancer","floor":44.0,"turns":13.0},{"damage":19,"enemies":"3 Darklings","floor":47,"turns":6},{"damage":5,"enemies":"R_Hoarder","floor":49,"turns":10},{"damage":42,"enemies":"Transient","floor":50,"turns":5},{"damage":273,"enemies":"Donu and Deca","floor":52,"turns":17},{"damage":90,"enemies":"Shield and Spear","floor":56,"turns":5},{"damage":40,"enemies":"The Heart","floor":57,"turns":9}],"seed_played":"6334426802223631616","potions_obtained":[{"floor":9.0,"key":"CultistPotion"},{"floor":14.0,"key":"Milkshake"},{"floor":16.0,"key":"Elixir"},{"floor":18.0,"key":"Energy Potion"},{"floor":22.0,"key":"Fruit Juice"},{"floor":26.0,"key":"PowerPotion"},{"floor":33.0,"key":"FearPotion"},{"floor":35.0,"key":"Adrenaline Potion"},{"floor":44.0,"key":"LiquidMemories"}],"is_trial":false,"path_per_floor":["M","?","?","M","PTL","PTL","M","R","E","M","T","M","?","E","R","M","R","B",null,"M","?","M","$","M","R","E","R","T","M","R","?","M","E","R","B",null,"M","?","T","M","?","E","R","E","T","$","M","R","E","M","R","B",null,"R","$","E","B",null],"character_chosen":"DOCTOR_CLASS","items_purchased":["Golden Egg","ats:Wolf Pack","DollysMirror"],"campfire_rested":1,"item_purchase_floors":[23,23,46],"current_hp_per_floor":[70,70,70,67,67,67,67,67,66,66,66,67,72,77,77,77,77,50,77,77,77,50,50,82,82,81,81,81,69,69,53,62,52,52,54,87,81,18,18,21,17,14,40,66,66,66,87,87,87,70,70,87,87,87,87,87,87],"gold":97,"neow_bonus":"ONE_RARE_RELIC","is_daily":false,"chose_seed":false,"campfire_upgraded":5,"win_rate":0.0,"timestamp":1610199575,"path_taken":["M","?","?","M","PTL","PTL","M","R","E","M","T","M","?","E","R","M","R","BOSS","M","?","M","$","M","R","E","R","T","M","R","?","M","E","R","BOSS","M","?","?","M","?","E","M","E","T","$","M","R","E","M","R","BOSS","R","$","E","BOSS"],"items_purchased_type":["Relic","Card","Relic"],"build_version":"2020-12-22","purchased_purges":2,"victory":true,"max_hp_per_floor":[72,72,72,72,72,72,72,72,72,72,72,72,77,77,77,77,77,77,77,77,77,82,82,82,82,82,82,82,82,82,87,87,87,87,87,87,87,87,87,87,87,87,87,87,87,87,87,87,87,87,87,87,87,87,87,87,87],"card_choices":[{"not_picked":["ats:Flexible Camouflage","ats:Childhood Dance","ats:Consecutive Shot Auto"],"picked":"SKIP","floor":1.0},{"not_picked":["ats:Leaping Hammer","ats:Ignite"],"picked":"ats:Apocalypse","floor":4.0},{"not_picked":["ats:Powerful Strike","ats:Leaping Hammer","ats:Poison Spread"],"picked":"SKIP","floor":7.0},{"not_picked":["ats:Beaten Up","ats:Directed Diagnosis"],"picked":"ats:Automatic Cover","floor":9.0},{"not_picked":["ats:Ambush","ats:Poison Spread"],"picked":"ats:Revitalization","floor":10.0},{"not_picked":["ats:Explosion Area Strengthen","ats:Hammer On"],"picked":"ats:Part Time Job","floor":12.0},{"not_picked":["ats:Explosion Area Strengthen","ats:Cat Scratch"],"picked":"ats:Durian","floor":14.0},{"not_picked":["ats:Very Hot Blade","ats:Poison Spread"],"picked":"ats:Healing Drone","floor":16.0},{"not_picked":["ats:Roar Of Ursus","ats:Soul Rend"],"picked":"ats:Calcification","floor":18.0},{"not_picked":["ats:Ignite","ats:Powerful Strike","ats:Beaten Up"],"picked":"SKIP","floor":20.0},{"not_picked":["ats:Revitalization+1","ats:Curse Doll","ats:Consecutive Shot Auto"],"picked":"SKIP","floor":22.0},{"not_picked":["ats:Defend Order+1","ats:Hammer On","ats:Revitalization"],"picked":"SKIP","floor":24.0},{"not_picked":["ats:Guardian Obelisk+1","ats:Shell Defense"],"picked":"ats:Flexible Camouflage+1","floor":26.0},{"not_picked":["ats:Neurotoxin","ats:Poison Spread","ats:Guardian Obelisk"],"picked":"SKIP","floor":29.0},{"not_picked":["ats:Ignite+1","ats:Guardian Obelisk+1","ats:Defend Order"],"picked":"SKIP","floor":32.0},{"not_picked":["ats:Automatic Cover","ats:Flame Of Heaven"],"picked":"ats:Demon Strength","floor":33.0},{"not_picked":["ats:Fractured Body","ats:Nebulous Foxfire"],"picked":"ats:Calcification","floor":35.0},{"not_picked":["ats:Curse Doll+1","ats:Cat Scratch+1","ats:Powerful Strike+1"],"picked":"SKIP","floor":37.0},{"not_picked":["ats:Closed Bolt Burst Fire+1","ats:Overload+1"],"picked":"ats:Soul Absorption","floor":40.0},{"not_picked":["ats:Encircling Forest+1","ats:Hammer On+1"],"picked":"ats:Healing Strengthening+1","floor":44.0},{"not_picked":["ats:Revitalization","ats:Healing Strengthening","ats:Shadow Raid"],"picked":"SKIP","floor":47},{"not_picked":["ats:True Silver Slash","ats:Shell Defense","ats:Curse Doll+1"],"picked":"SKIP","floor":49},{"not_picked":["ats:True Silver Slash","ats:Shell Defense","ats:Curse Doll+1"],"picked":"SKIP","floor":49},{"not_picked":["ats:Powerful Strike+1","ats:Revitalization+1","ats:Apocalypse"],"picked":"SKIP","floor":50},{"not_picked":["ats:Powerful Strike+1","ats:Apocalypse"],"picked":"ats:Revitalization+1","floor":50},{"not_picked":["ats:Volcano","ats:Childhood Dance"],"picked":"ats:Closed Bolt Burst Fire+1","floor":56}],"player_experience":647396,"relics_obtained":[{"floor":9.0,"key":"ats:Originium"},{"floor":9.0,"key":"Ancient Tea Set"},{"floor":11.0,"key":"ats:Lavender"},{"floor":14.0,"key":"ats:Originium"},{"floor":14.0,"key":"Calipers"},{"floor":19.0,"key":"Nunchaku"},{"floor":19.0,"key":"AT_ForceNature"},{"floor":19.0,"key":"Girya"},{"floor":26.0,"key":"ats:Originium"},{"floor":26.0,"key":"Du-Vu Doll"},{"floor":28.0,"key":"AT_SilvercatRing"},{"floor":33.0,"key":"Boot"},{"floor":38.0,"key":"Pocketwatch"},{"floor":44.0,"key":"AT_ImmortalShieldbow"},{"floor":49,"key":"Blood Vial"},{"floor":56,"key":"Bronze Scales"}],"event_choices":[{"damage_healed":0.0,"max_hp_gain":0.0,"max_hp_loss":0.0,"gold_gain":0.0,"cards_transformed":["Strike_G"],"event_name":"Living Wall","player_choice":"Change","floor":2.0,"gold_loss":0.0,"damage_taken":0.0,"cards_obtained":["ats:Counter Healing Mode"]},{"damage_healed":0.0,"max_hp_gain":5.0,"max_hp_loss":0.0,"gold_gain":0.0,"event_name":"Big Fish","player_choice":"Donut","floor":13.0,"gold_loss":0.0,"damage_taken":0.0},{"damage_healed":0.0,"max_hp_gain":5.0,"max_hp_loss":0.0,"gold_gain":0.0,"event_name":"Forgotten Altar","player_choice":"Shed Blood","floor":31.0,"gold_loss":0.0,"damage_taken":21.0},{"damage_healed":0.0,"max_hp_gain":0.0,"max_hp_loss":0.0,"gold_gain":0.0,"event_name":"Mysterious Sphere","player_choice":"Fight","floor":38.0,"gold_loss":0.0,"damage_taken":0.0},{"damage_healed":0.0,"max_hp_gain":0.0,"max_hp_loss":0.0,"gold_gain":0.0,"event_name":"Wheel of Change","player_choice":"Damaged","floor":41.0,"gold_loss":0.0,"damage_taken":8.0}],"is_beta":false,"boss_relics":[{"not_picked":["Snecko Eye","Pandora\u0027s Box"],"picked":"Calling Bell"},{"not_picked":["Ring of Chaos","Honey Jar"],"picked":"Cursed Key"}],"items_purged_floors":[46,55],"is_endless":false,"potions_floor_spawned":[9,14,16,18,22,26,33,35,38,44,49,50,56],"ascension_level":2}}