{"host":"o0q01dgb4z8zpo6o","time":1610164902,"event":{"mods":["BaseMod","GifTheSpireLib","Minty Spire (QoL Compilation)","Relic Stats","StSLib"],"gold_per_floor":[109,55,70,81,81,81,107,107,130,155,155,155,155,189,189,282,282,303,140,156,156,179,179,214,238,261,280,280,311,327,77,77,167,167,188,188,14,14,39,39,70,113,139,195,195,233,258,258,258,258],"floor_reached":51,"playtime":4945,"items_purged":["Strike_B","Strike_B"],"score":1529,"play_id":"95f86f3a-38eb-4323-aeda-d5f314599ed9","local_time":"20210108200142","is_ascension_mode":true,"campfire_choices":[{"data":"Chaos","floor":6.0,"key":"SMITH"},{"data":"Chill","floor":8.0,"key":"SMITH"},{"data":"Machine Learning","floor":12.0,"key":"SMITH"},{"data":"Dualcast","floor":15.0,"key":"SMITH"},{"data":"Genetic Algorithm","floor":23.0,"key":"SMITH"},{"floor":28.0,"key":"REST"},{"floor":32.0,"key":"REST"},{"data":"Creative AI","floor":40.0,"key":"SMITH"},{"data":"Dramatic Entrance","floor":45,"key":"SMITH"},{"floor":49,"key":"REST"}],"circlet_count":0,"master_deck":["AscendersBane","Defend_B","Defend_B","Zap","Dualcast+1","Go for the Eyes+1","Biased Cognition+1","Compile Driver+1","Cold Snap","Ball Lightning","Chaos+1","Chill+1","Machine Learning+1","Auto Shields","Core Surge","Capacitor+1","FTL","Genetic Algorithm+1","Beam Cell+1","Steam Power+1","Creative AI+1","Echo Form","Dramatic Entrance+1","Glacier","Finesse","Coolheaded+1","Madness","Madness"],"relics":["Astrolabe","Bag of Marbles","Potion Belt","Bag of Preparation","Golden Idol","Vajra","Runic Pyramid","Kunai","Bronze Scales","Art of War","Busted Crown","Ginger","Gambling Chip","Strawberry","Dead Branch","Unceasing Top"],"acts_visited":["Exordium","TheCity","TheBeyond"],"potions_floor_usage":[44,50],"damage_taken":[{"damage":2.0,"enemies":"2 Louse","floor":1.0,"turns":3.0},{"damage":7.0,"enemies":"Jaw Worm","floor":3.0,"turns":2.0},{"damage":12.0,"enemies":"Small Slimes","floor":4.0,"turns":2.0},{"damage":0.0,"enemies":"Gremlin Nob","floor":7.0,"turns":3.0},{"damage":5.0,"enemies":"3 Sentries","floor":10.0,"turns":6.0},{"damage":0.0,"enemies":"Lagavulin","floor":14.0,"turns":6.0},{"damage":17.0,"enemies":"Hexaghost","floor":16.0,"turns":8.0},{"damage":0.0,"enemies":"Spheric Guardian","floor":18.0,"turns":4.0},{"damage":4.0,"enemies":"2 Thieves","floor":20.0,"turns":3.0},{"damage":3.0,"enemies":"Centurion and Healer","floor":22.0,"turns":4.0},{"damage":30.0,"enemies":"Slavers","floor":24.0,"turns":5.0},{"damage":7.0,"enemies":"Chosen and Byrds","floor":25.0,"turns":5.0},{"damage":2.0,"enemies":"Snecko","floor":27.0,"turns":6.0},{"damage":0.0,"enemies":"Gremlin Leader","floor":29.0,"turns":5.0},{"damage":13.0,"enemies":"Snake Plant","floor":30.0,"turns":3.0},{"damage":4.0,"enemies":"Automaton","floor":33.0,"turns":8.0},{"damage":8.0,"enemies":"3 Darklings","floor":35.0,"turns":6.0},{"damage":1.0,"enemies":"3 Shapes","floor":39.0,"turns":5.0},{"damage":0.0,"enemies":"Mind Bloom Boss Battle","floor":41.0,"turns":7.0},{"damage":7,"enemies":"Reptomancer","floor":42,"turns":8},{"damage":0,"enemies":"2 Orb Walkers","floor":44,"turns":5},{"damage":4,"enemies":"Nemesis","floor":46,"turns":7},{"damage":0,"enemies":"3 Darklings","floor":47,"turns":5},{"damage":21,"enemies":"Donu and Deca","floor":50,"turns":13}],"seed_played":"1951642150337329366","potions_obtained":[{"floor":3.0,"key":"SteroidPotion"},{"floor":7.0,"key":"Weak Potion"},{"floor":18.0,"key":"FearPotion"},{"floor":24.0,"key":"Strength Potion"},{"floor":25.0,"key":"DuplicationPotion"},{"floor":35.0,"key":"AttackPotion"},{"floor":41.0,"key":"DistilledChaos"},{"floor":42,"key":"LiquidBronze"}],"is_trial":false,"path_per_floor":["M","$","M","M","?","R","E","R","T","E","?","R","?","E","R","B",null,"M","$","M","?","M","R","E","M","T","M","R","E","M","$","R","B",null,"M","?","$","?","M","R","?","E","T","?","R","E","M","?","R","B",null],"character_chosen":"DEFECT","items_purchased":["Ball Lightning","Capacitor","Creative AI","Glacier","Finesse"],"campfire_rested":3,"item_purchase_floors":[2,19,31,37,37],"current_hp_per_floor":[62,62,55,43,66,66,66,66,66,61,61,61,61,61,61,44,59,59,59,55,55,52,52,22,15,15,13,32,32,19,19,38,34,57,49,49,49,49,48,48,48,41,48,48,48,44,44,31,52,31],"gold":258,"neow_bonus":"BOSS_RELIC","is_daily":false,"chose_seed":false,"campfire_upgraded":7,"win_rate":0.0,"timestamp":1610164902,"path_taken":["M","$","M","M","?","R","E","R","T","E","?","R","?","E","R","BOSS","M","$","M","?","?","R","E","?","T","M","R","E","M","$","R","BOSS","M","?","$","?","M","R","?","E","T","?","R","E","?","?","R","BOSS"],"items_purchased_type":["Card","Card","Card","Card","Card"],"build_version":"2020-12-22","purchased_purges":2,"victory":true,"max_hp_per_floor":[71,71,71,71,71,71,71,71,71,71,71,71,64,64,64,64,64,64,64,64,64,64,64,64,64,64,64,64,64,64,64,64,64,64,64,64,64,64,64,64,64,64,71,71,71,71,71,71,71,71],"relic_stats":{"counters":[24,129],"Golden Idol":149,"Astrolabe":["Go for the Eyes","Biased Cognition","Compile Driver"],"Dead Branch":[24],"Bag of Preparation":[38],"Ginger":[2],"Busted Crown":16,"Bronze Scales":[238],"Gambling Chip":[8],"Art of War":[11],"Kunai":[27],"obtain_stats":[{"Potion Belt":9,"Golden Idol":13,"Astrolabe":0,"Dead Branch":44,"Vajra":14,"Bag of Preparation":10,"Ginger":41,"Busted Crown":34,"Bronze Scales":26,"Gambling Chip":42,"Strawberry":43,"Bag of Marbles":7,"Art of War":29,"Kunai":24,"Cracked Core":0,"Unceasing Top":46,"Runic Pyramid":17},{"Potion Belt":4,"Golden Idol":5,"Astrolabe":0,"Dead Branch":21,"Vajra":6,"Bag of Preparation":5,"Ginger":19,"Busted Crown":16,"Bronze Scales":12,"Gambling Chip":20,"Strawberry":20,"Bag of Marbles":4,"Art of War":14,"Kunai":11,"Cracked Core":0,"Unceasing Top":22,"Runic Pyramid":7},{"Potion Belt":10,"Golden Idol":16,"Astrolabe":0,"Dead Branch":104,"Vajra":22,"Bag of Preparation":16,"Ginger":91,"Busted Crown":73,"Bronze Scales":51,"Gambling Chip":99,"Strawberry":99,"Bag of Marbles":10,"Art of War":62,"Kunai":46,"Cracked Core":0,"Unceasing Top":111,"Runic Pyramid":30}],"Unceasing Top":[0]},"card_choices":[{"not_picked":["Steam","Self Repair"],"picked":"Cold Snap","floor":1.0},{"not_picked":["Skim","Beam Cell"],"picked":"Chaos","floor":3.0},{"not_picked":["Blizzard","Stack"],"picked":"Chill","floor":4.0},{"not_picked":["Leap","Steam"],"picked":"Machine Learning","floor":7.0},{"not_picked":["Redo","Melter"],"picked":"Auto Shields","floor":10.0},{"not_picked":["Conserve Battery","Stack","Scrape"],"picked":"SKIP","floor":14.0},{"not_picked":["Machine Learning","Echo Form"],"picked":"Core Surge","floor":16.0},{"not_picked":["Rip and Tear+1","Compile Driver","Barrage"],"picked":"SKIP","floor":18.0},{"not_picked":["Stack","Ball Lightning"],"picked":"FTL","floor":20.0},{"not_picked":["Turbo","Hyperbeam"],"picked":"Genetic Algorithm","floor":22.0},{"not_picked":["Force Field","Aggregate"],"picked":"Beam Cell+1","floor":24.0},{"not_picked":["FTL","Steam","Undo"],"picked":"SKIP","floor":25.0},{"not_picked":["Beam Cell+1","Aggregate"],"picked":"Steam Power+1","floor":27.0},{"not_picked":["Barrage","Heatsinks","Stack+1"],"picked":"SKIP","floor":29.0},{"not_picked":["Barrage","Heatsinks","Stack+1"],"picked":"SKIP","floor":29.0},{"not_picked":["Skim","Aggregate","Genetic Algorithm+1"],"picked":"SKIP","floor":30.0},{"not_picked":["Machine Learning","Multi-Cast"],"picked":"Echo Form","floor":33.0},{"not_picked":["Tempest"],"picked":"SKIP","floor":35.0},{"not_picked":[],"picked":"Dramatic Entrance","floor":36.0},{"not_picked":["Ball Lightning"],"picked":"SKIP","floor":39.0},{"not_picked":["Compile Driver"],"picked":"SKIP","floor":42},{"not_picked":[],"picked":"Coolheaded+1","floor":44},{"not_picked":["Creative AI"],"picked":"SKIP","floor":46},{"not_picked":["Go for the Eyes"],"picked":"SKIP","floor":47}],"player_experience":1079907,"relics_obtained":[{"floor":7.0,"key":"Bag of Marbles"},{"floor":9.0,"key":"Potion Belt"},{"floor":10.0,"key":"Bag of Preparation"},{"floor":14.0,"key":"Vajra"},{"floor":24.0,"key":"Kunai"},{"floor":26.0,"key":"Bronze Scales"},{"floor":29.0,"key":"Art of War"},{"floor":41.0,"key":"Ginger"},{"floor":42,"key":"Gambling Chip"},{"floor":43,"key":"Strawberry"},{"floor":44,"key":"Dead Branch"},{"floor":46,"key":"Unceasing Top"}],"event_choices":[{"damage_healed":23.0,"max_hp_gain":0.0,"max_hp_loss":0.0,"gold_gain":0.0,"event_name":"Big Fish","player_choice":"Banana","floor":5.0,"gold_loss":0.0,"damage_taken":0.0},{"damage_healed":0.0,"max_hp_gain":0.0,"max_hp_loss":0.0,"gold_gain":0.0,"event_name":"Liars Game","player_choice":"Ignored","floor":11.0,"gold_loss":0.0,"damage_taken":0.0},{"damage_healed":0.0,"max_hp_gain":0.0,"max_hp_loss":7.0,"gold_gain":0.0,"event_name":"Golden Idol","player_choice":"Lose Max HP","floor":13.0,"gold_loss":0.0,"damage_taken":0.0,"relics_obtained":["Golden Idol"]},{"damage_healed":0.0,"max_hp_gain":0.0,"max_hp_loss":0.0,"gold_gain":0.0,"event_name":"Upgrade Shrine","player_choice":"Upgraded","floor":21.0,"gold_loss":0.0,"damage_taken":0.0,"cards_upgraded":["Capacitor"]},{"damage_healed":0.0,"max_hp_gain":0.0,"max_hp_loss":0.0,"gold_gain":0.0,"event_name":"SensoryStone","player_choice":"Memory 1","floor":36.0,"gold_loss":0.0,"damage_taken":0.0},{"cards_removed":["Defend_B"],"damage_healed":0.0,"max_hp_gain":0.0,"max_hp_loss":0.0,"gold_gain":0.0,"event_name":"Falling","player_choice":"Removed Skill","floor":38.0,"gold_loss":0.0,"damage_taken":0.0},{"damage_healed":0.0,"max_hp_gain":0.0,"max_hp_loss":0.0,"gold_gain":0.0,"event_name":"MindBloom","player_choice":"Fight","floor":41.0,"gold_loss":0.0,"damage_taken":0.0},{"damage_healed":0,"gold_gain":0,"player_choice":"Fight","damage_taken":0,"max_hp_gain":0,"max_hp_loss":0,"event_name":"Mysterious Sphere","floor":44,"gold_loss":0},{"damage_healed":0,"gold_gain":0,"player_choice":"Embrace Madness","damage_taken":13,"max_hp_gain":0,"max_hp_loss":0,"event_name":"Winding Halls","floor":48,"gold_loss":0,"cards_obtained":["Madness","Madness"]}],"is_beta":false,"boss_relics":[{"not_picked":["Empty Cage","Velvet Choker"],"picked":"Runic Pyramid"},{"not_picked":["SlaversCollar","Pandora\u0027s Box"],"picked":"Busted Crown"}],"items_purged_floors":[19,31],"is_endless":false,"potions_floor_spawned":[3,7,18,24,25,35,41,42],"ascension_level":19}}