{"host":"dxmdoimsvept8qwy","time":1610210761,"event":{"mods":["BaseMod","Colored Powertips","Custom Start","Minty Spire (QoL Compilation)","StSLib"],"gold_per_floor":[217,234,159,159,170,203,203,214,214,226,255,205,220,220,220,319,319,329,348,95,20,20,45,45,60,60,60,60,93,93,118,118,220,220,238,258,188,207,219,254,266,294,294,311,11,11,22,50,50,50],"floor_reached":51,"playtime":3458,"items_purged":["Strike_R","Strike_R"],"score":922,"play_id":"dff878d2-d02d-4b28-a524-1e22410eb63e","local_time":"20210109114601","is_ascension_mode":true,"campfire_choices":[{"data":"Body Slam","floor":7,"key":"SMITH"},{"data":"Body Slam","floor":15,"key":"SMITH"},{"floor":24,"key":"REST"},{"floor":27,"key":"REST"},{"floor":30,"key":"REST"},{"floor":32,"key":"REST"},{"floor":46,"key":"REST"},{"floor":49,"key":"REST"}],"circlet_count":0,"master_deck":["Defend_R","Defend_R","Defend_R","Defend_R","Bash+1","Metallicize","Body Slam+1","Thunderclap","Heavy Blade+1","Shrug It Off","Body Slam+1","Double Tap","Spot Weakness","Iron Wave","Metallicize","Thunderclap","Demon Form","Entrench","Body Slam+1","Body Slam","Armaments","Body Slam","Shockwave+1","Armaments","Metallicize","Power Through"],"relics":["Burning Blood","Ancient Tea Set","Oddly Smooth Stone","Shuriken","Vajra","Fusion Hammer","Whetstone","Enchiridion","Bag of Marbles","Strawberry","Pear","Centennial Puzzle","Mark of Pain","Nunchaku","Eternal Feather","Calipers","Bottled Tornado","Champion Belt"],"acts_visited":["Exordium","TheCity","TheBeyond"],"potions_floor_usage":[6,10,11,16,33,38,42,50,50,50],"damage_taken":[{"damage":6,"enemies":"Jaw Worm","floor":1,"turns":3},{"damage":3,"enemies":"Cultist","floor":2,"turns":3},{"damage":0,"enemies":"Small Slimes","floor":5,"turns":5},{"damage":30,"enemies":"3 Sentries","floor":6,"turns":12},{"damage":6,"enemies":"Exordium Wildlife","floor":8,"turns":6},{"damage":17,"enemies":"Exordium Thugs","floor":10,"turns":7},{"damage":7,"enemies":"Lagavulin","floor":11,"turns":8},{"damage":0,"enemies":"Blue Slaver","floor":13,"turns":4},{"damage":31,"enemies":"The Guardian","floor":16,"turns":13},{"damage":13,"enemies":"Spheric Guardian","floor":18,"turns":4},{"damage":14,"enemies":"2 Thieves","floor":19,"turns":4},{"damage":9,"enemies":"Gremlin Leader","floor":23,"turns":4},{"damage":0,"enemies":"Chosen and Byrds","floor":25,"turns":4},{"damage":6,"enemies":"Book of Stabbing","floor":29,"turns":4},{"damage":27,"enemies":"Slavers","floor":31,"turns":3},{"damage":4,"enemies":"Champ","floor":33,"turns":7},{"damage":3,"enemies":"Orb Walker","floor":35,"turns":3},{"damage":16,"enemies":"3 Darklings","floor":36,"turns":5},{"damage":47,"enemies":"Transient","floor":38,"turns":5},{"damage":0,"enemies":"Jaw Worm Horde","floor":39,"turns":3},{"damage":42,"enemies":"Giant Head","floor":40,"turns":7},{"damage":20,"enemies":"Sphere and 2 Shapes","floor":41,"turns":4},{"damage":33,"enemies":"Nemesis","floor":42,"turns":5},{"damage":1,"enemies":"3 Darklings","floor":44,"turns":5},{"damage":0,"enemies":"Maw","floor":47,"turns":6},{"damage":0,"enemies":"Giant Head","floor":48,"turns":7},{"damage":16,"enemies":"Time Eater","floor":50,"turns":11}],"seed_played":"-5265569481043280566","potions_obtained":[{"floor":1,"key":"ColorlessPotion"},{"floor":6,"key":"Weak Potion"},{"floor":8,"key":"DistilledChaos"},{"floor":13,"key":"DistilledChaos"},{"floor":23,"key":"BloodPotion"},{"floor":25,"key":"HeartOfIron"},{"floor":29,"key":"BloodPotion"},{"floor":31,"key":"FairyPotion"},{"floor":36,"key":"EntropicBrew"},{"floor":41,"key":"Energy Potion"},{"floor":42,"key":"Weak Potion"},{"floor":44,"key":"EntropicBrew"}],"is_trial":false,"path_per_floor":["M","M","$","?","M","E","R","M","T","M","E","?","M","T","R","B",null,"M","M","$","?","?","E","R","M","T","R","?","E","R","E","R","B",null,"M","M","$","M","M","E","M","E","T","M","$","R","M","E","R","B",null],"character_chosen":"IRONCLAD","items_purchased":["Whetstone","Body Slam","Armaments","Metallicize","Bottled Tornado"],"campfire_rested":6,"item_purchase_floors":[20,37,37,45,45],"current_hp_per_floor":[80,80,80,80,80,56,56,56,56,45,44,44,50,50,50,25,80,73,65,65,65,49,46,70,76,83,87,70,80,102,81,102,102,102,102,92,92,71,77,41,27,36,36,41,41,86,92,98,102,92],"gold":50,"neow_bonus":"HUNDRED_GOLD","is_daily":false,"chose_seed":false,"campfire_upgraded":2,"win_rate":0.0,"timestamp":1610210761,"path_taken":["M","M","$","?","M","E","R","?","T","M","E","?","M","?","R","BOSS","M","M","$","?","?","E","R","M","T","R","?","E","R","E","R","BOSS","M","M","$","M","M","E","M","E","T","M","$","R","M","E","R","BOSS"],"items_purchased_type":["Relic","Card","Card","Card","Relic"],"build_version":"2020-12-22","purchased_purges":2,"victory":true,"max_hp_per_floor":[80,80,80,80,80,80,80,80,80,80,80,80,80,80,80,80,80,80,80,80,80,80,80,80,80,87,87,92,102,102,102,102,102,102,102,102,102,102,102,102,102,102,102,102,102,102,102,102,102,102],"card_choices":[{"not_picked":["Seeing Red","Iron Wave"],"picked":"Metallicize","floor":1},{"not_picked":["Thunderclap","Inflame"],"picked":"Body Slam","floor":2},{"not_picked":["Wild Strike","Clothesline"],"picked":"Thunderclap","floor":5},{"not_picked":["Feel No Pain","Warcry","Perfected Strike"],"picked":"SKIP","floor":6},{"not_picked":["Headbutt","Clash"],"picked":"Heavy Blade","floor":8},{"not_picked":["Heavy Blade","Uppercut"],"picked":"Shrug It Off","floor":10},{"not_picked":["Twin Strike","Wild Strike","Fire Breathing"],"picked":"SKIP","floor":11},{"not_picked":["Uppercut","True Grit"],"picked":"Body Slam","floor":13},{"not_picked":["Immolate","Fiend Fire"],"picked":"Double Tap","floor":16},{"not_picked":["Clothesline","Combust+1"],"picked":"Spot Weakness","floor":18},{"not_picked":["Rampage","Sword Boomerang"],"picked":"Iron Wave","floor":19},{"not_picked":["Warcry","Sword Boomerang"],"picked":"Metallicize","floor":23},{"not_picked":["Evolve","Cleave+1"],"picked":"Thunderclap","floor":25},{"not_picked":["Rampage","Sever Soul","Searing Blow+1"],"picked":"SKIP","floor":29},{"not_picked":["Brutality","Dual Wield"],"picked":"Demon Form","floor":31},{"not_picked":["Shrug It Off","Feel No Pain"],"picked":"Entrench","floor":35},{"not_picked":["Flex","Clash"],"picked":"Body Slam+1","floor":36},{"not_picked":["Perfected Strike+1","Havoc+1","Intimidate"],"picked":"SKIP","floor":38},{"not_picked":["Havoc+1","Intimidate"],"picked":"Body Slam","floor":39},{"not_picked":["Infernal Blade+1","Intimidate","Exhume"],"picked":"SKIP","floor":40},{"not_picked":["Wild Strike","Cleave+1","Sword Boomerang+1"],"picked":"SKIP","floor":41},{"not_picked":["Second Wind","Clothesline"],"picked":"Shockwave+1","floor":42},{"not_picked":["True Grit","Wild Strike+1"],"picked":"Armaments","floor":44},{"not_picked":["Havoc","Clash"],"picked":"Power Through","floor":47},{"not_picked":["Flex","Armaments","Infernal Blade+1"],"picked":"SKIP","floor":48}],"player_experience":1004060,"relics_obtained":[{"floor":6,"key":"Ancient Tea Set"},{"floor":9,"key":"Oddly Smooth Stone"},{"floor":11,"key":"Shuriken"},{"floor":14,"key":"Vajra"},{"floor":22,"key":"Enchiridion"},{"floor":23,"key":"Bag of Marbles"},{"floor":26,"key":"Strawberry"},{"floor":29,"key":"Pear"},{"floor":31,"key":"Centennial Puzzle"},{"floor":40,"key":"Nunchaku"},{"floor":42,"key":"Eternal Feather"},{"floor":43,"key":"Calipers"},{"floor":48,"key":"Champion Belt"}],"event_choices":[{"cards_removed":["Strike_R"],"damage_healed":0,"gold_gain":0,"player_choice":"Purged","damage_taken":0,"max_hp_gain":0,"max_hp_loss":0,"event_name":"Purifier","floor":4,"gold_loss":0},{"cards_removed":["Strike_R"],"damage_healed":0,"gold_gain":0,"player_choice":"Card Removal","damage_taken":0,"max_hp_gain":0,"max_hp_loss":0,"event_name":"The Cleric","floor":12,"gold_loss":50},{"cards_removed":["Strike_R"],"damage_healed":0,"gold_gain":0,"player_choice":"Gave Gold","damage_taken":0,"max_hp_gain":0,"max_hp_loss":0,"event_name":"Beggar","floor":21,"gold_loss":75},{"damage_healed":0,"gold_gain":0,"player_choice":"Obtained Book","damage_taken":16,"max_hp_gain":0,"max_hp_loss":0,"event_name":"Cursed Tome","floor":22,"gold_loss":0},{"damage_healed":0,"gold_gain":0,"player_choice":"Shed Blood","damage_taken":22,"max_hp_gain":5,"max_hp_loss":0,"event_name":"Forgotten Altar","floor":28,"gold_loss":0}],"is_beta":false,"boss_relics":[{"not_picked":["Snecko Eye","Coffee Dripper"],"picked":"Fusion Hammer"},{"not_picked":["SacredBark","Runic Dome"],"picked":"Mark of Pain"}],"items_purged_floors":[3,20],"is_endless":false,"potions_floor_spawned":[1,6,8,13,23,25,29,31,36,41,42,44,47],"ascension_level":1}}