{"host":"cv77zuuuekizn3ic","time":1610157896,"event":{"mods":["AchievementEnabler","BaseMod","Marisa£®ÏF”Í°°ƒß¿Ì…≥£©","Minty Spire (QoL Compilation)","StSLib","Waifu the Spire","everything is the same but u backflip on backflip","slay the spire mod where everything is the same but ironclad has a cowboy hat"],"gold_per_floor":[111,111,122,122,132,161,181,181,206,242,113,113,136,179,179,179,179],"floor_reached":16,"playtime":452,"items_purged":["Strike_R"],"score":240,"play_id":"99c28ce3-f53e-455e-98af-40531d6bb91f","local_time":"20210109100456","is_ascension_mode":true,"campfire_choices":[{"data":"Armaments","floor":12.0,"key":"SMITH"},{"data":"Burning Pact","floor":15.0,"key":"SMITH"}],"circlet_count":0,"master_deck":["AscendersBane","Strike_R","Strike_R","Strike_R","Strike_R","Defend_R","Defend_R","Defend_R","Defend_R","Bash","Whirlwind","Shrug It Off","Twin Strike","Fiend Fire","Sword Boomerang","Fire Breathing","Armaments+1","Burning Pact+1"],"relics":["Burning Blood","NeowsBlessing","Blood Vial","Golden Idol","Art of War","Boot","White Beast Statue"],"acts_visited":["Exordium"],"potions_floor_usage":[16],"damage_taken":[{"damage":0.0,"enemies":"Jaw Worm","floor":1.0,"turns":1.0},{"damage":0.0,"enemies":"2 Louse","floor":3.0,"turns":1.0},{"damage":0.0,"enemies":"Small Slimes","floor":5.0,"turns":1.0},{"damage":32.0,"enemies":"Lagavulin","floor":6.0,"turns":6.0},{"damage":8.0,"enemies":"Blue Slaver","floor":7.0,"turns":3.0},{"damage":8.0,"enemies":"Gremlin Nob","floor":10.0,"turns":3.0},{"damage":0.0,"enemies":"3 Louse","floor":13.0,"turns":2.0},{"damage":32.0,"enemies":"Lagavulin","floor":14.0,"turns":7.0},{"damage":42,"enemies":"Hexaghost","floor":16,"turns":9}],"seed_played":"-7944891163617953717","potions_obtained":[{"floor":5.0,"key":"PowerPotion"},{"floor":6.0,"key":"ColorlessPotion"},{"floor":10.0,"key":"ColorlessPotion"}],"is_trial":false,"path_per_floor":["M","?","M","?","M","E","M","?","T","E","$","R","M","E","R","B"],"character_chosen":"IRONCLAD","items_purchased":["Armaments"],"campfire_rested":0,"item_purchase_floors":[11],"current_hp_per_floor":[74,74,75,80,80,54,54,54,54,54,54,54,62,38,38,0,0],"gold":179,"neow_bonus":"THREE_ENEMY_KILL","is_daily":false,"chose_seed":false,"campfire_upgraded":2,"win_rate":0.0,"timestamp":1610157896,"path_taken":["M","?","M","?","M","E","M","?","T","E","$","R","M","E","R","BOSS"],"items_purchased_type":["Card"],"build_version":"2020-12-22","purchased_purges":1,"victory":false,"max_hp_per_floor":[75,75,75,80,80,80,80,72,72,72,72,72,72,72,72,72,72],"card_choices":[{"not_picked":["Body Slam","Cleave"],"picked":"Whirlwind","floor":1.0},{"not_picked":["Ghostly Armor","Clothesline"],"picked":"Shrug It Off","floor":3.0},{"not_picked":["Clash","Thunderclap"],"picked":"Twin Strike","floor":5.0},{"not_picked":["Wild Strike","Cleave"],"picked":"Fiend Fire","floor":6.0},{"not_picked":["True Grit","Iron Wave"],"picked":"Sword Boomerang","floor":7.0},{"not_picked":["Dual Wield","Spot Weakness"],"picked":"Fire Breathing","floor":10.0},{"not_picked":["Feel No Pain","Heavy Blade"],"picked":"Burning Pact","floor":13.0},{"not_picked":["Armaments","Clash","Flex"],"picked":"SKIP","floor":14.0}],"player_experience":797980,"relics_obtained":[{"floor":6.0,"key":"Blood Vial"},{"floor":9.0,"key":"Art of War"},{"floor":10.0,"key":"Boot"},{"floor":14.0,"key":"White Beast Statue"}],"event_choices":[{"damage_healed":0.0,"max_hp_gain":0.0,"max_hp_loss":0.0,"gold_gain":0.0,"event_name":"Liars Game","player_choice":"Ignored","floor":2.0,"gold_loss":0.0,"damage_taken":0.0},{"damage_healed":0.0,"max_hp_gain":5.0,"max_hp_loss":0.0,"gold_gain":0.0,"event_name":"Big Fish","player_choice":"Donut","floor":4.0,"gold_loss":0.0,"damage_taken":0.0},{"damage_healed":0.0,"max_hp_gain":0.0,"max_hp_loss":8.0,"gold_gain":0.0,"event_name":"Golden Idol","player_choice":"Lose Max HP","floor":8.0,"gold_loss":0.0,"damage_taken":0.0,"relics_obtained":["Golden Idol"]}],"is_beta":false,"boss_relics":[],"items_purged_floors":[11],"is_endless":false,"potions_floor_spawned":[5,6,10],"killed_by":"Hexaghost","ascension_level":20}}