{"host":"9ndbo4kgsfoemf7y","time":1610165132,"event":{"mods":["AchievementEnabler","BaseMod","Colored Map","DeckTracker","Keyboard Shortcuts","Minty Spire (QoL Compilation)","Permanent Neow","Quick Restart","Relic Stats","StSLib","SuperFastMode"],"gold_per_floor":[112,132,132,146,17,51,76,107,183,183,257,257,291,301,301,397,397,411,336,346,346,357,357,372,372,372,372,372],"floor_reached":27,"playtime":1191,"items_purged":["Strike_B"],"score":300,"play_id":"e99a94b0-f13f-4035-8eba-0fc168a5f2c8","local_time":"20210109130532","is_ascension_mode":true,"campfire_choices":[{"floor":10.0,"key":"REST"},{"floor":12.0,"key":"REST"},{"floor":15.0,"key":"REST"},{"data":"White Noise","floor":23,"key":"SMITH"},{"floor":25,"key":"REST"}],"circlet_count":0,"master_deck":["Strike_B","Strike_B","Defend_B","Defend_B","Defend_B","Defend_B","Zap","Dualcast","Lockon","FTL","Chill","Conserve Battery","Hologram","White Noise+1","Sweeping Beam","Conserve Battery+1","Undo+1","Fission+1","Compile Driver","Coolheaded+1","Impatience+1","Madness+1","Good Instincts+1","Thunder Strike"],"relics":["Cracked Core","NeowsBlessing","Unceasing Top","Anchor","Odd Mushroom","Sundial","Toxic Egg 2","Mummified Hand","Du-Vu Doll","Nuclear Battery","Pantograph"],"acts_visited":["Exordium","TheCity"],"potions_floor_usage":[],"damage_taken":[{"damage":0.0,"enemies":"Jaw Worm","floor":1.0,"turns":1.0},{"damage":0.0,"enemies":"Small Slimes","floor":2.0,"turns":1.0},{"damage":0.0,"enemies":"2 Louse","floor":4.0,"turns":1.0},{"damage":11.0,"enemies":"3 Sentries","floor":6.0,"turns":10.0},{"damage":8.0,"enemies":"The Mushroom Lair","floor":7.0,"turns":5.0},{"damage":28.0,"enemies":"Gremlin Nob","floor":8.0,"turns":4.0},{"damage":35.0,"enemies":"Lagavulin","floor":13.0,"turns":6.0},{"damage":0.0,"enemies":"Red Slaver","floor":14.0,"turns":3.0},{"damage":3.0,"enemies":"Hexaghost","floor":16.0,"turns":9.0},{"damage":2.0,"enemies":"Chosen","floor":18.0,"turns":5.0},{"damage":2.0,"enemies":"2 Thieves","floor":20.0,"turns":5.0},{"damage":0,"enemies":"Snecko","floor":22,"turns":3},{"damage":20,"enemies":"Cultist and Chosen","floor":24,"turns":8},{"damage":38,"enemies":"Gremlin Leader","floor":27,"turns":7}],"seed_played":"3718226753381302211","potions_obtained":[{"floor":1.0,"key":"Dexterity Potion"},{"floor":2.0,"key":"FearPotion"},{"floor":4.0,"key":"BlessingOfTheForge"},{"floor":14.0,"key":"LiquidMemories"},{"floor":16.0,"key":"Swift Potion"},{"floor":24,"key":"DistilledChaos"}],"is_trial":false,"path_per_floor":["M","M","?","M","$","E","?","E","T","R","T","R","E","M","R","B",null,"M","?","M","?","M","R","M","R","T","E"],"character_chosen":"DEFECT","items_purchased":["Conserve Battery"],"campfire_rested":4,"item_purchase_floors":[5],"current_hp_per_floor":[68,68,50,50,50,39,31,3,3,25,25,47,12,12,34,31,64,62,62,60,33,33,33,13,35,35,0,0],"gold":372,"neow_bonus":"THREE_ENEMY_KILL","is_daily":false,"chose_seed":false,"campfire_upgraded":1,"win_rate":0.0,"timestamp":1610165132,"path_taken":["M","M","?","M","$","E","?","E","T","R","?","R","E","M","R","BOSS","M","?","M","?","M","R","M","R","T","E"],"items_purchased_type":["Card"],"build_version":"2020-12-22","purchased_purges":1,"victory":false,"max_hp_per_floor":[75,75,75,75,75,75,75,75,75,75,75,75,75,75,75,75,75,75,75,75,75,75,75,75,75,75,75,75],"relic_stats":{"counters":[14,68],"Sundial":[8],"Mummified Hand":[17],"Pantograph":0,"obtain_stats":[{"Du-Vu Doll":13,"Anchor":6,"NeowsBlessing":0,"Sundial":8,"Mummified Hand":11,"Pantograph":26,"Odd Mushroom":7,"Toxic Egg 2":9,"Cracked Core":0,"Unceasing Top":3,"Nuclear Battery":17},{"Du-Vu Doll":7,"Anchor":4,"NeowsBlessing":0,"Sundial":6,"Mummified Hand":6,"Pantograph":13,"Odd Mushroom":5,"Toxic Egg 2":6,"Cracked Core":0,"Unceasing Top":2,"Nuclear Battery":9},{"Du-Vu Doll":28,"Anchor":13,"NeowsBlessing":0,"Sundial":22,"Mummified Hand":22,"Pantograph":61,"Odd Mushroom":18,"Toxic Egg 2":22,"Cracked Core":0,"Unceasing Top":2,"Nuclear Battery":40}],"Unceasing Top":[14]},"card_choices":[{"not_picked":["Sunder","Beam Cell"],"picked":"Lockon","floor":1.0},{"not_picked":["Redo","Rebound"],"picked":"FTL","floor":2.0},{"not_picked":["Barrage","Chaos"],"picked":"Chill","floor":4.0},{"not_picked":["Force Field","Blizzard"],"picked":"Hologram","floor":6.0},{"not_picked":["Go for the Eyes","Conserve Battery"],"picked":"White Noise","floor":7.0},{"not_picked":["Rebound","Fusion"],"picked":"Sweeping Beam","floor":8.0},{"not_picked":["Steam+1","Sunder"],"picked":"Conserve Battery+1","floor":13.0},{"not_picked":["Stack+1","Coolheaded+1"],"picked":"Undo+1","floor":14.0},{"not_picked":["Reboot+1","Hyperbeam"],"picked":"Fission+1","floor":16.0},{"not_picked":["Conserve Battery+1","Streamline+1"],"picked":"Compile Driver","floor":18.0},{"not_picked":["Steam+1","Compile Driver"],"picked":"Coolheaded+1","floor":20.0},{"not_picked":["Go for the Eyes","Ball Lightning"],"picked":"Thunder Strike","floor":22},{"not_picked":["Compile Driver","Conserve Battery+1","Streamline"],"picked":"SKIP","floor":24}],"player_experience":790113,"relics_obtained":[{"floor":6.0,"key":"Anchor"},{"floor":7.0,"key":"Odd Mushroom"},{"floor":8.0,"key":"Sundial"},{"floor":9.0,"key":"Toxic Egg 2"},{"floor":11.0,"key":"Mummified Hand"},{"floor":13.0,"key":"Du-Vu Doll"},{"floor":26,"key":"Pantograph"}],"event_choices":[{"damage_healed":0.0,"max_hp_gain":0.0,"max_hp_loss":0.0,"gold_gain":0.0,"event_name":"Scrap Ooze","player_choice":"Success","floor":3.0,"gold_loss":0.0,"damage_taken":18.0,"relics_obtained":["Unceasing Top"]},{"damage_healed":0.0,"max_hp_gain":0.0,"max_hp_loss":0.0,"gold_gain":0.0,"event_name":"Mushrooms","player_choice":"Fought Mushrooms","floor":7.0,"gold_loss":0.0,"damage_taken":0.0},{"cards_removed":["Strike_B"],"damage_healed":0.0,"max_hp_gain":0.0,"max_hp_loss":0.0,"gold_gain":0.0,"event_name":"Beggar","player_choice":"Gave Gold","floor":19.0,"gold_loss":75.0,"damage_taken":0.0},{"damage_healed":0.0,"max_hp_gain":0.0,"max_hp_loss":0.0,"gold_gain":0.0,"event_name":"Knowing Skull","player_choice":"CARD CARD CARD ","floor":21.0,"potions_obtained":[],"gold_loss":0.0,"damage_taken":27.0,"cards_obtained":["Impatience","Madness","Good Instincts"]}],"is_beta":false,"boss_relics":[{"not_picked":["Tiny House","SacredBark"],"picked":"Nuclear Battery"}],"items_purged_floors":[5],"is_endless":false,"potions_floor_spawned":[1,2,4,14,16,24],"killed_by":"Gremlin Leader","ascension_level":6}}