{"host":"2nhpogk5xa0u9xre","time":1610183933,"event":{"mods":["Aspiration","BaseMod","Colored Powertips","Googly Eyes","Hubris","Infinite Spire","Minty Spire (QoL Compilation)","Rare Cards Sparkle","Replay The Spire","StSLib","The Construct","The Hayseed","The Hierophant","The Runesmith","The Senshi","everything is the same but u backflip on backflip"],"gold_per_floor":[111,130,142,242,54,88,88,107,157,176,176,95,95,112,112,215,215,185,185],"floor_reached":18,"playtime":775,"items_purged":[],"score":162,"play_id":"22fa6977-556a-4ab9-af55-3573808f89ec","local_time":"20210109041853","is_ascension_mode":false,"campfire_choices":[{"data":"ReplayTheSpireMod:Fabricate Wheel","floor":7,"key":"SMITH"},{"data":"Runesmith:Grindstone","floor":11,"key":"SMITH"},{"data":"FIFO Queue","floor":13,"key":"SMITH"},{"floor":15,"key":"REST"}],"circlet_count":0,"master_deck":["Strike_B","Strike_B","Strike_B","Strike_B","Defend_B","Defend_B","Defend_B","Defend_B","Zap","Dualcast","Streamline","Redo","Ball Lightning","Crow Ritual","Steam","Pot Of Greed","Pot Of Greed","Fission","Redo","Runesmith:Grindstone+1","FIFO Queue+1","Darkness","Heatsinks","Echo Form"],"relics":["Cracked Core","NeowsBlessing","hubris:DisguiseKit","Grinning Jar","Prayer Wheel","Sozu"],"acts_visited":["Exordium","TheCity"],"potions_floor_usage":[6,16,16],"damage_taken":[{"damage":0,"enemies":"Cultist","floor":1,"turns":1},{"damage":0,"enemies":"Small Slimes","floor":2,"turns":1},{"damage":0,"enemies":"Jaw Worm","floor":3,"turns":1},{"damage":31,"enemies":"3 Sentries","floor":6,"turns":7},{"damage":0,"enemies":"Exordium Wildlife","floor":8,"turns":2},{"damage":17,"enemies":"Gremlin Gang","floor":10,"turns":4},{"damage":9,"enemies":"Exordium Thugs","floor":14,"turns":5},{"damage":29,"enemies":"Hexaghost","floor":16,"turns":10},{"damage":4,"enemies":"2 Thieves","floor":18,"turns":2}],"seed_played":"-3892159892806437076","potions_obtained":[{"floor":2,"key":"Milkshake"},{"floor":3,"key":"construct:ShiftPotion"},{"floor":10,"key":"CultistPotion"},{"floor":14,"key":"Reflective Coating"}],"is_trial":false,"path_per_floor":["M","M","M","?","$","E","R","M","T","M","R","$","R","M","R","B",null,"M"],"character_chosen":"DEFECT","items_purchased":["Crow Ritual","FIFO Queue"],"campfire_rested":1,"item_purchase_floors":[5,12],"current_hp_per_floor":[75,75,75,75,75,44,44,44,44,27,27,27,27,18,40,11,75,71,71],"gold":185,"neow_bonus":"THREE_ENEMY_KILL","is_daily":false,"chose_seed":false,"campfire_upgraded":3,"win_rate":0.0,"timestamp":1610183933,"path_taken":["M","M","M","?","?","E","R","M","T","M","R","$","R","M","R","BOSS","M"],"items_purchased_type":["Card","Card"],"build_version":"2020-12-22","purchased_purges":0,"victory":false,"max_hp_per_floor":[75,75,75,75,75,75,75,75,75,75,75,75,75,75,75,75,75,75,75],"card_choices":[{"not_picked":["Gash","ReplayGash"],"picked":"Streamline","floor":1},{"not_picked":["ReplaySolidLightProjector","Panic Button"],"picked":"Redo","floor":2},{"not_picked":["Streamline","FTL"],"picked":"Ball Lightning","floor":3},{"not_picked":["Glacier","Streamline"],"picked":"ReplayTheSpireMod:Fabricate Wheel","floor":6},{"not_picked":["Ball Lightning","Reinforced Body","Runesmith:MakeshiftArmor"],"picked":"Steam","floor":8},{"not_picked":["Force Field","Scrape","Runesmith:ShiftingStrike"],"picked":"Redo","floor":10},{"not_picked":["Compile Driver","Force Field","Chaos"],"picked":"Runesmith:Grindstone","floor":10},{"not_picked":["Turbo","Hologram","Runesmith:CraftObretio"],"picked":"Darkness","floor":14},{"not_picked":["Compile Driver","hubris:PowerSurge","Runesmith:CraftProtectio"],"picked":"Heatsinks","floor":14},{"not_picked":["Thunder Strike","Core Surge","Runesmith:CraftIndustria"],"picked":"Echo Form","floor":16}],"player_experience":225358,"relics_obtained":[{"floor":6,"key":"hubris:DisguiseKit"},{"floor":9,"key":"Grinning Jar"}],"event_choices":[{"damage_healed":0,"gold_gain":100,"player_choice":"Pray","damage_taken":0,"max_hp_gain":0,"max_hp_loss":0,"event_name":"Golden Shrine","floor":4,"gold_loss":0}],"is_beta":false,"boss_relics":[{"not_picked":["Busted Crown","hubris:HollowSoul"],"picked":"Sozu"}],"items_purged_floors":[],"is_endless":false,"potions_floor_spawned":[2,3,10,14],"killed_by":"2 Thieves","ascension_level":0}}