{"host":"aijg3q29dt6ws75i","time":1610150756,"event":{"mods":["Act Like it!","BaseMod","Downfall","Hallownest","Hermit","Jorbs\u0027s Wanderer Trilogy","Minty Spire (QoL Compilation)","Rare Cards Sparkle","StSLib","Td1madao Mod","The Bug Knight","The Cursed","The Hierophant","The Necromancer","The Servant 0.9.4","everything is the same but u backflip on backflip"],"gold_per_floor":[115,115,135,135,135,168,183,183,183,203,218,36,56,75,75,200,200,191,212,212,229,240,240,44,143,170,125,125,125,125,137,137,232,232,249,268,318,318,331,331,331,331],"floor_reached":41,"playtime":3591,"items_purged":[],"score":445,"play_id":"d0115379-bc86-4412-a2ad-2cbed2b03ba1","local_time":"20210108190556","is_ascension_mode":false,"campfire_choices":[{"floor":8,"key":"REST"},{"floor":15,"key":"REST"},{"floor":23,"key":"REST"},{"floor":28,"key":"REST"},{"data":"Summon_Lich","floor":30,"key":"SMITH"},{"data":"Life_Drain","floor":32,"key":"SMITH"},{"floor":40,"key":"REST"}],"circlet_count":0,"master_deck":["Defend_W","Defend_W+1","Defend_W","Defend_W+1","Negative_Energy_Arrows","Bone_Wall","Bones_to_Steel","Finger_Of_Death","Negative_Energy_Mist","Negative_Energy_Javelin","Negative_Energy_Sphere","Shade_Step","Requiem","Bone_Armor","Stop_Heart","Bone_Bullets","Death_Knell","Blood_Is_Power","Negative_Energy_Shield","Negative_Energy_Sphere+1","Summon_Lich+1","Negative_Energy_Shield","Bite","Bite","Bite","Bite","Bite","Life_Drain+1","Summon_Vampire_Lady","Thousand_Bone_Knives","Consume_Illness+1","Negative_Energy_Sphere","Bone_Armor"],"relics":["Vampire_Amulet","Bloody Idol","Kunai","War Paint","Darkstone Periapt","Velvet Choker","Happy Flower","Boot","Sozu","Peace Pipe"],"acts_visited":["Exordium","TheCity","TheBeyond"],"potions_floor_usage":[],"damage_taken":[{"damage":0,"enemies":"Small Slimes","floor":1,"turns":4},{"damage":7,"enemies":"2 Louse","floor":3,"turns":3},{"damage":56,"enemies":"3 Sentries","floor":6,"turns":14},{"damage":0,"enemies":"Jaw Worm","floor":7,"turns":4},{"damage":1,"enemies":"2 Fungi Beasts","floor":10,"turns":4},{"damage":5,"enemies":"Exordium Thugs","floor":11,"turns":4},{"damage":5,"enemies":"3 Louse","floor":13,"turns":3},{"damage":11,"enemies":"Large Slime","floor":14,"turns":8},{"damage":33,"enemies":"The Guardian","floor":16,"turns":15},{"damage":27,"enemies":"2 Thieves","floor":18,"turns":4},{"damage":24,"enemies":"Spheric Guardian","floor":19,"turns":8},{"damage":15,"enemies":"Snecko","floor":21,"turns":5},{"damage":28,"enemies":"Shelled Parasite and Fungi","floor":22,"turns":9},{"damage":11,"enemies":"Snake Plant","floor":31,"turns":5},{"damage":18,"enemies":"Champ","floor":33,"turns":10},{"damage":15,"enemies":"Orb Walker","floor":35,"turns":4},{"damage":21,"enemies":"3 Darklings","floor":36,"turns":6},{"damage":20,"enemies":"Mind Bloom Boss Battle","floor":37,"turns":8},{"damage":45,"enemies":"4 Shapes","floor":39,"turns":4},{"damage":76,"enemies":"Reptomancer","floor":41,"turns":3}],"seed_played":"7305461442204969268","potions_obtained":[{"floor":3,"key":"CultistPotion"},{"floor":10,"key":"sneckomod:MuddlingPotion"},{"floor":11,"key":"hexamod:EctoCoolerPotion"}],"is_trial":false,"path_per_floor":["M","?","M","?","?","E","M","R","T","M","M","$","M","M","R","B",null,"M","M","?","M","M","R","$","?","T","$","R","?","R","M","R","B",null,"M","M","?","?","M","R","E"],"character_chosen":"NECROMANCER","items_purchased":["Requiem","Bone_Armor","Happy Flower","Summon_Lich","Negative_Energy_Shield"],"campfire_rested":5,"item_purchase_floors":[12,12,24,24,27],"current_hp_per_floor":[82,62,59,56,56,6,8,32,32,35,34,34,35,28,52,21,82,57,35,35,27,8,32,32,37,42,42,66,57,57,57,57,57,57,56,57,57,57,29,46,0,0],"gold":331,"neow_bonus":"TEN_PERCENT_HP_BONUS","is_daily":false,"chose_seed":false,"campfire_upgraded":2,"win_rate":0.0,"timestamp":1610150756,"path_taken":["M","?","M","?","?","E","M","R","T","M","M","$","M","M","R","BOSS","M","M","?","M","M","R","$","?","T","$","R","?","R","M","R","BOSS","M","M","?","?","M","R","E"],"items_purchased_type":["Card","Card","Relic","Card","Card"],"build_version":"2020-12-22","purchased_purges":0,"victory":false,"max_hp_per_floor":[82,82,82,82,82,82,82,82,82,82,82,82,82,82,82,82,82,82,82,82,82,82,82,82,82,82,82,82,57,57,57,57,57,57,57,57,57,57,57,57,57,57],"card_choices":[{"not_picked":["Bone_Shift","Death_March_Dance"],"picked":"Bones_to_Steel","floor":1},{"not_picked":["Blood_Curse","Bone_Spikes"],"picked":"Finger_Of_Death","floor":3},{"not_picked":["Negative_Energy_Burst","Bone_Spikes"],"picked":"Negative_Energy_Mist","floor":6},{"not_picked":["Shackles_Of_Pain","Negative_Energy_Mist"],"picked":"Negative_Energy_Javelin","floor":7},{"not_picked":["Reap_The_Weak","Finger_Of_Death"],"picked":"Negative_Energy_Sphere","floor":10},{"not_picked":["Scare","Thousand_Bone_Knives"],"picked":"Shade_Step","floor":11},{"not_picked":["Scare","Finger_Of_Death"],"picked":"Stop_Heart","floor":13},{"not_picked":["Chill_Blood","Bone_Armor"],"picked":"Bone_Bullets","floor":14},{"not_picked":["Negative_Energy_Bomb","Reap_The_Weak"],"picked":"Requiem","floor":16},{"not_picked":["Bone_Spikes","Death_Coil"],"picked":"Death_Knell","floor":18},{"not_picked":["Life_Tap+1","Bone_Armor"],"picked":"Blood_Is_Power","floor":19},{"not_picked":["Hellfire","Death_March_Dance"],"picked":"Negative_Energy_Shield","floor":21},{"not_picked":["Acid_Javelin","Bone_Armor"],"picked":"Negative_Energy_Sphere+1","floor":22},{"not_picked":["Chill_Blood","Consume_Illness+1"],"picked":"Life_Drain","floor":31},{"not_picked":["Cloudkill","Blood_Magic"],"picked":"Summon_Vampire_Lady","floor":33},{"not_picked":["Whirlwind_of_Bones","Finger_Of_Death+1"],"picked":"Thousand_Bone_Knives","floor":35},{"not_picked":["Death_Coil","Strike_from_Beyond"],"picked":"Consume_Illness+1","floor":36},{"not_picked":["Necromantic_Selection","Bone_Spikes+1"],"picked":"Negative_Energy_Sphere","floor":37},{"not_picked":["Shackles_Of_Pain+1","Bone_Spikes+1"],"picked":"Bone_Armor","floor":39}],"player_experience":49699,"relics_obtained":[{"floor":6,"key":"War Paint"},{"floor":9,"key":"Darkstone Periapt"},{"floor":26,"key":"Boot"},{"floor":37,"key":"Peace Pipe"}],"event_choices":[{"damage_healed":0,"gold_gain":0,"player_choice":"Take Damage","damage_taken":20,"relics_obtained":["Golden Idol"],"max_hp_gain":0,"max_hp_loss":0,"event_name":"Golden Idol","floor":2,"gold_loss":0},{"damage_healed":0,"gold_gain":0,"player_choice":"Success","damage_taken":3,"relics_obtained":["Kunai"],"max_hp_gain":0,"max_hp_loss":0,"event_name":"Scrap Ooze","floor":4,"gold_loss":0},{"damage_healed":0,"gold_gain":0,"player_choice":"Ignored","damage_taken":0,"max_hp_gain":0,"max_hp_loss":0,"event_name":"Golden Wing","floor":5,"gold_loss":0},{"damage_healed":0,"gold_gain":0,"player_choice":"Gave Idol","damage_taken":0,"relics_obtained":["Bloody Idol"],"max_hp_gain":0,"max_hp_loss":0,"event_name":"Forgotten Altar","floor":20,"relics_lost":["Golden Idol"],"gold_loss":0},{"damage_healed":0,"gold_gain":99,"player_choice":"Stole From Cult","damage_taken":0,"max_hp_gain":0,"max_hp_loss":0,"event_name":"Nest","floor":25,"gold_loss":0},{"damage_healed":0,"gold_gain":0,"player_choice":"Became a vampire","damage_taken":0,"max_hp_gain":0,"max_hp_loss":25,"event_name":"Vampires","floor":29,"gold_loss":0,"cards_obtained":["Bite","Bite","Bite","Bite","Bite"]},{"damage_healed":0,"gold_gain":0,"player_choice":"Fight","damage_taken":0,"max_hp_gain":0,"max_hp_loss":0,"event_name":"MindBloom","floor":37,"gold_loss":0},{"cards_removed":["Requiem"],"damage_healed":0,"gold_gain":0,"player_choice":"Removed Attack","damage_taken":0,"max_hp_gain":0,"max_hp_loss":0,"event_name":"Falling","floor":38,"gold_loss":0}],"is_beta":false,"boss_relics":[{"not_picked":["Astrolabe","Empty Cage"],"picked":"Velvet Choker"},{"not_picked":["Busted Crown","Runic Pyramid"],"picked":"Sozu"}],"items_purged_floors":[],"is_endless":false,"potions_floor_spawned":[3,10,11,13,14,19,21,33,36,39],"killed_by":"Reptomancer","ascension_level":0}}