{"host":"pi8b3ffzwvxqztac","time":1610171918,"event":{"mods":["BaseMod","Colored Map","Downfall","Minty Spire (QoL Compilation)","StSLib"],"gold_per_floor":[99,112,112,112,125,144,220,239,89,99,119,119,119,144,156,231,231,231,245,245,261,261,261,284,284,284,284],"floor_reached":25,"playtime":1035,"items_purged":[],"score":376,"play_id":"c58a21ff-676f-4f53-a5a5-1ca682553bc0","local_time":"20210109185838","is_ascension_mode":true,"campfire_choices":[{"floor":1.0,"key":"RECALL"},{"data":"Slimebound:CorrosiveSpit","floor":9.0,"key":"SMITH"},{"data":"Slimebound:Split","floor":12.0,"key":"SMITH"},{"data":"Slimebound:TagTeam","floor":18.0,"key":"SMITH"},{"data":"Slimebound:RejuvenatingLick","floor":23.0,"key":"SMITH"}],"circlet_count":0,"master_deck":["AscendersBane","Slimebound:Strike_Slimebound","Slimebound:Strike_Slimebound","Slimebound:Strike_Slimebound","Slimebound:Defend_Slimebound","Slimebound:Defend_Slimebound","Slimebound:Defend_Slimebound","Slimebound:Defend_Slimebound","Slimebound:Split+1","Slimebound:CorrosiveSpit+1","Slimebound:SplitMire","Slimebound:HungryTackle","Slimebound:DisruptingSlam","Slimebound:Recollect","Slimebound:SlimeSpikes","Slimebound:LevelUp","Slimebound:TagTeam+1","Slimebound:RejuvenatingLick+1"],"relics":["Slimebound:AbsorbEndCombatUpgraded","downfall:HeartBlessingRed","downfall:HeartBlessingBlue","Calipers","Blood Vial"],"acts_visited":["Exordium","TheCity"],"potions_floor_usage":[],"damage_taken":[{"damage":17.0,"enemies":"Jaw Worm","floor":2.0,"turns":4.0},{"damage":13.0,"enemies":"2 Louse","floor":5.0,"turns":2.0},{"damage":11.0,"enemies":"Cultist","floor":6.0,"turns":3.0},{"damage":14.0,"enemies":"Blue Slaver","floor":8.0,"turns":4.0},{"damage":10.0,"enemies":"3 Louse","floor":10.0,"turns":3.0},{"damage":16.0,"enemies":"Blue Slaver","floor":11.0,"turns":3.0},{"damage":33.0,"enemies":"Lagavulin","floor":14.0,"turns":6.0},{"damage":21.0,"enemies":"Red Slaver","floor":15.0,"turns":2.0},{"damage":90.0,"enemies":"downfall:Ironclad","floor":16.0,"turns":10.0},{"damage":33.0,"enemies":"Shell Parasite","floor":19.0,"turns":3.0},{"damage":0.0,"enemies":"Chosen","floor":20.0,"turns":1.0},{"damage":29.0,"enemies":"Snake Plant","floor":21.0,"turns":3.0},{"damage":64,"enemies":"downfall:Defect","floor":25,"turns":5}],"seed_played":"2710255468208919252","potions_obtained":[{"floor":5.0,"key":"SpeedPotion"},{"floor":6.0,"key":"Weak Potion"},{"floor":10.0,"key":"Energy Potion"},{"floor":14.0,"key":"SteroidPotion"},{"floor":15.0,"key":"Slimebound:SlimedPotion"},{"floor":19.0,"key":"Fire Potion"},{"floor":21.0,"key":"Explosive Potion"}],"is_trial":false,"path_per_floor":["R","M","?","?","M","M","T","M","R","M","M","R","?","E","M","B",null,"R","M","M","M","?","R","T","?"],"character_chosen":"SLIMEBOUND","items_purchased":[],"campfire_rested":0,"item_purchase_floors":[],"current_hp_per_floor":[49,48,53,53,52,53,53,55,65,69,65,65,65,60,63,29,59,59,54,54,59,40,40,40,0,0,0],"gold":284,"neow_bonus":"THREE_CARDS","is_daily":false,"chose_seed":false,"campfire_upgraded":4,"win_rate":0.0,"timestamp":1610171918,"path_taken":["R","M","?","?","M","M","T","M","R","?","M","R","?","E","M","BOSS","R","M","M","M","?","R","T","?"],"items_purchased_type":[],"build_version":"2020-12-22","purchased_purges":0,"victory":false,"max_hp_per_floor":[54,54,59,59,59,59,59,59,69,69,69,69,69,69,69,69,69,69,69,69,69,74,74,74,74,74,74],"card_choices":[{"not_picked":["Slimebound:ServeAndProtect","Slimebound:SamplingLick"],"picked":"Slimebound:SplitMire","floor":0.0},{"not_picked":["Slimebound:LeechEnergy","Slimebound:GoopSpray","Slimebound:ComboTackle"],"picked":"SKIP","floor":2.0},{"not_picked":["Slimebound:HauntingLick","Slimebound:LeechEnergy"],"picked":"Slimebound:DisruptingSlam","floor":5.0},{"not_picked":["Slimebound:Nibble","Slimebound:GoopSpray","Slimebound:BestDefense"],"picked":"SKIP","floor":6.0},{"not_picked":["Slimebound:DivideAndConquer","Slimebound:SplitBruiser","Slimebound:ForwardTackle"],"picked":"SKIP","floor":8.0},{"not_picked":["Slimebound:LeechEnergy","Slimebound:ServeAndProtect"],"picked":"Slimebound:Recollect","floor":10.0},{"not_picked":["Slimebound:SplitBruiser","Slimebound:SplitMire"],"picked":"Slimebound:SlimeSpikes","floor":11.0},{"not_picked":["Slimebound:ComboTackle","Slimebound:PrepareCrush","Slimebound:LeechingTouch"],"picked":"SKIP","floor":14.0},{"not_picked":["Slimebound:DisruptingSlam","Slimebound:LeechEnergy"],"picked":"Slimebound:LevelUp","floor":15.0},{"not_picked":["Slimebound:OozeBath","Slimebound:CheckThePlaybook"],"picked":"Slimebound:TagTeam","floor":16.0},{"not_picked":["Slimebound:SplitMire","Slimebound:ComboTackle","Slimebound:SplitBruiser+1"],"picked":"SKIP","floor":19.0},{"not_picked":["Slimebound:SlimeSpikes","Slimebound:FirmFortitude"],"picked":"Slimebound:RejuvenatingLick","floor":20.0},{"not_picked":["Slimebound:FormOfPuddle","Slimebound:SplitSpecialist","Slimebound:TongueLash"],"picked":"SKIP","floor":21.0}],"player_experience":490047,"relics_obtained":[{"floor":14.0,"key":"Calipers"},{"floor":24.0,"key":"Blood Vial"}],"event_choices":[{"damage_healed":0.0,"max_hp_gain":5.0,"max_hp_loss":0.0,"gold_gain":0.0,"event_name":"Big Fish","player_choice":"Donut","floor":3.0,"gold_loss":0.0,"damage_taken":0.0},{"damage_healed":0.0,"max_hp_gain":0.0,"max_hp_loss":0.0,"gold_gain":0.0,"cards_transformed":["Slimebound:Tackle"],"event_name":"Transmorgrifier","player_choice":"Transformed","floor":4.0,"gold_loss":0.0,"damage_taken":0.0,"cards_obtained":["Slimebound:HungryTackle"]}],"is_beta":false,"boss_relics":[{"not_picked":["Coffee Dripper","Slimebound:TarBlob"],"picked":"Slimebound:AbsorbEndCombatUpgraded"}],"items_purged_floors":[],"is_endless":false,"potions_floor_spawned":[5,6,10,14,15,19,21],"killed_by":"downfall:Defect","ascension_level":17}}