{"host":"6jrnojxwearbrjzo","time":1610222468,"event":{"mods":["BaseMod","Colored Map","Conspire","Downfall","Highlight Path","Marisa£®ÏF”Í°°ƒß¿Ì…≥£©","Minty Spire (QoL Compilation)","Quick Restart","Replay The Spire","Shop Mod","Spicy Shops","StSLib","SuperFastMode","TestMod","The Construct","The Cursed","The Servant 0.9.4","Yuyuko","vexMod"],"gold_per_floor":[119,194,144,154,166,166,177,192,192,219,249,249,249,3,3,102,768,782,707,707,747,767,767,72,72,72,72,72,102,115,115,115,209,209,228,0,0,19,33,57,57,57,57,74,74,89,89,31,31,31,31],"floor_reached":50,"playtime":1878,"items_purged":[],"score":536,"play_id":"52b09d0c-c4e9-410c-8465-86be72797151","local_time":"20210110040108","is_ascension_mode":false,"campfire_choices":[{"data":"Acrobatics","floor":6,"key":"SMITH"},{"data":"Blade Dance","floor":13,"key":"SMITH"},{"data":"Survivor","floor":15,"key":"SMITH"},{"data":"Strike_G","floor":23,"key":"SMITH"},{"data":"Strike_G","floor":25,"key":"SMITH"},{"data":"Neutralize","floor":27,"key":"SMITH"},{"data":"Defend_G","floor":42,"key":"SMITH"},{"data":"Defend_G","floor":45,"key":"SMITH"},{"floor":47,"key":"RECALL"},{"data":"Strike_G+1","floor":49,"key":"PURGE"}],"circlet_count":0,"master_deck":["Strike_G+1","Strike_G+1","Strike_G+1","Defend_G+1","Defend_G+1","Survivor+1","Neutralize+1","Acrobatics+1","Dagger Spray+1","Blade Dance+1","Prepared+1"],"relics":["testmod-TestBox","testmod-EqualTreatment","testmod-DreamHouse","Happy Flower","Lantern","conspire:Flyswatter","ReplayTheSpireMod:Lightbulb","vexMod:Dragonfruit","Replay:Grab Bag","vexMod:RockOfEvil","Coffee Dripper","Snecko Scales","The Specimen","Snack Pack","testmod-Charity","Ancient Tea Set","Whetstone","Dream Catcher","Enchiridion","Ring of Chaos","Red Mask","vexMod:FocusSash","Replay:Wax Seal"],"acts_visited":["Exordium","TheCity","TheBeyond"],"potions_floor_usage":[8,16,16,33,33,44,44],"damage_taken":[{"damage":0,"enemies":"Small Slimes","floor":1,"turns":3},{"damage":1,"enemies":"conspire:RoseBush","floor":4,"turns":3},{"damage":0,"enemies":"2 Louse","floor":5,"turns":2},{"damage":0,"enemies":"2 Fungi Beasts","floor":7,"turns":3},{"damage":14,"enemies":"Exordium Thugs","floor":8,"turns":3},{"damage":19,"enemies":"Replay:BlueRogue","floor":11,"turns":6},{"damage":15,"enemies":"Fading Forest","floor":16,"turns":11},{"damage":12,"enemies":"Shell Parasite","floor":18,"turns":3},{"damage":25,"enemies":"conspire:MimicChest","floor":21,"turns":5},{"damage":0,"enemies":"Chosen","floor":22,"turns":3},{"damage":0,"enemies":"conspire:Head Lice","floor":29,"turns":4},{"damage":25,"enemies":"Shelled Parasite and Fungi","floor":30,"turns":4},{"damage":52,"enemies":"Champ","floor":33,"turns":8},{"damage":11,"enemies":"3 Darklings","floor":35,"turns":3},{"damage":0,"enemies":"3 Shapes","floor":38,"turns":2},{"damage":13,"enemies":"Transient","floor":39,"turns":5},{"damage":24,"enemies":"Reptomancer","floor":40,"turns":5},{"damage":48,"enemies":"Writhing Mass","floor":44,"turns":5},{"damage":0,"enemies":"Jaw Worm Horde","floor":46,"turns":2},{"damage":54,"enemies":"conspire:OrnateMirror","floor":50,"turns":3}],"seed_played":"3264929237058120544","potions_obtained":[{"floor":1,"key":"champ:CounterPotion"},{"floor":8,"key":"champ:CounterPotion"},{"floor":11,"key":"Guardian:BlockOnCardUsePotion"},{"floor":16,"key":"testmod-TestPotion"},{"floor":29,"key":"Reflective Coating"},{"floor":33,"key":"Explosive Potion"},{"floor":39,"key":"Energy Potion"},{"floor":40,"key":"SkillPotion"},{"floor":44,"key":"DuplicationPotion"}],"is_trial":false,"path_per_floor":["M","?","?","M","M","R","M","M","T","T","E","?","R","$","R","B",null,"M","?","T","?","M","R","$","R","T","R","$","E","M","?","R_BF","B",null,"M","?","?","M","M","E","?","R","T","M","R","M","R","$","R_BF","B"],"character_chosen":"THE_SILENT","items_purchased":["Grand Finale","testmod-Charity","Panache","ReplayTheSpireMod:Scrap Shanks","Ancient Tea Set","Finisher"],"campfire_rested":0,"item_purchase_floors":[14,24,24,24,24,48],"current_hp_per_floor":[70,59,59,58,58,58,58,44,44,44,30,30,30,30,30,43,75,63,63,63,38,46,46,46,46,46,46,46,59,47,31,54,21,78,72,72,72,75,72,62,62,62,62,31,31,40,40,40,40,0,0],"gold":31,"neow_bonus":"BOSS_RELIC","is_daily":false,"chose_seed":false,"campfire_upgraded":8,"win_rate":0.0,"timestamp":1610222468,"path_taken":["M","?","?","M","M","R","M","M","T","?","E","?","R","$","R","BOSS","M","?","?","?","?","R","$","R","T","R","$","E","M","?","R_BF","BOSS","M","?","?","?","M","E","?","R","T","M","R","?","R","$","R_BF","BOSS"],"items_purchased_type":["Card","Relic","Card","Card","Relic","Card"],"build_version":"2020-12-22","purchased_purges":0,"victory":false,"max_hp_per_floor":[70,70,70,70,70,70,70,70,70,70,75,75,75,75,75,75,75,75,75,75,75,75,75,75,75,75,75,75,76,77,77,77,78,78,79,79,79,80,81,82,82,82,82,83,83,84,84,84,84,84,84],"card_choices":[{"not_picked":["Terror","Deflect"],"picked":"Acrobatics","floor":1},{"not_picked":["Bane","Acrobatics"],"picked":"Well Laid Plans","floor":4},{"not_picked":["Outmaneuver","Blade Dance"],"picked":"Venomology","floor":5},{"not_picked":["Acrobatics","Slice","Poisoned Stab"],"picked":"SKIP","floor":7},{"not_picked":["Blade Dance","Cloak And Dagger"],"picked":"Dagger Spray","floor":8},{"not_picked":["Leg Sweep","Dagger Throw"],"picked":"Blade Dance","floor":11},{"not_picked":["Die Die Die","Tools of the Trade"],"picked":"Unload","floor":16},{"not_picked":["Backstab","Setup","Bane+1"],"picked":"SKIP","floor":18},{"not_picked":["Heel Hook","Deflect"],"picked":"Choke+1","floor":21},{"not_picked":["Escape Plan","Dagger Throw","Dodge and Roll"],"picked":"SKIP","floor":22},{"not_picked":["Burst","Masterful Stab"],"picked":"Eviscerate+1","floor":29},{"not_picked":["PiercingWail+1","Dagger Throw"],"picked":"Prepared+1","floor":30},{"not_picked":["Flying Knee","ReplayTheSpireMod:Tripwire"],"picked":"Choke+1","floor":32},{"not_picked":["Grand Finale","A Thousand Cuts"],"picked":"Unload","floor":33},{"not_picked":["PiercingWail","Tactician"],"picked":"Finisher","floor":35},{"not_picked":["PiercingWail","Blade Dance","ReplayTheSpireMod:Tripwire"],"picked":"SKIP","floor":38},{"not_picked":["Slice","Heel Hook+1","Fluid Movement+1"],"picked":"SKIP","floor":39},{"not_picked":["Well Laid Plans","Corpse Explosion","Deadly Poison"],"picked":"SKIP","floor":40},{"not_picked":["Bane+1","Quick Slash+1"],"picked":"conspire:PoisonWeapons+1","floor":44},{"not_picked":["ReplayTheSpireMod:Tripwire+1","Dagger Throw"],"picked":"ReplayTheSpireMod:Shiv Toss+1","floor":46}],"player_experience":48331,"relics_obtained":[{"floor":9,"key":"conspire:Flyswatter"},{"floor":10,"key":"ReplayTheSpireMod:Lightbulb"},{"floor":11,"key":"vexMod:Dragonfruit"},{"floor":20,"key":"The Specimen"},{"floor":21,"key":"Snack Pack"},{"floor":26,"key":"Whetstone"},{"floor":29,"key":"Dream Catcher"},{"floor":31,"key":"Enchiridion"},{"floor":40,"key":"vexMod:FocusSash"},{"floor":43,"key":"Replay:Wax Seal"}],"event_choices":[{"damage_healed":0,"gold_gain":75,"player_choice":"Gather Gold","damage_taken":11,"max_hp_gain":0,"max_hp_loss":0,"event_name":"World of Goop","floor":2,"gold_loss":0},{"cards_removed":["Defend_G"],"damage_healed":0,"gold_gain":0,"player_choice":"Card Removal","damage_taken":0,"max_hp_gain":0,"max_hp_loss":0,"event_name":"The Cleric","floor":3,"gold_loss":50},{"damage_healed":0,"gold_gain":0,"player_choice":"Upgraded","damage_taken":0,"max_hp_gain":0,"max_hp_loss":0,"event_name":"Upgrade Shrine","floor":12,"gold_loss":0,"cards_upgraded":["Dagger Spray"]},{"cards_removed":["Defend_G"],"damage_healed":0,"gold_gain":0,"player_choice":"Gave Gold","damage_taken":0,"max_hp_gain":0,"max_hp_loss":0,"event_name":"Beggar","floor":19,"gold_loss":75},{"damage_healed":0,"gold_gain":0,"player_choice":"Obtained Book","damage_taken":16,"max_hp_gain":0,"max_hp_loss":0,"event_name":"Cursed Tome","floor":31,"gold_loss":0},{"damage_healed":0,"gold_gain":0,"player_choice":"Paid","damage_taken":0,"relics_obtained":["Red Mask"],"max_hp_gain":0,"max_hp_loss":0,"event_name":"Tomb of Lord Red Mask","floor":36,"gold_loss":228},{"cards_removed":["Strike_G"],"damage_healed":0,"gold_gain":0,"player_choice":"Card Removal","damage_taken":0,"max_hp_gain":0,"max_hp_loss":0,"event_name":"Wheel of Change","floor":37,"gold_loss":0},{"damage_healed":0,"gold_gain":0,"cards_transformed":["Defend_G"],"player_choice":"Transformed","damage_taken":0,"max_hp_gain":0,"max_hp_loss":0,"event_name":"Transmorgrifier","floor":41,"gold_loss":0,"cards_obtained":["Backstab"]}],"is_beta":false,"boss_relics":[{"not_picked":["testmod-CardMagician","Cursed Key"],"picked":"Replay:Grab Bag"},{"not_picked":["Busted Crown","vexMod:TanglingVine"],"picked":"vexMod:RockOfEvil"},{"not_picked":["vexMod:DeviousBotling","ChewingGum"],"picked":"Coffee Dripper"},{"not_picked":["Honey Jar","Black Star"],"picked":"Snecko Scales"},{"not_picked":["Kintsugi","vexMod:BigBerry"],"picked":"Ring of Chaos"}],"items_purged_floors":[],"is_endless":false,"potions_floor_spawned":[1,8,11,16,22,29,33,39,40,44],"killed_by":"conspire:OrnateMirror","ascension_level":0}}