{"host":"xkmvu47k9fdstweo","time":1610236595,"event":{"mods":["BaseMod","Colored Map","Conspire","Hubris","Minty Spire (QoL Compilation)","Quick Restart","Railgun Mod","Shop Mod","StSLib","The Alterego","The Servant 0.9.4","The Wild Card","TheBandit","WarShipGirlsR/??è≠èóR mod","vexMod"],"gold_per_floor":[116,129,129,144,65,65,65,65,65,65,90,100,135,148,148,243,243,253,273,291,291,308,308,323,37,115,115,150,50,78,78,78,78,78],"floor_reached":33,"playtime":1195,"items_purged":["Strike_G","Strike_G"],"score":443,"play_id":"48c9eac3-c8cd-4220-9415-4bec201b0acb","local_time":"20210109185635","is_ascension_mode":true,"campfire_choices":[{"data":"conspire:DoublingDagger","floor":6,"key":"SMITH"},{"data":"Footwork","floor":8,"key":"SMITH"},{"data":"Neutralize","floor":10,"key":"SMITH"},{"floor":15,"key":"REST"},{"data":"After Image","floor":23,"key":"SMITH"},{"floor":32,"key":"REST"}],"circlet_count":0,"master_deck":["AscendersBane","Strike_G","Strike_G","Strike_G","Defend_G","Defend_G","Defend_G","Defend_G","Defend_G","Survivor","Neutralize+1","conspire:DoublingDagger+1","Blade Dance","Panacea","Footwork+1","Finisher","Finisher","Blade Dance","Prepared","PiercingWail","Dagger Spray","After Image+1","Concentrate","Accuracy","Flechettes+1","PiercingWail","Gash","Deflect+1","Accuracy","Choke+1","Trip","Calculated Gamble","Burst"],"relics":["Ring of the Snake","NeowsBlessing","Letter Opener","Prayer Wheel","Mummified Hand","Kunai","Runic Pyramid","Bottled Flame","Toy Ornithopter","MealTicket","Whetstone"],"acts_visited":["Exordium","TheCity"],"potions_floor_usage":[13,22,22,24,28,33],"damage_taken":[{"damage":0,"enemies":"Small Slimes","floor":1,"turns":1},{"damage":0,"enemies":"Cultist","floor":2,"turns":1},{"damage":0,"enemies":"2 Louse","floor":4,"turns":1},{"damage":30,"enemies":"Gremlin Nob","floor":11,"turns":5},{"damage":3,"enemies":"Blue Slaver","floor":12,"turns":4},{"damage":9,"enemies":"3 Sentries","floor":13,"turns":6},{"damage":0,"enemies":"3 Louse","floor":14,"turns":2},{"damage":14,"enemies":"Hexaghost","floor":16,"turns":13},{"damage":0,"enemies":"Chosen","floor":18,"turns":5},{"damage":0,"enemies":"conspire:FuzzyDice","floor":19,"turns":7},{"damage":5,"enemies":"Centurion and Healer","floor":20,"turns":7},{"damage":10,"enemies":"Snake Plant","floor":22,"turns":4},{"damage":12,"enemies":"Snecko","floor":24,"turns":4},{"damage":12,"enemies":"conspire:SneckoGhost","floor":28,"turns":9},{"damage":10,"enemies":"conspire:Head Lice","floor":30,"turns":5},{"damage":44,"enemies":"conspire:MysteriousRune","floor":33,"turns":5}],"seed_played":"-7771673397243692472","potions_obtained":[{"floor":1,"key":"PowerPotion"},{"floor":2,"key":"GhostInAJar"},{"floor":12,"key":"AttackPotion"},{"floor":13,"key":"Weak Potion"},{"floor":18,"key":"PowerPotion"},{"floor":24,"key":"Dexterity Potion"},{"floor":28,"key":"Energy Potion"},{"floor":30,"key":"Weak Potion"}],"is_trial":false,"path_per_floor":["M","M","?","M","$","R","T","R","T","R","E","M","E","M","R","B",null,"M","M","M","?","M","R","M","$","T","?","E","$","E","T","R","B"],"character_chosen":"THE_SILENT","items_purchased":["Footwork","Accuracy","Choke","Trip"],"campfire_rested":2,"item_purchase_floors":[5,25,25,25],"current_hp_per_floor":[63,63,63,63,63,63,63,63,63,63,33,30,21,21,42,28,60,60,60,55,55,45,45,33,33,33,40,28,28,18,18,39,0,0],"gold":78,"neow_bonus":"THREE_ENEMY_KILL","is_daily":false,"chose_seed":false,"campfire_upgraded":4,"win_rate":0.0,"timestamp":1610236595,"path_taken":["M","M","?","?","$","R","?","R","T","R","E","M","E","M","R","BOSS","M","?","M","?","M","R","M","$","T","?","E","$","E","?","R","BOSS"],"items_purchased_type":["Card","Card","Card","Card"],"build_version":"2020-12-22","purchased_purges":2,"victory":false,"max_hp_per_floor":[70,70,70,70,70,70,70,70,70,70,70,70,70,70,70,70,70,70,70,70,70,70,70,70,70,70,70,70,70,70,70,70,70,70],"card_choices":[{"not_picked":["Skewer","Backflip"],"picked":"conspire:DoublingDagger","floor":1},{"not_picked":["Underhanded Strike","Heel Hook"],"picked":"Blade Dance","floor":2},{"not_picked":["Flying Knee","Reflex","Sucker Punch"],"picked":"SKIP","floor":4},{"not_picked":["Flying Knee","Grand Finale"],"picked":"Finisher","floor":11},{"not_picked":["Cloak And Dagger","Flechettes"],"picked":"Finisher","floor":12},{"not_picked":["Deflect","Dagger Spray"],"picked":"Blade Dance","floor":12},{"not_picked":["Bane","Outmaneuver"],"picked":"Prepared","floor":13},{"not_picked":["All Out Attack","Cloak And Dagger"],"picked":"PiercingWail","floor":14},{"not_picked":["Leg Sweep","Cloak And Dagger"],"picked":"Dagger Spray","floor":14},{"not_picked":["Glass Knife","Unload"],"picked":"After Image","floor":16},{"not_picked":["conspire:DoublingDagger","Bane"],"picked":"Concentrate","floor":18},{"not_picked":["Setup","All Out Attack","hubris:SlightOfHand"],"picked":"SKIP","floor":18},{"not_picked":["Sucker Punch","Backflip"],"picked":"Accuracy","floor":19},{"not_picked":["Outmaneuver","Endless Agony"],"picked":"Flechettes","floor":19},{"not_picked":["Leg Sweep","Deflect"],"picked":"PiercingWail","floor":20},{"not_picked":["conspire:DoublingDagger","Outmaneuver","Flying Knee"],"picked":"SKIP","floor":20},{"not_picked":["Dodge and Roll+1","Concentrate"],"picked":"Deflect+1","floor":22},{"not_picked":["PiercingWail","Dodge and Roll","Unload"],"picked":"SKIP","floor":22},{"not_picked":["Sucker Punch","Underhanded Strike+1","Predator"],"picked":"SKIP","floor":24},{"not_picked":["Leg Sweep","Bane","Blade Dance"],"picked":"SKIP","floor":24},{"not_picked":["hubris:SlightOfHand","Deflect+1"],"picked":"Calculated Gamble","floor":28},{"not_picked":["Sucker Punch","Poisoned Stab"],"picked":"Burst","floor":30}],"player_experience":293479,"relics_obtained":[{"floor":7,"key":"Letter Opener"},{"floor":9,"key":"Prayer Wheel"},{"floor":11,"key":"Mummified Hand"},{"floor":13,"key":"Kunai"},{"floor":26,"key":"Bottled Flame"},{"floor":28,"key":"Toy Ornithopter"},{"floor":30,"key":"MealTicket"},{"floor":31,"key":"Whetstone"}],"event_choices":[{"damage_healed":0,"gold_gain":0,"player_choice":"1 cards matched","damage_taken":0,"max_hp_gain":0,"max_hp_loss":0,"event_name":"Match and Keep!","floor":3,"gold_loss":0,"cards_obtained":["Panacea"]},{"damage_healed":0,"gold_gain":0,"player_choice":"Read","damage_taken":0,"max_hp_gain":0,"max_hp_loss":0,"event_name":"The Library","floor":21,"gold_loss":0,"cards_obtained":["Gash"]}],"is_beta":false,"boss_relics":[{"not_picked":["Tiny House","conspire:SpecialSausage"],"picked":"Runic Pyramid"}],"items_purged_floors":[25,29],"is_endless":false,"potions_floor_spawned":[1,2,12,13,18,24,28,30],"killed_by":"conspire:MysteriousRune","ascension_level":10}}