{"host":"nuc2w1a7ik2yhkv2","time":1610190437,"event":{"mods":["Act Like it!","BaseMod","Gensokyo","Marisa£®ÏF”Í°°ƒß¿Ì…≥£©","Minty Spire (QoL Compilation)","Quick Restart","Rare Cards Sparkle","StSLib"],"gold_per_floor":[16,16,16,28,28,60,60,77,145,145,160,160,171,181,181,259,259,275,291,291,305,319,319,346,346,346,346,346,346,346,371,371,448,448,466,466,466,466,187,187,219,219,268,282,282,131,18,32,32,32,32,32,32,4,35,35,35],"floor_reached":56,"playtime":3500,"items_purged":["Pride"],"score":1872,"play_id":"f847e580-c72a-4484-af79-3a0768cdc033","local_time":"20210109190717","is_ascension_mode":true,"campfire_choices":[{"floor":7.0,"key":"REST"},{"floor":10.0,"key":"REST"},{"floor":15.0,"key":"REST"},{"floor":23.0,"key":"REST"},{"floor":25.0,"key":"REST"},{"data":"BlazeAway","floor":28.0,"key":"SMITH"},{"data":"EscapeVelocity","floor":32.0,"key":"SMITH"},{"floor":40.0,"key":"RECALL"},{"floor":42.0,"key":"REST"},{"data":"Gensokyo:ShootingStar","floor":45.0,"key":"SMITH"},{"data":"Gensokyo:PrivateSquare","floor":49.0,"key":"SMITH"},{"data":"MillisecondPulsars","floor":53.0,"key":"SMITH"}],"circlet_count":0,"master_deck":["AscendersBane","Strike_MRS","Strike_MRS","Defend_MRS","Defend_MRS","Defend_MRS","MasterSpark","UpSweep","OneTimeOff","ShootingEcho","Gensokyo:CrescentMoonSlash","MysteriousBeam","MilkyWay","BlazeAway+1","MysteriousBeam","SprinkleStarSeal","Acceleration","IllusionStar","WitchLeyline","EscapeVelocity+1","EnergyRecoil+1","AsteroidBelt","MilkyWay","MeteoricShower","GalacticHalo","Gensokyo:AllTheWorldsEvil","Gensokyo:ShootingStar+1","CurseOfTheBell","ChargeUpSpray+1","Gensokyo:PrivateSquare+1","Gensokyo:HouraiInAPot+1","MillisecondPulsars+1","Master of Strategy","GalacticHalo+1","Gensokyo:ShootingStar+1","EnergyFlow","GravityBeat","AsteroidBelt"],"relics":["MiniHakkero","Gensokyo:OccultBall","Darkstone Periapt","Mummified Hand","Philosopher\u0027s Stone","Gensokyo:ConquerorOfFear","Lantern","Kunai","Gensokyo:RedStar","Gensokyo:SongOfSouls","Calling Bell","Oddly Smooth Stone","InkBottle","Du-Vu Doll","Juzu Bracelet","Bronze Scales","DollysMirror","Boot"],"acts_visited":["Exordium","Gensokyo:Gensokyo","Gensokyo:Gensokyoer","TheEnding"],"potions_floor_usage":[],"damage_taken":[{"damage":3.0,"enemies":"Gensokyo:Python","floor":1.0,"turns":3.0},{"damage":4.0,"enemies":"Gensokyo:Gryphon","floor":4.0,"turns":2.0},{"damage":33.0,"enemies":"Gensokyo:Mamizou","floor":6.0,"turns":7.0},{"damage":0.0,"enemies":"Gensokyo:3_Fairies","floor":8.0,"turns":3.0},{"damage":0.0,"enemies":"Gensokyo:LivingMonolith","floor":11.0,"turns":3.0},{"damage":3.0,"enemies":"Gensokyo:Kitsune","floor":13.0,"turns":2.0},{"damage":7.0,"enemies":"Gensokyo:5_Fairies","floor":14.0,"turns":3.0},{"damage":12.0,"enemies":"Gensokyo:Reimu","floor":16.0,"turns":7.0},{"damage":22.0,"enemies":"Gensokyo:3_Dogs","floor":18.0,"turns":3.0},{"damage":8.0,"enemies":"Gensokyo:CosmicMonolith","floor":19.0,"turns":2.0},{"damage":16.0,"enemies":"Gensokyo:Swordslinger","floor":21.0,"turns":5.0},{"damage":11.0,"enemies":"Gensokyo:Mirror_and_Dog","floor":22.0,"turns":2.0},{"damage":3.0,"enemies":"Gensokyo:Reisen","floor":24.0,"turns":4.0},{"damage":23.0,"enemies":"Gensokyo:Eiki","floor":33.0,"turns":9.0},{"damage":0.0,"enemies":"Gensokyo:AncientGuardian","floor":35.0,"turns":2.0},{"damage":1.0,"enemies":"Gensokyo:AncientGuardian","floor":37.0,"turns":4.0},{"damage":28.0,"enemies":"Gensokyo:Kasen","floor":41.0,"turns":8.0},{"damage":9.0,"enemies":"Gensokyo:3_Bats","floor":44.0,"turns":1.0},{"damage":7.0,"enemies":"Gensokyo:Dusk_and_Dawn","floor":48.0,"turns":5.0},{"damage":6.0,"enemies":"Gensokyo:Shinki","floor":50.0,"turns":6.0},{"damage":0.0,"enemies":"Gensokyo:Yuyuko","floor":51.0,"turns":4.0},{"damage":29.0,"enemies":"Shield and Spear","floor":55.0,"turns":7.0},{"damage":56,"enemies":"The Heart","floor":56,"turns":10}],"seed_played":"4253074408616732212","potions_obtained":[{"floor":8.0,"key":"Energy Potion"},{"floor":11.0,"key":"SmokeBomb"},{"floor":13.0,"key":"SneckoOil"},{"floor":16.0,"key":"DuplicationPotion"},{"floor":22.0,"key":"LiquidMemories"},{"floor":24.0,"key":"Ancient Potion"}],"is_trial":false,"path_per_floor":["M","?","?","M","$","E","R","M","T","R","M","?","M","M","R","B",null,"M","M","?","M","M","R","E","R","T","?","R","?","?","T","R","B",null,"M","?","?","?","$","R","E","R","T","M","R","COS","$","M","R","B","B",null,"R","$","E","B"],"character_chosen":"MARISA","items_purchased":["Master of Strategy","EnergyFlow","GravityBeat","AsteroidBelt"],"campfire_rested":6,"item_purchase_floors":[39,47,47,54],"current_hp_per_floor":[60,46,46,42,42,9,30,30,30,51,51,51,48,41,62,50,65,43,35,35,19,8,29,26,47,47,47,47,53,53,53,53,53,76,76,82,82,82,82,82,54,80,80,71,71,71,71,64,64,58,58,81,81,81,52,0,0],"gold":35,"neow_bonus":"TRANSFORM_TWO_CARDS","is_daily":false,"chose_seed":false,"campfire_upgraded":5,"win_rate":0.0,"timestamp":1610190437,"path_taken":["M","?","?","M","?","E","R","M","T","R","?","?","M","M","R","BOSS","M","M","?","?","M","R","E","R","T","?","R","?","?","?","R","BOSS","M","?","?","?","$","R","E","R","T","M","R","COS","?","M","R","BOSS","BOSS","R","$","E","BOSS"],"items_purchased_type":["Card","Card","Card","Card"],"build_version":"2020-12-22","purchased_purges":1,"victory":false,"max_hp_per_floor":[70,70,70,70,70,70,70,70,70,70,70,70,70,70,70,70,70,70,70,70,70,70,70,70,70,70,70,70,76,76,76,76,76,82,82,88,88,88,88,88,88,88,88,88,88,88,88,88,88,88,88,88,88,88,88,88,88],"card_choices":[{"not_picked":["LuminesStrike","SporeBomb"],"picked":"ShootingEcho","floor":1.0},{"not_picked":["IllusionStar","DeepEcoloBomb"],"picked":"MysteriousBeam","floor":4.0},{"not_picked":["LuminesStrike","SprinkleStarSeal"],"picked":"MilkyWay","floor":6.0},{"not_picked":["ShootingEcho","EventHorizon"],"picked":"BlazeAway","floor":8.0},{"not_picked":["MilkyWay","Occultation"],"picked":"MysteriousBeam","floor":11.0},{"not_picked":["MeteoricShower","MilkyWay"],"picked":"SprinkleStarSeal","floor":12.0},{"not_picked":["AsteroidBelt","MagicChant"],"picked":"Acceleration","floor":12.0},{"not_picked":["MilkyWay","LuminesStrike"],"picked":"IllusionStar","floor":13.0},{"not_picked":["MaximisePower","SporeBomb"],"picked":"WitchLeyline","floor":14.0},{"not_picked":["JA","FinalSpark"],"picked":"EscapeVelocity","floor":16.0},{"not_picked":["EventHorizon","DarkSpark"],"picked":"EnergyRecoil+1","floor":18.0},{"not_picked":["DC","ShootingEcho"],"picked":"AsteroidBelt","floor":19.0},{"not_picked":["LuminesStrike","UnstableBomb"],"picked":"MilkyWay","floor":21.0},{"not_picked":["WitchOfGreed","ManaConvection"],"picked":"MeteoricShower","floor":22.0},{"not_picked":["DeepEcoloBomb","AlicesGift"],"picked":"GalacticHalo","floor":24.0},{"not_picked":[],"picked":"Gensokyo:ShootingStar","floor":33.0},{"not_picked":["MilkyWay+1","DoubleSpark"],"picked":"ChargeUpSpray+1","floor":35.0},{"not_picked":["Gensokyo:MorningStar+1","Gensokyo:DreamlikeParadise+1"],"picked":"Gensokyo:HouraiInAPot+1","floor":37.0},{"not_picked":["DC","Robbery","UnstableBomb"],"picked":"SKIP","floor":41.0},{"not_picked":["MilkyWay","LuminesStrike"],"picked":"GalacticHalo+1","floor":44.0},{"not_picked":["MeteoricShower","LuminesStrike","MachineGunSpark"],"picked":"SKIP","floor":48.0},{"not_picked":["StarlightTyphoon","NonDirectionalLaser","SuperNova"],"picked":"SKIP","floor":55.0}],"player_experience":1025409,"relics_obtained":[{"floor":6.0,"key":"Gensokyo:OccultBall"},{"floor":6.0,"key":"Darkstone Periapt"},{"floor":9.0,"key":"Mummified Hand"},{"floor":16.0,"key":"Gensokyo:OccultBall"},{"floor":21.0,"key":"Gensokyo:ConquerorOfFear"},{"floor":24.0,"key":"Lantern"},{"floor":26.0,"key":"Kunai"},{"floor":33.0,"key":"Gensokyo:OccultBall"},{"floor":34.0,"key":"Oddly Smooth Stone"},{"floor":34.0,"key":"InkBottle"},{"floor":34.0,"key":"Du-Vu Doll"},{"floor":35.0,"key":"Gensokyo:OccultBall"},{"floor":41.0,"key":"Juzu Bracelet"},{"floor":43.0,"key":"Bronze Scales"},{"floor":55.0,"key":"Boot"}],"event_choices":[],"is_beta":false,"boss_relics":[{"not_picked":["Cursed Key","Velvet Choker"],"picked":"Philosopher\u0027s Stone"},{"not_picked":["Runic Dome","Empty Cage"],"picked":"Calling Bell"}],"items_purged_floors":[39],"is_endless":false,"potions_floor_spawned":[8,11,13,16,22,24,33,35],"killed_by":"The Heart","ascension_level":20}}