{"host":"h4lp0eeso8a0ssq0","time":1610188736,"event":{"mods":["2.2 Compatiblity","AchievementEnabler","BaseMod","CapriCore","Colored Map","Minty Spire (QoL Compilation)","StSLib","SuperFastMode"],"gold_per_floor":[111,124,143,143,161,189,208,228,308,326,336,369,369,395,395,495,495,514,214,313,89,99,127,146,161,161,196,196,209,241,241,241,341,341,355,700,353,353,370,401,3,23,23,23,23,73,73,108,108,108],"floor_reached":51,"playtime":2020,"items_purged":["Strike_R","Strike_R"],"score":1034,"play_id":"dd460d3c-4ced-44d1-958d-fc24c5f82a04","local_time":"20210109193856","is_ascension_mode":true,"campfire_choices":[{"floor":13,"key":"REST"},{"data":"Immolate","floor":15,"key":"SMITH"},{"data":"Apotheosis","floor":28,"key":"SMITH"},{"floor":32,"key":"REST"},{"floor":44,"key":"REST"},{"data":"Fire Breathing","floor":47,"key":"SMITH"},{"data":"Demon Form","floor":49,"key":"SMITH"}],"circlet_count":0,"master_deck":["Strike_R","Defend_R","Defend_R","Defend_R","Defend_R","Bash","Immolate+1","True Grit","Burning Pact","Power Through","Battle Trance","Shrug It Off","Disarm","Juggernaut","Carnage","Shrug It Off","Body Slam","Hemokinesis+1","Rupture","Apotheosis+1","Evolve","Pommel Strike+1","Hemokinesis","Dark Embrace+1","Pain","True Grit+1","Sentinel+1","Fiend Fire+1","Sever Soul+1","True Grit+1","Flame Barrier+1","Clothesline+1","Mayhem","Writhe","Fire Breathing+1","Demon Form+1"],"relics":["Burning Blood","Thread and Needle","Blue Candle","StrikeDummy","CaptainsWheel","Cursed Key","Sling","Lantern","Molten Egg 2","Toxic Egg 2","Happy Flower","Snecko Eye","Old Coin","Eternal Feather","Sundial","Dream Catcher","Dead Branch","Mango","MealTicket"],"acts_visited":["Exordium","TheCity","TheBeyond"],"potions_floor_usage":[12,33,40,50,50],"damage_taken":[{"damage":0,"enemies":"2 Louse","floor":1,"turns":1},{"damage":1,"enemies":"Cultist","floor":2,"turns":4},{"damage":2,"enemies":"Jaw Worm","floor":3,"turns":3},{"damage":2,"enemies":"2 Fungi Beasts","floor":5,"turns":3},{"damage":57,"enemies":"Lagavulin","floor":6,"turns":9},{"damage":0,"enemies":"Exordium Wildlife","floor":7,"turns":3},{"damage":14,"enemies":"Large Slime","floor":8,"turns":4},{"damage":0,"enemies":"Looter","floor":10,"turns":3},{"damage":10,"enemies":"3 Louse","floor":11,"turns":2},{"damage":19,"enemies":"Gremlin Nob","floor":12,"turns":5},{"damage":20,"enemies":"Lagavulin","floor":14,"turns":5},{"damage":1,"enemies":"Hexaghost","floor":16,"turns":9},{"damage":6,"enemies":"2 Thieves","floor":18,"turns":2},{"damage":5,"enemies":"Shell Parasite","floor":22,"turns":5},{"damage":14,"enemies":"Book of Stabbing","floor":23,"turns":5},{"damage":6,"enemies":"Cultist and Chosen","floor":24,"turns":5},{"damage":23,"enemies":"Shelled Parasite and Fungi","floor":25,"turns":4},{"damage":7,"enemies":"Gremlin Leader","floor":27,"turns":4},{"damage":20,"enemies":"Centurion and Healer","floor":29,"turns":6},{"damage":37,"enemies":"Slavers","floor":30,"turns":3},{"damage":60,"enemies":"Automaton","floor":33,"turns":9},{"damage":2,"enemies":"Orb Walker","floor":35,"turns":2},{"damage":15,"enemies":"2 Orb Walkers","floor":36,"turns":3},{"damage":22,"enemies":"3 Darklings","floor":39,"turns":4},{"damage":14,"enemies":"Reptomancer","floor":40,"turns":2},{"damage":5,"enemies":"Transient","floor":42,"turns":5},{"damage":3,"enemies":"Mind Bloom Boss Battle","floor":46,"turns":5},{"damage":7,"enemies":"Nemesis","floor":48,"turns":3},{"damage":18,"enemies":"Donu and Deca","floor":50,"turns":5}],"seed_played":"8330730593023131331","potions_obtained":[{"floor":5,"key":"Ancient Potion"},{"floor":6,"key":"FairyPotion"},{"floor":8,"key":"Swift Potion"},{"floor":22,"key":"Strength Potion"},{"floor":23,"key":"BloodPotion"},{"floor":35,"key":"SteroidPotion"},{"floor":36,"key":"ColorlessPotion"},{"floor":46,"key":"BlessingOfTheForge"}],"is_trial":false,"path_per_floor":["M","M","M","?","M","E","M","M","T","M","M","E","R","E","R","B",null,"M","$","?","$","M","E","M","M","T","E","R","M","E","?","R","B",null,"M","?","$","?","M","E","$","M","T","R","$","?","R","E","R","B",null],"character_chosen":"IRONCLAD","items_purchased":["Rupture","Apotheosis","Evolve","Sling","Eternal Feather","Clothesline+1","Dream Catcher","Mayhem"],"campfire_rested":3,"item_purchase_floors":[19,19,21,21,37,41,41,41],"current_hp_per_floor":[80,80,80,80,80,29,35,27,27,33,29,16,40,26,26,31,80,80,80,80,80,80,72,72,55,55,54,54,40,9,9,33,24,80,80,71,71,71,55,47,47,48,48,80,80,94,94,93,94,82],"gold":108,"neow_bonus":"ONE_RANDOM_RARE_CARD","is_daily":false,"chose_seed":false,"campfire_upgraded":4,"win_rate":0.0,"timestamp":1610188736,"path_taken":["M","M","M","?","M","E","M","M","T","M","?","E","R","E","R","BOSS","M","?","?","$","M","E","M","M","T","E","R","M","E","?","R","BOSS","M","?","$","?","M","E","$","M","T","R","$","?","R","E","R","BOSS"],"items_purchased_type":["Card","Card","Card","Relic","Relic","Card","Relic","Card"],"build_version":"2020-12-22","purchased_purges":2,"victory":true,"max_hp_per_floor":[80,80,80,80,80,80,80,80,80,80,80,80,80,80,80,80,80,80,80,80,80,80,80,80,80,80,80,80,80,80,80,80,80,80,80,80,80,80,80,80,80,80,80,80,80,94,94,94,94,94],"card_choices":[{"not_picked":["Cleave","Wild Strike"],"picked":"True Grit","floor":1},{"not_picked":["Twin Strike","True Grit"],"picked":"Burning Pact","floor":2},{"not_picked":["Headbutt","Armaments"],"picked":"Power Through","floor":3},{"not_picked":["Warcry","Ghostly Armor"],"picked":"Shrug It Off","floor":5},{"not_picked":["Havoc","Iron Wave"],"picked":"Disarm","floor":6},{"not_picked":["Clash","Iron Wave"],"picked":"Juggernaut","floor":7},{"not_picked":["Whirlwind","Disarm"],"picked":"Carnage","floor":8},{"not_picked":["Dual Wield","Thunderclap","Armaments"],"picked":"SKIP","floor":10},{"not_picked":["Burning Pact","Dark Embrace"],"picked":"Shrug It Off","floor":11},{"not_picked":["Bloodletting","Entrench"],"picked":"Body Slam","floor":12},{"not_picked":["Dark Embrace","Battle Trance","Iron Wave"],"picked":"SKIP","floor":14},{"not_picked":["Armaments+1","Sword Boomerang"],"picked":"Hemokinesis+1","floor":18},{"not_picked":["Pummel","Heavy Blade+1"],"picked":"Pommel Strike+1","floor":22},{"not_picked":["Power Through","Wild Strike","Body Slam"],"picked":"SKIP","floor":23},{"not_picked":["Dropkick","Iron Wave"],"picked":"Hemokinesis","floor":24},{"not_picked":["True Grit","Rampage"],"picked":"Dark Embrace+1","floor":25},{"not_picked":["Evolve","Thunderclap+1"],"picked":"True Grit+1","floor":27},{"not_picked":["Perfected Strike+1","Thunderclap+1"],"picked":"Shrug It Off+1","floor":29},{"not_picked":["Twin Strike+1","Immolate+1","Sentinel+1"],"picked":"SKIP","floor":30},{"not_picked":["Twin Strike+1","Immolate+1"],"picked":"Sentinel+1","floor":30},{"not_picked":["Demon Form","Double Tap+1"],"picked":"Fiend Fire+1","floor":33},{"not_picked":["Pummel+1","Entrench+1"],"picked":"Sever Soul+1","floor":35},{"not_picked":["Havoc+1","Shrug It Off+1"],"picked":"True Grit+1","floor":36},{"not_picked":["Armaments+1","Dual Wield+1","Wild Strike+1"],"picked":"SKIP","floor":39},{"not_picked":["Twin Strike+1","Body Slam+1"],"picked":"Flame Barrier+1","floor":40},{"not_picked":["Sword Boomerang+1","Bloodletting+1","Flex+1"],"picked":"SKIP","floor":42},{"not_picked":["Whirlwind+1","Clash+1"],"picked":"Fire Breathing","floor":44},{"not_picked":["Reckless Charge+1","Infernal Blade+1"],"picked":"Demon Form","floor":48}],"player_experience":112686,"relics_obtained":[{"floor":6,"key":"Thread and Needle"},{"floor":9,"key":"Blue Candle"},{"floor":12,"key":"StrikeDummy"},{"floor":14,"key":"CaptainsWheel"},{"floor":23,"key":"Lantern"},{"floor":26,"key":"Molten Egg 2"},{"floor":27,"key":"Toxic Egg 2"},{"floor":30,"key":"Happy Flower"},{"floor":36,"key":"Old Coin"},{"floor":40,"key":"Sundial"},{"floor":43,"key":"Dead Branch"},{"floor":46,"key":"Mango"},{"floor":48,"key":"MealTicket"}],"event_choices":[{"damage_healed":0,"gold_gain":0,"cards_transformed":["Strike_R"],"player_choice":"Transformed","damage_taken":0,"max_hp_gain":0,"max_hp_loss":0,"event_name":"Transmorgrifier","floor":4,"gold_loss":0,"cards_obtained":["Battle Trance"]},{"damage_healed":0,"gold_gain":99,"player_choice":"Stole From Cult","damage_taken":0,"max_hp_gain":0,"max_hp_loss":0,"event_name":"Nest","floor":20,"gold_loss":0},{"cards_removed":["Strike_R"],"damage_healed":0,"gold_gain":0,"player_choice":"Elegance","damage_taken":0,"max_hp_gain":0,"max_hp_loss":0,"event_name":"Back to Basics","floor":31,"gold_loss":0},{"damage_healed":0,"gold_gain":0,"player_choice":"Fight","damage_taken":0,"max_hp_gain":0,"max_hp_loss":0,"event_name":"Mysterious Sphere","floor":36,"gold_loss":0},{"cards_removed":["Shrug It Off"],"damage_healed":0,"gold_gain":0,"player_choice":"Removed Skill","damage_taken":0,"max_hp_gain":0,"max_hp_loss":0,"event_name":"Falling","floor":38,"gold_loss":0},{"damage_healed":0,"gold_gain":0,"player_choice":"Fight","damage_taken":0,"max_hp_gain":0,"max_hp_loss":0,"event_name":"MindBloom","floor":46,"gold_loss":0}],"is_beta":false,"boss_relics":[{"not_picked":["Astrolabe","Philosopher\u0027s Stone"],"picked":"Cursed Key"},{"not_picked":["Pandora\u0027s Box","Black Star"],"picked":"Snecko Eye"}],"items_purged_floors":[19,37],"is_endless":false,"potions_floor_spawned":[5,6,8,10,11,22,23,24,35,36,46],"ascension_level":3}}