{"host":"htqwg582tjjtn9p7","time":1610223191,"event":{"mods":["2.2 Compatiblity","AchievementEnabler","Act Like it!","Aspiration","BaseMod","Better Third Choice","Colored Map","Conspire","Curses Come First","Displayed Cursed Tome","Energized Spire","Force Act Four","GifTheSpireLib","Hermit","Highlight Path","JesterMod","Mad Scientist","Minty Spire (QoL Compilation)","Pale of the Ancients","Permanent Neow","Random Character Button","Relic Stats","Replay The Spire","Robot Space Explorer","Somnambulant","Spicy Shops","Spikes Relics","StSLib","Stuff the Spire","The Blue Laboratory","The Bug Knight","The Forsaken","The Gatherer","The Judge","The Jungle","The Marked","The Runesmith","The Servant 0.9.4","Uncapped"],"gold_per_floor":[115,135,146,146,146,177,177,196,196,211,245,245,268,299,299,388,338,352,352,365,365,183,215,215,140,140,171,190,115,115,115],"floor_reached":30,"playtime":1124,"items_purged":["Strike_R+1"],"score":537,"play_id":"537a18e3-1f96-4330-b983-ef2683e928c8","local_time":"20210109211311","is_ascension_mode":true,"campfire_choices":[{"data":"Whirlwind","floor":7,"key":"SMITH"},{"data":"Juggernaut","floor":15,"key":"SMITH"},{"floor":24,"key":"REST"}],"circlet_count":0,"master_deck":["AscendersBane","conspire:GhostlyStrike+1","conspire:GhostlyStrike+1","conspire:GhostlyStrike+1","conspire:GhostlyStrike+1","conspire:GhostlyStrike+1","conspire:GhostlyDefend+1","conspire:GhostlyDefend+1","conspire:GhostlyDefend+1","conspire:GhostlyDefend+1","Bash+1","Burning Pact","Iron Wave","Whirlwind+1","Pommel Strike","Shrug It Off","Metallicize","Uppercut","Juggernaut+1","Bludgeon","Pommel Strike","Sentinel","Defy Death","StuffTheSpire:Ambrosia","Feel No Pain","Body Slam"],"relics":["Burning Blood","Bloody Idol","theForsaken:Lifeblossom","Calipers","Replay:Baseball","Odd Mushroom","energizedSpire:HugeHouse","aspiration:StickyExplosives_weak","StuffTheSpire:Tea","Onion Ring"],"acts_visited":["Exordium","TheCity"],"potions_floor_usage":[6,8,14,23],"damage_taken":[{"damage":1,"enemies":"Cultist","floor":1,"turns":3},{"damage":12,"enemies":"Small Slimes","floor":2,"turns":4},{"damage":0,"enemies":"2 Louse","floor":3,"turns":4},{"damage":33,"enemies":"Lagavulin","floor":6,"turns":8},{"damage":7,"enemies":"2 Fungi Beasts","floor":8,"turns":2},{"damage":11,"enemies":"Blue Slaver","floor":10,"turns":5},{"damage":27,"enemies":"Gremlin Nob","floor":11,"turns":4},{"damage":7,"enemies":"Large Slime","floor":13,"turns":5},{"damage":32,"enemies":"The Mushroom Lair","floor":14,"turns":5},{"damage":8,"enemies":"Hexaghost","floor":16,"turns":9},{"damage":0,"enemies":"3 Byrds","floor":18,"turns":4},{"damage":16,"enemies":"Spheric Guardian","floor":20,"turns":4},{"damage":54,"enemies":"Gremlin Leader","floor":23,"turns":7},{"damage":34,"enemies":"Slavers","floor":27,"turns":5},{"damage":12,"enemies":"Snecko","floor":28,"turns":4},{"damage":44,"enemies":"Gremlin Leader","floor":30,"turns":7}],"seed_played":"3084480143220370192","potions_obtained":[{"floor":3,"key":"BlessingOfTheForge"},{"floor":6,"key":"blueLaboratory:FruitPunch"},{"floor":13,"key":"Regen Potion"},{"floor":14,"key":"BloodPotion"},{"floor":20,"key":"blueLaboratory:Moonshine"}],"is_trial":false,"path_per_floor":["M","M","M","?","?","E","R","M","T","M","E","?","M","?","R_BF","B",null,"M","?","M","?","?","E","R","?","T","E","M","$","E"],"character_chosen":"IRONCLAD","items_purchased":[],"campfire_rested":1,"item_purchase_floors":[],"current_hp_per_floor":[73,67,73,73,73,46,46,50,50,51,36,36,41,41,41,45,65,72,72,62,62,62,26,47,47,47,31,37,37,0,0],"gold":115,"neow_bonus":"RANDOM_EVENT","is_daily":false,"chose_seed":false,"campfire_upgraded":2,"win_rate":0.0,"timestamp":1610223191,"path_taken":["M","M","M","?","?","E","R","M","T","M","E","?","?","?","R_BF","BOSS","M","?","M","?","?","E","R","?","T","E","?","$","E"],"items_purchased_type":[],"build_version":"2020-12-22","purchased_purges":1,"victory":false,"max_hp_per_floor":[75,75,75,75,75,75,75,77,77,77,77,77,77,77,77,77,72,72,72,72,72,72,73,73,73,73,74,75,75,76,76],"relic_stats":{"counters":[16,80],"Bloody Idol":15,"obtain_stats":[{"Replay:Baseball":11,"Calipers":9,"Golden Idol":4,"Bloody Idol":21,"theForsaken:Lifeblossom":6,"Onion Ring":27,"energizedSpire:HugeHouse":17,"Odd Mushroom":14,"Burning Blood":0,"aspiration:StickyExplosives_weak":23,"StuffTheSpire:Tea":26},{"Replay:Baseball":7,"Calipers":5,"Golden Idol":3,"Bloody Idol":12,"theForsaken:Lifeblossom":4,"Onion Ring":14,"energizedSpire:HugeHouse":10,"Odd Mushroom":9,"Burning Blood":0,"aspiration:StickyExplosives_weak":13,"StuffTheSpire:Tea":13},{"Replay:Baseball":30,"Calipers":21,"Golden Idol":11,"Bloody Idol":57,"theForsaken:Lifeblossom":19,"Onion Ring":69,"energizedSpire:HugeHouse":49,"Odd Mushroom":40,"Burning Blood":0,"aspiration:StickyExplosives_weak":64,"StuffTheSpire:Tea":64}],"Burning Blood":85},"card_choices":[{"not_picked":["StuffTheSpire:Incineration","Seeing Red"],"picked":"Burning Pact","floor":1},{"not_picked":["ReplayTheSpireMod:Muscle Training","True Grit"],"picked":"Iron Wave","floor":2},{"not_picked":["Uppercut","Headbutt"],"picked":"Whirlwind","floor":3},{"not_picked":["ReplayTheSpireMod:LeadingStrike","Replay:Many Hands","Dual Wield"],"picked":"SKIP","floor":6},{"not_picked":["Clothesline","Blood for Blood"],"picked":"Pommel Strike","floor":8},{"not_picked":["StuffTheSpire:Slingshot","Replay:Undeath\u0027s Touch"],"picked":"Shrug It Off","floor":10},{"not_picked":["Combust","StuffTheSpire:BloodClot"],"picked":"Metallicize","floor":11},{"not_picked":["StuffTheSpire:RockThrow","Clothesline"],"picked":"Bludgeon","floor":13},{"not_picked":["Feed","Demonic Infusion"],"picked":"Barricade","floor":16},{"not_picked":["StuffTheSpire:RockThrow","Warcry+1"],"picked":"Sentinel","floor":18},{"not_picked":["Combust","ReplayTheSpireMod:Limb From Limb"],"picked":"Defy Death","floor":20},{"not_picked":["Clothesline","Flex","StuffTheSpire:Pyroclast"],"picked":"SKIP","floor":23},{"not_picked":["Armaments","Defy Death"],"picked":"Feel No Pain","floor":27},{"not_picked":["Abandon","Heavy Blade"],"picked":"Body Slam","floor":28}],"player_experience":1915515,"relics_obtained":[{"floor":6,"key":"theForsaken:Lifeblossom"},{"floor":9,"key":"Calipers"},{"floor":11,"key":"Replay:Baseball"},{"floor":14,"key":"Odd Mushroom"},{"floor":23,"key":"aspiration:StickyExplosives_weak"},{"floor":26,"key":"StuffTheSpire:Tea"},{"floor":27,"key":"Onion Ring"}],"event_choices":[{"damage_healed":0,"gold_gain":0,"player_choice":"Grow","damage_taken":0,"max_hp_gain":0,"max_hp_loss":0,"event_name":"Living Wall","floor":0,"gold_loss":0,"cards_upgraded":["Bash"]},{"damage_healed":0,"gold_gain":0,"player_choice":"Take Wound","damage_taken":0,"relics_obtained":["Golden Idol"],"max_hp_gain":0,"max_hp_loss":0,"event_name":"Golden Idol","floor":4,"gold_loss":0,"cards_obtained":["Injury"]},{"damage_healed":0,"gold_gain":0,"player_choice":"Agree","damage_taken":0,"max_hp_gain":0,"max_hp_loss":0,"event_name":"conspire:LoneGhost","floor":5,"gold_loss":0},{"damage_healed":0,"gold_gain":0,"player_choice":"2 cards matched","damage_taken":0,"max_hp_gain":0,"max_hp_loss":0,"event_name":"Match and Keep!","floor":12,"gold_loss":0,"cards_obtained":["Uppercut","Juggernaut"]},{"damage_healed":0,"gold_gain":0,"player_choice":"Fought Mushrooms","damage_taken":0,"max_hp_gain":0,"max_hp_loss":0,"event_name":"Mushrooms","floor":14,"gold_loss":0},{"damage_healed":0,"gold_gain":0,"player_choice":"Simplicity","damage_taken":0,"max_hp_gain":0,"max_hp_loss":10,"event_name":"betterThird:BetterWriting","floor":19,"gold_loss":0},{"damage_healed":0,"gold_gain":0,"player_choice":"Gave Idol","damage_taken":0,"relics_obtained":["Bloody Idol"],"max_hp_gain":0,"max_hp_loss":0,"event_name":"Forgotten Altar","floor":21,"relics_lost":["Golden Idol"],"gold_loss":0},{"cards_removed":["Injury"],"damage_healed":0,"gold_gain":0,"player_choice":"Gave Gold","damage_taken":0,"max_hp_gain":0,"max_hp_loss":0,"event_name":"Beggar","floor":25,"gold_loss":75}],"is_beta":false,"boss_relics":[{"not_picked":["Ring of Chaos","aspiration:RunesmithSkillbook"],"picked":"energizedSpire:HugeHouse"}],"items_purged_floors":[29],"is_endless":false,"potions_floor_spawned":[3,6,13,14,20],"killed_by":"Gremlin Leader","ascension_level":15}}