{"host":"r53pw7z744tg3fxg","time":1610227159,"event":{"mods":["AchievementEnabler","BaseMod","Colored Map","Colored Powertips","Highlight Path","Minty Spire (QoL Compilation)","Quick Restart","Transform Curses"],"gold_per_floor":[17,17,17,29,39,39,64,64,64,80,92,92,103,133,133,228,228,246,266,20,36,36,65,65,65,65],"floor_reached":25,"playtime":996,"items_purged":[],"score":400,"play_id":"4dd4852b-cf17-4e54-af4b-e29abeb9e804","local_time":"20210109141919","is_ascension_mode":true,"campfire_choices":[{"data":"Wish","floor":6.0,"key":"SMITH"},{"data":"Crescendo","floor":8.0,"key":"SMITH"},{"floor":12.0,"key":"REST"},{"floor":15,"key":"REST"},{"floor":24,"key":"REST"}],"circlet_count":0,"master_deck":["AscendersBane","Strike_P+1","Strike_P+1","Strike_P+1","Strike_P+1","Defend_P+1","Defend_P+1","Defend_P+1","Defend_P+1","Eruption+1","Vigilance","ReachHeaven","FollowUp","Wish+1","SashWhip","Crescendo+1","FearNoEvil","ThirdEye","Consecrate","EmptyFist","Establishment","CurseOfTheBell","EmptyBody+1","WheelKick+1","JustLucky+1"],"relics":["PureWater","Lizard Tail","Torii","The Courier","Strawberry","Calling Bell","Orichalcum","HornCleat","Bird Faced Urn","StoneCalendar","Question Card"],"acts_visited":["Exordium","TheCity"],"potions_floor_usage":[13,23,23],"damage_taken":[{"damage":7.0,"enemies":"Jaw Worm","floor":1.0,"turns":4.0},{"damage":0.0,"enemies":"2 Louse","floor":4.0,"turns":2.0},{"damage":1.0,"enemies":"Cultist","floor":5.0,"turns":3.0},{"damage":0.0,"enemies":"Lagavulin","floor":7.0,"turns":4.0},{"damage":19.0,"enemies":"Lots of Slimes","floor":10.0,"turns":6.0},{"damage":9.0,"enemies":"Red Slaver","floor":11.0,"turns":2.0},{"damage":13,"enemies":"Exordium Thugs","floor":13,"turns":4},{"damage":21,"enemies":"3 Sentries","floor":14,"turns":5},{"damage":22,"enemies":"Hexaghost","floor":16,"turns":8},{"damage":27,"enemies":"Shell Parasite","floor":18,"turns":7},{"damage":0,"enemies":"Spheric Guardian","floor":19,"turns":3},{"damage":29,"enemies":"Centurion and Healer","floor":21,"turns":7},{"damage":35,"enemies":"Slavers","floor":23,"turns":5},{"damage":69,"enemies":"Book of Stabbing","floor":25,"turns":6}],"seed_played":"7175797975630126056","potions_obtained":[{"floor":1.0,"key":"FearPotion"},{"floor":5.0,"key":"Fruit Juice"},{"floor":16,"key":"FearPotion"},{"floor":18,"key":"Energy Potion"},{"floor":19,"key":"Dexterity Potion"}],"is_trial":false,"path_per_floor":["M","?","?","M","M","R","E","R","T","M","M","R","M","E","R","B",null,"M","M","$","M","?","E","R","E"],"character_chosen":"WATCHER","items_purchased":["StoneCalendar"],"campfire_rested":3,"item_purchase_floors":[20],"current_hp_per_floor":[58,58,58,58,62,62,62,62,62,43,34,57,44,30,55,33,71,46,46,46,19,19,34,59,0,0],"gold":65,"neow_bonus":"ONE_RARE_RELIC","is_daily":false,"chose_seed":false,"campfire_upgraded":2,"win_rate":0.0,"timestamp":1610227159,"path_taken":["M","?","?","M","M","R","E","R","T","M","?","R","M","E","R","BOSS","M","?","?","?","?","E","R","E"],"items_purchased_type":["Relic"],"build_version":"2020-12-22","purchased_purges":0,"victory":false,"max_hp_per_floor":[72,72,72,72,77,77,77,77,77,77,77,77,77,84,84,84,84,84,84,84,84,84,84,84,84,84],"card_choices":[{"not_picked":["DeceiveReality","Wallop"],"picked":"ReachHeaven","floor":1.0},{"not_picked":["Vengeance","WindmillStrike"],"picked":"SashWhip","floor":4.0},{"not_picked":["JustLucky","Worship"],"picked":"Crescendo","floor":5.0},{"not_picked":["Nirvana","EmptyMind","FlyingSleeves"],"picked":"SKIP","floor":7.0},{"not_picked":["Collect","Prostrate"],"picked":"FearNoEvil","floor":10.0},{"not_picked":["CutThroughFate","SashWhip"],"picked":"ThirdEye","floor":11.0},{"not_picked":["Collect","ThirdEye"],"picked":"Consecrate","floor":13},{"not_picked":["Indignation","ReachHeaven"],"picked":"EmptyFist","floor":14},{"not_picked":["Vault","Blasphemy"],"picked":"Establishment","floor":16},{"not_picked":["Indignation+1","Worship"],"picked":"EmptyBody+1","floor":18},{"not_picked":["DeceiveReality","JustLucky+1"],"picked":"WheelKick+1","floor":19},{"not_picked":["Collect","Crescendo","Protect"],"picked":"SKIP","floor":21},{"not_picked":["Vault","Nirvana+1"],"picked":"JustLucky+1","floor":23}],"player_experience":1218291,"relics_obtained":[{"floor":7.0,"key":"Torii"},{"floor":9.0,"key":"The Courier"},{"floor":14,"key":"Strawberry"},{"floor":17,"key":"Orichalcum"},{"floor":17,"key":"HornCleat"},{"floor":17,"key":"Bird Faced Urn"},{"floor":23,"key":"Question Card"}],"event_choices":[{"damage_healed":0.0,"max_hp_gain":0.0,"max_hp_loss":0.0,"gold_gain":0.0,"event_name":"Living Wall","player_choice":"Grow","floor":2.0,"gold_loss":0.0,"damage_taken":0.0,"cards_upgraded":["Eruption"]},{"damage_healed":0.0,"max_hp_gain":0.0,"max_hp_loss":0.0,"gold_gain":0.0,"event_name":"Match and Keep!","player_choice":"2 cards matched","floor":3.0,"gold_loss":0.0,"damage_taken":0.0,"cards_obtained":["FollowUp","Wish"]},{"damage_healed":0,"gold_gain":0,"player_choice":"Simplicity","damage_taken":0,"max_hp_gain":0,"max_hp_loss":0,"event_name":"Back to Basics","floor":22,"gold_loss":0,"cards_upgraded":["Strike_P","Strike_P","Strike_P","Strike_P","Defend_P","Defend_P","Defend_P","Defend_P"]}],"is_beta":false,"boss_relics":[{"not_picked":["Coffee Dripper","Philosopher\u0027s Stone"],"picked":"Calling Bell"}],"items_purged_floors":[],"is_endless":false,"potions_floor_spawned":[1,5,16,18,19],"killed_by":"Book of Stabbing","ascension_level":11}}