{"host":"eeuhgv8goqdjv4ip","time":1610164481,"event":{"mods":["2.2 Compatiblity","AchievementEnabler","BaseMod","Challenge The Spire","Colored Map","Colored Powertips","Conspire","Dark Map","Hubris","Infinite Spire","Marisa????????","Minty Spire (QoL Compilation)","Remilia??????","Replay The Spire","SIMod","StSLib","The Animator","The Saiyan","The Servant 0.9.4","The Wild Card"],"gold_per_floor":[111,111,111,128,203,203,231,231,283,312,325,335,352,427,427,532,532,551,561,25,37,57,57,57,57,57,57,57,57,57,57],"floor_reached":30,"playtime":2312,"items_purged":["Strike_G","Decay"],"score":327,"play_id":"71fefcba-2b2d-4693-a854-26c573baf856","local_time":"20210108235441","is_ascension_mode":true,"campfire_choices":[{"data":"Accuracy","floor":6,"key":"SMITH"},{"data":"Quick Slash","floor":8,"key":"SMITH"},{"data":"Envenom","floor":23,"key":"SMITH"},{"data":"Infinite Blades","floor":25,"key":"SMITH"}],"circlet_count":0,"master_deck":["Strike_G","Strike_G","Strike_G","Defend_G","Defend_G","Defend_G","Defend_G","Defend_G","Survivor","Neutralize","Quick Slash+1","Accuracy+1","Poisoned Stab","Poisoned Stab+1","After Image","Bane","Storm of Steel","Infinite Blades+1","Acrobatics+1","After Image+1","Prepared","Deflect+1","Envenom+1","Die Die Die","Prepared+1","Hidden Blade+1","Quick Slash","Blade Dance","Spreading Infection","Gluttony_TH"],"relics":["Ring of the Snake","NeowsBlessing","hubris:Towel","conspire:DeflatedDodgeball","infinitespire:Lucky Rock","Pen Nib","Cursed Key","Gremlin Food","Orrery","hubris:BottledRain","hubris:ScarierMask","PreservedInsect"],"acts_visited":["Exordium","TheCity"],"potions_floor_usage":[16,16,22],"damage_taken":[{"damage":0,"enemies":"2 Louse","floor":1,"turns":1},{"damage":0,"enemies":"Cultist","floor":4,"turns":1},{"damage":0,"enemies":"Replay:BlueRogue","floor":7,"turns":1},{"damage":39,"enemies":"Lagavulin","floor":10,"turns":7},{"damage":0,"enemies":"Jaw Worm","floor":11,"turns":4},{"damage":1,"enemies":"3 Louse","floor":12,"turns":2},{"damage":8,"enemies":"Large Slime","floor":13,"turns":6},{"damage":10,"enemies":"Hexaghost","floor":16,"turns":8},{"damage":17,"enemies":"Spheric Guardian","floor":18,"turns":4},{"damage":11,"enemies":"2 Thieves","floor":19,"turns":3},{"damage":0,"enemies":"Centurion and Healer","floor":21,"turns":4},{"damage":4,"enemies":"Snake Plant","floor":22,"turns":4},{"damage":0,"enemies":"Snecko","floor":30,"turns":2}],"seed_played":"-1611786045822744516","potions_obtained":[{"floor":7,"key":"Poison Potion"},{"floor":12,"key":"Poison Potion"},{"floor":19,"key":"Doom Potion"},{"floor":21,"key":"Adrenaline Potion"}],"is_trial":false,"path_per_floor":["M","?","?","M","?","R","E","R","T","E","M","M","M","?","R_BF","B",null,"M","M","$","M","M","R","?","R","T","$","AVR","?","M"],"character_chosen":"THE_SILENT","items_purchased":["After Image+1","Prepared","Gremlin Food","Orrery"],"campfire_rested":0,"item_purchase_floors":[20,20,20,20],"current_hp_per_floor":[70,70,70,70,63,63,63,63,63,24,24,23,15,4,25,15,70,53,42,42,42,38,38,38,38,38,38,38,53,53,53],"gold":57,"neow_bonus":"THREE_ENEMY_KILL","is_daily":false,"chose_seed":false,"campfire_upgraded":4,"win_rate":0.0,"timestamp":1610164481,"path_taken":["M","?","?","?","?","R","E","R","T","E","?","M","M","?","R_BF","BOSS","M","M","$","M","M","R","?","R","T","?","AVR","?","M"],"items_purchased_type":["Card","Card","Relic","Relic"],"build_version":"2020-12-22","purchased_purges":2,"victory":false,"max_hp_per_floor":[70,70,70,70,70,70,70,70,70,70,70,70,70,70,70,70,70,70,70,70,70,70,70,70,70,70,70,70,85,85,85],"card_choices":[{"not_picked":["Sucker Punch","ReplayTheSpireMod:The Works"],"picked":"Quick Slash","floor":1},{"not_picked":["Toxin Wave","Distraction"],"picked":"Accuracy","floor":4},{"not_picked":["Underhanded Strike","Reflex","A Thousand Cuts"],"picked":"SKIP","floor":7},{"not_picked":["Malaise","Deflect"],"picked":"Poisoned Stab","floor":10},{"not_picked":["Sucker Punch","Dodge and Roll"],"picked":"Poisoned Stab","floor":11},{"not_picked":["Eviscerate","Sucker Punch"],"picked":"After Image","floor":12},{"not_picked":["hubris:Sniper","ReplayTheSpireMod:Shiv Toss"],"picked":"Bane","floor":13},{"not_picked":["Die Die Die","Envenom"],"picked":"Storm of Steel","floor":16},{"not_picked":["PiercingWail","Poison Darts"],"picked":"Infinite Blades","floor":18},{"not_picked":["PiercingWail","Dagger Throw"],"picked":"Acrobatics+1","floor":19},{"not_picked":["Prepared","conspire:PoisonWeapons+1"],"picked":"Deflect+1","floor":20},{"not_picked":["Noxious Fumes","Prepared+1"],"picked":"Envenom","floor":20},{"not_picked":["Sucker Punch","Underhanded Strike"],"picked":"Die Die Die","floor":20},{"not_picked":["Dagger Spray","PiercingWail"],"picked":"Prepared+1","floor":20},{"not_picked":["Dagger Spray","Sucker Punch+1"],"picked":"Hidden Blade+1","floor":20},{"not_picked":["Slice+1","Deflect"],"picked":"Quick Slash","floor":21},{"not_picked":["Deflect","Flying Knee"],"picked":"Blade Dance","floor":22}],"player_experience":430392,"relics_obtained":[{"floor":7,"key":"conspire:DeflatedDodgeball"},{"floor":9,"key":"infinitespire:Lucky Rock"},{"floor":10,"key":"Pen Nib"},{"floor":26,"key":"hubris:BottledRain"}],"event_choices":[{"cards_removed":["Strike_G"],"damage_healed":0,"gold_gain":0,"player_choice":"Offered Basic","damage_taken":0,"max_hp_gain":0,"max_hp_loss":0,"event_name":"Bonfire Elementals","floor":3,"gold_loss":0},{"damage_healed":0,"gold_gain":75,"player_choice":"Touch","damage_taken":7,"max_hp_gain":0,"max_hp_loss":0,"event_name":"FaceTrader","floor":5,"gold_loss":0},{"damage_healed":0,"gold_gain":75,"player_choice":"Gather Gold","damage_taken":11,"max_hp_gain":0,"max_hp_loss":0,"event_name":"World of Goop","floor":14,"gold_loss":0},{"damage_healed":0,"gold_gain":0,"player_choice":"Cursed","damage_taken":0,"max_hp_gain":0,"max_hp_loss":0,"event_name":"Wheel of Change","floor":24,"gold_loss":0,"cards_obtained":["Decay"]}],"is_beta":false,"boss_relics":[{"not_picked":["Busted Crown","Velvet Choker"],"picked":"Cursed Key"}],"items_purged_floors":[20,28],"is_endless":false,"potions_floor_spawned":[7,12,19,21],"killed_by":"Snecko","ascension_level":3}}