{"host":"2e3z4r48quhw80cc","time":1610151140,"event":{"mods":["BaseMod","Minty Spire (QoL Compilation)","Quick Restart","StSLib","SuperFastMode"],"gold_per_floor":[112,131,150,167,182,209,209,240,240,240,251,268,268,294,294,389,389,406,421,440,456,456,484,500,500,500,7,37,37,52,72,72,176,176,189,189,189,89,89,89,117,131,131,146,8,27,27,43,43,43],"floor_reached":51,"playtime":6915,"items_purged":["Strike_G","Defend_G","Strike_G"],"score":908,"play_id":"a93611a7-be05-4a00-9d5f-660523db0a28","local_time":"20210109091220","is_ascension_mode":true,"campfire_choices":[{"data":"Phantasmal Killer","floor":7.0,"key":"SMITH"},{"data":"Deadly Poison","floor":13.0,"key":"SMITH"},{"data":"Footwork","floor":15.0,"key":"SMITH"},{"floor":25.0,"key":"REST"},{"floor":29.0,"key":"REST"},{"data":"Catalyst","floor":32.0,"key":"SMITH"},{"data":"Venomology","floor":40.0,"key":"SMITH"},{"data":"Neutralize","floor":49,"key":"SMITH"}],"circlet_count":0,"master_deck":["Strike_G","Strike_G","Strike_G","Defend_G","Defend_G","Defend_G","Defend_G","Survivor","Neutralize+1","Phantasmal Killer+1","Blur","Backflip","Accuracy","Footwork+1","Blur","Deadly Poison+1","Quick Slash","Backstab","Corpse Explosion","Blur+1","Catalyst+1","Noxious Fumes+1","Blade Dance","Well Laid Plans+1","Bane+1","Venomology+1","CurseOfTheBell","Flash of Steel","Thinking Ahead+1","Master of Strategy+1","Terror+1","PiercingWail+1","Blade Dance+1","Catalyst+1","Crippling Poison+1"],"relics":["Ring of the Snake","Oddly Smooth Stone","Torii","Sundial","Frozen Egg 2","SlaversCollar","Bottled Flame","Gremlin Horn","TwistedFunnel","Kunai","Lizard Tail","Calling Bell","Boot","Toxic Egg 2","Ice Cream","The Courier","Lantern"],"acts_visited":["Exordium","TheCity","TheBeyond"],"potions_floor_usage":[48,50,50],"damage_taken":[{"damage":0.0,"enemies":"Small Slimes","floor":1.0,"turns":2.0},{"damage":0.0,"enemies":"Cultist","floor":2.0,"turns":4.0},{"damage":2.0,"enemies":"2 Louse","floor":3.0,"turns":2.0},{"damage":12.0,"enemies":"Blue Slaver","floor":4.0,"turns":6.0},{"damage":10.0,"enemies":"3 Louse","floor":5.0,"turns":2.0},{"damage":4.0,"enemies":"Lagavulin","floor":6.0,"turns":6.0},{"damage":37.0,"enemies":"3 Sentries","floor":8.0,"turns":16.0},{"damage":1.0,"enemies":"Lots of Slimes","floor":11.0,"turns":3.0},{"damage":1.0,"enemies":"Looter","floor":12.0,"turns":3.0},{"damage":14.0,"enemies":"Lagavulin","floor":14.0,"turns":9.0},{"damage":15.0,"enemies":"Hexaghost","floor":16.0,"turns":14.0},{"damage":6.0,"enemies":"3 Byrds","floor":18.0,"turns":3.0},{"damage":0.0,"enemies":"Shell Parasite","floor":19.0,"turns":9.0},{"damage":14.0,"enemies":"Cultist and Chosen","floor":20.0,"turns":7.0},{"damage":16.0,"enemies":"Shelled Parasite and Fungi","floor":21.0,"turns":7.0},{"damage":17.0,"enemies":"Book of Stabbing","floor":23.0,"turns":7.0},{"damage":20.0,"enemies":"Snecko","floor":24.0,"turns":7.0},{"damage":0.0,"enemies":"Gremlin Leader","floor":28.0,"turns":6.0},{"damage":15.0,"enemies":"Snake Plant","floor":30.0,"turns":5.0},{"damage":1.0,"enemies":"Centurion and Healer","floor":31.0,"turns":5.0},{"damage":1.0,"enemies":"Champ","floor":33.0,"turns":12.0},{"damage":0.0,"enemies":"3 Darklings","floor":35.0,"turns":4.0},{"damage":0.0,"enemies":"Reptomancer","floor":41.0,"turns":7.0},{"damage":4.0,"enemies":"Orb Walker","floor":42.0,"turns":3.0},{"damage":33.0,"enemies":"Spire Growth","floor":44.0,"turns":5.0},{"damage":1,"enemies":"Maw","floor":46,"turns":8},{"damage":2,"enemies":"4 Shapes","floor":48,"turns":6},{"damage":15,"enemies":"Awakened One","floor":50,"turns":11}],"seed_played":"-5490948560687142542","potions_obtained":[{"floor":1.0,"key":"EssenceOfSteel"},{"floor":3.0,"key":"SteroidPotion"},{"floor":6.0,"key":"Energy Potion"},{"floor":12.0,"key":"LiquidMemories"},{"floor":14.0,"key":"GamblersBrew"},{"floor":18.0,"key":"ColorlessPotion"},{"floor":21.0,"key":"DuplicationPotion"},{"floor":30.0,"key":"SpeedPotion"},{"floor":31.0,"key":"Poison Potion"},{"floor":33.0,"key":"Energy Potion"},{"floor":41.0,"key":"AttackPotion"},{"floor":42.0,"key":"Ancient Potion"}],"is_trial":false,"path_per_floor":["M","M","M","M","M","E","R","E","T","?","M","M","R","E","R","B",null,"M","M","M","M","?","E","M","R","T","$","E","R","M","M","R","B",null,"M","?","?","$","?","R","E","M","T","M","$","M","$","M","R","B",null],"character_chosen":"THE_SILENT","items_purchased":["TwistedFunnel","Kunai","Blade Dance","Blade Dance+1"],"campfire_rested":2,"item_purchase_floors":[27,27,27,45],"current_hp_per_floor":[70,70,68,56,46,42,42,5,5,80,79,78,78,64,64,49,80,74,74,60,44,44,27,7,31,31,31,31,55,40,39,39,38,80,80,80,70,70,70,70,70,66,66,33,33,32,32,30,30,15],"gold":43,"neow_bonus":"ONE_RANDOM_RARE_CARD","is_daily":false,"chose_seed":false,"campfire_upgraded":6,"win_rate":0.0,"timestamp":1610151140,"path_taken":["M","M","M","M","M","E","R","E","T","?","?","M","R","E","R","BOSS","M","M","M","M","?","E","M","R","T","$","E","R","M","M","R","BOSS","M","?","?","$","?","R","E","M","T","M","$","M","?","M","R","BOSS"],"items_purchased_type":["Relic","Relic","Card","Card"],"build_version":"2020-12-22","purchased_purges":3,"victory":true,"max_hp_per_floor":[70,70,70,70,70,70,70,70,70,80,80,80,80,80,80,80,80,80,80,80,80,80,80,80,80,80,80,80,80,80,80,80,80,80,80,80,80,80,80,80,80,80,80,80,80,80,80,80,80,80],"card_choices":[{"not_picked":["Reflex","PiercingWail"],"picked":"Blur","floor":1.0},{"not_picked":["Dodge and Roll","Dagger Throw"],"picked":"All Out Attack","floor":2.0},{"not_picked":["Bane","Acrobatics"],"picked":"Backflip","floor":3.0},{"not_picked":["Poisoned Stab","Finisher"],"picked":"Accuracy","floor":4.0},{"not_picked":["Masterful Stab","Deadly Poison"],"picked":"Footwork","floor":5.0},{"not_picked":["Dagger Throw","Outmaneuver"],"picked":"Wraith Form v2","floor":6.0},{"not_picked":["Outmaneuver","Flying Knee"],"picked":"Blur","floor":8.0},{"not_picked":["Deflect","Heel Hook"],"picked":"Deadly Poison","floor":11.0},{"not_picked":["Prepared","Dagger Throw"],"picked":"Quick Slash","floor":12.0},{"not_picked":["Sucker Punch","Acrobatics"],"picked":"Backstab","floor":14.0},{"not_picked":["Tools of the Trade+1","Malaise"],"picked":"Corpse Explosion","floor":16.0},{"not_picked":["Calculated Gamble","Heel Hook"],"picked":"Blur+1","floor":18.0},{"not_picked":["Blade Dance","Deadly Poison","PiercingWail+1"],"picked":"SKIP","floor":19.0},{"not_picked":["Dagger Spray","Setup","Prepared"],"picked":"SKIP","floor":20.0},{"not_picked":["Cloak And Dagger","Dagger Spray"],"picked":"Catalyst","floor":21.0},{"not_picked":["Acrobatics+1","Underhanded Strike","Sucker Punch"],"picked":"SKIP","floor":23.0},{"not_picked":["Backflip","Slice+1","Prepared"],"picked":"SKIP","floor":24.0},{"not_picked":["Deflect","Sucker Punch","Eviscerate+1"],"picked":"SKIP","floor":28.0},{"not_picked":["Masterful Stab","Accuracy+1"],"picked":"Well Laid Plans+1","floor":30.0},{"not_picked":["Skewer","Heel Hook"],"picked":"Bane+1","floor":31.0},{"not_picked":["Doppelganger","Glass Knife"],"picked":"Venomology","floor":33.0},{"not_picked":["All Out Attack+1","Sucker Punch","Infinite Blades+1"],"picked":"SKIP","floor":35.0},{"not_picked":["Dark Shackles+1","Enlightenment+1"],"picked":"Flash of Steel","floor":37.0},{"not_picked":["Deep Breath+1","PanicButton+1"],"picked":"Thinking Ahead+1","floor":37.0},{"not_picked":["Madness+1","Trip+1"],"picked":"Master of Strategy+1","floor":37.0},{"not_picked":["Storm of Steel+1","Dodge and Roll+1"],"picked":"Terror+1","floor":41.0},{"not_picked":["Expertise+1","Prepared+1","Outmaneuver+1"],"picked":"SKIP","floor":42.0},{"not_picked":["Bouncing Flask+1","Outmaneuver+1"],"picked":"PiercingWail+1","floor":44.0},{"not_picked":["Accuracy+1","Flying Knee"],"picked":"Catalyst+1","floor":46},{"not_picked":["Dagger Throw+1","Sucker Punch"],"picked":"Crippling Poison+1","floor":48}],"player_experience":53106,"relics_obtained":[{"floor":6.0,"key":"Oddly Smooth Stone"},{"floor":8.0,"key":"Torii"},{"floor":9.0,"key":"Sundial"},{"floor":14.0,"key":"Frozen Egg 2"},{"floor":23.0,"key":"Bottled Flame"},{"floor":26.0,"key":"Gremlin Horn"},{"floor":28.0,"key":"Lizard Tail"},{"floor":34.0,"key":"Boot"},{"floor":34.0,"key":"Toxic Egg 2"},{"floor":34.0,"key":"Ice Cream"},{"floor":41.0,"key":"The Courier"},{"floor":43.0,"key":"Lantern"}],"event_choices":[{"cards_removed":["Wraith Form v2"],"damage_healed":65.0,"max_hp_gain":10.0,"max_hp_loss":0.0,"gold_gain":0.0,"event_name":"Bonfire Elementals","player_choice":"Offered Rare","floor":10.0,"gold_loss":0.0,"damage_taken":0.0},{"damage_healed":0.0,"max_hp_gain":0.0,"max_hp_loss":0.0,"gold_gain":0.0,"event_name":"The Library","player_choice":"Read","floor":22.0,"gold_loss":0.0,"damage_taken":0.0,"cards_obtained":["Noxious Fumes"]},{"damage_healed":0.0,"max_hp_gain":0.0,"max_hp_loss":0.0,"gold_gain":0.0,"event_name":"Tomb of Lord Red Mask","player_choice":"Ignored","floor":36.0,"gold_loss":0.0,"damage_taken":0.0},{"damage_healed":0.0,"max_hp_gain":0.0,"max_hp_loss":0.0,"gold_gain":0.0,"event_name":"SensoryStone","player_choice":"Memory 3","floor":37.0,"gold_loss":0.0,"damage_taken":10.0},{"cards_removed":["All Out Attack"],"damage_healed":0.0,"max_hp_gain":0.0,"max_hp_loss":0.0,"gold_gain":0.0,"event_name":"Falling","player_choice":"Removed Attack","floor":39.0,"gold_loss":0.0,"damage_taken":0.0}],"is_beta":false,"boss_relics":[{"not_picked":["Philosopher\u0027s Stone","Astrolabe"],"picked":"SlaversCollar"},{"not_picked":["Runic Pyramid","Snecko Eye"],"picked":"Calling Bell"}],"items_purged_floors":[27,38,45],"is_endless":false,"potions_floor_spawned":[1,3,6,12,14,18,21,30,31,33,41,42,48],"ascension_level":3}}