{"host":"qydvcz6oqh89irlf","time":1610202393,"event":{"mods":["Aspiration","BaseMod","Better Third Choice","Infinite Spire","Minty Spire (QoL Compilation)","Replay The Spire","Spicy Shops","StSLib","The Jungle","The Marked"],"gold_per_floor":[112,112,112,112,136,136,179,179,228,242,106,106,127,168,168,293,293,313,339,264,303,346,346,346,367,367,127,127,127,127,142,142,271,271,313,313,56,56,93,130,130,130,130,153,153,86,86,133,237,372,372,403,102,102,178,178,207,207,230,277,328,328,367,446,488,488,630,630,671,692,321,357,357,408,445,506,529,584,584,655,322,376,376,527,527,579,629,629,729,817,817,879,957,957,957,394,455,455,515,515,670,670,724,724,724,734,802,802,895,895,895,895,989,1074,1174,1285,1361,1594,1594,1723,1648,1648,1720,1861,2012,13,35,35,84,84,84,84,98,98,243,243,271,334,92,118,118,118,118,118,167,167,167,167,212,248,327,467,467,467,217,270,381],"floor_reached":158,"playtime":5593,"items_purged":["Injury","Decay"],"score":5321,"play_id":"91d704a4-e9a0-46c9-b0d5-1b036270da9a","local_time":"20210109152633","daily_mods":["Vintage","Heirloom","Time Dilation","Flight","DeadlyEvents"],"is_ascension_mode":false,"campfire_choices":[{"data":"theMarked:SoldierOfQuellstein","floor":6,"key":"SMITH"},{"data":"theMarked:ElementalBlade","floor":8,"key":"SMITH"},{"floor":23,"key":"REST"},{"data":"1","floor":28,"key":"LIFT"},{"data":"2","floor":30,"key":"LIFT"},{"data":"3","floor":32,"key":"LIFT"},{"floor":41,"key":"REST"},{"floor":45,"key":"REST"},{"floor":47,"key":"DIG"},{"data":"theMarked:HeritageOfTheMarked","floor":58,"key":"SMITH"},{"data":"theMarked:Defend","floor":62,"key":"SMITH"},{"floor":66,"key":"DIG"},{"data":"theMarked:MysticalArsenal","floor":83,"key":"SMITH"},{"floor":91,"key":"REST"},{"floor":110,"key":"DIG"},{"floor":144,"key":"REST"},{"floor":146,"key":"REST"},{"floor":147,"key":"REST"},{"floor":148,"key":"REST"},{"floor":154,"key":"REST"}],"circlet_count":1,"master_deck":["theMarked:Strike","theMarked:Strike","theMarked:Strike","theMarked:Strike","theMarked:Strike","theMarked:Defend","theMarked:Defend","theMarked:Defend","theMarked:Defend","theMarked:SoldierOfQuellstein+1","theMarked:ElementalBlade+1","theMarked:ResourceFulStrike+1","theMarked:Standoff+1","theMarked:SoldierForm+1","theMarked:Frustration+1","theMarked:SwordAndMagic+1","theMarked:ThrowWeapon+1","theMarked:GodGivenPower+1","theMarked:HeightenedSenses+1","theMarked:MaelstromOfLightning+1","theMarked:HeritageOfTheMarked+1","theMarked:HeightenedSenses+1","theMarked:MagicAdept","theMarked:Overcharge+1","theMarked:Generate+1","theMarked:MysticalArsenal+1","theMarked:MysticalArsenal","infinitespire:Fortify+1","Pot Of Greed+1","Pot Of Greed+1","theMarked:MaelstromOfLightning+1"],"relics":["theMarked:ArtifactOfAir","Mango","Gremlin Food","Kunai","Molten Egg 2","Golden Idol","Art of War","Replay:Rubber Ducky","Tiny Chest","Boot","infinitespire:BottledMercury","MealTicket","Snecko Heart","Toxic Egg 2","Replay:Mystery Machine","Red Mask","aspiration:ChemicalBlood","Smiling Mask","Girya","Replay:Kaleidoscope","Mummified Hand","Black Star","infinitespire:CheckeredPen","Singing Bowl","infinitespire:EvilPickle","Lantern","Busted Crown","Guide Book","HandDrill","theMarked:SecretDocuments","aspiration:TomeofQuesting","Durian","Prayer Wheel","Quantum Egg","Snack Pack","Replay:Multitool","aspiration:HiddenCompartment","White Beast Statue","Ice Cream","Eternal Feather","infinitespire:Satchel","ClockworkSouvenir","Replay:Accelerometer","Ornamental Fan","infinitespire:Joker Card","Ginger","Vajra","Dream Catcher","The Courier","infinitespire:Broken Mirror","Gremlin Horn","Regal Pillow","Onion Ring","aspiration:Lifesprig","Circlet","Chemical X","Replay:Wax Seal","Gambling Chip","Blue Doll","ReplayTheSpireMod:TigerMarble","Happy Flower","ReplayFunnel","Nunchaku","Letter Opener","Replay:Bandana","Ancient Tea Set","Strawberry","infinitespire:Bottled Soul","Garlic","MawBank","Replay:Bottled Eggs","Turnip","StoneCalendar","Fusion Hammer","infinitespire:Lucky Rock","Replay:Baseball","aspiration:SeaSaltIceCream","Lee\u0027s Waffle","Meat on the Bone","Question Card","Omamori","Bag of Preparation","theMarked:DemonDagger","Anchor","infinitespire:EmpoweringShard","HornCleat","Bag of Marbles","Torii","ReplayTheSpireMod:Ninjato","Pondfish Scales","infinitespire:Midas Blood","infinitespire:PuzzleCube","Whetstone","Shuriken","theMarked:SpiritSword","Akabeko","Toy Ornithopter","Orichalcum","Bottled Tornado","Pet Ghost","Bronze Scales","Golden Egg","StrikeDummy","Centennial Puzzle","Darkstone Periapt","Simple Rune","Chameleon Ring","Grinning Jar","Snecko Eye","Matryoshka","aspiration:Nostalgia","PureWater","War Paint","aspiration:FrozenJewel","infinitespire:Beetle Shell","Bird Faced Urn","ReplayTheSpireMod:Lightbulb","Pen Nib","aspiration:AnachronicSnailShell","Frozen Egg 2","PreservedInsect","Potion Belt","theMarked:NailFile","infinitespire:FocusingShard","CeramicFish","Divine Protection","ReplayTheSpireMod:Shallot","Pear","theMarked:Gun","infinitespire:ShieldingShard","aspiration:StickyExplosives_weak","infinitespire:WardingShard","Blue Candle","aspiration:HummingbirdHeart","Iron Hammer","Replay:WaspNest","Ring of Chaos","Replay:PocketPolymizer","infinitespire:Magic Flask","Calipers","Replay:Ringing Soul","Sundial","Bottled Flame","Dead Branch","CaptainsWheel","Du-Vu Doll","aspiration:WatcherSkillbook","theMarked:VonisonLock","Replay:Towering Pillar of Hats","Counterbalance"],"acts_visited":["Exordium","TheCity","TheBeyond","Exordium","TheCity","TheBeyond","Exordium","TheCity","TheBeyond","TheEnding"],"potions_floor_usage":[7,7,16,16,22,35,39,40,40,40,48,50,84,130,133],"damage_taken":[{"damage":5,"enemies":"Jaw Worm","floor":1,"turns":5},{"damage":0,"enemies":"2 Louse","floor":5,"turns":2},{"damage":6,"enemies":"Gremlin Nob","floor":7,"turns":4},{"damage":0,"enemies":"Small Slimes","floor":10,"turns":3},{"damage":0,"enemies":"Looter","floor":13,"turns":3},{"damage":0,"enemies":"Replay:BlueRogue","floor":14,"turns":3},{"damage":32,"enemies":"Slime Boss","floor":16,"turns":10},{"damage":0,"enemies":"Chosen","floor":18,"turns":4},{"damage":21,"enemies":"Masked Bandits","floor":21,"turns":5},{"damage":14,"enemies":"Book of Stabbing","floor":22,"turns":4},{"damage":1,"enemies":"2 Thieves","floor":25,"turns":3},{"damage":0,"enemies":"Snecko","floor":31,"turns":2},{"damage":13,"enemies":"Pondfish","floor":33,"turns":8},{"damage":16,"enemies":"3 Darklings","floor":35,"turns":3},{"damage":15,"enemies":"Reptomancer","floor":39,"turns":4},{"damage":41,"enemies":"Nightmare","floor":40,"turns":6},{"damage":0,"enemies":"3 Shapes","floor":44,"turns":3},{"damage":0,"enemies":"Nemesis","floor":48,"turns":1},{"damage":24,"enemies":"Awakened One","floor":50,"turns":8},{"damage":0,"enemies":"Small Slimes","floor":52,"turns":2},{"damage":0,"enemies":"3 Sentries","floor":57,"turns":2},{"damage":0,"enemies":"2 Louse","floor":59,"turns":1},{"damage":0,"enemies":"Gremlin Nob","floor":61,"turns":2},{"damage":0,"enemies":"Cultist","floor":63,"turns":1},{"damage":0,"enemies":"3 Louse","floor":65,"turns":1},{"damage":0,"enemies":"Slime Boss","floor":67,"turns":2},{"damage":0,"enemies":"3 Byrds","floor":69,"turns":2},{"damage":0,"enemies":"Masked Bandits","floor":70,"turns":2},{"damage":0,"enemies":"Slavers","floor":72,"turns":2},{"damage":0,"enemies":"Gremlin Leader","floor":74,"turns":1},{"damage":0,"enemies":"Chosen","floor":75,"turns":2},{"damage":0,"enemies":"Slavers","floor":76,"turns":1},{"damage":0,"enemies":"3 Cultists","floor":78,"turns":2},{"damage":0,"enemies":"Book of Stabbing","floor":80,"turns":2},{"damage":0,"enemies":"Gremlin Leader","floor":82,"turns":1},{"damage":0,"enemies":"Champ","floor":84,"turns":3},{"damage":0,"enemies":"3 Shapes","floor":86,"turns":2},{"damage":0,"enemies":"Orb Walker","floor":87,"turns":1},{"damage":0,"enemies":"R_Hoarder","floor":89,"turns":2},{"damage":0,"enemies":"Nemesis","floor":90,"turns":3},{"damage":0,"enemies":"Maw","floor":92,"turns":3},{"damage":0,"enemies":"R_Hoarder","floor":97,"turns":2},{"damage":0,"enemies":"Reptomancer","floor":99,"turns":2},{"damage":0,"enemies":"Donu and Deca","floor":101,"turns":2},{"damage":0,"enemies":"Jaw Worm","floor":103,"turns":1},{"damage":0,"enemies":"Cultist","floor":107,"turns":1},{"damage":0,"enemies":"3 Sentries","floor":109,"turns":2},{"damage":0,"enemies":"Gremlin Nob","floor":113,"turns":1},{"damage":0,"enemies":"2 Louse","floor":114,"turns":1},{"damage":0,"enemies":"Lagavulin","floor":115,"turns":1},{"damage":0,"enemies":"3 Sentries","floor":116,"turns":1},{"damage":0,"enemies":"Fading Forest","floor":118,"turns":2},{"damage":0,"enemies":"3 Byrds","floor":120,"turns":1},{"damage":0,"enemies":"Book of Stabbing","floor":124,"turns":1},{"damage":0,"enemies":"Gremlin Leader","floor":125,"turns":1},{"damage":0,"enemies":"Spheric Guardian","floor":127,"turns":1},{"damage":0,"enemies":"Slavers","floor":129,"turns":1},{"damage":0,"enemies":"Cultist and Chosen","floor":133,"turns":1},{"damage":0,"enemies":"Automaton","floor":135,"turns":2},{"damage":0,"enemies":"Orb Walker","floor":137,"turns":1},{"damage":0,"enemies":"Mind Bloom Boss Battle","floor":138,"turns":1},{"damage":0,"enemies":"3 Shapes","floor":140,"turns":1},{"damage":0,"enemies":"R_Hoarder","floor":149,"turns":1},{"damage":0,"enemies":"3 Darklings","floor":150,"turns":1},{"damage":0,"enemies":"Replay:Hell Engine","floor":152,"turns":2},{"damage":0,"enemies":"Shield and Spear","floor":156,"turns":1},{"damage":0,"enemies":"The Heart","floor":157,"turns":5}],"seed_played":"-6194451125465747266","potions_obtained":[{"floor":1,"key":"LifebloodPotion"},{"floor":5,"key":"Explosive Potion"},{"floor":15,"key":"PowerPotion"},{"floor":15,"key":"AttackPotion"},{"floor":16,"key":"Fire Potion"},{"floor":21,"key":"Fire Potion"},{"floor":33,"key":"SpeedPotion"},{"floor":35,"key":"PowerPotion"},{"floor":40,"key":"Energy Potion"},{"floor":44,"key":"AttackPotion"},{"floor":50,"key":"infinitespire:BlackPotion"},{"floor":63,"key":"theMarked:ChargePotion"},{"floor":84,"key":"Energy Potion"},{"floor":89,"key":"SmokeBomb"},{"floor":107,"key":"Dexterity Potion"},{"floor":107,"key":"Venom Potion"},{"floor":127,"key":"Energy Potion"},{"floor":129,"key":"ColorlessPotion"},{"floor":130,"key":"Fruit Juice"},{"floor":130,"key":"Milkshake"},{"floor":133,"key":"SkillPotion"},{"floor":134,"key":"Regen Potion"},{"floor":150,"key":"Adrenaline Potion"}],"is_trial":true,"path_per_floor":["M","?","?","?","M","R","E","R","T","M","$","?","M","E","R","B",null,"M","T","?","?","E","R","T","M","T","$","R","AVR","R","M","R","B",null,"M","AVR","$","?","E","NM","R","T","T","M","R","$","R","E","R","B",null,"M","$","?","T","$","E","R","M","T","E","R","M","T","M","R","B",null,"M","?","$","E","T","E","M","E","T","M","T","E","$","E","R","B",null,"M","M","T","E","E","R","M","R","T","T","$","E","?","E","R","B",null,"M","T","AVR","?","M","R","E","R","T","T","E","M","E","E","R","B",null,"M","?","AVR","T","E","E","$","M","T","E","R","T","$","M","R","B",null,"M","?","$","M","T","R","$","R","T","R","R","R","E","M","R","B",null,"R","$","E","B",null],"character_chosen":"THE_DEFAULT","items_purchased":["theMarked:ResourceFulStrike+1","Mummified Hand","Guide Book","HandDrill","theMarked:MaelstromOfLightning+1","infinitespire:Satchel","ClockworkSouvenir","Chemical X","Replay:Wax Seal","Gambling Chip","Turnip","theMarked:MysticalArsenal","theMarked:MysticalArsenal","HornCleat","Bag of Marbles","Torii","aspiration:AnachronicSnailShell","Frozen Egg 2","PreservedInsect","Potion Belt","theMarked:NailFile","infinitespire:FocusingShard","CeramicFish","Divine Protection","ReplayTheSpireMod:Shallot","Pear","theMarked:Gun","Calipers","theMarked:VonisonLock"],"campfire_rested":9,"item_purchase_floors":[11,27,37,37,46,53,53,71,71,71,81,81,81,96,96,96,126,126,126,126,126,126,126,126,126,126,126,139,155],"current_hp_per_floor":[79,79,79,79,79,79,73,73,73,73,73,73,73,73,73,41,84,84,84,84,63,49,74,74,73,73,84,84,84,84,84,84,71,84,68,68,83,83,68,32,58,58,58,60,86,89,89,91,91,77,93,93,93,93,93,93,93,93,93,93,93,93,93,93,93,93,93,93,93,95,95,97,97,99,99,99,106,106,106,106,106,108,108,110,110,110,110,117,119,121,123,123,123,123,123,123,125,125,127,127,129,129,129,129,129,104,104,119,123,131,131,131,133,133,135,137,137,139,139,139,139,139,139,139,139,149,149,149,149,156,156,156,156,156,158,158,158,160,160,160,160,160,160,162,162,164,166,168,170,170,170,172,172,174,174,176,178],"gold":381,"neow_bonus":"","is_daily":false,"chose_seed":false,"campfire_upgraded":5,"win_rate":0.0,"timestamp":1610202393,"path_taken":["M","?","?","?","?","R","?","R","T","?","$","?","M","?","R","BOSS","M","?","?","?","?","R","?","?","T","$","R","AVR","R","M","R","BOSS","M","AVR","$","?","?","NM","R","?","T","?","R","$","R","?","R","BOSS","M","$","?","?","?","E","R","?","T","?","R","M","?","M","R","BOSS","M","?","?","?","?","E","?","?","T","?","?","?","?","?","R","BOSS","M","M","?","?","?","R","?","R","T","?","$","?","?","?","R","BOSS","M","?","AVR","?","?","R","?","R","T","?","E","?","E","?","R","BOSS","M","?","AVR","?","?","?","$","?","T","E","R","?","?","M","R","BOSS","M","?","$","?","?","R","?","R","T","R","R","R","?","?","R","BOSS","R","$","E","BOSS"],"items_purchased_type":["Card","Relic","Relic","Relic","Card","Relic","Relic","Relic","Relic","Relic","Relic","Card","Card","Relic","Relic","Relic","Relic","Relic","Relic","Relic","Relic","Relic","Relic","Relic","Relic","Relic","Relic","Relic","Relic"],"build_version":"2020-12-22","purchased_purges":2,"victory":true,"max_hp_per_floor":[84,84,84,84,84,84,84,84,84,84,84,84,84,84,84,84,84,84,84,84,84,84,84,84,84,84,84,84,84,84,84,84,84,84,84,84,84,84,84,89,89,89,89,89,89,89,89,91,91,93,93,93,93,93,93,93,93,93,93,93,93,93,93,93,93,93,93,93,93,95,95,97,97,99,99,99,106,106,106,106,106,108,108,110,110,110,110,117,119,121,123,123,123,123,123,123,125,125,127,127,129,129,129,129,129,129,129,129,131,131,131,131,133,133,135,137,137,139,139,139,139,139,139,139,139,149,149,149,149,156,156,156,156,156,158,158,158,160,160,160,160,160,160,162,162,164,166,168,170,170,170,172,172,174,174,176,178],"card_choices":[{"not_picked":["theMarked:Aftermath","theMarked:ResourceFulStrike+1"],"picked":"theMarked:ElementalBlade","floor":7},{"not_picked":["theMarked:GodGivenPower","theMarked:Overthink"],"picked":"theMarked:Standoff","floor":14},{"not_picked":["theMarked:UnarmedFury+1","theMarked:Vacuum+1"],"picked":"theMarked:SoldierForm","floor":16},{"not_picked":["theMarked:KeepCalmAndFightOn+1","theMarked:LightningStrikesTwice+1"],"picked":"theMarked:Frustration+1","floor":21},{"not_picked":["theMarked:StartUp+1","theMarked:Improvise+1"],"picked":"theMarked:SwordAndMagic+1","floor":22},{"not_picked":["theMarked:TakeOffHeels+1","theMarked:UnarmedFury+1"],"picked":"theMarked:ThrowWeapon+1","floor":33},{"not_picked":[],"picked":"theMarked:GodGivenPower","floor":39},{"not_picked":[],"picked":"theMarked:HeightenedSenses+1","floor":40},{"not_picked":["theMarked:WastefulAttack+1"],"picked":"Singing Bowl","floor":48},{"not_picked":["theMarked:Snap+1"],"picked":"Singing Bowl","floor":50},{"not_picked":[],"picked":"theMarked:HeritageOfTheMarked","floor":57},{"not_picked":[],"picked":"theMarked:HeightenedSenses+1","floor":61},{"not_picked":[],"picked":"theMarked:MagicAdept","floor":67},{"not_picked":["theMarked:WastefulDefense+1"],"picked":"Singing Bowl","floor":70},{"not_picked":["theMarked:SwordAndMagic+1"],"picked":"Singing Bowl","floor":72},{"not_picked":["theMarked:PowerFlow+1"],"picked":"Singing Bowl","floor":74},{"not_picked":[],"picked":"theMarked:Overcharge+1","floor":76},{"not_picked":[],"picked":"theMarked:Generate+1","floor":80},{"not_picked":["theMarked:SwordAndMagic+1"],"picked":"Singing Bowl","floor":82},{"not_picked":["theMarked:ChannelForce+1"],"picked":"Singing Bowl","floor":84},{"not_picked":["ReplayTheSpireMod:Haul","infinitespire:NeuralNetwork"],"picked":"infinitespire:Fortify","floor":85},{"not_picked":["theMarked:ChainLightning+1"],"picked":"Singing Bowl","floor":89},{"not_picked":["theMarked:Overthink+1","theMarked:ParalyzingBlade+1"],"picked":"Singing Bowl","floor":90},{"not_picked":["theMarked:WardOff+1","theMarked:Parkour+1"],"picked":"Singing Bowl","floor":91},{"not_picked":["theMarked:Frustration+1","theMarked:BindingBlade+1"],"picked":"Singing Bowl","floor":97},{"not_picked":["theMarked:WardOff+1","theMarked:Aftermath+1"],"picked":"Singing Bowl","floor":99},{"not_picked":["theMarked:Challenge+1","theMarked:ChannelForce+1"],"picked":"Singing Bowl","floor":101},{"not_picked":["theMarked:DeterminationOfTheMarked","theMarked:CreepingChasm+1"],"picked":"Singing Bowl","floor":109},{"not_picked":["theMarked:PowerFlow+1","theMarked:Improvise+1"],"picked":"Singing Bowl","floor":113},{"not_picked":["theMarked:Static+1","theMarked:KeepCalmAndFightOn+1"],"picked":"Singing Bowl","floor":115},{"not_picked":["theMarked:WastefulAttack+1","theMarked:TwofoldDefense+1"],"picked":"Singing Bowl","floor":116},{"not_picked":["theMarked:DispelDoubt+1","theMarked:SuspiciousRaven+1"],"picked":"Singing Bowl","floor":118},{"not_picked":["theMarked:EnhanceMovement+1","theMarked:Polarize+1"],"picked":"SKIP","floor":124},{"not_picked":["theMarked:WastefulDefense+1","theMarked:Seal+1"],"picked":"SKIP","floor":125},{"not_picked":["theMarked:ElectricStrings+1"],"picked":"theMarked:MaelstromOfLightning+1","floor":129},{"not_picked":["theMarked:SuspiciousRaven+1","theMarked:ChannelForce+1"],"picked":"Singing Bowl","floor":135},{"not_picked":["theMarked:TwofoldDefense+1","theMarked:Aftermath+1"],"picked":"Singing Bowl","floor":138},{"not_picked":["theMarked:AttractMetal+1","theMarked:Electrocute+1"],"picked":"Singing Bowl","floor":144},{"not_picked":["theMarked:Improvise+1","theMarked:Generate+1"],"picked":"Singing Bowl","floor":146},{"not_picked":["theMarked:Convert+1","theMarked:SwordAndMagic+1"],"picked":"Singing Bowl","floor":147},{"not_picked":["theMarked:WastefulAttack+1","theMarked:SwordAndMagic+1"],"picked":"Singing Bowl","floor":148},{"not_picked":["theMarked:HeightenedSenses+1","theMarked:ResourceFulStrike+1"],"picked":"Singing Bowl","floor":149},{"not_picked":["theMarked:SuspiciousRaven+1","theMarked:BindingBlade+1"],"picked":"Singing Bowl","floor":152},{"not_picked":["theMarked:Polarize+1","theMarked:AttractMetal+1","theMarked:PowerFlow+1"],"picked":"Singing Bowl","floor":154},{"not_picked":["theMarked:WardOff+1","theMarked:RepellingDischarge+1","theMarked:PowerFlow+1"],"picked":"Singing Bowl","floor":156},{"not_picked":["theMarked:DispelDoubt+1","theMarked:EternalStudent+1","theMarked:TakeOffHeels+1"],"picked":"Singing Bowl","floor":157}],"player_experience":228690,"relics_obtained":[{"floor":1,"key":"Gremlin Food"},{"floor":2,"key":"Kunai"},{"floor":5,"key":"Art of War"},{"floor":7,"key":"Replay:Rubber Ducky"},{"floor":9,"key":"Tiny Chest"},{"floor":10,"key":"Boot"},{"floor":13,"key":"infinitespire:BottledMercury"},{"floor":14,"key":"MealTicket"},{"floor":18,"key":"Toxic Egg 2"},{"floor":19,"key":"Replay:Mystery Machine"},{"floor":21,"key":"Red Mask"},{"floor":22,"key":"aspiration:ChemicalBlood"},{"floor":24,"key":"Smiling Mask"},{"floor":25,"key":"Girya"},{"floor":26,"key":"Replay:Kaleidoscope"},{"floor":31,"key":"Singing Bowl"},{"floor":35,"key":"Lantern"},{"floor":39,"key":"theMarked:SecretDocuments"},{"floor":39,"key":"aspiration:TomeofQuesting"},{"floor":40,"key":"Durian"},{"floor":40,"key":"Prayer Wheel"},{"floor":42,"key":"Quantum Egg"},{"floor":43,"key":"Snack Pack"},{"floor":44,"key":"Replay:Multitool"},{"floor":47,"key":"aspiration:HiddenCompartment"},{"floor":48,"key":"White Beast Statue"},{"floor":48,"key":"Ice Cream"},{"floor":52,"key":"Eternal Feather"},{"floor":55,"key":"Replay:Accelerometer"},{"floor":57,"key":"Ornamental Fan"},{"floor":57,"key":"infinitespire:Joker Card"},{"floor":59,"key":"Ginger"},{"floor":60,"key":"Vajra"},{"floor":61,"key":"Dream Catcher"},{"floor":61,"key":"The Courier"},{"floor":63,"key":"infinitespire:Broken Mirror"},{"floor":64,"key":"Gremlin Horn"},{"floor":65,"key":"Regal Pillow"},{"floor":66,"key":"Onion Ring"},{"floor":69,"key":"aspiration:Lifesprig"},{"floor":70,"key":"Circlet"},{"floor":72,"key":"Blue Doll"},{"floor":72,"key":"ReplayTheSpireMod:TigerMarble"},{"floor":73,"key":"Happy Flower"},{"floor":74,"key":"ReplayFunnel"},{"floor":74,"key":"Nunchaku"},{"floor":75,"key":"Letter Opener"},{"floor":76,"key":"Replay:Bandana"},{"floor":76,"key":"Ancient Tea Set"},{"floor":77,"key":"Strawberry"},{"floor":78,"key":"infinitespire:Bottled Soul"},{"floor":79,"key":"Garlic"},{"floor":80,"key":"MawBank"},{"floor":80,"key":"Replay:Bottled Eggs"},{"floor":82,"key":"StoneCalendar"},{"floor":86,"key":"infinitespire:Lucky Rock"},{"floor":87,"key":"Replay:Baseball"},{"floor":88,"key":"aspiration:SeaSaltIceCream"},{"floor":89,"key":"Meat on the Bone"},{"floor":89,"key":"Question Card"},{"floor":90,"key":"Omamori"},{"floor":90,"key":"Bag of Preparation"},{"floor":92,"key":"theMarked:DemonDagger"},{"floor":94,"key":"Anchor"},{"floor":95,"key":"infinitespire:EmpoweringShard"},{"floor":97,"key":"ReplayTheSpireMod:Ninjato"},{"floor":97,"key":"Pondfish Scales"},{"floor":99,"key":"infinitespire:Midas Blood"},{"floor":99,"key":"infinitespire:PuzzleCube"},{"floor":103,"key":"Whetstone"},{"floor":104,"key":"Shuriken"},{"floor":107,"key":"Toy Ornithopter"},{"floor":109,"key":"Orichalcum"},{"floor":110,"key":"Bottled Tornado"},{"floor":111,"key":"Pet Ghost"},{"floor":112,"key":"Bronze Scales"},{"floor":113,"key":"Golden Egg"},{"floor":113,"key":"StrikeDummy"},{"floor":114,"key":"Centennial Puzzle"},{"floor":115,"key":"Darkstone Periapt"},{"floor":115,"key":"Simple Rune"},{"floor":116,"key":"Chameleon Ring"},{"floor":116,"key":"Grinning Jar"},{"floor":120,"key":"Matryoshka"},{"floor":123,"key":"War Paint"},{"floor":123,"key":"aspiration:FrozenJewel"},{"floor":124,"key":"infinitespire:Beetle Shell"},{"floor":124,"key":"Bird Faced Urn"},{"floor":125,"key":"ReplayTheSpireMod:Lightbulb"},{"floor":125,"key":"Pen Nib"},{"floor":127,"key":"infinitespire:ShieldingShard"},{"floor":128,"key":"aspiration:StickyExplosives_weak"},{"floor":128,"key":"infinitespire:WardingShard"},{"floor":129,"key":"Blue Candle"},{"floor":129,"key":"aspiration:HummingbirdHeart"},{"floor":131,"key":"Iron Hammer"},{"floor":133,"key":"Replay:WaspNest"},{"floor":137,"key":"Replay:PocketPolymizer"},{"floor":138,"key":"infinitespire:Magic Flask"},{"floor":140,"key":"Replay:Ringing Soul"},{"floor":141,"key":"Sundial"},{"floor":145,"key":"Bottled Flame"},{"floor":149,"key":"Dead Branch"},{"floor":149,"key":"CaptainsWheel"},{"floor":150,"key":"Du-Vu Doll"},{"floor":156,"key":"Replay:Towering Pillar of Hats"},{"floor":156,"key":"Counterbalance"}],"event_choices":[{"damage_healed":0,"gold_gain":0,"player_choice":"Take Wound","damage_taken":0,"relics_obtained":["Golden Idol"],"max_hp_gain":0,"max_hp_loss":0,"event_name":"Golden Idol","floor":4,"gold_loss":0,"cards_obtained":["Injury"]},{"cards_removed":["Injury"],"damage_healed":0,"gold_gain":0,"player_choice":"Gave Gold","damage_taken":0,"max_hp_gain":0,"max_hp_loss":0,"event_name":"Beggar","floor":20,"gold_loss":75},{"damage_healed":0,"gold_gain":0,"player_choice":"Fought Bandits","damage_taken":0,"max_hp_gain":0,"max_hp_loss":0,"event_name":"Masked Bandits","floor":21,"gold_loss":0},{"damage_healed":0,"gold_gain":0,"player_choice":"Ignored","damage_taken":0,"max_hp_gain":0,"max_hp_loss":0,"event_name":"Transmorgrifier","floor":38,"gold_loss":0},{"damage_healed":0,"gold_gain":0,"player_choice":"Forge","damage_taken":0,"max_hp_gain":0,"max_hp_loss":0,"event_name":"Accursed Blacksmith","floor":54,"gold_loss":0,"cards_upgraded":["theMarked:Strike"]},{"damage_healed":0,"gold_gain":0,"player_choice":"Fought Bandits","damage_taken":0,"max_hp_gain":0,"max_hp_loss":0,"event_name":"Masked Bandits","floor":70,"gold_loss":0},{"damage_healed":0,"gold_gain":0,"player_choice":"Ignored","damage_taken":0,"max_hp_gain":0,"max_hp_loss":0,"event_name":"Purifier","floor":98,"gold_loss":0},{"damage_healed":0,"gold_gain":0,"player_choice":"Relic ","damage_taken":25,"max_hp_gain":0,"max_hp_loss":0,"event_name":"betterThird:BetterScrap","floor":106,"gold_loss":0,"cards_obtained":["Heel Hook"]},{"cards_removed":["Pot Of Greed"],"damage_healed":0,"gold_gain":0,"player_choice":"Gave Gold","damage_taken":0,"max_hp_gain":0,"max_hp_loss":0,"event_name":"Beggar","floor":121,"gold_loss":75},{"damage_healed":0,"gold_gain":0,"player_choice":"Fight","damage_taken":0,"max_hp_gain":0,"max_hp_loss":0,"event_name":"MindBloom","floor":138,"gold_loss":0}],"is_beta":false,"boss_relics":[{"not_picked":["Ectoplasm","Pandora\u0027s Box"],"picked":"Snecko Heart"},{"not_picked":["aspiration:FutureDiary","Replay:Bronze Core","Velvet Choker"]},{"not_picked":["Runic Pyramid","Cursed Key","aspiration:SilentSkillbook"]},{"not_picked":["aspiration:SilentSkillbook","ReplayTheSpireMod:DimensionalGlitch","aspiration:RunicSpoon"]},{"not_picked":["Replay:Fungal Core","ReplayTheSpireMod:SealedPack"],"picked":"Fusion Hammer"},{"not_picked":["aspiration:RitualDagger","Abe\u0027s Treasure","aspiration:SecretTechniqueScroll"]},{"not_picked":["ReplayTheSpireMod:SealedPack","Cursed Key"],"picked":"Snecko Eye"},{"not_picked":["aspiration:SecretTechniqueScroll","aspiration:DefectSkillbook"],"picked":"Ring of Chaos"},{"not_picked":["Painkiller Herb","Replay:Drink Me"],"picked":"aspiration:WatcherSkillbook"}],"items_purged_floors":[11,37],"is_endless":true,"potions_floor_spawned":[1,5,16,21,33,35,44,50,52,57,59,61,63,65,67,69,70,72,74,75,76,78,80,82,84,86,87,89,90,92,97,99,101,103,107,109,113,114,115,116,118,120,124,125,127,129,133,135,137,138,140,149,150,152,156,157],"ascension_level":0}}