{"host":"ba8edsagfc7m13s2","time":1610223013,"event":{"mods":["BaseMod","Colored Map","Downfall","GifTheSpireLib","Hubris","Infinite Spire","Jedi Mod","Minty Spire (QoL Compilation)","Permanent Neow","READ ME - Guardian Mod","Shop Mod","StSLib","The Factory","The Jungle","The Saiyan"],"gold_per_floor":[95,114,114,132,132,132,197,197,221,238,238,268,279,295,295,399,399,410,410,410,41,41,41,41,41,66,66,93,173,188,199,199,297,297,307,317,327,338,357,357,373,373,373,389,404,404,454,454,454,454],"floor_reached":51,"playtime":15696,"items_purged":[],"score":819,"play_id":"110ec312-190b-419b-9f2a-dfa3d1ceb452","local_time":"20210109211013","is_ascension_mode":false,"campfire_choices":[{"data":"Saiyan:SuperSaiyanForm","floor":6.0,"key":"SMITH"},{"data":"Saiyan:Kienzan","floor":8.0,"key":"SMITH"},{"data":"Saiyan:Medicine","floor":11.0,"key":"SMITH"},{"data":"Saiyan:EnergyBlast","floor":15.0,"key":"SMITH"},{"data":"Saiyan:UltraInstinct","floor":23.0,"key":"SMITH"},{"floor":25.0,"key":"REST"},{"data":"infinitespire:Execution","floor":27.0,"key":"SMITH"},{"data":"hubris:ReadiedAction","floor":32.0,"key":"SMITH"},{"data":"Barricade","floor":40.0,"key":"SMITH"},{"data":"Saiyan:BurningSoul","floor":46,"key":"SMITH"},{"data":"Armaments","floor":49,"key":"SMITH"}],"circlet_count":0,"master_deck":["Saiyan:SAIYA_Strike","Saiyan:SAIYA_Strike","Saiyan:SAIYA_Strike","Saiyan:SAIYA_Defend","Saiyan:SAIYA_Defend","Saiyan:SAIYA_Defend","Saiyan:SAIYA_Defend","Saiyan:EnergyBlast+1","Saiyan:KaioKen","Saiyan:RuthlessBlow","Saiyan:Scouter","Saiyan:Kienzan+1","Saiyan:SuperSaiyanForm+1","Saiyan:Medicine+1","Saiyan:ExpandingShockwave","Saiyan:KiStrike","Saiyan:Medicine","Saiyan:Flurry","Saiyan:SuperSaiyanThree","Saiyan:UltraInstinct+1","hubris:Disease","Slimebound:Icky","infinitespire:Execution+1","Whirlwind","hubris:ReadiedAction+1","Barricade+1","Saiyan:LastResort+1","Saiyan:RemoveWeights+1","Sword Boomerang","Saiyan:DragonFist+1","Saiyan:BurningSoul+1","Armaments+1","Saiyan:FingerParry+1","Saiyan:SuperSaiyanThree"],"relics":["SaiyanSoul","SaiyanHeart","jedi:HeartOfTheCards","infinitespire:Satchel","hubris:DisguiseKit","Empty Cage","MutagenicStrength","Gambling Chip","hubris:SlimyHat","hubris:Zylophone","Blue Candle","SacredBark","hubris:TinFlute","jedi:arcanewood","Thread and Needle","Bottled Tornado"],"acts_visited":["Exordium","TheCity","TheBeyond"],"potions_floor_usage":[50,50],"damage_taken":[{"damage":0.0,"enemies":"2 Louse","floor":1.0,"turns":3.0},{"damage":0.0,"enemies":"Jaw Worm","floor":2.0,"turns":2.0},{"damage":5.0,"enemies":"Small Slimes","floor":4.0,"turns":3.0},{"damage":0.0,"enemies":"Blue Slaver","floor":10.0,"turns":3.0},{"damage":0.0,"enemies":"3 Sentries","floor":12.0,"turns":6.0},{"damage":2.0,"enemies":"3 Louse","floor":13.0,"turns":3.0},{"damage":0.0,"enemies":"2 Fungi Beasts","floor":14.0,"turns":2.0},{"damage":23.0,"enemies":"Slime Boss","floor":16.0,"turns":7.0},{"damage":14.0,"enemies":"2 Thieves","floor":18.0,"turns":4.0},{"damage":0.0,"enemies":"Gremlin Leader","floor":28.0,"turns":5.0},{"damage":4.0,"enemies":"Shell Parasite","floor":30.0,"turns":6.0},{"damage":5.0,"enemies":"Cultist and Chosen","floor":31.0,"turns":6.0},{"damage":24.0,"enemies":"hubris:MusketHawk","floor":33.0,"turns":10.0},{"damage":28.0,"enemies":"Orb Walker","floor":35.0,"turns":7.0},{"damage":4.0,"enemies":"3 Darklings","floor":36.0,"turns":7.0},{"damage":2.0,"enemies":"Spire Growth","floor":37.0,"turns":5.0},{"damage":1.0,"enemies":"Maw","floor":38.0,"turns":6.0},{"damage":0.0,"enemies":"4 Shapes","floor":39.0,"turns":14.0},{"damage":23.0,"enemies":"Spire Growth","floor":41.0,"turns":7.0},{"damage":25.0,"enemies":"Jaw Worm Horde","floor":44.0,"turns":8.0},{"damage":8.0,"enemies":"Sphere and 2 Shapes","floor":45.0,"turns":4.0},{"damage":14,"enemies":"Mind Bloom Boss Battle","floor":47,"turns":10},{"damage":1,"enemies":"Donu and Deca","floor":50,"turns":8}],"seed_played":"9157529412890417926","potions_obtained":[{"floor":4.0,"key":"ColorlessPotion"},{"floor":12.0,"key":"Explosive Potion"},{"floor":13.0,"key":"BlessingOfTheForge"},{"floor":16.0,"key":"Fruit Juice"},{"floor":30.0,"key":"BlessingOfTheForge"},{"floor":35.0,"key":"Guardian:BlockOnCardUsePotion"},{"floor":41.0,"key":"Block Potion"},{"floor":44.0,"key":"FearPotion"},{"floor":47,"key":"Energy Potion"}],"is_trial":false,"path_per_floor":["M","M","?","M","?","R","?","R","T","M","R","E","M","M","R","B",null,"M","?","?","$","?","R","?","R","T","R","E","T","M","M","R","B",null,"M","M","M","M","M","R","M","AVR","T","M","M","R","?","T","R","B",null],"character_chosen":"SAIYAJIN","items_purchased":["Gambling Chip","Saiyan:UltraInstinct"],"campfire_rested":1,"item_purchase_floors":[21,21],"current_hp_per_floor":[61,62,62,58,58,58,58,58,58,60,60,66,66,67,67,62,75,62,62,62,62,48,48,48,72,72,72,75,75,74,77,77,65,88,67,74,86,91,94,94,77,77,77,72,67,67,74,74,74,77],"gold":454,"neow_bonus":"THREE_CARDS","is_daily":false,"chose_seed":false,"campfire_upgraded":10,"win_rate":0.0,"timestamp":1610223013,"path_taken":["M","M","?","M","?","R","?","R","T","M","R","E","M","?","R","BOSS","M","?","?","$","?","R","?","R","T","R","E","?","M","M","R","BOSS","M","M","M","M","?","R","M","AVR","T","M","M","R","?","?","R","BOSS"],"items_purchased_type":["Relic","Card"],"build_version":"2020-12-22","purchased_purges":0,"victory":true,"max_hp_per_floor":[61,62,62,63,63,63,63,63,63,65,65,66,68,69,69,75,75,76,76,76,76,81,81,81,81,81,81,84,84,85,85,85,88,88,88,88,90,93,94,94,95,95,95,95,98,98,99,99,99,100],"card_choices":[{"not_picked":["Saiyan:MeteorDash","Saiyan:SoulSpice"],"picked":"Saiyan:Scouter","floor":0.0},{"not_picked":["Saiyan:Planning","Saiyan:Expend"],"picked":"Saiyan:Kienzan","floor":1.0},{"not_picked":["Saiyan:Afterimage","Saiyan:KiExplosion"],"picked":"Saiyan:SuperSaiyanForm","floor":2.0},{"not_picked":["Saiyan:BackAttack","Saiyan:SpiritSword"],"picked":"Saiyan:Medicine","floor":4.0},{"not_picked":["Saiyan:DragonRadar","Saiyan:PlotArmor"],"picked":"Saiyan:ExpandingShockwave","floor":10.0},{"not_picked":["Saiyan:PowerPole","Saiyan:SpiritSword"],"picked":"Saiyan:KiStrike","floor":12.0},{"not_picked":["Saiyan:RemoveWeights","Saiyan:KiStrike","Pommel Strike"],"picked":"Saiyan:Medicine","floor":13.0},{"not_picked":["Saiyan:AugmentedBlast","Saiyan:KameHameHa","Heavy Blade"],"picked":"Saiyan:Flurry","floor":14.0},{"not_picked":["Saiyan:MonkeyTail","Saiyan:Momentum","jedi:strikingstrike"],"picked":"Saiyan:SuperSaiyanThree","floor":16.0},{"not_picked":["Saiyan:DoubleMasenko+1","Saiyan:SoulSpice+1","Saiyan:Scouter","jedi:fear"],"picked":"SKIP","floor":18.0},{"not_picked":["infinitespire:FutureSight","hubris:Rewind"],"picked":"infinitespire:Execution","floor":24.0},{"not_picked":["Saiyan:MonkeyTail","Saiyan:Furor","Saiyan:DragonFist"],"picked":"Whirlwind","floor":28.0},{"not_picked":["Saiyan:BigBangAttack","Saiyan:DoubleMasenko+1","Saiyan:KameHameHa","Anger"],"picked":"SKIP","floor":30.0},{"not_picked":["Saiyan:AugmentedBlast","Saiyan:LastResort","Saiyan:PlotArmor"],"picked":"hubris:ReadiedAction","floor":31.0},{"not_picked":["Saiyan:GhostAttack","Saiyan:GenkiDama","Saiyan:SolarFlare"],"picked":"Barricade","floor":33.0},{"not_picked":["Saiyan:DoubleMasenko+1","Saiyan:Overexert+1","Heavy Blade"],"picked":"Saiyan:LastResort+1","floor":35.0},{"not_picked":["Saiyan:KameHameHa+1","Saiyan:WarmUp","Pummel"],"picked":"Saiyan:RemoveWeights+1","floor":36.0},{"not_picked":["Saiyan:Scouter","Saiyan:SpiritSword+1","Saiyan:MeteorDash+1"],"picked":"Sword Boomerang","floor":37.0},{"not_picked":["Saiyan:BackAttack","Saiyan:Flurry+1","Twin Strike"],"picked":"Saiyan:DragonFist+1","floor":38.0},{"not_picked":["Saiyan:FingerParry","Saiyan:WarmUp+1","Dual Wield"],"picked":"Saiyan:BurningSoul","floor":39.0},{"not_picked":["Saiyan:ExpandingShockwave","Saiyan:DoubleMasenko","Saiyan:SaiyanHubris+1"],"picked":"Armaments","floor":41.0},{"not_picked":["Saiyan:DragonFist+1","Saiyan:AugmentedBlast+1","Searing Blow"],"picked":"Saiyan:FingerParry+1","floor":44.0},{"not_picked":["Saiyan:Planning+1","Saiyan:BigBangAttack","Saiyan:PlotArmor","Power Through"],"picked":"SKIP","floor":45.0},{"not_picked":["Saiyan:PlotArmor","Saiyan:SaiyanHubris","Searing Blow"],"picked":"Saiyan:SuperSaiyanThree","floor":47}],"player_experience":3238926,"relics_obtained":[{"floor":9.0,"key":"infinitespire:Satchel"},{"floor":12.0,"key":"hubris:DisguiseKit"},{"floor":26.0,"key":"hubris:SlimyHat"},{"floor":28.0,"key":"hubris:Zylophone"},{"floor":29.0,"key":"Blue Candle"},{"floor":43.0,"key":"jedi:arcanewood"},{"floor":47,"key":"Thread and Needle"},{"floor":48,"key":"Bottled Tornado"}],"event_choices":[{"damage_healed":0.0,"max_hp_gain":0.0,"max_hp_loss":0.0,"gold_gain":0.0,"event_name":"Big Fish","player_choice":"Box","floor":3.0,"gold_loss":0.0,"damage_taken":0.0,"relics_obtained":["jedi:HeartOfTheCards"],"cards_obtained":["Regret"]},{"damage_healed":0.0,"max_hp_gain":0.0,"max_hp_loss":0.0,"gold_gain":0.0,"event_name":"Shining Light","player_choice":"Ignored","floor":5.0,"gold_loss":0.0,"damage_taken":0.0},{"damage_healed":0.0,"max_hp_gain":0.0,"max_hp_loss":0.0,"gold_gain":65.0,"event_name":"Golden Wing","player_choice":"Gained Gold","floor":7.0,"gold_loss":0.0,"damage_taken":0.0},{"damage_healed":0.0,"max_hp_gain":0.0,"max_hp_loss":0.0,"gold_gain":0.0,"event_name":"Drug Dealer","player_choice":"Inject Mutagens","floor":19.0,"gold_loss":0.0,"damage_taken":0.0,"relics_obtained":["MutagenicStrength"]},{"damage_healed":0.0,"max_hp_gain":5.0,"max_hp_loss":0.0,"gold_gain":0.0,"event_name":"Forgotten Altar","player_choice":"Shed Blood","floor":22.0,"gold_loss":0.0,"damage_taken":19.0},{"damage_healed":0,"gold_gain":0,"player_choice":"Fight","damage_taken":0,"max_hp_gain":0,"max_hp_loss":0,"event_name":"MindBloom","floor":47,"gold_loss":0}],"is_beta":false,"boss_relics":[{"not_picked":["Runic Dome","Sozu"],"picked":"Empty Cage"},{"not_picked":["Pandora\u0027s Box","jedi:paperlyon"],"picked":"SacredBark"}],"items_purged_floors":[],"is_endless":false,"potions_floor_spawned":[4,12,13,14,16,30,35,41,44,47],"ascension_level":0}}