{"host":"z9grmtg2w0nmz8n1","time":1610175209,"event":{"mods":["Aspiration","Bard","BaseMod","Beaked The Cultist","Better Altar","Better Match","Better Note","Better Sensory Stone","Better Skull","Better Third Choice","BetterRewards","CCEM","Colored Map","Conspire","Downfall","GifTheSpireLib","Googly Eyes","Halation","Hermit","Highlight Path","Hubris","Hunter ??","Jedi Mod","Jorbs\u0027s Wanderer Trilogy","Mad Scientist","Marisa????????","Minty Spire (QoL Compilation)","Permanent Neow","Replay The Spire","Shade Mod","Shop Mod","Spicy Shops","StSLib","Stuff the Spire","The Bug Knight","The Construct","The Necromancer","The Runesmith","The Witch"],"gold_per_floor":[119,44,44,54,54,86,99,128,128,128,144,177,192,212,212,212,212],"floor_reached":16,"playtime":644,"items_purged":["Strike_B"],"score":128,"play_id":"104f1f93-f1ef-4148-8890-3cd9ba089da9","local_time":"20210109045329","is_ascension_mode":true,"campfire_choices":[{"floor":10,"key":"REST"},{"floor":15,"key":"REST"}],"circlet_count":0,"master_deck":["Strike_B","Strike_B","Strike_B","Defend_B","Defend_B","Defend_B","Defend_B","Zap","Dualcast","Sweeping Beam","Go for the Eyes","Streamline","jedi:BurstFrost","ReplayGash","Conserve Battery"],"relics":["Cracked Core","StuffTheSpire:GrapeVine","CultistMask","CCEMRelics:GrindingGear","Golden Egg"],"acts_visited":["Exordium"],"potions_floor_usage":[14,16],"damage_taken":[{"damage":0,"enemies":"Small Slimes","floor":1,"turns":3},{"damage":0,"enemies":"Cultist","floor":4,"turns":3},{"damage":26,"enemies":"Lagavulin","floor":6,"turns":6},{"damage":0,"enemies":"Jaw Worm","floor":7,"turns":3},{"damage":23,"enemies":"3 Sentries","floor":8,"turns":6},{"damage":0,"enemies":"3 Louse","floor":11,"turns":2},{"damage":32,"enemies":"Lagavulin","floor":12,"turns":7},{"damage":0,"enemies":"Large Slime","floor":13,"turns":3},{"damage":9,"enemies":"Exordium Thugs","floor":14,"turns":6},{"damage":30,"enemies":"Hexaghost","floor":16,"turns":9}],"seed_played":"7781036201984886419","potions_obtained":[{"floor":6,"key":"Guardian:BlockOnCardUsePotion"},{"floor":8,"key":"Elixir"},{"floor":12,"key":"jedi:hoardpotion"},{"floor":14,"key":"SpeedPotion"}],"is_trial":false,"path_per_floor":["M","$","?","M","$","E","M","E","T","R","M","E","M","M","R","B"],"character_chosen":"DEFECT","items_purchased":[],"campfire_rested":2,"item_purchase_floors":[],"current_hp_per_floor":[75,75,75,75,75,49,49,26,26,48,48,16,16,7,29,0,0],"gold":212,"neow_bonus":"RANDOM_COMMON_RELIC","is_daily":false,"chose_seed":false,"campfire_upgraded":0,"win_rate":0.0,"timestamp":1610175209,"path_taken":["M","$","?","?","$","E","M","E","T","R","M","E","M","M","R","BOSS"],"items_purchased_type":[],"build_version":"2020-12-22","purchased_purges":1,"victory":false,"max_hp_per_floor":[75,75,75,75,75,75,75,75,75,75,75,75,75,75,75,75,75],"card_choices":[{"not_picked":["Leap","StuffTheSpire:Plugnplay"],"picked":"Sweeping Beam","floor":1},{"not_picked":["StuffTheSpire:Plugnplay","Cold Snap"],"picked":"Go for the Eyes","floor":4},{"not_picked":["jedi:sharpshooter","Tempest"],"picked":"Streamline","floor":6},{"not_picked":["FIFO Queue","StuffTheSpire:ShieldGenerator","Stack"],"picked":"SKIP","floor":7},{"not_picked":["Double Energy","jedi:blockon","aspiration:Polymerization"],"picked":"SKIP","floor":8},{"not_picked":["StuffTheSpire:LoadUp","Turbo"],"picked":"jedi:BurstFrost","floor":11},{"not_picked":["Glacier","Steam Power"],"picked":"ReplayGash","floor":12},{"not_picked":["Stack","Ball Lightning"],"picked":"Conserve Battery","floor":13},{"not_picked":["Barrage","Hologram","Beam Cell"],"picked":"SKIP","floor":14}],"player_experience":819924,"relics_obtained":[{"floor":8,"key":"CCEMRelics:GrindingGear"},{"floor":12,"key":"Golden Egg"}],"event_choices":[{"damage_healed":0,"gold_gain":0,"player_choice":"Trade","damage_taken":0,"relics_obtained":["CultistMask"],"max_hp_gain":0,"max_hp_loss":0,"event_name":"FaceTrader","floor":3,"gold_loss":0}],"is_beta":false,"boss_relics":[],"items_purged_floors":[2],"is_endless":false,"potions_floor_spawned":[6,8,12,14],"killed_by":"Hexaghost","ascension_level":1}}