{"host":"4xbhwjx2nm97byac","time":1610231683,"event":{"mods":["BaseMod","Hubris","Minty Spire (QoL Compilation)","Replay The Spire","StSLib"],"gold_per_floor":[210,210,210,210,135,135,153,173,173,199,199,99,99,114,114,214,214],"floor_reached":16,"playtime":758,"items_purged":["Strike_R","Strike_R"],"score":181,"play_id":"2b230ddf-ae59-477e-81ec-799f7c8f4f88","local_time":"20210109163443","is_ascension_mode":true,"campfire_choices":[{"floor":6,"key":"REST"},{"floor":13,"key":"REST"},{"floor":15,"key":"REST"}],"circlet_count":0,"master_deck":["AscendersBane","Strike_R+1","Strike_R","Defend_R","Defend_R+1","Defend_R","Bash","Replay:Undeath\u0027s Touch","ReplayTheSpireMod:Muscle Training+1","Armaments","Thunderclap","Whirlwind","Replay:Undeath\u0027s Touch"],"relics":["Replay:Wanted Poster","hubris:Icosahedron","Question Card","hubris:SlimyHat"],"acts_visited":["Exordium"],"potions_floor_usage":[14,16],"damage_taken":[{"damage":12,"enemies":"2 Louse","floor":1,"turns":4},{"damage":9,"enemies":"Jaw Worm","floor":7,"turns":4},{"damage":6,"enemies":"Small Slimes","floor":8,"turns":3},{"damage":30,"enemies":"Replay:BlueRogue","floor":10,"turns":5},{"damage":10,"enemies":"2 Fungi Beasts","floor":14,"turns":3},{"damage":59,"enemies":"Fading Forest","floor":16,"turns":9}],"seed_played":"-8976910889421219773","potions_obtained":[{"floor":1,"key":"Strength Potion"},{"floor":10,"key":"Weak Potion"}],"is_trial":false,"path_per_floor":["M","?","?","?","$","R","M","M","T","E","?","$","R","M","R","B"],"character_chosen":"IRONCLAD","items_purchased":[],"campfire_rested":3,"item_purchase_floors":[],"current_hp_per_floor":[56,56,33,33,33,55,46,40,40,10,10,10,32,22,44,0,0],"gold":214,"neow_bonus":"BOSS_RELIC","is_daily":false,"chose_seed":false,"campfire_upgraded":0,"win_rate":0.0,"timestamp":1610231683,"path_taken":["M","?","?","?","$","R","M","M","T","E","?","$","R","M","R","BOSS"],"items_purchased_type":[],"build_version":"2020-12-22","purchased_purges":2,"victory":false,"max_hp_per_floor":[75,75,75,75,75,75,75,75,75,75,75,75,75,75,75,75,75],"card_choices":[{"not_picked":["Sentinel","Run Through"],"picked":"Replay:Undeath\u0027s Touch","floor":1},{"not_picked":["Flex","Life Link"],"picked":"Armaments","floor":7},{"not_picked":["Abandon","Cleave"],"picked":"Thunderclap","floor":8},{"not_picked":["Cleave","Iron Wave","Thunderclap"],"picked":"Whirlwind","floor":10},{"not_picked":["Defy Death","Life Link","Pommel Strike"],"picked":"Replay:Undeath\u0027s Touch","floor":14}],"player_experience":454945,"relics_obtained":[{"floor":9,"key":"Question Card"},{"floor":10,"key":"hubris:SlimyHat"}],"event_choices":[{"damage_healed":0,"gold_gain":0,"player_choice":"Entered Light","damage_taken":23,"max_hp_gain":0,"max_hp_loss":0,"event_name":"Shining Light","floor":3,"gold_loss":0,"cards_upgraded":["Strike_R","Defend_R"]}],"is_beta":false,"boss_relics":[],"items_purged_floors":[5,12],"is_endless":false,"potions_floor_spawned":[1,10],"killed_by":"Fading Forest","ascension_level":17}}