{"host":"ij84le5dz5iaw1mq","time":1610179739,"event":{"mods":["AchievementEnabler","BaseMod","Better Altar","Better Match","Better Note","Better Sensory Stone","Better Skull","Better Third Choice","BetterRewards","Colored Map","Colored Powertips","DeckTracker","Downfall","Hermit","Hubris","Infinite Spire","Minty Spire (QoL Compilation)","Permanent Neow","Quick Restart","Rare Cards Sparkle","Replay The Spire","Shop Mod","StSLib","The Cursed","The Disciple","The Elementalist","The Runesmith","The Spell Scribe"],"gold_per_floor":[118,137,153,4,49,49,19,49,49,49,68,68,81,81,81,204,204,204,204],"floor_reached":18,"playtime":1196,"items_purged":["Runesmith:Strike_RS"],"score":160,"play_id":"2503c39d-20fb-4e8a-abd6-b1fa39ddb26b","local_time":"20210109030859","is_ascension_mode":false,"campfire_choices":[{"data":"Runesmith:LithiumIon","floor":6.0,"key":"SMITH"},{"floor":10.0,"key":"REST"},{"data":"Runesmith:CraftMagma","floor":12.0,"key":"SMITH"},{"floor":15,"key":"REST"}],"circlet_count":0,"master_deck":["Runesmith:Strike_RS","Runesmith:Strike_RS","Runesmith:Defend_RS","Runesmith:Defend_RS","Runesmith:Defend_RS","Runesmith:Defend_RS","Runesmith:CraftFirestone","Runesmith:Fortify","Runesmith:EnergizedChisel","Runesmith:LithiumIon+1","Runesmith:CraftMagma+1","Runesmith:RuneHurl","Runesmith:NegativeSpace","Runesmith:Supernova"],"relics":["Runesmith:BrokenRuby","PreservedInsect","Bag of Marbles","Golden Idol"],"acts_visited":["Exordium","TheCity"],"potions_floor_usage":[16],"damage_taken":[{"damage":0.0,"enemies":"Cultist","floor":1.0,"turns":4.0},{"damage":0.0,"enemies":"Small Slimes","floor":2.0,"turns":4.0},{"damage":0.0,"enemies":"2 Louse","floor":3.0,"turns":4.0},{"damage":0.0,"enemies":"Looter","floor":7.0,"turns":4.0},{"damage":23.0,"enemies":"3 Sentries","floor":8.0,"turns":7.0},{"damage":12.0,"enemies":"Exordium Thugs","floor":11.0,"turns":7.0},{"damage":54.0,"enemies":"Gremlin Gang","floor":13.0,"turns":5.0},{"damage":18,"enemies":"Hexaghost","floor":16,"turns":11},{"damage":0,"enemies":"2 Thieves","floor":18,"turns":1}],"seed_played":"5922078729815120630","potions_obtained":[{"floor":1.0,"key":"Slimebound:ThreeZeroPotion"},{"floor":2.0,"key":"Adrenaline Potion"},{"floor":13.0,"key":"SkillPotion"},{"floor":16,"key":"AttackPotion"}],"is_trial":false,"path_per_floor":["M","M","M","$","T","R","M","E","T","R","M","R","M","?","R","B",null,"M"],"character_chosen":"RUNESMITH_CLASS","items_purchased":["Runesmith:LithiumIon"],"campfire_rested":2,"item_purchase_floors":[4],"current_hp_per_floor":[70,70,70,70,70,70,70,47,47,68,56,56,2,2,21,3,65,65,65],"gold":204,"neow_bonus":"REMOVE_CARD","is_daily":false,"chose_seed":false,"campfire_upgraded":2,"win_rate":0.0,"timestamp":1610179739,"path_taken":["M","M","M","$","?","R","M","E","T","R","M","R","M","?","R","BOSS","M"],"items_purchased_type":["Card"],"build_version":"2020-12-22","purchased_purges":1,"victory":false,"max_hp_per_floor":[70,70,70,70,70,70,70,70,70,70,70,70,70,65,65,65,65,65,65],"card_choices":[{"not_picked":["Runesmith:MakeshiftArmor","Runesmith:ShiftingStrike"],"picked":"Runesmith:EnergizedChisel","floor":1.0},{"not_picked":["Runesmith:Superposition","Runesmith:Overpower","Runesmith:WhiteBalance"],"picked":"SKIP","floor":2.0},{"not_picked":["Runesmith:HeatExchange","Runesmith:Overpower","Runesmith:Electrocute"],"picked":"SKIP","floor":3.0},{"not_picked":["Runesmith:PerfectChisel","Runesmith:RuneHurl"],"picked":"Runesmith:CraftMagma","floor":7.0},{"not_picked":["Runesmith:MakeshiftArmor","Runesmith:HeatExchange","Runesmith:StaticCage"],"picked":"SKIP","floor":8.0},{"not_picked":["Runesmith:Augment","Runesmith:HeatExchange"],"picked":"Runesmith:RuneHurl","floor":11.0},{"not_picked":["Runesmith:ChaoticBlast","Runesmith:CraftVitae"],"picked":"Runesmith:NegativeSpace","floor":13.0},{"not_picked":["Runesmith:CraftMedicinae","Runesmith:MetallurgicalResearch"],"picked":"Runesmith:Supernova","floor":16}],"player_experience":136658,"relics_obtained":[{"floor":5.0,"key":"PreservedInsect"},{"floor":8.0,"key":"Bag of Marbles"}],"event_choices":[{"damage_healed":0.0,"max_hp_gain":0.0,"max_hp_loss":5.0,"gold_gain":0.0,"event_name":"Golden Idol","player_choice":"Lose Max HP","floor":14.0,"gold_loss":0.0,"damage_taken":0.0,"relics_obtained":["Golden Idol"]}],"is_beta":false,"boss_relics":[{"not_picked":["Ectoplasm","Replay:Bronze Core","hubris:CrackedHourglass"]}],"items_purged_floors":[4],"is_endless":false,"potions_floor_spawned":[1,2,13,16],"killed_by":"2 Thieves","ascension_level":0}}