{"host":"ct28ocsd8g8yr2ah","time":1610192308,"event":{"mods":["BaseMod","Better Third Choice","Hermit","Marisa????????","Minty Spire (QoL Compilation)","Remilia??????","StSLib","The Animator","The Gatherer","The Servant 0.9.4","Waifu the Spire"],"gold_per_floor":[113,131,56,56,71,104,104,116,116,135,151,51,51,70,70,166,166,176,176,51,61,78,78,78,78],"floor_reached":24,"playtime":960,"items_purged":["Strike_MRS","Strike_MRS","Strike_MRS"],"score":200,"play_id":"b1f26287-619d-49bd-b2bc-80da6b640569","local_time":"20210109163828","is_ascension_mode":false,"campfire_choices":[{"data":"DoubleSpark","floor":7,"key":"SMITH"},{"floor":13,"key":"REST"},{"data":"ChargingUp","floor":15,"key":"SMITH"},{"floor":23,"key":"REST"}],"circlet_count":0,"master_deck":["Defend_MRS","Defend_MRS","Defend_MRS","Defend_MRS","MasterSpark","UpSweep","PulseMagic","WitchLeyline","DoubleSpark+1","MachineGunSpark","MillisecondPulsars","SprinkleStarSeal","PulseMagic","ChargingUp+1","AbsoluteMagnitude","DoubleSpark","PropBag+1"],"relics":["MiniHakkero","Akabeko","Bag of Marbles","Velvet Choker","Gremlin Horn"],"acts_visited":["Exordium","TheCity"],"potions_floor_usage":[6,16,16],"damage_taken":[{"damage":3,"enemies":"2 Louse","floor":1,"turns":3},{"damage":13,"enemies":"Jaw Worm","floor":2,"turns":2},{"damage":2,"enemies":"Small Slimes","floor":5,"turns":3},{"damage":28,"enemies":"Lagavulin","floor":6,"turns":4},{"damage":13,"enemies":"3 Louse","floor":8,"turns":2},{"damage":3,"enemies":"Red Slaver","floor":10,"turns":2},{"damage":2,"enemies":"Exordium Thugs","floor":11,"turns":3},{"damage":2,"enemies":"Looter","floor":14,"turns":2},{"damage":50,"enemies":"The Guardian","floor":16,"turns":9},{"damage":10,"enemies":"Shell Parasite","floor":18,"turns":2},{"damage":9,"enemies":"3 Byrds","floor":21,"turns":5},{"damage":16,"enemies":"3 Cultists","floor":22,"turns":4},{"damage":75,"enemies":"Gremlin Leader","floor":24,"turns":6}],"seed_played":"9168819256520030002","potions_obtained":[{"floor":2,"key":"BottledSpark"},{"floor":10,"key":"Regen Potion"},{"floor":14,"key":"FearPotion"}],"is_trial":false,"path_per_floor":["M","M","$","?","M","E","R","M","T","M","M","$","R","M","R","B",null,"M","?","$","M","M","R","E"],"character_chosen":"MARISA","items_purchased":[],"campfire_rested":2,"item_purchase_floors":[],"current_hp_per_floor":[72,59,59,64,62,34,34,21,21,18,16,16,40,38,38,3,80,70,70,70,61,45,69,0,0],"gold":78,"neow_bonus":"TRANSFORM_CARD","is_daily":false,"chose_seed":false,"campfire_upgraded":2,"win_rate":0.0,"timestamp":1610192308,"path_taken":["M","M","$","?","M","E","R","M","T","M","M","?","R","M","R","BOSS","M","?","$","M","M","R","E"],"items_purchased_type":[],"build_version":"2020-12-22","purchased_purges":3,"victory":false,"max_hp_per_floor":[75,75,75,80,80,80,80,80,80,80,80,80,80,80,80,80,80,80,80,80,80,80,80,80,80],"card_choices":[{"not_picked":["GravityBeat","IllusionStar"],"picked":"WitchLeyline","floor":1},{"not_picked":["EventHorizon","ShootTheMoon"],"picked":"DoubleSpark","floor":2},{"not_picked":["Orbital","MilkyWay"],"picked":"MachineGunSpark","floor":5},{"not_picked":["DC","OrrerysSun"],"picked":"MillisecondPulsars","floor":6},{"not_picked":["MysteriousBeam","GalacticHalo"],"picked":"SprinkleStarSeal","floor":8},{"not_picked":["UnstableBomb","MagicAbsorber"],"picked":"PulseMagic","floor":10},{"not_picked":["AsteroidBelt","UnstableBomb","GravityBeat"],"picked":"SKIP","floor":11},{"not_picked":["ShootingEcho","EnergyRecoil"],"picked":"ChargingUp","floor":14},{"not_picked":["JA","BinaryStars"],"picked":"AbsoluteMagnitude","floor":16},{"not_picked":["SporeBomb","6A","DarkSpark"],"picked":"SKIP","floor":18},{"not_picked":["AsteroidBelt","ManaConvection","UnstableBomb+1"],"picked":"SKIP","floor":21},{"not_picked":["ShootingEcho","PowerUp"],"picked":"PropBag+1","floor":22}],"player_experience":502819,"relics_obtained":[{"floor":6,"key":"Akabeko"},{"floor":9,"key":"Bag of Marbles"}],"event_choices":[{"damage_healed":0,"gold_gain":0,"player_choice":"Donut","damage_taken":0,"max_hp_gain":5,"max_hp_loss":0,"event_name":"Big Fish","floor":4,"gold_loss":0},{"damage_healed":0,"gold_gain":0,"player_choice":"Read","damage_taken":0,"max_hp_gain":0,"max_hp_loss":0,"event_name":"The Library","floor":19,"gold_loss":0,"cards_obtained":["DoubleSpark"]}],"is_beta":false,"boss_relics":[{"not_picked":["Astrolabe","Runic Pyramid"],"picked":"Velvet Choker"}],"items_purged_floors":[3,12,20],"is_endless":false,"potions_floor_spawned":[2,10,14],"killed_by":"Gremlin Leader","ascension_level":0}}