{"host":"e4wnmsyty9uvvtwf","time":1610183309,"event":{"mods":["Aspiration","BaseMod","Colored Map","Colored Powertips","Minty Spire (QoL Compilation)","Rare Cards Sparkle","Remilia£®¿Ÿ√◊¿Ú—«£©","Replay The Spire","StSLib"],"gold_per_floor":[119,131,27,46,58,58,90,90,90,165,196,119,119,134,134,237,237,253,98,98,118,43,74,90,125,125,135,169,184,198,211,211,306,306,326,326,339,349,364,394,394,421,445,471,482,482,113,124,124,124,124,124,52,82,82],"floor_reached":56,"playtime":2747,"items_purged":["Pain","NightDance"],"score":1520,"play_id":"44b889a8-1e88-4939-97c3-f7f66e3d6a49","local_time":"20210109170829","is_ascension_mode":true,"campfire_choices":[{"data":"RedMoon","floor":6,"key":"SMITH"},{"data":"VampireClaw","floor":13,"key":"SMITH"},{"data":"ChainGang","floor":15,"key":"SMITH"},{"data":"ScarletDream","floor":32,"key":"SMITH"},{"floor":41,"key":"RECALL"},{"data":"HeartBreak","floor":46,"key":"SMITH"},{"data":"BatForm","floor":49,"key":"SMITH"},{"data":"Maim","floor":52,"key":"SMITH"}],"circlet_count":0,"master_deck":["Strike_RM","Strike_RM","Strike_RM","Strike_RM+1","Defend_RM+1","Defend_RM","Defend_RM+1","Defend_RM","RedMoon+1","ScarletShoot","StarOfDavid","HunterOfTheNight","AfternoonTea","RedRainbow","ScarletDevilSign","VampireFantasy","ChaoticDestiny+1","ChainGang+1","VampireClaw+1","VampireKiss","HeartBreak+1","ScarletDream+1","NightLord","LeisurelyOfLord+1","UnstableMagic+1","BloodHunter+1","VampireKiss+1","Maim+1","HellCatastrophe+1","VampireClaw+1","NightLord+1","ScarletImprint+1","VampireSweep+1","Stigmanizer+1","BatForm+1","GlobalNightmare+1","Stigmanizer+1","AfternoonTea","UnstableMagic","ChainGang+1","FitfulNightmare","ScarletCoffin+1"],"relics":["ScarletHat","Mercury Hourglass","ReplayTheSpireMod:Lightbulb","aspiration:ChemicalBlood","Painkiller Herb","Replay:Baseball","WarpedTongs","Happy Flower","Snack Pack","Orichalcum","Molten Egg 2","Honey Jar","War Paint","Kunai","Bag of Marbles","ReplayTheSpireMod:TigerMarble","Potion Belt","Letter Opener"],"acts_visited":["Exordium","TheCity","TheBeyond","TheEnding"],"potions_floor_usage":[42,44,55,55,55,55,55,55,55],"damage_taken":[{"damage":0,"enemies":"Cultist","floor":1,"turns":4},{"damage":5,"enemies":"Small Slimes","floor":2,"turns":3},{"damage":0,"enemies":"2 Louse","floor":4,"turns":4},{"damage":0,"enemies":"Blue Slaver","floor":5,"turns":2},{"damage":8,"enemies":"Lagavulin","floor":7,"turns":9},{"damage":0,"enemies":"Gremlin Nob","floor":11,"turns":3},{"damage":0,"enemies":"3 Louse","floor":14,"turns":3},{"damage":11,"enemies":"Slime Boss","floor":16,"turns":7},{"damage":2,"enemies":"2 Thieves","floor":18,"turns":3},{"damage":4,"enemies":"Shell Parasite","floor":21,"turns":5},{"damage":6,"enemies":"Replay:Snechameleon","floor":23,"turns":6},{"damage":7,"enemies":"Shelled Parasite and Fungi","floor":24,"turns":4},{"damage":21,"enemies":"Book of Stabbing","floor":25,"turns":4},{"damage":0,"enemies":"Cultist and Chosen","floor":27,"turns":4},{"damage":0,"enemies":"Slavers","floor":28,"turns":3},{"damage":0,"enemies":"Sentry and Sphere","floor":29,"turns":1},{"damage":1,"enemies":"Snecko","floor":30,"turns":6},{"damage":0,"enemies":"3 Cultists","floor":31,"turns":2},{"damage":43,"enemies":"Automaton","floor":33,"turns":8},{"damage":0,"enemies":"3 Darklings","floor":35,"turns":2},{"damage":0,"enemies":"Orb Walker","floor":37,"turns":2},{"damage":50,"enemies":"Transient","floor":38,"turns":5},{"damage":0,"enemies":"4 Shapes","floor":39,"turns":2},{"damage":5,"enemies":"Nemesis","floor":40,"turns":5},{"damage":30,"enemies":"Reptomancer","floor":42,"turns":5},{"damage":6,"enemies":"Nemesis","floor":44,"turns":3},{"damage":11,"enemies":"Writhing Mass","floor":45,"turns":6},{"damage":0,"enemies":"Jaw Worm Horde","floor":48,"turns":1},{"damage":31,"enemies":"Replay:Hell Engine","floor":50,"turns":9},{"damage":31,"enemies":"Shield and Spear","floor":54,"turns":4},{"damage":54,"enemies":"The Heart","floor":55,"turns":8}],"seed_played":"3668826202252119794","potions_obtained":[{"floor":4,"key":"LiquidBronze"},{"floor":5,"key":"Strength Potion"},{"floor":11,"key":"Venom Potion"},{"floor":14,"key":"Block Potion"},{"floor":21,"key":"AttackPotion"},{"floor":23,"key":"AttackPotion"},{"floor":25,"key":"Block Potion"},{"floor":33,"key":"Block Potion"},{"floor":35,"key":"Weak Potion"},{"floor":39,"key":"Swift Potion"},{"floor":39,"key":"Fire Potion"},{"floor":42,"key":"Energy Potion"},{"floor":42,"key":"Strength Potion"},{"floor":45,"key":"SkillPotion"},{"floor":54,"key":"Weak Potion"}],"is_trial":false,"path_per_floor":["M","M","$","M","M","R","E","?","T","?","E","$","R","M","R","B",null,"?","T","?","?","T","E","?","E","T","?","E","?","?","?","T","B",null,"?","?","?","?","?","E","T","E","T","E","?","T","T","?","T","B",null,"T","T","E","B",null],"character_chosen":"REMILIA","items_purchased":["AfternoonTea","RedRainbow","VampireClaw","Replay:Baseball","Potion Belt","AfternoonTea","UnstableMagic","FitfulNightmare"],"campfire_rested":0,"item_purchase_floors":[3,3,12,19,47,47,47,53],"current_hp_per_floor":[75,72,72,72,73,73,72,56,56,45,49,49,49,49,49,47,73,73,73,73,77,77,79,84,69,69,85,91,93,102,102,102,83,97,101,101,105,72,80,89,89,83,83,99,108,108,108,113,113,117,117,117,117,94,122],"gold":82,"neow_bonus":"TEN_PERCENT_HP_BONUS","is_daily":false,"chose_seed":false,"campfire_upgraded":7,"win_rate":0.0,"timestamp":1610183309,"path_taken":["M","?","?","M","M","R","E","?","T","?","E","?","R","M","R","BOSS","?","T","?","?","T","E","?","E","T","?","E","?","?","?","T","BOSS","?","?","?","?","?","E","T","E","T","E","?","T","T","?","T","BOSS","T","T","E","BOSS"],"items_purchased_type":["Card","Card","Card","Relic","Relic","Card","Card","Card"],"build_version":"2020-12-22","purchased_purges":2,"victory":true,"max_hp_per_floor":[82,82,82,82,82,82,82,82,82,82,82,82,82,82,82,82,82,82,82,82,86,86,90,94,94,94,98,98,98,102,102,102,102,102,102,102,105,105,105,109,109,109,109,113,117,117,117,117,117,117,117,117,117,117,122],"card_choices":[{"not_picked":["Stigmanizer","FitfulNightmare"],"picked":"StarOfDavid","floor":1},{"not_picked":["BloodHunter","StarOfDavid"],"picked":"HunterOfTheNight","floor":2},{"not_picked":["UnstableMagic","ForbiddenFruit"],"picked":"ScarletDevilSign","floor":4},{"not_picked":["ScarletDevil","MillenniumVampire"],"picked":"VampireFantasy","floor":5},{"not_picked":["Maim","CharismaGuard"],"picked":"ChaoticDestiny","floor":7},{"not_picked":["Stigmanizer","UnstableMagic"],"picked":"ChainGang","floor":11},{"not_picked":["BloodyMagicSquare","DiffusionOfMisfortune"],"picked":"VampireKiss","floor":14},{"not_picked":["CurseOfVladTepes","BatForm"],"picked":"HeartBreak","floor":16},{"not_picked":["FavorOfDestiny","DevilSight"],"picked":"ScarletDream","floor":18},{"not_picked":["UnstableMagic","ScarletImprint"],"picked":"NightLord","floor":21},{"not_picked":["MastersStateliness+1","BloodHunter"],"picked":"LeisurelyOfLord+1","floor":23},{"not_picked":["BlasphemousPunishment","NightDance"],"picked":"UnstableMagic+1","floor":24},{"not_picked":["ScarletDevil+1","BombardNight"],"picked":"NightDance","floor":25},{"not_picked":["ForbiddenFruit","UnderTheZenith"],"picked":"BloodHunter+1","floor":27},{"not_picked":["ScarletDevil+1","BloodyHallows"],"picked":"VampireKiss+1","floor":28},{"not_picked":["ReincarnationDial+1","BlasphemousPunishment"],"picked":"Maim","floor":29},{"not_picked":["BlasphemousPunishment","BombardNight+1","BadLadyScramble+1"],"picked":"SKIP","floor":30},{"not_picked":["EndlessAdversity+1","CharismaGuard","Stigmanizer+1"],"picked":"SKIP","floor":31},{"not_picked":["ChaoticDestiny","BloodyHallows"],"picked":"HellCatastrophe+1","floor":33},{"not_picked":["RedMagic+1","VampireKiss+1","BloodyMagicSquare+1"],"picked":"VampireClaw+1","floor":35},{"not_picked":["CharismaGuard","FavorOfDestiny","VampireClaw+1"],"picked":"NightLord+1","floor":37},{"not_picked":["CharismaGuard+1","RedMagic+1","VampirishNight"],"picked":"ScarletImprint+1","floor":38},{"not_picked":["VampireKiss+1","UnstableMagic","BlasphemousPunishment+1"],"picked":"VampireSweep+1","floor":39},{"not_picked":["VampireKiss+1","RedMagic","KillingBlow+1"],"picked":"Stigmanizer+1","floor":40},{"not_picked":["BombardNight+1","BlasphemousPunishment","MastersStateliness"],"picked":"BatForm","floor":42},{"not_picked":["UnderTheZenith","NightDance+1","RedRainbow+1"],"picked":"GlobalNightmare+1","floor":44},{"not_picked":["CharismaGuard","ReincarnationDial","UltimateOffering+1"],"picked":"Stigmanizer+1","floor":45},{"not_picked":["ScarletGensokyo+1","LeisurelyOfLord+1","RedMagic+1"],"picked":"ChainGang+1","floor":48},{"not_picked":["Maim+1","BlasphemousPunishment+1","UnderTheZenith+1"],"picked":"ScarletCoffin+1","floor":54}],"player_experience":546261,"relics_obtained":[{"floor":7,"key":"Mercury Hourglass"},{"floor":9,"key":"ReplayTheSpireMod:Lightbulb"},{"floor":11,"key":"aspiration:ChemicalBlood"},{"floor":23,"key":"Happy Flower"},{"floor":25,"key":"Snack Pack"},{"floor":26,"key":"Orichalcum"},{"floor":28,"key":"Molten Egg 2"},{"floor":40,"key":"Kunai"},{"floor":42,"key":"Bag of Marbles"},{"floor":44,"key":"ReplayTheSpireMod:TigerMarble"},{"floor":54,"key":"Letter Opener"}],"event_choices":[{"damage_healed":0,"gold_gain":0,"player_choice":"Entered Light","damage_taken":16,"max_hp_gain":0,"max_hp_loss":0,"event_name":"Shining Light","floor":8,"gold_loss":0,"cards_upgraded":["ChaoticDestiny","Strike_RM"]},{"damage_healed":0,"gold_gain":75,"player_choice":"Gather Gold","damage_taken":11,"max_hp_gain":0,"max_hp_loss":0,"event_name":"World of Goop","floor":10,"gold_loss":0},{"damage_healed":0,"gold_gain":0,"player_choice":"Rummage","damage_taken":0,"relics_obtained":["WarpedTongs"],"max_hp_gain":0,"max_hp_loss":0,"event_name":"Accursed Blacksmith","floor":20,"gold_loss":0,"cards_obtained":["Pain"]},{"damage_healed":0,"gold_gain":0,"player_choice":"Gave Potion","damage_taken":0,"relics_obtained":["War Paint"],"max_hp_gain":0,"max_hp_loss":0,"event_name":"WeMeetAgain","floor":36,"gold_loss":0}],"is_beta":false,"boss_relics":[{"not_picked":["Ectoplasm","Replay:Bronze Core"],"picked":"Painkiller Herb"},{"not_picked":["ChewingGum","Sozu"],"picked":"Honey Jar"}],"items_purged_floors":[22,47],"is_endless":false,"potions_floor_spawned":[4,5,11,14,21,23,24,30,33,35,39,42,45],"ascension_level":8}}