{"host":"bxn2em57qlx5u4i0","time":1610232801,"event":{"mods":["BaseMod","Colored Map","Colored Powertips","Highlight Path","Minty Spire (QoL Compilation)","Random Character Button","Relic Sorter","Relic Stats","StSLib","SuperFastMode"],"gold_per_floor":[110,35,54,54,129,129,154,154,154,154,186,197,197,230,230,309,309,326,326,46,117,117,117,137,172,472,497,507,507,507,541,541,619,619,630,170,186,211,222,247,247,262,311,343,363,363,363,391,391,391,391,391,391,84,110,110],"floor_reached":57,"playtime":1882,"items_purged":["Strike_G","Strike_G","Strike_G","Defend_G"],"score":3304,"play_id":"5a1b78b0-77f2-4987-8d43-19df6bc36d36","local_time":"20210109175321","is_ascension_mode":true,"campfire_choices":[{"data":"Catalyst","floor":6.0,"key":"SMITH"},{"data":"Dagger Spray","floor":10.0,"key":"SMITH"},{"data":"Deadly Poison","floor":13.0,"key":"SMITH"},{"data":"Crippling Poison","floor":15.0,"key":"SMITH"},{"data":"Survivor","floor":23.0,"key":"SMITH"},{"floor":30.0,"key":"REST"},{"data":"1","floor":32.0,"key":"LIFT"},{"floor":41,"key":"RECALL"},{"data":"Strike_G","floor":46,"key":"PURGE"},{"data":"Strike_G","floor":49,"key":"PURGE"},{"data":"Defend_G","floor":53,"key":"PURGE"}],"circlet_count":0,"master_deck":["AscendersBane","Defend_G","Defend_G","Defend_G","Survivor+1","Neutralize","Catalyst+1","Poisoned Stab","Deadly Poison+1","Crippling Poison+1","Adrenaline","Crippling Poison+1","Apotheosis","Leg Sweep","Leg Sweep+1","Bullet Time","Bullet Time","Footwork","Catalyst","Wraith Form v2"],"relics":["Ring of the Snake","NeowsBlessing","Odd Mushroom","Anchor","Singing Bowl","Darkstone Periapt","Snecko Eye","Paper Crane","Meat on the Bone","Old Coin","Girya","Nilry\u0027s Codex","Snake Skull","Fusion Hammer","Medical Kit","Happy Flower","Peace Pipe","Ice Cream","Strawberry","Dream Catcher","Bottled Lightning","Lantern","Sundial"],"acts_visited":["Exordium","TheCity","TheBeyond","TheEnding"],"potions_floor_usage":[48,56],"damage_taken":[{"damage":0.0,"enemies":"2 Louse","floor":1.0,"turns":1.0},{"damage":0.0,"enemies":"Jaw Worm","floor":3.0,"turns":1.0},{"damage":0.0,"enemies":"The Mushroom Lair","floor":7.0,"turns":1.0},{"damage":12.0,"enemies":"Lagavulin","floor":11.0,"turns":6.0},{"damage":1.0,"enemies":"Cultist","floor":12.0,"turns":3.0},{"damage":8.0,"enemies":"Gremlin Nob","floor":14.0,"turns":3.0},{"damage":0.0,"enemies":"Slime Boss","floor":16.0,"turns":4.0},{"damage":13.0,"enemies":"Shell Parasite","floor":18.0,"turns":4.0},{"damage":0.0,"enemies":"3 Byrds","floor":24.0,"turns":3.0},{"damage":0.0,"enemies":"Gremlin Leader","floor":25.0,"turns":4.0},{"damage":14.0,"enemies":"Book of Stabbing","floor":27.0,"turns":6.0},{"damage":0.0,"enemies":"Centurion and Healer","floor":28.0,"turns":5.0},{"damage":0.0,"enemies":"Gremlin Leader","floor":31.0,"turns":3.0},{"damage":6.0,"enemies":"Collector","floor":33.0,"turns":6.0},{"damage":2.0,"enemies":"Orb Walker","floor":35.0,"turns":3.0},{"damage":0,"enemies":"3 Shapes","floor":37,"turns":3},{"damage":0,"enemies":"Mind Bloom Boss Battle","floor":38,"turns":5},{"damage":0,"enemies":"Sphere and 2 Shapes","floor":39,"turns":2},{"damage":0,"enemies":"Reptomancer","floor":40,"turns":4},{"damage":0,"enemies":"Jaw Worm Horde","floor":42,"turns":4},{"damage":0,"enemies":"Giant Head","floor":44,"turns":5},{"damage":0,"enemies":"Transient","floor":45,"turns":4},{"damage":3,"enemies":"Reptomancer","floor":48,"turns":6},{"damage":0,"enemies":"Time Eater","floor":50,"turns":13},{"damage":10,"enemies":"Awakened One","floor":51,"turns":15},{"damage":0,"enemies":"Shield and Spear","floor":55,"turns":8},{"damage":28,"enemies":"The Heart","floor":56,"turns":7}],"seed_played":"-2614296139326005034","potions_obtained":[{"floor":3.0,"key":"Poison Potion"},{"floor":12.0,"key":"EssenceOfSteel"},{"floor":14.0,"key":"SkillPotion"},{"floor":16.0,"key":"SteroidPotion"},{"floor":18.0,"key":"SkillPotion"},{"floor":31.0,"key":"ColorlessPotion"},{"floor":35.0,"key":"Fire Potion"},{"floor":48,"key":"SpeedPotion"},{"floor":55,"key":"SkillPotion"}],"is_trial":false,"path_per_floor":["M","$","M","?","?","R","?","T","T","R","E","M","R","E","R","B",null,"M","?","$","T","$","R","M","E","T","E","M","?","R","E","R","B",null,"M","$","M","?","M","E","R","M","T","E","M","R","?","E","R","B","B",null,"R","$","E","B",null],"character_chosen":"THE_SILENT","items_purchased":["Apotheosis","Medical Kit","Happy Flower","Lantern"],"campfire_rested":1,"item_purchase_floors":[20,36,36,54],"current_hp_per_floor":[59,59,59,64,53,53,53,53,53,53,41,40,40,32,32,32,61,50,50,50,50,50,50,52,52,52,40,40,19,42,42,42,48,70,70,70,70,70,72,74,74,76,83,85,87,87,87,84,84,84,74,91,91,91,93,65],"gold":110,"neow_bonus":"THREE_ENEMY_KILL","is_daily":false,"chose_seed":false,"campfire_upgraded":5,"win_rate":0.0,"timestamp":1610232801,"path_taken":["M","$","M","?","?","R","?","?","T","R","E","M","R","E","R","BOSS","M","?","$","?","?","R","M","E","T","E","M","?","R","E","R","BOSS","M","$","M","?","M","E","R","M","T","E","M","R","?","E","R","BOSS","BOSS","R","$","E","BOSS"],"items_purchased_type":["Card","Relic","Relic","Relic"],"build_version":"2020-12-22","purchased_purges":4,"victory":true,"max_hp_per_floor":[66,66,66,71,71,71,71,71,71,71,71,71,71,71,71,71,71,73,73,73,73,73,73,75,75,75,77,77,77,77,77,77,77,77,79,79,79,79,81,83,83,85,92,94,96,96,96,96,96,96,96,96,96,96,98,98],"relic_stats":{"Darkstone Periapt":0,"Singing Bowl":20,"Happy Flower":[25],"counters":[27,129],"Snake Skull":[169],"Medical Kit":[9],"Peace Pipe":3,"Dream Catcher":0,"Sundial":[0],"Snecko Eye":[197,205,208,194],"obtain_stats":[{"Darkstone Periapt":14,"Ice Cream":40,"Girya":27,"Lantern":54,"NeowsBlessing":0,"Singing Bowl":11,"Happy Flower":36,"Nilry\u0027s Codex":29,"Snake Skull":31,"Odd Mushroom":7,"Paper Crane":21,"Medical Kit":36,"Old Coin":26,"Peace Pipe":38,"Anchor":9,"Dream Catcher":44,"Sundial":55,"Strawberry":43,"Snecko Eye":17,"Fusion Hammer":34,"Bottled Lightning":48,"Ring of the Snake":0,"Meat on the Bone":25},{"Darkstone Periapt":6,"Ice Cream":19,"Girya":11,"Lantern":25,"NeowsBlessing":0,"Singing Bowl":4,"Happy Flower":15,"Nilry\u0027s Codex":12,"Snake Skull":13,"Odd Mushroom":3,"Paper Crane":8,"Medical Kit":15,"Old Coin":10,"Peace Pipe":17,"Anchor":3,"Dream Catcher":21,"Sundial":26,"Strawberry":20,"Snecko Eye":7,"Fusion Hammer":14,"Bottled Lightning":23,"Ring of the Snake":0,"Meat on the Bone":10},{"Darkstone Periapt":15,"Ice Cream":67,"Girya":36,"Lantern":114,"NeowsBlessing":0,"Singing Bowl":9,"Happy Flower":53,"Nilry\u0027s Codex":41,"Snake Skull":44,"Odd Mushroom":3,"Paper Crane":23,"Medical Kit":53,"Old Coin":30,"Peace Pipe":61,"Anchor":3,"Dream Catcher":76,"Sundial":122,"Strawberry":71,"Snecko Eye":19,"Fusion Hammer":50,"Bottled Lightning":86,"Ring of the Snake":0,"Meat on the Bone":30}],"Ring of the Snake":[54],"Meat on the Bone":12},"card_choices":[{"not_picked":["Backflip","Deflect"],"picked":"Catalyst","floor":1.0},{"not_picked":["Cloak And Dagger","Choke","Sucker Punch"],"picked":"SKIP","floor":3.0},{"not_picked":["Outmaneuver","Calculated Gamble"],"picked":"Dagger Spray","floor":7.0},{"not_picked":["Choke","Escape Plan"],"picked":"Poisoned Stab","floor":11.0},{"not_picked":["Concentrate","Distraction"],"picked":"Deadly Poison","floor":12.0},{"not_picked":["Grand Finale","All Out Attack"],"picked":"Crippling Poison","floor":14.0},{"not_picked":["Phantasmal Killer","Envenom"],"picked":"Adrenaline","floor":16.0},{"not_picked":["Reflex","Riddle With Holes","PiercingWail"],"picked":"Singing Bowl","floor":18.0},{"not_picked":["Backflip","Predator","Sucker Punch"],"picked":"Singing Bowl","floor":24.0},{"not_picked":["Adrenaline","Dagger Throw"],"picked":"Leg Sweep","floor":25.0},{"not_picked":["Dodge and Roll","Underhanded Strike","Quick Slash"],"picked":"Singing Bowl","floor":27.0},{"not_picked":["Sucker Punch","Setup+1"],"picked":"Leg Sweep+1","floor":28.0},{"not_picked":["Dash","Masterful Stab"],"picked":"Bullet Time","floor":31.0},{"not_picked":["Glass Knife","After Image"],"picked":"Bullet Time","floor":33.0},{"not_picked":["Blade Dance+1","Masterful Stab","Dagger Spray"],"picked":"Singing Bowl","floor":35.0},{"not_picked":["Cloak And Dagger","Skewer"],"picked":"Footwork","floor":37},{"not_picked":["Underhanded Strike+1","Deadly Poison"],"picked":"Catalyst","floor":38},{"not_picked":["PiercingWail+1","Poisoned Stab","Terror"],"picked":"Singing Bowl","floor":39},{"not_picked":["Dagger Spray+1","PiercingWail","Cloak And Dagger"],"picked":"Singing Bowl","floor":40},{"not_picked":["Deflect","Predator+1","Adrenaline"],"picked":"Singing Bowl","floor":42},{"not_picked":["Caltrops","Dagger Spray","Sucker Punch"],"picked":"Singing Bowl","floor":44},{"not_picked":["Infinite Blades","Backstab+1","Bane"],"picked":"Singing Bowl","floor":45},{"not_picked":["Poisoned Stab","Backflip+1"],"picked":"Wraith Form v2","floor":48},{"not_picked":["Deadly Poison","Sucker Punch","Poisoned Stab"],"picked":"Singing Bowl","floor":55}],"player_experience":2899527,"relics_obtained":[{"floor":7.0,"key":"Odd Mushroom"},{"floor":9.0,"key":"Anchor"},{"floor":11.0,"key":"Singing Bowl"},{"floor":14.0,"key":"Darkstone Periapt"},{"floor":21.0,"key":"Paper Crane"},{"floor":25.0,"key":"Meat on the Bone"},{"floor":26.0,"key":"Old Coin"},{"floor":27.0,"key":"Girya"},{"floor":29.0,"key":"Nilry\u0027s Codex"},{"floor":31.0,"key":"Snake Skull"},{"floor":38,"key":"Peace Pipe"},{"floor":40,"key":"Ice Cream"},{"floor":43,"key":"Strawberry"},{"floor":44,"key":"Dream Catcher"},{"floor":48,"key":"Bottled Lightning"},{"floor":55,"key":"Sundial"}],"event_choices":[{"damage_healed":0.0,"max_hp_gain":5.0,"max_hp_loss":0.0,"gold_gain":0.0,"event_name":"Big Fish","player_choice":"Donut","floor":4.0,"gold_loss":0.0,"damage_taken":0.0},{"damage_healed":0.0,"max_hp_gain":0.0,"max_hp_loss":0.0,"gold_gain":75.0,"event_name":"World of Goop","player_choice":"Gather Gold","floor":5.0,"gold_loss":0.0,"damage_taken":11.0},{"damage_healed":0.0,"max_hp_gain":0.0,"max_hp_loss":0.0,"gold_gain":0.0,"event_name":"Mushrooms","player_choice":"Fought Mushrooms","floor":7.0,"gold_loss":0.0,"damage_taken":0.0},{"damage_healed":0.0,"max_hp_gain":0.0,"max_hp_loss":0.0,"gold_gain":0.0,"event_name":"Duplicator","player_choice":"Copied","floor":19.0,"gold_loss":0.0,"damage_taken":0.0,"cards_obtained":["Crippling Poison"]},{"damage_healed":0.0,"max_hp_gain":0.0,"max_hp_loss":0.0,"gold_gain":0.0,"event_name":"Cursed Tome","player_choice":"Obtained Book","floor":29.0,"gold_loss":0.0,"damage_taken":21.0},{"damage_healed":0,"gold_gain":0,"player_choice":"Fight","damage_taken":0,"max_hp_gain":0,"max_hp_loss":0,"event_name":"MindBloom","floor":38,"gold_loss":0},{"cards_removed":["Dagger Spray"],"damage_healed":0,"gold_gain":0,"player_choice":"Removed Attack","damage_taken":0,"max_hp_gain":0,"max_hp_loss":0,"event_name":"Falling","floor":47,"gold_loss":0}],"is_beta":false,"boss_relics":[{"not_picked":["Black Star","Calling Bell"],"picked":"Snecko Eye"},{"not_picked":["Pandora\u0027s Box","Tiny House"],"picked":"Fusion Hammer"}],"items_purged_floors":[2,20,36,54],"is_endless":false,"potions_floor_spawned":[3,12,14,16,18,24,31,35,37,48,55],"ascension_level":20}}