{"host":"88sw61cmk1203zgj","time":1610156886,"event":{"mods":["BaseMod","Minty Spire (QoL Compilation)"],"gold_per_floor":[119,133,208,225,241,275,305,318,318,288,288,302,332,346,346,346,346],"floor_reached":16,"playtime":1029,"items_purged":[],"score":182,"play_id":"6610bcee-0fb5-4528-af23-79653ddbec70","local_time":"20210108204806","is_ascension_mode":true,"campfire_choices":[{"data":"Second Wind","floor":11.0,"key":"SMITH"},{"floor":15,"key":"REST"}],"circlet_count":0,"master_deck":["AscendersBane","Strike_R","Strike_R","Strike_R","Strike_R","Strike_R","Defend_R","Defend_R","Defend_R","Defend_R","Bash","Cleave","Second Wind+1","Shrug It Off","Clothesline","Pommel Strike","Bloodletting","True Grit","Shrug It Off","Battle Trance"],"relics":["Burning Blood","Omamori","Dream Catcher","Odd Mushroom","Centennial Puzzle","Blood Vial"],"acts_visited":["Exordium"],"potions_floor_usage":[14],"damage_taken":[{"damage":5.0,"enemies":"Jaw Worm","floor":1.0,"turns":6.0},{"damage":4.0,"enemies":"Small Slimes","floor":2.0,"turns":4.0},{"damage":1.0,"enemies":"Cultist","floor":4.0,"turns":3.0},{"damage":0.0,"enemies":"3 Louse","floor":5.0,"turns":2.0},{"damage":57.0,"enemies":"3 Sentries","floor":6.0,"turns":14.0},{"damage":16.0,"enemies":"The Mushroom Lair","floor":7.0,"turns":4.0},{"damage":5.0,"enemies":"Red Slaver","floor":8.0,"turns":6.0},{"damage":1.0,"enemies":"Exordium Wildlife","floor":12.0,"turns":3.0},{"damage":14.0,"enemies":"Lagavulin","floor":13.0,"turns":5.0},{"damage":9,"enemies":"Large Slime","floor":14,"turns":4},{"damage":38,"enemies":"Hexaghost","floor":16,"turns":11}],"seed_played":"-6436806865930990832","potions_obtained":[{"floor":2.0,"key":"Explosive Potion"},{"floor":5.0,"key":"Dexterity Potion"},{"floor":10.0,"key":"AttackPotion"},{"floor":13.0,"key":"Explosive Potion"}],"is_trial":false,"path_per_floor":["M","M","?","M","M","E","?","M","T","?","R","M","E","M","R","B"],"character_chosen":"IRONCLAD","items_purchased":[],"campfire_rested":1,"item_purchase_floors":[],"current_hp_per_floor":[73,75,64,69,75,24,14,15,15,15,15,20,12,11,35,0,0],"gold":346,"neow_bonus":"RANDOM_COMMON_RELIC","is_daily":false,"chose_seed":false,"campfire_upgraded":1,"win_rate":0.0,"timestamp":1610156886,"path_taken":["M","M","?","M","M","E","?","M","T","?","R","?","E","M","R","BOSS"],"items_purchased_type":[],"build_version":"2020-12-22","purchased_purges":0,"victory":false,"max_hp_per_floor":[80,80,80,80,80,80,80,80,80,80,80,80,80,80,80,80,80],"card_choices":[{"not_picked":["Shrug It Off","Warcry"],"picked":"Cleave","floor":1.0},{"not_picked":["Sentinel","Havoc"],"picked":"Second Wind","floor":2.0},{"not_picked":["Juggernaut","Cleave"],"picked":"Shrug It Off","floor":4.0},{"not_picked":["Sword Boomerang","Cleave","Fiend Fire"],"picked":"SKIP","floor":5.0},{"not_picked":["Heavy Blade","Anger"],"picked":"Clothesline","floor":6.0},{"not_picked":["Carnage","Warcry"],"picked":"Pommel Strike","floor":7.0},{"not_picked":["Uppercut","Fire Breathing"],"picked":"Bloodletting","floor":8.0},{"not_picked":["Perfected Strike","Reckless Charge","Iron Wave"],"picked":"SKIP","floor":12.0},{"not_picked":["Cleave","Infernal Blade"],"picked":"True Grit","floor":13.0},{"not_picked":["Clothesline","Blood for Blood"],"picked":"Shrug It Off","floor":14},{"not_picked":["Sever Soul","Pommel Strike"],"picked":"Battle Trance","floor":15}],"player_experience":1462684,"relics_obtained":[{"floor":6.0,"key":"Dream Catcher"},{"floor":7.0,"key":"Odd Mushroom"},{"floor":9.0,"key":"Centennial Puzzle"},{"floor":13.0,"key":"Blood Vial"}],"event_choices":[{"damage_healed":0.0,"max_hp_gain":0.0,"max_hp_loss":0.0,"gold_gain":75.0,"event_name":"World of Goop","player_choice":"Gather Gold","floor":3.0,"gold_loss":0.0,"damage_taken":11.0},{"damage_healed":0.0,"max_hp_gain":0.0,"max_hp_loss":0.0,"gold_gain":0.0,"event_name":"Mushrooms","player_choice":"Fought Mushrooms","floor":7.0,"gold_loss":0.0,"damage_taken":0.0},{"damage_healed":0.0,"max_hp_gain":0.0,"max_hp_loss":0.0,"gold_gain":0.0,"event_name":"The Woman in Blue","player_choice":"Bought 2 Potions","floor":10.0,"gold_loss":0.0,"damage_taken":0.0}],"is_beta":false,"boss_relics":[],"items_purged_floors":[],"is_endless":false,"potions_floor_spawned":[2,5,12,13],"killed_by":"Hexaghost","ascension_level":12}}