{"host":"vrsxkkch9ccrec7k","time":1610192591,"event":{"mods":["Act Like it!","BaseMod","Bestiary","Better Third Choice","Better Vampires","Downfall","Minty Spire (QoL Compilation)","Permanent Neow","Relic Stats","Spicy Shops","StSLib"],"gold_per_floor":[110,130,141,141,121,121,131,131,131,159,175,175,175,0,0,77,77,93,125,142,13,31,83,83,83],"floor_reached":24,"playtime":1623,"items_purged":["Strike_G","Strike_G"],"score":372,"play_id":"5a60e940-210c-4caf-bd55-d5d449ae7505","local_time":"20210109064311","is_ascension_mode":true,"campfire_choices":[{"data":"Noxious Fumes","floor":6,"key":"SMITH"},{"data":"Neutralize","floor":8,"key":"SMITH"},{"floor":12,"key":"REST"},{"data":"Leg Sweep","floor":15,"key":"SMITH"}],"circlet_count":0,"master_deck":["AscendersBane","Strike_G","Strike_G","Defend_G","Defend_G","Defend_G","Defend_G","Defend_G","Survivor","Neutralize+1","Sucker Punch","Noxious Fumes+1","Leg Sweep+1","Poisoned Stab","Predator","Parasite","Adrenaline","Expertise+1","Blur","Bouncing Flask","Crippling Poison","Well Laid Plans"],"relics":["Ring of the Snake","Anchor","Ornamental Fan","Tiny Chest","Fusion Hammer","Red Mask","Potion Belt"],"acts_visited":["Exordium","TheCity"],"potions_floor_usage":[10,10,19,22,22],"damage_taken":[{"damage":12,"enemies":"Jaw Worm","floor":1,"turns":5},{"damage":1,"enemies":"Small Slimes","floor":2,"turns":4},{"damage":4,"enemies":"Cultist","floor":3,"turns":3},{"damage":4,"enemies":"3 Louse","floor":7,"turns":5},{"damage":20,"enemies":"Gremlin Nob","floor":10,"turns":5},{"damage":3,"enemies":"Blue Slaver","floor":11,"turns":5},{"damage":23,"enemies":"The Guardian","floor":16,"turns":14},{"damage":9,"enemies":"3 Byrds","floor":18,"turns":6},{"damage":27,"enemies":"Masked Bandits","floor":19,"turns":5},{"damage":1,"enemies":"Shell Parasite","floor":20,"turns":7},{"damage":21,"enemies":"Chosen and Byrds","floor":22,"turns":8},{"damage":13,"enemies":"Book of Stabbing","floor":24,"turns":5}],"seed_played":"5455947856492449750","potions_obtained":[{"floor":3,"key":"Weak Potion"},{"floor":5,"key":"LiquidBronze"},{"floor":7,"key":"GhostInAJar"},{"floor":10,"key":"DistilledChaos"},{"floor":20,"key":"Regen Potion"},{"floor":22,"key":"GamblersBrew"}],"is_trial":false,"path_per_floor":["M","M","M","?","?","R","M","R","T","E","M","R","?","$","R","B",null,"M","?","M","$","M","T","E"],"character_chosen":"THE_SILENT","items_purchased":["Crippling Poison","SkillPotion"],"campfire_rested":1,"item_purchase_floors":[21,21],"current_hp_per_floor":[47,46,42,35,35,35,31,31,31,11,8,27,43,43,43,20,55,46,19,18,18,12,12,0,0],"gold":83,"neow_bonus":"RANDOM_COMMON_RELIC","is_daily":false,"chose_seed":false,"campfire_upgraded":3,"win_rate":0.0,"timestamp":1610192591,"path_taken":["M","M","M","?","?","R","M","R","T","E","?","R","?","$","R","BOSS","M","?","M","$","M","?","E"],"items_purchased_type":["Card","Potion"],"build_version":"2020-12-22","purchased_purges":2,"victory":false,"max_hp_per_floor":[66,66,66,66,66,66,66,66,66,66,66,66,66,66,66,66,66,66,66,66,66,66,66,66,66],"relic_stats":{"counters":[12,72],"Ornamental Fan":[44],"Tiny Chest":1,"obtain_stats":[{"Potion Belt":23,"Anchor":0,"Ornamental Fan":9,"Tiny Chest":10,"Fusion Hammer":17,"Red Mask":19,"Ring of the Snake":0},{"Potion Belt":11,"Anchor":0,"Ornamental Fan":4,"Tiny Chest":5,"Fusion Hammer":7,"Red Mask":9,"Ring of the Snake":0},{"Potion Belt":67,"Anchor":0,"Ornamental Fan":17,"Tiny Chest":22,"Fusion Hammer":41,"Red Mask":52,"Ring of the Snake":0}],"Ring of the Snake":[24]},"card_choices":[{"not_picked":["All Out Attack","Dodge and Roll"],"picked":"Sucker Punch","floor":1},{"not_picked":["PiercingWail","Skewer"],"picked":"Noxious Fumes","floor":2},{"not_picked":["Slice","Backstab"],"picked":"Leg Sweep","floor":3},{"not_picked":["Escape Plan","Dodge and Roll","Bullet Time"],"picked":"SKIP","floor":7},{"not_picked":["Escape Plan","All Out Attack"],"picked":"Poisoned Stab","floor":10},{"not_picked":["Flechettes","Sucker Punch"],"picked":"Predator","floor":11},{"not_picked":["Glass Knife","Bullet Time"],"picked":"Adrenaline","floor":16},{"not_picked":["Bane","Endless Agony"],"picked":"Expertise+1","floor":18},{"not_picked":["Endless Agony","Terror"],"picked":"Blur","floor":19},{"not_picked":["Caltrops","Deadly Poison"],"picked":"Bouncing Flask","floor":20},{"not_picked":["Prepared+1","Poisoned Stab"],"picked":"Well Laid Plans","floor":22}],"player_experience":1416041,"relics_obtained":[{"floor":9,"key":"Ornamental Fan"},{"floor":10,"key":"Tiny Chest"},{"floor":19,"key":"Red Mask"},{"floor":23,"key":"Potion Belt"}],"event_choices":[{"cards_removed":["Strike_G"],"damage_healed":0,"gold_gain":0,"player_choice":"Card Removal","damage_taken":7,"max_hp_gain":0,"max_hp_loss":0,"event_name":"Golden Wing","floor":4,"gold_loss":0},{"damage_healed":0,"gold_gain":0,"player_choice":"Bought 1 Potion","damage_taken":0,"max_hp_gain":0,"max_hp_loss":0,"event_name":"The Woman in Blue","floor":5,"gold_loss":0},{"damage_healed":16,"gold_gain":0,"player_choice":"Healed and dodged fight","damage_taken":0,"max_hp_gain":0,"max_hp_loss":0,"event_name":"Mushrooms","floor":13,"gold_loss":0,"cards_obtained":["Parasite"]},{"damage_healed":0,"gold_gain":0,"player_choice":"Fought Bandits","damage_taken":0,"max_hp_gain":0,"max_hp_loss":0,"event_name":"Masked Bandits","floor":19,"gold_loss":0}],"is_beta":false,"boss_relics":[{"not_picked":["Runic Dome","Calling Bell"],"picked":"Fusion Hammer"}],"items_purged_floors":[14,14],"is_endless":false,"potions_floor_spawned":[3,7,10,20,22],"killed_by":"Book of Stabbing","ascension_level":18}}