{"host":"tw71e6tbbdk6nymt","time":1610217924,"event":{"mods":["Aspiration","BaseMod","Minty Spire (QoL Compilation)","StSLib"],"gold_per_floor":[114,189,36,50,64,99,99,116,116,131,231,231,257,275,275,380,380,390,407,426,437,437,437],"floor_reached":22,"playtime":1553,"items_purged":[],"score":250,"play_id":"8a1ab573-0c44-4d9b-99e7-b4a5ee3ff120","local_time":"20210110024524","is_ascension_mode":true,"campfire_choices":[{"data":"True Grit","floor":7,"key":"SMITH"},{"floor":12,"key":"REST"},{"data":"Fire Breathing","floor":15,"key":"SMITH"}],"circlet_count":0,"master_deck":["Strike_R","Strike_R","Strike_R","Strike_R","Strike_R","Defend_R","Defend_R","Defend_R","Defend_R","Bash","Clash","Fire Breathing+1","True Grit+1","Uppercut","Thunderclap","Pommel Strike","Second Wind","Wild Strike","Inflame","Immolate","Battle Trance","Offering","Cleave+1","Metallicize+1","Whirlwind+1","Pommel Strike+1"],"relics":["Burning Blood","Orichalcum","Nunchaku","Sundial","Shuriken","SlaversCollar"],"acts_visited":["Exordium","TheCity"],"potions_floor_usage":[8,10,16,21],"damage_taken":[{"damage":6,"enemies":"Jaw Worm","floor":1,"turns":5},{"damage":4,"enemies":"Small Slimes","floor":4,"turns":4},{"damage":0,"enemies":"Cultist","floor":5,"turns":2},{"damage":23,"enemies":"3 Sentries","floor":6,"turns":5},{"damage":24,"enemies":"Gremlin Gang","floor":8,"turns":4},{"damage":3,"enemies":"Large Slime","floor":10,"turns":4},{"damage":24,"enemies":"Gremlin Nob","floor":13,"turns":4},{"damage":8,"enemies":"Red Slaver","floor":14,"turns":2},{"damage":29,"enemies":"Hexaghost","floor":16,"turns":8},{"damage":20,"enemies":"2 Thieves","floor":18,"turns":5},{"damage":13,"enemies":"Chosen","floor":19,"turns":4},{"damage":44,"enemies":"Snake Plant","floor":20,"turns":5},{"damage":8,"enemies":"Chosen and Byrds","floor":21,"turns":4},{"damage":14,"enemies":"3 Cultists","floor":22,"turns":3}],"seed_played":"7886288296309306938","potions_obtained":[{"floor":6,"key":"DuplicationPotion"},{"floor":8,"key":"ColorlessPotion"},{"floor":10,"key":"Regen Potion"},{"floor":14,"key":"ElixirPotion"},{"floor":18,"key":"LiquidBronze"},{"floor":19,"key":"AttackPotion"}],"is_trial":false,"path_per_floor":["M","?","$","M","M","E","R","M","T","M","?","R","E","M","R","B",null,"M","M","M","M","M"],"character_chosen":"IRONCLAD","items_purchased":["Fire Breathing","True Grit","Uppercut"],"campfire_rested":1,"item_purchase_floors":[3,3,3],"current_hp_per_floor":[80,69,69,71,77,60,60,42,42,45,45,69,51,49,49,41,70,56,49,11,9,0,0],"gold":437,"neow_bonus":"RANDOM_COMMON_RELIC","is_daily":false,"chose_seed":false,"campfire_upgraded":2,"win_rate":0.0,"timestamp":1610217924,"path_taken":["M","?","$","M","M","E","R","M","T","M","?","R","E","M","R","BOSS","M","?","M","?","M"],"items_purchased_type":["Card","Card","Card"],"build_version":"2020-12-22","purchased_purges":0,"victory":false,"max_hp_per_floor":[80,80,80,80,80,80,80,80,80,80,80,80,80,80,80,80,80,80,80,80,80,80,80],"card_choices":[{"not_picked":["True Grit","Reckless Charge"],"picked":"Clash","floor":1},{"not_picked":["Inflame","Dual Wield"],"picked":"Thunderclap","floor":4},{"not_picked":["Thunderclap","Clothesline"],"picked":"Pommel Strike","floor":5},{"not_picked":["Flex","Shrug It Off"],"picked":"Second Wind","floor":6},{"not_picked":["True Grit","Havoc"],"picked":"Wild Strike","floor":8},{"not_picked":["Clothesline","Thunderclap"],"picked":"Inflame","floor":10},{"not_picked":["Limit Break","Perfected Strike"],"picked":"Immolate","floor":13},{"not_picked":["Anger","Clothesline"],"picked":"Battle Trance","floor":14},{"not_picked":["Limit Break","Fiend Fire"],"picked":"Offering","floor":16},{"not_picked":["Reckless Charge","Havoc"],"picked":"Cleave+1","floor":18},{"not_picked":["True Grit+1","Headbutt"],"picked":"Metallicize+1","floor":19},{"not_picked":["Shrug It Off","True Grit+1"],"picked":"Whirlwind+1","floor":20},{"not_picked":["Warcry","Disarm"],"picked":"Pommel Strike+1","floor":21}],"player_experience":401354,"relics_obtained":[{"floor":6,"key":"Nunchaku"},{"floor":9,"key":"Sundial"},{"floor":13,"key":"Shuriken"}],"event_choices":[{"damage_healed":0,"gold_gain":75,"player_choice":"Gather Gold","damage_taken":11,"max_hp_gain":0,"max_hp_loss":0,"event_name":"World of Goop","floor":2,"gold_loss":0},{"damage_healed":0,"gold_gain":100,"player_choice":"Gold","damage_taken":0,"max_hp_gain":0,"max_hp_loss":0,"event_name":"Wheel of Change","floor":11,"gold_loss":0}],"is_beta":false,"boss_relics":[{"not_picked":["Philosopher\u0027s Stone","aspiration:WatcherSkillbook"],"picked":"SlaversCollar"}],"items_purged_floors":[],"is_endless":false,"potions_floor_spawned":[6,8,10,14,18,19,20],"killed_by":"3 Cultists","ascension_level":5}}