{"host":"5wznv0010959mrmz","time":1610153064,"event":{"mods":["BaseMod","Highlight Path","Minty Spire (QoL Compilation)","Relic Stats"],"gold_per_floor":[117,117,129,143,155,155,183,196,196,196,214,214,245,260,260,339,339,357,357,370,88,108,137,157,190,190,190,210,210,226,242,242,242,242],"floor_reached":33,"playtime":1420,"items_purged":["Shame"],"score":656,"play_id":"1d7bee38-c9df-4205-8833-7e39f89f9594","local_time":"20210108184424","is_ascension_mode":true,"campfire_choices":[{"data":"Apotheosis","floor":6,"key":"SMITH"},{"floor":10,"key":"REST"},{"floor":12,"key":"REST"},{"floor":15,"key":"RECALL"},{"floor":27,"key":"REST"},{"floor":32,"key":"REST"}],"circlet_count":0,"master_deck":["AscendersBane","Strike_G","Strike_G","Strike_G","Strike_G","Defend_G","Defend_G","Defend_G","Defend_G","Defend_G","Survivor","Neutralize","Apotheosis+1","Sucker Punch","Cloak And Dagger","Blade Dance","Dagger Spray","Cloak And Dagger+1","PiercingWail+1","Adrenaline+1","Endless Agony","Backflip+1","Blade Dance+1","Dodge and Roll+1","Venomology+1","Backstab","Acrobatics+1","Tactician+1","Pain","Backflip+1"],"relics":["Ring of the Snake","Tiny Chest","Toxic Egg 2","Shuriken","Fusion Hammer","MealTicket","Pen Nib","The Courier","Akabeko","WarpedTongs"],"acts_visited":["Exordium","TheCity"],"potions_floor_usage":[7,7,13,22,24,25,30,30,33,33,33],"damage_taken":[{"damage":7,"enemies":"Jaw Worm","floor":1,"turns":4},{"damage":17,"enemies":"Small Slimes","floor":3,"turns":4},{"damage":0,"enemies":"Cultist","floor":4,"turns":3},{"damage":6,"enemies":"Looter","floor":5,"turns":4},{"damage":8,"enemies":"3 Sentries","floor":7,"turns":12},{"damage":0,"enemies":"2 Fungi Beasts","floor":8,"turns":4},{"damage":0,"enemies":"Gremlin Gang","floor":11,"turns":2},{"damage":0,"enemies":"Gremlin Nob","floor":13,"turns":5},{"damage":7,"enemies":"Large Slime","floor":14,"turns":3},{"damage":30,"enemies":"Slime Boss","floor":16,"turns":8},{"damage":0,"enemies":"Spheric Guardian","floor":18,"turns":3},{"damage":0,"enemies":"2 Thieves","floor":20,"turns":3},{"damage":19,"enemies":"Chosen and Byrds","floor":22,"turns":4},{"damage":17,"enemies":"Book of Stabbing","floor":23,"turns":4},{"damage":12,"enemies":"Sentry and Sphere","floor":24,"turns":4},{"damage":14,"enemies":"Slavers","floor":25,"turns":4},{"damage":0,"enemies":"3 Cultists","floor":28,"turns":4},{"damage":15,"enemies":"Snecko","floor":30,"turns":6},{"damage":8,"enemies":"Cultist and Chosen","floor":31,"turns":5},{"damage":57,"enemies":"Champ","floor":33,"turns":6}],"seed_played":"-3480128201942907012","potions_obtained":[{"floor":1,"key":"ColorlessPotion"},{"floor":4,"key":"Block Potion"},{"floor":8,"key":"PowerPotion"},{"floor":11,"key":"FairyPotion"},{"floor":16,"key":"DuplicationPotion"},{"floor":23,"key":"EntropicBrew"},{"floor":28,"key":"BlessingOfTheForge"},{"floor":31,"key":"SteroidPotion"}],"is_trial":false,"path_per_floor":["M","?","M","M","M","R","E","M","T","R","M","R","E","M","R","B",null,"M","?","M","$","M","E","M","E","T","R","M","?","M","M","R","B"],"character_chosen":"THE_SILENT","items_purchased":["Pen Nib","Blade Dance+1"],"campfire_rested":4,"item_purchase_floors":[21,21],"current_hp_per_floor":[52,45,28,28,22,22,14,14,14,32,32,50,50,43,43,13,48,48,48,48,60,41,24,12,18,18,36,36,36,21,13,31,0,0],"gold":242,"neow_bonus":"RANDOM_COLORLESS_2","is_daily":false,"chose_seed":false,"campfire_upgraded":1,"win_rate":0.0,"timestamp":1610153064,"path_taken":["M","?","M","M","M","R","E","M","T","R","M","R","E","M","R","BOSS","M","?","M","$","M","E","M","E","T","R","M","?","M","?","R","BOSS"],"items_purchased_type":["Relic","Card"],"build_version":"2020-12-22","purchased_purges":1,"victory":false,"max_hp_per_floor":[60,60,60,60,60,60,60,60,60,60,60,60,60,60,60,60,60,60,60,60,60,60,60,60,60,60,60,60,60,60,60,60,60,60],"relic_stats":{"counters":[20,92],"Shuriken":[59],"Tiny Chest":0,"MealTicket":12,"Pen Nib":[15],"obtain_stats":[{"Shuriken":13,"Tiny Chest":7,"MealTicket":19,"Fusion Hammer":17,"Pen Nib":21,"The Courier":23,"Toxic Egg 2":9,"Akabeko":25,"Ring of the Snake":0,"WarpedTongs":29},{"Shuriken":8,"Tiny Chest":5,"MealTicket":11,"Fusion Hammer":10,"Pen Nib":12,"The Courier":14,"Toxic Egg 2":6,"Akabeko":16,"Ring of the Snake":0,"WarpedTongs":17},{"Shuriken":38,"Tiny Chest":27,"MealTicket":52,"Fusion Hammer":49,"Pen Nib":55,"The Courier":63,"Toxic Egg 2":31,"Akabeko":71,"Ring of the Snake":0,"WarpedTongs":75}],"Ring of the Snake":[42],"WarpedTongs":[13]},"card_choices":[{"not_picked":["Panache","Metamorphosis"],"picked":"Apotheosis","floor":0},{"not_picked":["Backflip","Deflect"],"picked":"Sucker Punch","floor":1},{"not_picked":["Outmaneuver","PiercingWail"],"picked":"Cloak And Dagger","floor":3},{"not_picked":["Endless Agony","Bane"],"picked":"Blade Dance","floor":4},{"not_picked":["Unload","Bouncing Flask","Deflect"],"picked":"SKIP","floor":5},{"not_picked":["Quick Slash","Underhanded Strike","Calculated Gamble"],"picked":"SKIP","floor":7},{"not_picked":["Quick Slash","Flying Knee"],"picked":"Dagger Spray","floor":8},{"not_picked":["Caltrops","Sucker Punch"],"picked":"Cloak And Dagger+1","floor":11},{"not_picked":["Crippling Poison+1","Infinite Blades","Sucker Punch"],"picked":"SKIP","floor":13},{"not_picked":["Caltrops","Sucker Punch"],"picked":"PiercingWail+1","floor":14},{"not_picked":["Unload","Venomology+1"],"picked":"Adrenaline+1","floor":16},{"not_picked":["Deadly Poison+1","Crippling Poison+1"],"picked":"Endless Agony","floor":18},{"not_picked":["Poisoned Stab","Dagger Spray"],"picked":"Backflip+1","floor":20},{"not_picked":["Crippling Poison+1","Skewer"],"picked":"Dodge and Roll+1","floor":22},{"not_picked":["Blur+1","Backstab+1"],"picked":"Venomology+1","floor":23},{"not_picked":["Masterful Stab","Dodge and Roll+1"],"picked":"Backstab","floor":24},{"not_picked":["Eviscerate","Masterful Stab"],"picked":"Acrobatics+1","floor":25},{"not_picked":["Choke+1","Crippling Poison+1"],"picked":"Tactician+1","floor":28},{"not_picked":["Masterful Stab+1","Eviscerate"],"picked":"Backflip+1","floor":30},{"not_picked":["Outmaneuver+1","Dagger Throw","Backflip+1"],"picked":"SKIP","floor":31}],"player_experience":417287,"relics_obtained":[{"floor":7,"key":"Tiny Chest"},{"floor":9,"key":"Toxic Egg 2"},{"floor":13,"key":"Shuriken"},{"floor":23,"key":"The Courier"},{"floor":25,"key":"Akabeko"}],"event_choices":[{"cards_removed":["Strike_G"],"damage_healed":0,"gold_gain":0,"player_choice":"Card Removal","damage_taken":7,"max_hp_gain":0,"max_hp_loss":0,"event_name":"Golden Wing","floor":2,"gold_loss":0},{"damage_healed":0,"gold_gain":0,"player_choice":"Stole Relic","damage_taken":0,"relics_obtained":["MealTicket"],"max_hp_gain":0,"max_hp_loss":0,"event_name":"Addict","floor":19,"gold_loss":0,"cards_obtained":["Shame"]},{"damage_healed":0,"gold_gain":0,"player_choice":"Rummage","damage_taken":0,"relics_obtained":["WarpedTongs"],"max_hp_gain":0,"max_hp_loss":0,"event_name":"Accursed Blacksmith","floor":29,"gold_loss":0,"cards_obtained":["Pain"]}],"is_beta":false,"boss_relics":[{"not_picked":["SlaversCollar","Runic Pyramid"],"picked":"Fusion Hammer"}],"items_purged_floors":[21],"is_endless":false,"potions_floor_spawned":[1,4,8,11,16,18,23,28,31],"killed_by":"Champ","ascension_level":20}}