{"host":"25fn74ijs2305xd4","time":1610198554,"event":{"mods":["AchievementEnabler","BaseMod","Colored Map","Colored Powertips","Minty Spire (QoL Compilation)","Relic Stats","StSLib"],"gold_per_floor":[113,123,134,144,163,195,195,225,225,250,260,279,279,290,290,388,388,400,420,420,434,434,434,464,464,464,464,478,115,30,47,47,143,143,163,56,56,67,86,86,98,98,167,193,206,220,245,245,245,245,245,245,79,105,105],"floor_reached":56,"playtime":2936,"items_purged":["Defend_R"],"score":1377,"play_id":"4c7eb1ed-3203-4e05-ac53-0fa90762a5e5","local_time":"20210109142234","is_ascension_mode":true,"campfire_choices":[{"data":"Spot Weakness","floor":7,"key":"SMITH"},{"data":"Armaments","floor":13,"key":"SMITH"},{"floor":15,"key":"DIG"},{"floor":23,"key":"DIG"},{"floor":27,"key":"DIG"},{"floor":32,"key":"DIG"},{"floor":40,"key":"DIG"},{"floor":42,"key":"DIG"},{"floor":49,"key":"RECALL"},{"floor":52,"key":"DIG"}],"circlet_count":0,"master_deck":["Strike_R","Strike_R","Strike_R","Strike_R","Strike_R","Defend_R+1","Defend_R+1","Bash","Perfected Strike","Clothesline","Armaments+1","Sword Boomerang","Spot Weakness+1","Clash","Shrug It Off","Perfected Strike","Perfected Strike","Spot Weakness","Carnage","Limit Break","Flex+1","Metallicize","Shrug It Off","Pummel","Shrug It Off","Shrug It Off","Heavy Blade","Reaper","Shockwave+1","Pommel Strike+1","Armaments+1","Shrug It Off+1","Uppercut+1","Spot Weakness","Pommel Strike+1","Magnetism"],"relics":["Snecko Eye","Shovel","Darkstone Periapt","Centennial Puzzle","War Paint","Letter Opener","Velvet Choker","Bottled Flame","Bottled Tornado","White Beast Statue","Mummified Hand","Mercury Hourglass","Pear","Incense Burner","Sozu","Meat on the Bone","Bag of Preparation","Sundial","Orichalcum","Lizard Tail","Ornamental Fan","Champion Belt"],"acts_visited":["Exordium","TheCity","TheBeyond","TheEnding"],"potions_floor_usage":[4,6,21,25,33,33,50,55],"damage_taken":[{"damage":0,"enemies":"Cultist","floor":1,"turns":3},{"damage":0,"enemies":"Small Slimes","floor":2,"turns":2},{"damage":6,"enemies":"Jaw Worm","floor":3,"turns":3},{"damage":5,"enemies":"3 Louse","floor":4,"turns":3},{"damage":3,"enemies":"Lots of Slimes","floor":5,"turns":4},{"damage":0,"enemies":"Gremlin Nob","floor":6,"turns":2},{"damage":17,"enemies":"3 Sentries","floor":8,"turns":5},{"damage":13,"enemies":"Lagavulin","floor":10,"turns":5},{"damage":0,"enemies":"Looter","floor":11,"turns":2},{"damage":0,"enemies":"Exordium Wildlife","floor":12,"turns":3},{"damage":7,"enemies":"Exordium Thugs","floor":14,"turns":2},{"damage":18,"enemies":"Hexaghost","floor":16,"turns":5},{"damage":7,"enemies":"Shell Parasite","floor":18,"turns":3},{"damage":0,"enemies":"Spheric Guardian","floor":19,"turns":1},{"damage":22,"enemies":"Shelled Parasite and Fungi","floor":21,"turns":3},{"damage":18,"enemies":"Gremlin Leader","floor":24,"turns":5},{"damage":3,"enemies":"Chosen and Byrds","floor":28,"turns":3},{"damage":7,"enemies":"Snake Plant","floor":31,"turns":3},{"damage":20,"enemies":"Automaton","floor":33,"turns":6},{"damage":0,"enemies":"3 Shapes","floor":35,"turns":2},{"damage":0,"enemies":"3 Darklings","floor":38,"turns":4},{"damage":0,"enemies":"Maw","floor":39,"turns":4},{"damage":0,"enemies":"Jaw Worm Horde","floor":41,"turns":3},{"damage":3,"enemies":"Giant Head","floor":44,"turns":6},{"damage":14,"enemies":"Spire Growth","floor":45,"turns":3},{"damage":6,"enemies":"Sphere and 2 Shapes","floor":46,"turns":3},{"damage":34,"enemies":"Nemesis","floor":47,"turns":7},{"damage":46,"enemies":"Time Eater","floor":50,"turns":8},{"damage":29,"enemies":"Shield and Spear","floor":54,"turns":5},{"damage":108,"enemies":"The Heart","floor":55,"turns":9}],"seed_played":"8200134921412924935","potions_obtained":[{"floor":2,"key":"FearPotion"},{"floor":5,"key":"FearPotion"},{"floor":11,"key":"CultistPotion"},{"floor":12,"key":"SmokeBomb"},{"floor":14,"key":"EntropicBrew"},{"floor":16,"key":"Dexterity Potion"},{"floor":24,"key":"FearPotion"},{"floor":25,"key":"PowerPotion"},{"floor":25,"key":"Fruit Juice"},{"floor":25,"key":"BlessingOfTheForge"},{"floor":28,"key":"PowerPotion"},{"floor":33,"key":"Energy Potion"}],"is_trial":false,"path_per_floor":["M","M","M","M","M","E","R","E","T","E","M","M","R","M","R","B",null,"M","M","?","M","?","R","E","?","T","R","M","$","?","M","R","B",null,"M","?","$","M","M","R","M","R","T","E","M","M","E","?","R","B",null,"R","$","E","B",null],"character_chosen":"IRONCLAD","items_purchased":["Shrug It Off","Mercury Hourglass","Magnetism"],"campfire_rested":0,"item_purchase_floors":[29,29,53],"current_hp_per_floor":[80,80,74,69,66,66,66,49,49,36,36,36,36,29,29,11,80,73,73,73,51,77,77,59,64,64,64,61,61,71,64,64,44,95,95,95,95,95,95,95,95,95,95,95,95,89,71,71,71,58,95,95,95,66,25],"gold":105,"neow_bonus":"BOSS_RELIC","is_daily":false,"chose_seed":false,"campfire_upgraded":2,"win_rate":0.0,"timestamp":1610198554,"path_taken":["M","M","M","M","M","E","R","E","T","E","M","M","R","?","R","BOSS","M","M","?","M","?","R","E","?","T","R","?","$","?","M","R","BOSS","M","?","$","M","?","R","M","R","T","E","M","M","E","?","R","BOSS","R","$","E","BOSS"],"items_purchased_type":["Card","Relic","Card"],"build_version":"2020-12-22","purchased_purges":1,"victory":true,"max_hp_per_floor":[80,80,80,80,80,80,80,80,80,80,80,80,80,80,80,80,80,80,80,80,80,80,80,80,85,85,85,85,85,95,95,95,95,95,95,95,95,95,95,95,95,95,95,95,95,95,95,95,95,95,95,95,95,95,95],"relic_stats":{"Darkstone Periapt":0,"counters":[30,117],"Bag of Preparation":[16],"Letter Opener":[132],"War Paint":["Defend_R","Defend_R"],"Orichalcum":[54],"Mercury Hourglass":[195],"Sozu":12,"Centennial Puzzle":[47],"Lizard Tail":47,"Shovel":7,"Mummified Hand":[37],"Sundial":[4],"Ornamental Fan":[20],"Snecko Eye":[217,222,226,248],"Champion Belt":[3],"obtain_stats":[{"Darkstone Periapt":8,"Pear":30,"Velvet Choker":17,"Incense Burner":32,"Bag of Preparation":40,"Letter Opener":15,"War Paint":10,"Bottled Tornado":24,"Orichalcum":44,"Burning Blood":0,"White Beast Statue":26,"Mercury Hourglass":29,"Sozu":34,"Centennial Puzzle":9,"Bottled Flame":23,"Lizard Tail":47,"Shovel":6,"Mummified Hand":27,"Sundial":42,"Ornamental Fan":52,"Snecko Eye":0,"Champion Belt":54,"Meat on the Bone":36},{"Darkstone Periapt":7,"Pear":17,"Velvet Choker":12,"Incense Burner":18,"Bag of Preparation":22,"Letter Opener":11,"War Paint":8,"Bottled Tornado":16,"Orichalcum":24,"Burning Blood":0,"White Beast Statue":16,"Mercury Hourglass":17,"Sozu":19,"Centennial Puzzle":7,"Bottled Flame":15,"Lizard Tail":27,"Shovel":6,"Mummified Hand":16,"Sundial":23,"Ornamental Fan":28,"Snecko Eye":0,"Champion Belt":29,"Meat on the Bone":20},{"Darkstone Periapt":22,"Pear":54,"Velvet Choker":39,"Incense Burner":57,"Bag of Preparation":73,"Letter Opener":34,"War Paint":27,"Bottled Tornado":51,"Orichalcum":82,"Burning Blood":0,"White Beast Statue":51,"Mercury Hourglass":54,"Sozu":63,"Centennial Puzzle":22,"Bottled Flame":46,"Lizard Tail":95,"Shovel":17,"Mummified Hand":51,"Sundial":76,"Ornamental Fan":103,"Snecko Eye":0,"Champion Belt":108,"Meat on the Bone":65}],"Meat on the Bone":24},"card_choices":[{"not_picked":["Warcry","Twin Strike"],"picked":"Perfected Strike","floor":1},{"not_picked":["Warcry","Anger"],"picked":"Clothesline","floor":2},{"not_picked":["Clothesline","Uppercut"],"picked":"Armaments","floor":3},{"not_picked":["Rupture","Ghostly Armor"],"picked":"Sword Boomerang","floor":4},{"not_picked":["Intimidate","Fire Breathing"],"picked":"Spot Weakness","floor":5},{"not_picked":["Warcry","Anger"],"picked":"Clash","floor":6},{"not_picked":["Thunderclap","Armaments"],"picked":"Shrug It Off","floor":8},{"not_picked":["Anger","Seeing Red"],"picked":"Perfected Strike","floor":10},{"not_picked":["Cleave","Headbutt"],"picked":"Perfected Strike","floor":11},{"not_picked":["Headbutt","Fiend Fire"],"picked":"Spot Weakness","floor":12},{"not_picked":["Seeing Red","Thunderclap"],"picked":"Carnage","floor":14},{"not_picked":["Impervious","Berserk"],"picked":"Limit Break","floor":16},{"not_picked":["Sever Soul","Seeing Red"],"picked":"Flex+1","floor":18},{"not_picked":["Cleave+1","Flex"],"picked":"Metallicize","floor":19},{"not_picked":["Sword Boomerang","Body Slam"],"picked":"Shrug It Off","floor":21},{"not_picked":["Body Slam","Sword Boomerang"],"picked":"Pummel","floor":24},{"not_picked":["Armaments","Pommel Strike+1"],"picked":"Shrug It Off","floor":28},{"not_picked":["Shockwave","Thunderclap"],"picked":"Heavy Blade","floor":31},{"not_picked":["Bludgeon","Demon Form"],"picked":"Reaper","floor":33},{"not_picked":["Clothesline+1","Pummel"],"picked":"Shockwave+1","floor":35},{"not_picked":["Anger+1","Headbutt+1"],"picked":"Pommel Strike+1","floor":38},{"not_picked":["Cleave+1","Combust","Heavy Blade"],"picked":"SKIP","floor":39},{"not_picked":["Clash","Flex+1"],"picked":"Armaments+1","floor":41},{"not_picked":["Reckless Charge","Reaper"],"picked":"Shrug It Off+1","floor":44},{"not_picked":["Armaments","Power Through+1"],"picked":"Uppercut+1","floor":45},{"not_picked":["Clash","Rupture+1"],"picked":"Spot Weakness","floor":46},{"not_picked":["Dropkick","Perfected Strike+1"],"picked":"Pommel Strike+1","floor":47},{"not_picked":["Iron Wave","Clash+1","Warcry"],"picked":"SKIP","floor":54}],"player_experience":33626,"relics_obtained":[{"floor":6,"key":"Shovel"},{"floor":8,"key":"Darkstone Periapt"},{"floor":9,"key":"Centennial Puzzle"},{"floor":10,"key":"War Paint"},{"floor":15,"key":"Letter Opener"},{"floor":23,"key":"Bottled Flame"},{"floor":24,"key":"Bottled Tornado"},{"floor":26,"key":"White Beast Statue"},{"floor":27,"key":"Mummified Hand"},{"floor":32,"key":"Incense Burner"},{"floor":40,"key":"Bag of Preparation"},{"floor":42,"key":"Sundial"},{"floor":44,"key":"Orichalcum"},{"floor":47,"key":"Lizard Tail"},{"floor":52,"key":"Ornamental Fan"},{"floor":54,"key":"Champion Belt"}],"event_choices":[{"damage_healed":0,"gold_gain":0,"player_choice":"Ignored","damage_taken":0,"max_hp_gain":0,"max_hp_loss":0,"event_name":"Vampires","floor":20,"gold_loss":0},{"damage_healed":26,"gold_gain":0,"player_choice":"Heal","damage_taken":0,"max_hp_gain":0,"max_hp_loss":0,"event_name":"The Library","floor":22,"gold_loss":0},{"damage_healed":0,"gold_gain":0,"player_choice":"Got Potions","damage_taken":0,"max_hp_gain":0,"max_hp_loss":0,"event_name":"Lab","floor":25,"gold_loss":0},{"damage_healed":0,"gold_gain":0,"player_choice":"Obtained Relic","damage_taken":0,"relics_obtained":["Pear"],"max_hp_gain":0,"max_hp_loss":0,"event_name":"Addict","floor":30,"gold_loss":85},{"damage_healed":0,"gold_gain":0,"player_choice":"Paid Gold","damage_taken":0,"relics_obtained":["Meat on the Bone"],"max_hp_gain":0,"max_hp_loss":0,"event_name":"WeMeetAgain","floor":36,"gold_loss":107},{"cards_removed":["Defend_R"],"damage_healed":0,"gold_gain":0,"player_choice":"Removed Skill","damage_taken":0,"max_hp_gain":0,"max_hp_loss":0,"event_name":"Falling","floor":48,"gold_loss":0}],"is_beta":false,"boss_relics":[{"not_picked":["Runic Dome","Black Star"],"picked":"Velvet Choker"},{"not_picked":["Cursed Key","Runic Cube"],"picked":"Sozu"}],"items_purged_floors":[29],"is_endless":false,"potions_floor_spawned":[2,5,11,12,14,16,24,28,31,33,35,38,39,41,44,45,46,47,54],"ascension_level":1}}