{"host":"ifrtxrfi0kt9ye6r","time":1610207453,"event":{"mods":["100% Spire Juice","Act Like it!","BaseMod","BetterRewards","Downfall","Gensokyo","Hubris","Infinite Spire","Koishi","Marisa£¨Ùöéë¡¡Øª×âÞÞ£©","Minty Spire (QoL Compilation)","Replay The Spire","StSLib","The Animator"],"gold_per_floor":[99,115,130,148,43,59,59,88,88,104,128,128,128,128],"floor_reached":13,"playtime":1380,"items_purged":[],"score":91,"play_id":"adee395c-32c2-489f-8e27-dd1864aeb5b4","local_time":"20210110005053","is_ascension_mode":true,"campfire_choices":[{"data":"animator:Aqua","floor":1,"key":"SMITH"},{"floor":12,"key":"RECALL"}],"circlet_count":0,"master_deck":["animator:Strike_Konosuba","animator:Defend_Konosuba","animator:Strike","animator:Strike","animator:Strike","animator:Defend","animator:Defend","animator:Defend","animator:Kazuma","animator:Aqua+1","Pot Of Greed","animator:Witch","animator:SakuyaOhtori","Pot Of Greed","animator:QuestionMark","animator:Ain+1","animator:YuukaKazami","animator:Megumin+1"],"relics":["animator:LivingPicture","animator:TheMissingPiece","animator:PurgingStone","Grinning Jar","Chameleon Ring","hubris:ToyBattleship"],"acts_visited":["Exordium"],"potions_floor_usage":[8,8,10,13],"damage_taken":[{"damage":0,"enemies":"Jaw Worm","floor":2,"turns":6},{"damage":16,"enemies":"Cultist","floor":3,"turns":7},{"damage":0,"enemies":"2 Louse","floor":4,"turns":5},{"damage":0,"enemies":"downfall:FleeingMerchant","floor":5,"turns":4},{"damage":1,"enemies":"Blue Slaver","floor":6,"turns":8},{"damage":16,"enemies":"3 Sentries","floor":8,"turns":6},{"damage":1,"enemies":"Exordium Wildlife","floor":10,"turns":10},{"damage":13,"enemies":"Gremlin Gang","floor":11,"turns":6},{"damage":14,"enemies":"Gremlin Nob","floor":13,"turns":5}],"seed_played":"8498874777015687111","potions_obtained":[{"floor":2,"key":"Dexterity Potion"},{"floor":6,"key":"Strength Potion"}],"is_trial":false,"path_per_floor":["R","M","M","M","$","M","T","E","?","M","M","R","E"],"character_chosen":"THE_ANIMATOR","items_purchased":["animator:QuestionMark"],"campfire_rested":0,"item_purchase_floors":[5],"current_hp_per_floor":[66,66,53,56,59,61,61,48,48,50,40,40,26,26],"gold":128,"neow_bonus":"RANDOM_COMMON_RELIC","is_daily":false,"chose_seed":true,"campfire_upgraded":1,"win_rate":0.0,"timestamp":1610207453,"path_taken":["R","M","M","M","$","M","T","E","?","M","?","R","E"],"items_purchased_type":["Card"],"build_version":"2020-12-22","purchased_purges":0,"victory":false,"max_hp_per_floor":[66,66,66,66,66,66,66,66,66,66,66,66,66,66],"card_choices":[{"not_picked":["animator:Assassin","animator:SougenEsaka"],"picked":"animator:Witch","floor":2},{"not_picked":["animator:Midou","animator:Guy","animator:NagisaMomoe"],"picked":"SKIP","floor":3},{"not_picked":["animator:ReimuHakurei","animator:Shirosaki"],"picked":"animator:SakuyaOhtori","floor":4},{"not_picked":["animator:ChihayaOhtori","animator:TukaLunaMarceau"],"picked":"animator:Ain","floor":6},{"not_picked":["animator:HiiragiShinya","animator:HidekiHinata","animator:HiedaNoAkyuu"],"picked":"SKIP","floor":8},{"not_picked":["animator:Shion","animator:WinryRockbell"],"picked":"animator:YuukaKazami","floor":10},{"not_picked":["animator:Kazuma","animator:Vanir"],"picked":"animator:Megumin","floor":11}],"player_experience":288570,"relics_obtained":[{"floor":7,"key":"Chameleon Ring"},{"floor":8,"key":"hubris:ToyBattleship"}],"event_choices":[{"damage_healed":0,"gold_gain":0,"player_choice":"Forge","damage_taken":0,"max_hp_gain":0,"max_hp_loss":0,"event_name":"Accursed Blacksmith","floor":9,"gold_loss":0,"cards_upgraded":["animator:Ain"]}],"is_beta":false,"boss_relics":[],"items_purged_floors":[],"is_endless":false,"potions_floor_spawned":[2,6],"killed_by":"Gremlin Nob","ascension_level":1}}