{"host":"o7j6aatxjwpw1421","time":1610183632,"event":{"mods":["2.2 Compatiblity","AchievementEnabler","BaseMod","Colored Map","DeckTracker","Highlight Path","Keyboard Shortcuts","Minty Spire (QoL Compilation)","Permanent Neow","Quick Restart","StSLib","SuperFastMode","everything is the same but u backflip on backflip"],"gold_per_floor":[13,25,36,111,124,124,158,168,168,184,184,184,199,124,124,124,124],"floor_reached":16,"playtime":535,"items_purged":["Strike_R"],"score":203,"play_id":"ac4da10e-7ced-413f-8966-65f8389e9e69","local_time":"20210109181352","is_ascension_mode":true,"campfire_choices":[{"data":"Rampage","floor":6.0,"key":"SMITH"},{"data":"Offering","floor":12,"key":"SMITH"},{"floor":15,"key":"REST"}],"circlet_count":0,"master_deck":["AscendersBane","Strike_R","Strike_R","Strike_R","Strike_R","Defend_R","Defend_R","Defend_R","Defend_R","Bash","Offering+1","Shockwave","Intimidate","Evolve","Rampage+1","Headbutt"],"relics":["Burning Blood","Tiny Chest","Sundial","Matryoshka"],"acts_visited":["Exordium"],"potions_floor_usage":[16],"damage_taken":[{"damage":7.0,"enemies":"Cultist","floor":1.0,"turns":3.0},{"damage":10.0,"enemies":"Jaw Worm","floor":2.0,"turns":4.0},{"damage":11.0,"enemies":"2 Louse","floor":3.0,"turns":3.0},{"damage":19.0,"enemies":"Lots of Slimes","floor":5.0,"turns":4.0},{"damage":16.0,"enemies":"Lagavulin","floor":7.0,"turns":7.0},{"damage":2.0,"enemies":"3 Louse","floor":8.0,"turns":4.0},{"damage":10,"enemies":"Red Slaver","floor":10,"turns":3},{"damage":11,"enemies":"2 Fungi Beasts","floor":13,"turns":4},{"damage":27,"enemies":"Hexaghost","floor":16,"turns":9}],"seed_played":"-4917635331712888931","potions_obtained":[{"floor":1.0,"key":"Block Potion"},{"floor":3.0,"key":"LiquidBronze"},{"floor":7.0,"key":"BlessingOfTheForge"}],"is_trial":false,"path_per_floor":["M","M","M","?","M","R","E","M","T","M","T","R","M","$","R","B"],"character_chosen":"IRONCLAD","items_purchased":[],"campfire_rested":1,"item_purchase_floors":[],"current_hp_per_floor":[67,63,58,47,34,34,24,28,28,24,24,24,19,19,41,14,14],"gold":124,"neow_bonus":"THREE_RARE_CARDS","is_daily":false,"chose_seed":false,"campfire_upgraded":2,"win_rate":0.0,"timestamp":1610183632,"path_taken":["M","M","M","?","M","R","E","M","T","M","?","R","?","$","R","BOSS"],"items_purchased_type":[],"build_version":"2020-12-22","purchased_purges":1,"victory":false,"max_hp_per_floor":[75,75,75,75,75,75,75,75,75,75,75,75,75,75,75,75,75],"card_choices":[{"not_picked":["Berserk","Reaper"],"picked":"Offering","floor":0.0},{"not_picked":["Heavy Blade","Body Slam"],"picked":"Shockwave","floor":1.0},{"not_picked":["Headbutt","Hemokinesis"],"picked":"Intimidate","floor":2.0},{"not_picked":["Hemokinesis","Reckless Charge"],"picked":"Evolve","floor":3.0},{"not_picked":["Thunderclap","Cleave"],"picked":"Rampage","floor":5.0},{"not_picked":["Juggernaut","True Grit","Thunderclap"],"picked":"SKIP","floor":7.0},{"not_picked":["Dropkick","Warcry","Combust"],"picked":"SKIP","floor":8.0},{"not_picked":["Twin Strike","Clothesline"],"picked":"Headbutt","floor":10},{"not_picked":["Anger","Bloodletting","Dark Embrace"],"picked":"SKIP","floor":13}],"player_experience":447611,"relics_obtained":[{"floor":7.0,"key":"Tiny Chest"},{"floor":9.0,"key":"Sundial"},{"floor":11,"key":"Matryoshka"}],"event_choices":[{"damage_healed":0.0,"max_hp_gain":0.0,"max_hp_loss":0.0,"gold_gain":75.0,"event_name":"World of Goop","player_choice":"Gather Gold","floor":4.0,"gold_loss":0.0,"damage_taken":11.0}],"is_beta":false,"boss_relics":[],"items_purged_floors":[14],"is_endless":false,"potions_floor_spawned":[1,3,7],"killed_by":"Hexaghost","ascension_level":19}}