{"host":"hbvn1mkfq2iixsau","time":1610181155,"event":{"mods":["AchievementEnabler","Act Like it!","BaseMod","Better Altar","Better Match","Better Sensory Stone","Better Skull","Better Third Choice","Challenge The Spire","Colored Map","Displayed Cursed Tome","Hallownest","Minty Spire (QoL Compilation)","Quick Restart","Relic Stats","Shop Mod","StSLib","The Bug Knight"],"gold_per_floor":[111,111,36,76,76,108,108,136,136,166,166,201,126,152,152,257,257,276,276,296,147,468,468,495,221,221,221,252,297,324,249,249,348,348,360,190,210,125,135,161,173,207,233,153,1,21,21,52,52,52],"floor_reached":51,"playtime":3540,"items_purged":[],"score":1162,"play_id":"afab1cc4-ce47-43fb-b139-fb89623a9c6b","local_time":"20210109103235","is_ascension_mode":true,"campfire_choices":[{"data":"HollowMod:DesolateDive","floor":7.0,"key":"SMITH"},{"data":"HollowMod:SoulStrike","floor":11.0,"key":"SMITH"},{"data":"HollowMod:SoulSplash","floor":15.0,"key":"SMITH"},{"floor":23.0,"key":"REST"},{"data":"Mayhem","floor":27.0,"key":"SMITH"},{"data":"HollowMod:AwokenDreamNail","floor":32.0,"key":"SMITH"},{"data":"HollowMod:SlysStrikes","floor":49,"key":"SMITH"}],"circlet_count":0,"master_deck":["HollowMod:NailStrikeStart","HollowMod:NailStrikeStart","HollowMod:NailStrikeStart+1","HollowMod:NailStrikeStart","HollowMod:QuickDashStart","HollowMod:QuickDashStart","HollowMod:QuickDashStart","HollowMod:FocusHealStart","HollowMod:PogoStrike+1","HollowMod:SoulSplash+1","HollowMod:DesolateDive+1","HollowMod:SoulStrike+1","Dramatic Entrance+1","HollowMod:AwokenDreamNail+1","CurseOfTheBell","HollowMod:SoulShaman+1","Apotheosis+1","HollowMod:GreatSlash+1","HollowMod:PureVessel","HollowMod:HowlingWraiths","HollowMod:CornifersMapStart+1","HollowMod:SoulVessel","Hallownest:skillKingdomsEdgeMap+1","HollowMod:DesolateDive","Hallownest:attackMasterDashSlash","HollowMod:SlysStrikes+1","HollowMod:MantisMark+1","HollowMod:QuickDashStart+1","HollowMod:QuickDashStart+1"],"relics":["HollowMod:KingsSoulRelic","NeowsBlessing","Hallownest:BankAccountRelic","Ornamental Fan","PreservedInsect","FossilizedHelix","Singing Bowl","White Beast Statue","Dead Branch","Toxic Egg 2","StoneCalendar","Lantern","Orichalcum","Anchor","Membership Card","MerchantsRug","Ginger","Du-Vu Doll","Lizard Tail","HornCleat","HollowMod:LumaflyLanternRelic","Eternal Feather","Potion Belt","Ice Cream","HollowMod:KingsBrand"],"acts_visited":["Exordium","Hallownest:Greenpath","Hallownest:CityofTears"],"potions_floor_usage":[33,33,33,33,42,42,50,50],"damage_taken":[{"damage":0.0,"enemies":"Hallownest:monsterHuskWarrior","floor":1.0,"turns":1.0},{"damage":0.0,"enemies":"Hallownest:eliteCrystalGuardian","floor":6.0,"turns":1.0},{"damage":0.0,"enemies":"Hallownest:eliteMossKnight","floor":8.0,"turns":1.0},{"damage":0.0,"enemies":"Hallownest:eliteCrystalGuardian","floor":10.0,"turns":3.0},{"damage":0.0,"enemies":"Hallownest:eliteVengeflyKing","floor":12.0,"turns":4.0},{"damage":0.0,"enemies":"Hallownest:eliteCrystalGuardian","floor":14.0,"turns":2.0},{"damage":12.0,"enemies":"Hallownest:BossBrokenVessel","floor":16.0,"turns":5.0},{"damage":10.0,"enemies":"Hallownest:3_Youths","floor":18.0,"turns":7.0},{"damage":0.0,"enemies":"Hallownest:2_Mistakes","floor":20.0,"turns":3.0},{"damage":8.0,"enemies":"Hallownest:eliteSoulWarrior","floor":24.0,"turns":7.0},{"damage":0.0,"enemies":"Hallownest:Nosk","floor":28.0,"turns":5.0},{"damage":6.0,"enemies":"Hallownest:Glutton_and_Coward","floor":29.0,"turns":2.0},{"damage":0.0,"enemies":"Hallownest:eliteSoulWarrior","floor":30.0,"turns":4.0},{"damage":34,"enemies":"Hallownest:BossMantisLord","floor":33,"turns":5},{"damage":0,"enemies":"Hallownest:Shield_Heavy","floor":35,"turns":3},{"damage":16,"enemies":"Hallownest:3_Siblings","floor":37,"turns":6},{"damage":0,"enemies":"Hallownest:Shield_Sturdy","floor":39,"turns":4},{"damage":0,"enemies":"Hallownest:StalkingDevout","floor":40,"turns":4},{"damage":0,"enemies":"Hallownest:2_Great","floor":41,"turns":2},{"damage":1,"enemies":"Hallownest:eliteCollector","floor":42,"turns":5},{"damage":14,"enemies":"Hallownest:monsterPrimalAspid","floor":46,"turns":4},{"damage":14,"enemies":"Hallownest:eliteHiveKnight","floor":48,"turns":7},{"damage":105,"enemies":"Hallownest:BossHollowKnight","floor":50,"turns":12}],"seed_played":"-1816289516561767365","potions_obtained":[{"floor":6.0,"key":"EssenceOfSteel"},{"floor":10.0,"key":"Explosive Potion"},{"floor":14.0,"key":"PowerPotion"},{"floor":28.0,"key":"ColorlessPotion"},{"floor":30.0,"key":"Fire Potion"},{"floor":33,"key":"Fruit Juice"},{"floor":35,"key":"GamblersBrew"},{"floor":37,"key":"AttackPotion"},{"floor":39,"key":"Swift Potion"},{"floor":40,"key":"Fire Potion"},{"floor":42,"key":"SteroidPotion"},{"floor":46,"key":"ColorlessPotion"},{"floor":48,"key":"BlessingOfTheForge"}],"is_trial":false,"path_per_floor":["M","?","?","$","?","E","R","E","T","E","R","E","?","E","R","B",null,"M","?","M","$","?","R","E","$","T","R","E","M","E","?","R","B",null,"M","$","M","?","M","E","M","E","T","?","$","M","?","E","R","B",null],"character_chosen":"THE_BUGKNIGHT","items_purchased":["Apotheosis+1","Membership Card","MerchantsRug","Mayhem","HornCleat","HollowMod:HowlingWraiths","HollowMod:CornifersMapStart+1","HollowMod:SoulVessel","Ice Cream","HollowMod:SlysStrikes","HollowMod:MantisMark+1"],"campfire_rested":1,"item_purchase_floors":[21,25,25,25,36,36,36,36,45,45,45],"current_hp_per_floor":[75,66,66,66,66,66,66,66,66,68,68,76,76,78,78,66,81,71,81,83,83,23,47,47,47,47,47,49,45,51,51,51,28,94,96,96,88,88,96,98,98,103,103,103,103,91,91,85,100,5],"gold":52,"neow_bonus":"THREE_ENEMY_KILL","is_daily":false,"chose_seed":false,"campfire_upgraded":6,"win_rate":0.0,"timestamp":1610181155,"path_taken":["M","?","?","$","?","E","R","E","T","E","R","E","?","E","R","BOSS","M","?","M","$","?","R","E","$","T","R","E","M","E","?","R","BOSS","M","$","M","?","M","E","M","E","T","?","$","M","?","E","R","BOSS"],"items_purchased_type":["Card","Relic","Relic","Card","Relic","Card","Card","Card","Relic","Card","Card"],"build_version":"2020-12-22","purchased_purges":0,"victory":true,"max_hp_per_floor":[75,75,75,75,75,75,75,75,75,77,77,79,79,81,81,81,81,81,81,83,83,83,83,85,85,85,85,87,89,89,89,89,94,94,96,96,98,98,100,102,102,104,104,104,104,106,106,108,108,108],"relic_stats":{"Lizard Tail":0,"Singing Bowl":28,"counters":[23,97],"Ornamental Fan":[172],"Dead Branch":[50],"StoneCalendar":[53],"Eternal Feather":15,"PreservedInsect":363,"Ginger":[7],"Orichalcum":[72],"obtain_stats":[{"Ice Cream":45,"Lantern":22,"Singing Bowl":10,"HollowMod:LumaflyLanternRelic":40,"HollowMod:VesselMask":0,"StoneCalendar":17,"Juzu Bracelet":17,"Ginger":26,"Lizard Tail":30,"HornCleat":36,"Toxic Egg 2":17,"Potion Belt":43,"MerchantsRug":25,"NeowsBlessing":0,"Dead Branch":14,"Eternal Feather":42,"PreservedInsect":8,"Orichalcum":22,"HollowMod:KingsBrand":48,"White Beast Statue":12,"Calling Bell":17,"Du-Vu Doll":28,"Anchor":24,"Hallownest:BankAccountRelic":3,"Ornamental Fan":6,"Membership Card":25,"FossilizedHelix":9,"HollowMod:KingsSoulRelic":34},{"Ice Cream":20,"Lantern":9,"Singing Bowl":4,"HollowMod:LumaflyLanternRelic":18,"HollowMod:VesselMask":0,"StoneCalendar":7,"Juzu Bracelet":7,"Ginger":10,"Lizard Tail":13,"HornCleat":15,"Toxic Egg 2":7,"Potion Belt":20,"MerchantsRug":10,"NeowsBlessing":0,"Dead Branch":6,"Eternal Feather":20,"PreservedInsect":3,"Orichalcum":9,"HollowMod:KingsBrand":22,"White Beast Statue":5,"Calling Bell":7,"Du-Vu Doll":11,"Anchor":10,"Hallownest:BankAccountRelic":1,"Ornamental Fan":2,"Membership Card":10,"FossilizedHelix":3,"HollowMod:KingsSoulRelic":14},{"Ice Cream":74,"Lantern":27,"Singing Bowl":6,"HollowMod:LumaflyLanternRelic":67,"HollowMod:VesselMask":0,"StoneCalendar":17,"Juzu Bracelet":17,"Ginger":34,"Lizard Tail":45,"HornCleat":53,"Toxic Egg 2":17,"Potion Belt":74,"MerchantsRug":34,"NeowsBlessing":0,"Dead Branch":12,"Eternal Feather":74,"PreservedInsect":3,"Orichalcum":27,"HollowMod:KingsBrand":85,"White Beast Statue":10,"Calling Bell":17,"Du-Vu Doll":39,"Anchor":34,"Hallownest:BankAccountRelic":1,"Ornamental Fan":2,"Membership Card":34,"FossilizedHelix":3,"HollowMod:KingsSoulRelic":50}]},"card_choices":[{"not_picked":["HollowMod:WraithStrike","HollowMod:SharpenedNail"],"picked":"HollowMod:SoulSplash","floor":1.0},{"not_picked":["HollowMod:RecoilStrike","HollowMod:CloakDash"],"picked":"HollowMod:DesolateDive","floor":6.0},{"not_picked":["HollowMod:SiblingsSouls","HollowMod:SoulShaman"],"picked":"HollowMod:SoulStrike","floor":8.0},{"not_picked":["HollowMod:AbyssShriek","HollowMod:DreamGate","HollowMod:BrokenVessel"],"picked":"Singing Bowl","floor":10.0},{"not_picked":["HollowMod:AbyssShriek","HollowMod:HuntersJournal","HollowMod:FastStrike"],"picked":"Singing Bowl","floor":12.0},{"not_picked":["Purity+1","Mind Blast+1"],"picked":"Dramatic Entrance+1","floor":13.0},{"not_picked":["HollowMod:MonarchWings","HollowMod:ShadowDash","HollowMod:HeavyBlow"],"picked":"Singing Bowl","floor":14.0},{"not_picked":["HollowMod:WhiteLadysBlessing","HollowMod:ElderbugsWisdom"],"picked":"HollowMod:AwokenDreamNail","floor":16.0},{"not_picked":["HollowMod:CoiledNail","HollowMod:VengefulVoid"],"picked":"HollowMod:SoulShaman+1","floor":18.0},{"not_picked":["HollowMod:NewLittleFool+1","HollowMod:SoulSplash+1","HollowMod:DescendingDark+1"],"picked":"Singing Bowl","floor":20.0},{"not_picked":["HollowMod:DesolateDive","HollowMod:SoulSplash+1","HollowMod:CoiledNail"],"picked":"Singing Bowl","floor":24.0},{"not_picked":["HollowMod:TaintedHusks+1","HollowMod:ShadowDash+1","HollowMod:NewLittleFool"],"picked":"Singing Bowl","floor":28.0},{"not_picked":["HollowMod:InfectedCysts","HollowMod:VengefulVoid","HollowMod:ChannelNail+1"],"picked":"Singing Bowl","floor":29.0},{"not_picked":["HollowMod:NewJinnsSoul+1","HollowMod:InfectedAttack"],"picked":"HollowMod:GreatSlash+1","floor":30.0},{"not_picked":["HollowMod:LordofShades","HollowMod:ZotesMagnificence"],"picked":"HollowMod:PureVessel","floor":33},{"not_picked":["HollowMod:SoulSplash+1","HollowMod:VengefulSpirit+1","HollowMod:HeavyBlow"],"picked":"Singing Bowl","floor":35},{"not_picked":["HollowMod:ShadowDash+1","HollowMod:NewLittleFool","HollowMod:DescendingDark"],"picked":"Singing Bowl","floor":37},{"not_picked":["HollowMod:NewJinnsSoul+1","HollowMod:AbyssShriek+1","HollowMod:ShadowDash+1"],"picked":"Singing Bowl","floor":39},{"not_picked":["HollowMod:NewGlowingWomb","HollowMod:SoulStrike","HollowMod:SoulEater+1"],"picked":"Singing Bowl","floor":40},{"not_picked":["HollowMod:SoulStrike+1","HollowMod:SoulVessel"],"picked":"HollowMod:DesolateDive","floor":41},{"not_picked":["HollowMod:LifebloodCocoon+1","HollowMod:ChannelNail+1","HollowMod:VengefulVoid+1"],"picked":"Singing Bowl","floor":42},{"not_picked":["HollowMod:InfectedCysts","HollowMod:MothsMistake","HollowMod:ElderbugsWisdom"],"picked":"Singing Bowl","floor":46},{"not_picked":["HollowMod:TaintedHusks+1","HollowMod:SoulSplash+1","HollowMod:MawleksShell+1"],"picked":"Singing Bowl","floor":48}],"player_experience":280765,"relics_obtained":[{"floor":6.0,"key":"Ornamental Fan"},{"floor":8.0,"key":"PreservedInsect"},{"floor":9.0,"key":"FossilizedHelix"},{"floor":10.0,"key":"Singing Bowl"},{"floor":12.0,"key":"White Beast Statue"},{"floor":14.0,"key":"Dead Branch"},{"floor":17.0,"key":"Juzu Bracelet"},{"floor":17.0,"key":"Toxic Egg 2"},{"floor":17.0,"key":"StoneCalendar"},{"floor":24.0,"key":"Anchor"},{"floor":26.0,"key":"Ginger"},{"floor":28.0,"key":"Du-Vu Doll"},{"floor":30.0,"key":"Lizard Tail"},{"floor":40,"key":"HollowMod:LumaflyLanternRelic"},{"floor":42,"key":"Eternal Feather"},{"floor":43,"key":"Potion Belt"},{"floor":48,"key":"HollowMod:KingsBrand"}],"event_choices":[{"damage_healed":0.0,"max_hp_gain":0.0,"max_hp_loss":0.0,"gold_gain":0.0,"event_name":"betterMatch:BetterMatch","player_choice":"2","floor":13.0,"gold_loss":0.0,"damage_taken":0.0,"cards_obtained":["betterMatch:ColorlessUncommonCard"]},{"damage_healed":0.0,"max_hp_gain":0.0,"max_hp_loss":0.0,"gold_gain":321.0,"event_name":"betterSkull:BetterSkull","player_choice":"RE RE GO GO GO ","floor":22.0,"gold_loss":0.0,"damage_taken":67.0,"cards_upgraded":[],"relics_obtained":["Lantern","Orichalcum"]},{"damage_healed":0.0,"max_hp_gain":0.0,"max_hp_loss":0.0,"gold_gain":0.0,"event_name":"betterMatch:BetterMatch","player_choice":"3","floor":31.0,"gold_loss":0.0,"damage_taken":0.0,"cards_obtained":[]}],"is_beta":false,"boss_relics":[{"not_picked":["Runic Pyramid","Snecko Eye"],"picked":"Calling Bell"},{"not_picked":["Pandora\u0027s Box","Fusion Hammer"],"picked":"HollowMod:KingsSoulRelic"}],"items_purged_floors":[],"is_endless":false,"potions_floor_spawned":[6,10,14,16,18,20,24,28,29,30,33,35,37,39,40,41,42,46,48],"ascension_level":1}}