{"host":"g01l53quoe6lrer0","time":1610214874,"event":{"mods":["2.2 Compatiblity","AchievementEnabler","BaseMod","Colored Map","Highlight Path","Keyboard Shortcuts","Minty Spire (QoL Compilation)","Permanent Neow","StSLib","SuperFastMode","everything is the same but u backflip on backflip"],"gold_per_floor":[109,124,74,89,89,89,105,139,139,170,170,51,61,80,80,154,154,164,184,184,194,37,37,68,68,68,68,68,2,37,48,48,120,120,131,131,0,0,0,0,17,17,70,105,85,96,110,125,125,125],"floor_reached":51,"playtime":3086,"items_purged":["Pain"],"score":1358,"play_id":"c9407134-5636-43e7-b938-b68ff56f17ef","local_time":"20210110025434","is_ascension_mode":true,"campfire_choices":[{"data":"Immolate","floor":6.0,"key":"SMITH"},{"data":"Perfected Strike","floor":11.0,"key":"SMITH"},{"floor":15.0,"key":"REST"},{"data":"Perfected Strike","floor":23.0,"key":"SMITH"},{"floor":25.0,"key":"REST"},{"data":"Pommel Strike","floor":28.0,"key":"SMITH"},{"floor":32.0,"key":"REST"},{"data":"Fire Breathing","floor":40.0,"key":"SMITH"},{"data":"Perfected Strike","floor":42.0,"key":"SMITH"},{"floor":49.0,"key":"REST"}],"circlet_count":0,"master_deck":["AscendersBane","Strike_R","Strike_R","Strike_R","Strike_R","Strike_R","Defend_R","Defend_R","Defend_R","Defend_R","Bash","Uppercut+1","Perfected Strike+1","Pommel Strike+1","Shrug It Off+1","Shockwave+1","Headbutt+1","Perfected Strike+1","Reaper","Perfected Strike+1","Offering+1","Power Through+1","Fire Breathing+1","True Grit+1","Warcry+1","Impervious+1","True Grit+1","Perfected Strike+1","Wild Strike","Headbutt","Corruption","Flame Barrier+1","Perfected Strike+1","Perfected Strike","Warcry+1","Perfected Strike","Intimidate+1"],"relics":["Burning Blood","Toxic Egg 2","Pantograph","The Courier","Mark of Pain","Whetstone","Ginger","Blue Candle","Sozu","Shuriken","Red Mask","Bag of Marbles","Smiling Mask","InkBottle"],"acts_visited":["Exordium","TheCity","TheBeyond"],"potions_floor_usage":[],"damage_taken":[{"damage":8.0,"enemies":"Jaw Worm","floor":1.0,"turns":4.0},{"damage":6.0,"enemies":"Cultist","floor":2.0,"turns":3.0},{"damage":10.0,"enemies":"2 Louse","floor":4.0,"turns":3.0},{"damage":8.0,"enemies":"Exordium Thugs","floor":7.0,"turns":2.0},{"damage":32.0,"enemies":"Gremlin Nob","floor":8.0,"turns":4.0},{"damage":22.0,"enemies":"Lagavulin","floor":10.0,"turns":6.0},{"damage":12.0,"enemies":"Red Slaver","floor":13.0,"turns":2.0},{"damage":8.0,"enemies":"Large Slime","floor":14.0,"turns":3.0},{"damage":44.0,"enemies":"Slime Boss","floor":16.0,"turns":9.0},{"damage":11.0,"enemies":"2 Thieves","floor":18.0,"turns":2.0},{"damage":0.0,"enemies":"Chosen","floor":19.0,"turns":2.0},{"damage":18.0,"enemies":"Snake Plant","floor":21.0,"turns":2.0},{"damage":36.0,"enemies":"Book of Stabbing","floor":24.0,"turns":5.0},{"damage":31.0,"enemies":"Slavers","floor":30.0,"turns":4.0},{"damage":31.0,"enemies":"Shelled Parasite and Fungi","floor":31.0,"turns":5.0},{"damage":53.0,"enemies":"Champ","floor":33.0,"turns":9.0},{"damage":9.0,"enemies":"3 Shapes","floor":35.0,"turns":2.0},{"damage":7.0,"enemies":"3 Darklings","floor":41.0,"turns":5.0},{"damage":44.0,"enemies":"Giant Head","floor":44.0,"turns":6.0},{"damage":0.0,"enemies":"Maw","floor":46.0,"turns":4.0},{"damage":0.0,"enemies":"Sphere and 2 Shapes","floor":47.0,"turns":3.0},{"damage":0.0,"enemies":"4 Shapes","floor":48.0,"turns":2.0},{"damage":70,"enemies":"Time Eater","floor":50,"turns":9}],"seed_played":"-876256905043600917","potions_obtained":[{"floor":2.0,"key":"SpeedPotion"},{"floor":10.0,"key":"BlessingOfTheForge"},{"floor":14.0,"key":"FearPotion"},{"floor":16.0,"key":"EntropicBrew"},{"floor":18.0,"key":"Regen Potion"},{"floor":31.0,"key":"SpeedPotion"},{"floor":33.0,"key":"BloodPotion"}],"is_trial":false,"path_per_floor":["M","M","$","M","?","R","M","E","T","E","R","$","M","M","R","B",null,"M","M","?","M","$","R","E","R","T","?","R","$","E","M","R","B",null,"M","T","?","?","?","R","M","R","T","E","?","M","M","M","R","B",null],"character_chosen":"IRONCLAD","items_purchased":["Pommel Strike","Headbutt","Perfected Strike","Warcry+1","Impervious+1","Wild Strike","PowerPotion"],"campfire_rested":4,"item_purchase_floors":[3,12,12,22,22,29,29],"current_hp_per_floor":[66,66,66,62,75,75,73,47,47,31,31,31,25,23,45,37,66,65,71,71,59,59,59,43,65,65,65,65,65,40,15,37,21,62,59,59,59,59,59,59,75,75,75,37,37,43,49,55,75,11],"gold":125,"neow_bonus":"THREE_RARE_CARDS","is_daily":false,"chose_seed":false,"campfire_upgraded":6,"win_rate":0.0,"timestamp":1610214874,"path_taken":["M","M","$","M","?","R","M","E","T","E","R","$","M","?","R","BOSS","M","M","?","M","$","R","E","R","T","?","R","$","E","M","R","BOSS","M","?","?","?","?","R","?","R","T","E","?","?","M","M","R","BOSS"],"items_purchased_type":["Card","Card","Card","Card","Card","Card","Potion"],"build_version":"2020-12-22","purchased_purges":1,"victory":true,"max_hp_per_floor":[75,75,75,75,75,75,75,75,75,75,75,75,75,75,75,75,75,75,75,75,75,75,75,75,75,75,75,75,75,75,75,75,75,75,75,75,75,75,75,75,75,75,75,75,75,75,75,75,75,75],"card_choices":[{"not_picked":["Limit Break","Impervious"],"picked":"Immolate","floor":0.0},{"not_picked":["Dark Embrace","Sword Boomerang"],"picked":"Uppercut","floor":1.0},{"not_picked":["Reckless Charge","Wild Strike"],"picked":"Perfected Strike","floor":2.0},{"not_picked":["Sword Boomerang","Spot Weakness","Rage"],"picked":"SKIP","floor":4.0},{"not_picked":["Power Through","Anger"],"picked":"Disarm","floor":7.0},{"not_picked":["Disarm+1","Ghostly Armor+1"],"picked":"Shrug It Off+1","floor":8.0},{"not_picked":["Battle Trance+1","Searing Blow"],"picked":"Shockwave+1","floor":10.0},{"not_picked":["Cleave","Carnage"],"picked":"Reaper","floor":13.0},{"not_picked":["Twin Strike","Pommel Strike"],"picked":"Perfected Strike","floor":14.0},{"not_picked":["Limit Break+1","Corruption"],"picked":"Offering+1","floor":16.0},{"not_picked":["Cleave+1","Clash"],"picked":"Power Through+1","floor":18.0},{"not_picked":["Ghostly Armor+1","Cleave"],"picked":"Fire Breathing","floor":19.0},{"not_picked":["Metallicize","Rampage"],"picked":"True Grit+1","floor":21.0},{"not_picked":["Demon Form","Sever Soul"],"picked":"True Grit+1","floor":24.0},{"not_picked":["Inflame","Rampage"],"picked":"Headbutt","floor":30.0},{"not_picked":["Clash","Cleave","Pummel"],"picked":"SKIP","floor":31.0},{"not_picked":["Bludgeon","Offering+1"],"picked":"Corruption","floor":33.0},{"not_picked":["Sword Boomerang","Wild Strike"],"picked":"Flame Barrier+1","floor":35.0},{"not_picked":["Flame Barrier+1","Heavy Blade"],"picked":"Perfected Strike","floor":41.0},{"not_picked":["Warcry+1","Thunderclap+1"],"picked":"Perfected Strike","floor":44.0},{"not_picked":["True Grit+1","Pommel Strike"],"picked":"Warcry+1","floor":46.0},{"not_picked":["Body Slam","Searing Blow+1"],"picked":"Perfected Strike","floor":47.0},{"not_picked":["Ghostly Armor+1","Clothesline"],"picked":"Intimidate+1","floor":48.0}],"player_experience":113579,"relics_obtained":[{"floor":8.0,"key":"Toxic Egg 2"},{"floor":9.0,"key":"Pantograph"},{"floor":10.0,"key":"The Courier"},{"floor":24.0,"key":"Whetstone"},{"floor":26.0,"key":"Ginger"},{"floor":30.0,"key":"Blue Candle"},{"floor":36.0,"key":"Shuriken"},{"floor":43.0,"key":"Smiling Mask"},{"floor":44.0,"key":"InkBottle"}],"event_choices":[{"damage_healed":13.0,"max_hp_gain":0.0,"max_hp_loss":0.0,"gold_gain":0.0,"event_name":"Wheel of Change","player_choice":"Full Heal","floor":5.0,"gold_loss":0.0,"damage_taken":0.0},{"damage_healed":0.0,"max_hp_gain":0.0,"max_hp_loss":0.0,"gold_gain":0.0,"event_name":"Accursed Blacksmith","player_choice":"Forge","floor":20.0,"gold_loss":0.0,"damage_taken":0.0,"cards_upgraded":["Uppercut"]},{"damage_healed":0.0,"max_hp_gain":0.0,"max_hp_loss":0.0,"gold_gain":0.0,"event_name":"Duplicator","player_choice":"Copied","floor":27.0,"gold_loss":0.0,"damage_taken":0.0,"cards_obtained":["Perfected Strike"]},{"damage_healed":0.0,"max_hp_gain":0.0,"max_hp_loss":0.0,"gold_gain":0.0,"event_name":"Tomb of Lord Red Mask","player_choice":"Paid","floor":37.0,"gold_loss":131.0,"damage_taken":0.0,"relics_obtained":["Red Mask"]},{"cards_removed":["Disarm"],"damage_healed":0.0,"max_hp_gain":0.0,"max_hp_loss":0.0,"gold_gain":0.0,"event_name":"Falling","player_choice":"Removed Skill","floor":38.0,"gold_loss":0.0,"damage_taken":0.0},{"cards_removed":["Immolate"],"damage_healed":0.0,"max_hp_gain":0.0,"max_hp_loss":0.0,"gold_gain":0.0,"event_name":"WeMeetAgain","player_choice":"Gave Card","floor":39.0,"gold_loss":0.0,"damage_taken":0.0,"relics_obtained":["Bag of Marbles"]},{"damage_healed":0.0,"max_hp_gain":0.0,"max_hp_loss":0.0,"gold_gain":0.0,"event_name":"The Woman in Blue","player_choice":"Bought 1 Potion","floor":45.0,"gold_loss":0.0,"damage_taken":0.0}],"is_beta":false,"boss_relics":[{"not_picked":["SacredBark","Black Star"],"picked":"Mark of Pain"},{"not_picked":["Velvet Choker","Pandora\u0027s Box"],"picked":"Sozu"}],"items_purged_floors":[12],"is_endless":false,"potions_floor_spawned":[2,10,14,16,18,31,33,41,44,47],"ascension_level":18}}