{"host":"2xi35nzst5j6xtbr","time":1610197313,"event":{"mods":["Act Like it!","BaseMod","Colored Map","Dota2Spire","Minty Spire (QoL Compilation)","StSLib","The Servant 0.9.4","Waifu the Spire","[地精首领爬塔]The Maniac","【遗物卡牌】REMEMod"],"gold_per_floor":[112,112,125,143,163,163,189,189,189,219,237,31,43,59,59,161,161,179,278,278,278,291,320,333,347,347,347,362,66,66,85,85,182,182,195,215,226,241,241,241,268,20,320,345,345,13,13,25,25,25],"floor_reached":51,"playtime":3111,"items_purged":["Flex+1","Twin Strike"],"score":816,"play_id":"141d4b08-e8a5-41fe-814d-fd4ff757ccd5","local_time":"20210109210153","is_ascension_mode":false,"campfire_choices":[{"data":"Strike_R","floor":6,"key":"SMITH"},{"data":"Barricade","floor":8,"key":"SMITH"},{"data":"REME_BattleFury","floor":15,"key":"SMITH"},{"data":"Armaments","floor":27,"key":"SMITH"},{"data":"Entrench","floor":32,"key":"SMITH"},{"data":"Seeing Red","floor":40,"key":"SMITH"},{"floor":45,"key":"REST"},{"data":"Demon Form","floor":47,"key":"SMITH"},{"data":"Entrench","floor":49,"key":"SMITH"}],"circlet_count":0,"master_deck":["Strike_R+1","Strike_R+1","Strike_R+1","Strike_R+1","Strike_R+1","Defend_R+1","Defend_R+1","Defend_R+1","Defend_R+1","Body Slam","REME_BattleFury+1","Armaments+1","Barricade+1","Metallicize","Shrug It Off","Warcry","Power Through","Juggernaut","Headbutt+1","Combust","Shrug It Off","Thunderclap","Entrench+1","Demon Form+1","Cleave+1","Flame Barrier","Dual Wield+1","Seeing Red+1","Metallicize+1","Entrench+1","Parasite"],"relics":["Burning Blood","REME_ComplimentaryCards","Calipers","Dota2Spire:BlackKingBar","Dota2Spire:AghanimScepter","Gremlin Horn","Bronze Scales","Dota2Spire:RefresherOrb","Question Card","Dota2Spire:MaskOfMadness","Dota2Spire:OctarineCore","Philosopher\u0027s Stone","MawBank","Dota2Spire:PowerTreads","Old Coin","Bottled Tornado","Membership Card","Dota2Spire:EtherealBlade"],"acts_visited":["Exordium","TheCity","TheBeyond"],"potions_floor_usage":[2,7,7,7,10,10,11,16,16,31,33,36,36,41,50],"damage_taken":[{"damage":0,"enemies":"Small Slimes","floor":1,"turns":3},{"damage":0,"enemies":"Cultist","floor":3,"turns":2},{"damage":6,"enemies":"Jaw Worm","floor":4,"turns":3},{"damage":7,"enemies":"Exordium Thugs","floor":5,"turns":5},{"damage":14,"enemies":"Gremlin Nob","floor":7,"turns":3},{"damage":26,"enemies":"Lagavulin","floor":10,"turns":4},{"damage":2,"enemies":"Large Slime","floor":11,"turns":2},{"damage":6,"enemies":"3 Louse","floor":13,"turns":2},{"damage":4,"enemies":"2 Fungi Beasts","floor":14,"turns":2},{"damage":8,"enemies":"Hexaghost","floor":16,"turns":8},{"damage":5,"enemies":"Chosen","floor":18,"turns":3},{"damage":0,"enemies":"Spheric Guardian","floor":22,"turns":1},{"damage":10,"enemies":"Book of Stabbing","floor":23,"turns":4},{"damage":0,"enemies":"Snecko","floor":24,"turns":3},{"damage":1,"enemies":"3 Cultists","floor":25,"turns":3},{"damage":2,"enemies":"Snake Plant","floor":28,"turns":3},{"damage":9,"enemies":"Snecko","floor":31,"turns":3},{"damage":5,"enemies":"Automaton","floor":33,"turns":6},{"damage":11,"enemies":"Orb Walker","floor":35,"turns":2},{"damage":21,"enemies":"3 Darklings","floor":36,"turns":4},{"damage":2,"enemies":"Sphere and 2 Shapes","floor":37,"turns":5},{"damage":19,"enemies":"4 Shapes","floor":38,"turns":2},{"damage":12,"enemies":"Reptomancer","floor":41,"turns":2},{"damage":1,"enemies":"Giant Head","floor":44,"turns":4},{"damage":8,"enemies":"Writhing Mass","floor":48,"turns":6},{"damage":3,"enemies":"Awakened One","floor":50,"turns":8}],"seed_played":"-860237155546662862","potions_obtained":[{"floor":2,"key":"EntropicBrew"},{"floor":2,"key":"Fruit Juice"},{"floor":2,"key":"Strength Potion"},{"floor":3,"key":"LiquidMemories"},{"floor":4,"key":"FearPotion"},{"floor":10,"key":"PowerPotion"},{"floor":13,"key":"Dexterity Potion"},{"floor":14,"key":"SkillPotion"},{"floor":18,"key":"SteroidPotion"},{"floor":22,"key":"LiquidBronze"},{"floor":24,"key":"Block Potion"},{"floor":31,"key":"Explosive Potion"},{"floor":33,"key":"LiquidBronze"},{"floor":35,"key":"EssenceOfSteel"},{"floor":36,"key":"Strength Potion"},{"floor":44,"key":"LiquidMemories"}],"is_trial":false,"path_per_floor":["M","?","M","M","M","R","E","R","T","E","M","$","M","M","R","B",null,"M","?","?","?","M","E","M","M","T","R","M","$","?","M","R","B",null,"M","M","M","M","?","R","E","$","T","E","R","$","R","M","R","B",null],"character_chosen":"IRONCLAD","items_purchased":["Bronze Scales","Shrug It Off","Dota2Spire:OctarineCore","Dota2Spire:PowerTreads","Entrench","Membership Card","Dota2Spire:EtherealBlade"],"campfire_rested":1,"item_purchase_floors":[12,12,29,42,42,46,46],"current_hp_per_floor":[72,77,77,77,76,76,68,68,68,48,52,52,52,54,54,52,77,77,77,77,77,77,73,77,77,77,77,77,77,63,66,66,67,82,77,62,66,53,53,53,47,47,47,52,76,76,76,74,74,77],"gold":25,"neow_bonus":"ONE_RARE_RELIC","is_daily":false,"chose_seed":false,"campfire_upgraded":8,"win_rate":0.0,"timestamp":1610197313,"path_taken":["M","?","M","M","M","R","E","R","T","E","M","$","M","M","R","BOSS","M","?","?","?","M","E","M","M","T","R","?","$","?","M","R","BOSS","M","M","M","M","?","R","E","$","T","E","R","$","R","M","R","BOSS"],"items_purchased_type":["Relic","Card","Relic","Relic","Card","Relic","Relic"],"build_version":"2020-12-22","purchased_purges":2,"victory":true,"max_hp_per_floor":[72,77,77,77,77,77,77,77,77,77,77,77,77,77,77,77,77,77,77,77,77,77,77,77,77,77,77,77,77,82,82,82,82,82,82,82,82,82,82,82,82,82,82,82,82,82,82,82,82,82],"card_choices":[{"not_picked":["Anger","Wild Strike"],"picked":"Body Slam","floor":1},{"not_picked":["Shockwave","Carnage"],"picked":"Twin Strike","floor":3},{"not_picked":["Twin Strike","Juggernaut"],"picked":"Armaments","floor":4},{"not_picked":["Clash","Body Slam","Anger"],"picked":"SKIP","floor":5},{"not_picked":["Searing Blow","Entrench"],"picked":"Barricade","floor":7},{"not_picked":["Feel No Pain","Pommel Strike","Iron Wave"],"picked":"SKIP","floor":10},{"not_picked":["REME_Scribble","Anger"],"picked":"Metallicize","floor":11},{"not_picked":["Havoc","Twin Strike"],"picked":"Warcry","floor":13},{"not_picked":["Wild Strike","Dropkick"],"picked":"Power Through","floor":14},{"not_picked":["Feed","REME_Fury"],"picked":"Juggernaut","floor":16},{"not_picked":["Clash","True Grit"],"picked":"Headbutt+1","floor":18},{"not_picked":["Wild Strike","Disarm+1","Sever Soul"],"picked":"SKIP","floor":22},{"not_picked":["Infernal Blade","Clothesline"],"picked":"Flex+1","floor":23},{"not_picked":["Searing Blow+1","Rupture","Perfected Strike"],"picked":"Combust","floor":24},{"not_picked":["Second Wind+1","Feel No Pain","Corruption"],"picked":"Shrug It Off","floor":25},{"not_picked":["Clothesline+1","Perfected Strike","Searing Blow"],"picked":"Thunderclap","floor":28},{"not_picked":["Reckless Charge","Second Wind+1","True Grit"],"picked":"Entrench","floor":31},{"not_picked":["Berserk","Reaper","REME_Fury"],"picked":"Demon Form","floor":33},{"not_picked":["Perfected Strike","REME_Cut","Feel No Pain+1"],"picked":"Cleave+1","floor":35},{"not_picked":["Infernal Blade","Perfected Strike","Fire Breathing"],"picked":"Flame Barrier","floor":36},{"not_picked":["Sever Soul+1","Hemokinesis+1","Anger+1"],"picked":"Dual Wield+1","floor":37},{"not_picked":["Heavy Blade+1","Shrug It Off","True Grit"],"picked":"Seeing Red","floor":38},{"not_picked":["Thunderclap+1","Clash+1","REME_SingleHolding+1"],"picked":"Metallicize+1","floor":41},{"not_picked":["Demon Form","Armaments","Flex","REME_SingleHolding+1"],"picked":"SKIP","floor":44},{"not_picked":["Flex+1","Whirlwind","Thunderclap+1","Clothesline"],"picked":"SKIP","floor":48}],"player_experience":88518,"relics_obtained":[{"floor":7,"key":"Dota2Spire:BlackKingBar"},{"floor":9,"key":"Dota2Spire:AghanimScepter"},{"floor":10,"key":"Gremlin Horn"},{"floor":23,"key":"Question Card"},{"floor":26,"key":"Dota2Spire:MaskOfMadness"},{"floor":41,"key":"MawBank"},{"floor":43,"key":"Old Coin"},{"floor":44,"key":"Bottled Tornado"}],"event_choices":[{"damage_healed":0,"gold_gain":0,"player_choice":"Got Potions","damage_taken":0,"max_hp_gain":0,"max_hp_loss":0,"event_name":"Lab","floor":2,"gold_loss":0},{"damage_healed":0,"gold_gain":99,"player_choice":"Stole From Cult","damage_taken":0,"max_hp_gain":0,"max_hp_loss":0,"event_name":"Nest","floor":19,"gold_loss":0},{"damage_healed":0,"gold_gain":0,"player_choice":"Simplicity","damage_taken":0,"max_hp_gain":0,"max_hp_loss":0,"event_name":"Back to Basics","floor":20,"gold_loss":0,"cards_upgraded":["Strike_R","Strike_R","Strike_R","Strike_R","Defend_R","Defend_R","Defend_R","Defend_R"]},{"damage_healed":0,"gold_gain":0,"player_choice":"Ignored","damage_taken":0,"max_hp_gain":0,"max_hp_loss":0,"event_name":"Vampires","floor":21,"gold_loss":0},{"damage_healed":0,"gold_gain":0,"player_choice":"Shed Blood","damage_taken":19,"max_hp_gain":5,"max_hp_loss":0,"event_name":"Forgotten Altar","floor":30,"gold_loss":0},{"cards_removed":["Bash"],"damage_healed":0,"gold_gain":0,"player_choice":"Removed Attack","damage_taken":0,"max_hp_gain":0,"max_hp_loss":0,"event_name":"Falling","floor":39,"gold_loss":0}],"is_beta":false,"boss_relics":[{"not_picked":["REME_ChargedStone","REME_DemonsWealth"],"picked":"Dota2Spire:RefresherOrb"},{"not_picked":["SacredBark","Pandora\u0027s Box"],"picked":"Philosopher\u0027s Stone"}],"items_purged_floors":[42,46],"is_endless":false,"potions_floor_spawned":[3,4,10,13,14,18,22,24,31,33,35,36,44],"ascension_level":0}}