{"host":"kh6fvhxn285ncg0o","time":1610186136,"event":{"mods":["Act Like it!","BaseMod","Colored Map","Friendly Minions","Keyboard Shortcuts","Minty Spire (QoL Compilation)","Quick Restart","Relic Stats","StSLib","SuperFastMode"],"gold_per_floor":[118,43,43,54,70,70,103,122,122,122,122,137,137,212,212,288,288,303,303,303,320,320,345,345,7,31,63,78,90,90,118,118,190,190,204,204,217,236,236,236,247,247,274,289,319,244,273,310,322,334,346,358,370,198,228,228],"floor_reached":57,"playtime":2153,"items_purged":["Flame Barrier","Immolate+1"],"score":2936,"play_id":"cf5218b3-c20b-487d-b698-b3c1f7355c3a","local_time":"20210109185536","is_ascension_mode":true,"campfire_choices":[{"data":"Feed","floor":6.0,"key":"SMITH"},{"floor":11.0,"key":"REST"},{"data":"Body Slam","floor":13.0,"key":"SMITH"},{"data":"Fire Breathing","floor":15.0,"key":"SMITH"},{"data":"Immolate","floor":24.0,"key":"SMITH"},{"data":"Armaments","floor":32.0,"key":"SMITH"},{"data":"Barricade","floor":40.0,"key":"SMITH"},{"floor":42.0,"key":"RECALL"},{"data":"Seeing Red","floor":49.0,"key":"SMITH"},{"data":"Entrench","floor":53.0,"key":"SMITH"}],"circlet_count":0,"master_deck":["AscendersBane","Ghostly Armor+1","Feed+1","Wild Strike+1","Fire Breathing+1","Clothesline","Flame Barrier+1","Dark Embrace","Dual Wield+1","Carnage","Body Slam+1","Barricade+1","Armaments+1","Seeing Red+1","Entrench+1","Brutality","Battle Trance","Evolve","Shrug It Off","Exhume"],"relics":["Pandora\u0027s Box","TungstenRod","Mark of Pain","InkBottle","Prayer Wheel","Pocketwatch","War Paint","Art of War","Charon\u0027s Ashes","SlaversCollar","Bronze Scales","Singing Bowl","MawBank","Incense Burner","Anchor"],"acts_visited":["Exordium","TheCity","TheBeyond","TheEnding"],"potions_floor_usage":[56,56,56,56],"damage_taken":[{"damage":9.0,"enemies":"Jaw Worm","floor":1.0,"turns":4.0},{"damage":2.0,"enemies":"Small Slimes","floor":4.0,"turns":3.0},{"damage":0.0,"enemies":"2 Louse","floor":5.0,"turns":4.0},{"damage":33.0,"enemies":"Gremlin Nob","floor":7.0,"turns":5.0},{"damage":0.0,"enemies":"2 Fungi Beasts","floor":8.0,"turns":3.0},{"damage":0.0,"enemies":"3 Louse","floor":12.0,"turns":2.0},{"damage":3.0,"enemies":"Hexaghost","floor":16.0,"turns":7.0},{"damage":0.0,"enemies":"Chosen","floor":18.0,"turns":3.0},{"damage":18.0,"enemies":"Shell Parasite","floor":21.0,"turns":5.0},{"damage":9.0,"enemies":"Gremlin Leader","floor":23.0,"turns":6.0},{"damage":19.0,"enemies":"Slavers","floor":27.0,"turns":3.0},{"damage":0.0,"enemies":"Centurion and Healer","floor":28.0,"turns":4.0},{"damage":13.0,"enemies":"Snecko","floor":29.0,"turns":5.0},{"damage":16.0,"enemies":"Gremlin Leader","floor":31.0,"turns":4.0},{"damage":8.0,"enemies":"Collector","floor":33.0,"turns":8.0},{"damage":2.0,"enemies":"3 Darklings","floor":35.0,"turns":4.0},{"damage":6.0,"enemies":"Orb Walker","floor":37.0,"turns":4.0},{"damage":8.0,"enemies":"Writhing Mass","floor":38.0,"turns":5.0},{"damage":0.0,"enemies":"Spire Growth","floor":41.0,"turns":4.0},{"damage":21.0,"enemies":"4 Shapes","floor":44.0,"turns":4.0},{"damage":0.0,"enemies":"Giant Head","floor":45.0,"turns":7.0},{"damage":17.0,"enemies":"Reptomancer","floor":47.0,"turns":5.0},{"damage":0.0,"enemies":"Mind Bloom Boss Battle","floor":48.0,"turns":6.0},{"damage":7.0,"enemies":"Donu and Deca","floor":50.0,"turns":11.0},{"damage":34.0,"enemies":"Awakened One","floor":51.0,"turns":11.0},{"damage":19,"enemies":"Shield and Spear","floor":55,"turns":5},{"damage":50,"enemies":"The Heart","floor":56,"turns":8}],"seed_played":"-5371534786170634626","potions_obtained":[{"floor":5.0,"key":"Ancient Potion"},{"floor":12.0,"key":"EntropicBrew"},{"floor":16.0,"key":"AttackPotion"},{"floor":18.0,"key":"Fire Potion"},{"floor":23.0,"key":"SteroidPotion"},{"floor":28.0,"key":"Energy Potion"},{"floor":29.0,"key":"Dexterity Potion"},{"floor":33.0,"key":"AttackPotion"},{"floor":35.0,"key":"Weak Potion"},{"floor":37.0,"key":"PowerPotion"},{"floor":45.0,"key":"Regen Potion"},{"floor":55,"key":"EntropicBrew"}],"is_trial":false,"path_per_floor":["M","?","?","M","M","R","E","M","T","?","R","M","R","?","R","B",null,"M","?","T","M","?","E","R","$","T","E","M","M","?","E","R","B",null,"M","?","M","M","?","R","M","R","T","M","E","$","E","?","R","B","B",null,"R","$","E","B",null],"character_chosen":"IRONCLAD","items_purchased":["Pocketwatch","LiquidBronze"],"campfire_rested":1,"item_purchase_floors":[25,54],"current_hp_per_floor":[59,59,36,37,40,40,7,11,11,5,30,34,34,24,24,21,72,76,76,76,58,58,49,49,49,49,34,38,29,29,13,13,5,80,78,73,71,67,67,67,71,71,71,58,64,64,51,71,71,68,38,117,117,117,100,65],"gold":228,"neow_bonus":"BOSS_RELIC","is_daily":false,"chose_seed":false,"campfire_upgraded":8,"win_rate":0.0,"timestamp":1610186136,"path_taken":["M","?","?","M","M","R","E","?","T","?","R","M","R","?","R","BOSS","M","?","?","M","?","E","R","$","T","E","?","M","?","E","R","BOSS","M","?","M","?","?","R","M","R","T","M","E","$","E","?","R","BOSS","BOSS","R","$","E","BOSS"],"items_purchased_type":["Relic","Potion"],"build_version":"2020-12-22","purchased_purges":2,"victory":true,"max_hp_per_floor":[75,75,75,78,81,81,81,85,85,85,85,89,89,89,89,89,89,93,93,93,93,93,93,93,93,93,97,101,105,105,105,105,105,105,105,105,109,113,107,107,111,111,111,119,125,125,129,135,135,139,143,143,143,143,145,145],"relic_stats":{"Singing Bowl":6,"counters":[27,140],"Charon\u0027s Ashes":[336],"War Paint":["Dual Wield","Ghostly Armor"],"MawBank":84,"Bronze Scales":[274],"Pandora\u0027s Box":["Flame Barrier","Ghostly Armor","Feed","Wild Strike","Fire Breathing","Clothesline","Flame Barrier","Dark Embrace","Havoc"],"Prayer Wheel":8,"Art of War":[36],"obtain_stats":[{"Singing Bowl":45,"Charon\u0027s Ashes":31,"Incense Burner":48,"War Paint":26,"MawBank":47,"Burning Blood":0,"SlaversCollar":34,"Anchor":55,"Bronze Scales":43,"Pandora\u0027s Box":0,"Prayer Wheel":23,"Mark of Pain":17,"Art of War":27,"TungstenRod":7,"InkBottle":20,"Pocketwatch":25},{"Singing Bowl":21,"Charon\u0027s Ashes":14,"Incense Burner":23,"War Paint":10,"MawBank":22,"Burning Blood":0,"SlaversCollar":15,"Anchor":26,"Bronze Scales":19,"Pandora\u0027s Box":0,"Prayer Wheel":10,"Mark of Pain":7,"Art of War":11,"TungstenRod":4,"InkBottle":8,"Pocketwatch":10},{"Singing Bowl":94,"Charon\u0027s Ashes":58,"Incense Burner":105,"War Paint":42,"MawBank":99,"Burning Blood":0,"SlaversCollar":66,"Anchor":132,"Bronze Scales":83,"Pandora\u0027s Box":0,"Prayer Wheel":42,"Mark of Pain":28,"Art of War":45,"TungstenRod":16,"InkBottle":31,"Pocketwatch":42}],"TungstenRod":102,"InkBottle":[34],"Pocketwatch":[120]},"card_choices":[{"not_picked":["Cleave","Intimidate"],"picked":"Dual Wield","floor":1.0},{"not_picked":["Headbutt","Combust","Bloodletting"],"picked":"SKIP","floor":4.0},{"not_picked":["Havoc","Cleave","Thunderclap"],"picked":"SKIP","floor":5.0},{"not_picked":["Anger","Limit Break","Thunderclap"],"picked":"SKIP","floor":7.0},{"not_picked":["Flame Barrier","Heavy Blade"],"picked":"Carnage","floor":8.0},{"not_picked":["Fire Breathing","Warcry"],"picked":"Body Slam","floor":12.0},{"not_picked":["Impervious","Demon Form"],"picked":"Barricade","floor":16.0},{"not_picked":["Wild Strike","Infernal Blade","Clothesline"],"picked":"SKIP","floor":18.0},{"not_picked":["True Grit","Clash","Headbutt+1"],"picked":"SKIP","floor":21.0},{"not_picked":["Perfected Strike","Flex","Feed"],"picked":"SKIP","floor":23.0},{"not_picked":["Bludgeon","Perfected Strike+1","True Grit"],"picked":"SKIP","floor":27.0},{"not_picked":["Sword Boomerang","Uppercut"],"picked":"Seeing Red","floor":28.0},{"not_picked":["Pommel Strike","Infernal Blade","Headbutt+1"],"picked":"SKIP","floor":28.0},{"not_picked":["Barricade","Twin Strike+1","Clothesline"],"picked":"SKIP","floor":29.0},{"not_picked":["Thunderclap+1","Heavy Blade","Warcry"],"picked":"SKIP","floor":29.0},{"not_picked":["Pommel Strike","Rupture","Intimidate"],"picked":"SKIP","floor":31.0},{"not_picked":["Limit Break","Barricade"],"picked":"Brutality","floor":33.0},{"not_picked":["Warcry+1","Flex"],"picked":"Battle Trance","floor":35.0},{"not_picked":["Anger+1","Spot Weakness","Metallicize"],"picked":"SKIP","floor":35.0},{"not_picked":["Headbutt","Flex"],"picked":"Evolve","floor":37.0},{"not_picked":["Bloodletting","True Grit","Pummel"],"picked":"SKIP","floor":37.0},{"not_picked":["Twin Strike","Clash"],"picked":"Shrug It Off","floor":38.0},{"not_picked":["Dropkick","Spot Weakness","Juggernaut"],"picked":"SKIP","floor":38.0},{"not_picked":["Clash","Body Slam","Headbutt"],"picked":"SKIP","floor":41.0},{"not_picked":["Rupture","Entrench","Reckless Charge"],"picked":"SKIP","floor":41.0},{"not_picked":["Armaments","Searing Blow+1","Perfected Strike"],"picked":"SKIP","floor":44.0},{"not_picked":["Ghostly Armor","Flex","Pommel Strike"],"picked":"SKIP","floor":44.0},{"not_picked":["Whirlwind","Headbutt","Metallicize"],"picked":"Singing Bowl","floor":45.0},{"not_picked":["Rampage","Cleave"],"picked":"Exhume","floor":47.0},{"not_picked":["Reckless Charge+1","Warcry","Infernal Blade"],"picked":"Singing Bowl","floor":48.0},{"not_picked":["Wild Strike","Battle Trance","Iron Wave"],"picked":"Singing Bowl","floor":55}],"player_experience":3396395,"relics_obtained":[{"floor":7.0,"key":"TungstenRod"},{"floor":20.0,"key":"InkBottle"},{"floor":23.0,"key":"Prayer Wheel"},{"floor":26.0,"key":"War Paint"},{"floor":27.0,"key":"Art of War"},{"floor":31.0,"key":"Charon\u0027s Ashes"},{"floor":43.0,"key":"Bronze Scales"},{"floor":45.0,"key":"Singing Bowl"},{"floor":47.0,"key":"MawBank"},{"floor":48.0,"key":"Incense Burner"},{"floor":55,"key":"Anchor"}],"event_choices":[{"cards_removed":["Havoc"],"damage_healed":0.0,"max_hp_gain":0.0,"max_hp_loss":0.0,"gold_gain":0.0,"event_name":"The Cleric","player_choice":"Card Removal","floor":2.0,"gold_loss":75.0,"damage_taken":0.0},{"damage_healed":0.0,"max_hp_gain":0.0,"max_hp_loss":0.0,"gold_gain":0.0,"event_name":"Shining Light","player_choice":"Entered Light","floor":3.0,"gold_loss":0.0,"damage_taken":23.0,"cards_upgraded":["Wild Strike","Flame Barrier"]},{"cards_removed":["Bash"],"damage_healed":0.0,"max_hp_gain":0.0,"max_hp_loss":0.0,"gold_gain":0.0,"event_name":"Golden Wing","player_choice":"Card Removal","floor":10.0,"gold_loss":0.0,"damage_taken":7.0},{"damage_healed":0.0,"max_hp_gain":0.0,"max_hp_loss":0.0,"gold_gain":75.0,"event_name":"World of Goop","player_choice":"Gather Gold","floor":14.0,"gold_loss":0.0,"damage_taken":11.0},{"damage_healed":0.0,"max_hp_gain":0.0,"max_hp_loss":0.0,"gold_gain":0.0,"event_name":"The Mausoleum","player_choice":"Ignored","floor":19.0,"gold_loss":0.0,"damage_taken":0.0},{"damage_healed":0.0,"max_hp_gain":0.0,"max_hp_loss":0.0,"gold_gain":0.0,"event_name":"Match and Keep!","player_choice":"2 cards matched","floor":22.0,"gold_loss":0.0,"damage_taken":0.0,"cards_obtained":["Armaments","Immolate"]},{"damage_healed":0.0,"max_hp_gain":0.0,"max_hp_loss":0.0,"gold_gain":0.0,"event_name":"The Library","player_choice":"Read","floor":30.0,"gold_loss":0.0,"damage_taken":0.0,"cards_obtained":["Entrench"]},{"damage_healed":0.0,"max_hp_gain":0.0,"max_hp_loss":0.0,"gold_gain":0.0,"event_name":"The Woman in Blue","player_choice":"Bought 0 Potions","floor":36.0,"gold_loss":0.0,"damage_taken":0.0},{"damage_healed":0.0,"max_hp_gain":0.0,"max_hp_loss":6.0,"gold_gain":0.0,"event_name":"Winding Halls","player_choice":"Max HP","floor":39.0,"gold_loss":0.0,"damage_taken":0.0},{"damage_healed":0.0,"max_hp_gain":0.0,"max_hp_loss":0.0,"gold_gain":0.0,"event_name":"MindBloom","player_choice":"Fight","floor":48.0,"gold_loss":0.0,"damage_taken":0.0}],"is_beta":false,"boss_relics":[{"not_picked":["Snecko Eye","Black Star"],"picked":"Mark of Pain"},{"not_picked":["Cursed Key","Empty Cage"],"picked":"SlaversCollar"}],"items_purged_floors":[46,54],"is_endless":false,"potions_floor_spawned":[5,12,16,18,23,28,29,33,35,37,45,47,55],"ascension_level":20}}