{"host":"yecadp3kwkksam5a","time":1610200647,"event":{"mods":["BaseMod","Minty Spire (QoL Compilation)","StSLib"],"gold_per_floor":[119,119,139,162,162,202,202],"floor_reached":6,"playtime":196,"items_purged":[],"score":210,"play_id":"88f47c9e-c829-488b-8401-0f18fd6ae298","local_time":"20210109225727","is_ascension_mode":true,"campfire_choices":[],"circlet_count":0,"master_deck":["Strike_R","Defend_R","Defend_R","Bash","Evolve+1","Power Through+1","Twin Strike","Fire Breathing+1","Wild Strike","Wild Strike+1","Wild Strike+1","Shrug It Off+1","Second Wind+1","Fire Breathing+1","Dark Embrace+1","Fire Breathing+1","Reckless Charge","Power Through+1","Offering","Fire Breathing+1"],"relics":["Black Blood","NeowsBlessing","Golden Idol","Centennial Puzzle","Omamori","Matryoshka","Akabeko","HornCleat","Art of War","Shuriken","The Courier","Blood Vial","Incense Burner","Anchor","Medical Kit","Coffee Dripper","Girya","InkBottle","Kunai","Red Skull","Eternal Feather","Singing Bowl","Ancient Tea Set","Calipers","DollysMirror","Whetstone","MealTicket"],"acts_visited":["Exordium"],"potions_floor_usage":[],"damage_taken":[{"damage":0,"enemies":"Small Slimes","floor":1,"turns":2},{"damage":0,"enemies":"Cultist","floor":3,"turns":1},{"damage":0,"enemies":"2 Louse","floor":4,"turns":2},{"damage":0,"enemies":"Lagavulin","floor":6,"turns":3}],"seed_played":"-3603776677333235441","potions_obtained":[{"floor":1,"key":"Strength Potion"},{"floor":4,"key":"Dexterity Potion"}],"is_trial":false,"path_per_floor":["M","?","M","M","?","E"],"character_chosen":"IRONCLAD","items_purchased":[],"campfire_rested":0,"item_purchase_floors":[],"current_hp_per_floor":[99,99,101,103,103,103,103],"gold":202,"neow_bonus":"REMOVE_CARD","is_daily":false,"chose_seed":false,"campfire_upgraded":0,"win_rate":0.0,"timestamp":1610200647,"path_taken":["M","?","?","M","?","E"],"items_purchased_type":[],"build_version":"2020-12-22","purchased_purges":0,"victory":false,"max_hp_per_floor":[99,99,101,103,103,103,103],"card_choices":[{"not_picked":["Iron Wave+1","Seeing Red","Searing Blow+1"],"picked":"Singing Bowl","floor":0},{"not_picked":["Clothesline+1","Cleave+1","Flex"],"picked":"Singing Bowl","floor":0},{"not_picked":["True Grit","Pommel Strike+1","Armaments"],"picked":"Singing Bowl","floor":0},{"not_picked":["Twin Strike+1","Shrug It Off","Cleave+1"],"picked":"Singing Bowl","floor":0},{"not_picked":["Infernal Blade","Bludgeon+1","Evolve"],"picked":"Singing Bowl","floor":0},{"not_picked":["Heavy Blade","Shrug It Off","True Grit"],"picked":"Singing Bowl","floor":1},{"not_picked":["Anger","Heavy Blade","Shockwave"],"picked":"Singing Bowl","floor":3},{"not_picked":["Pummel","Wild Strike","Shockwave"],"picked":"Singing Bowl","floor":4}],"player_experience":467182,"relics_obtained":[{"floor":6,"key":"MealTicket"}],"event_choices":[{"damage_healed":0,"gold_gain":0,"player_choice":"Bought 0 Potions","damage_taken":0,"max_hp_gain":0,"max_hp_loss":0,"event_name":"The Woman in Blue","floor":2,"gold_loss":0},{"cards_removed":["Defend_R"],"damage_healed":0,"gold_gain":0,"player_choice":"Offered Basic","damage_taken":0,"max_hp_gain":0,"max_hp_loss":0,"event_name":"Bonfire Elementals","floor":5,"gold_loss":0}],"is_beta":false,"boss_relics":[],"items_purged_floors":[],"is_endless":false,"potions_floor_spawned":[1,4],"killed_by":"Lagavulin","ascension_level":11}}