{"host":"ne0yiqbtx1vmhgo0","time":1610182665,"event":{"mods":["BaseMod","Colored Map","Downfall","Marisa£®ÏF”Í°°ƒß¿Ì…≥£©","Minty Spire (QoL Compilation)","Replay The Spire","StSLib","The Bug Knight","The Construct","The Cursed","The Dragon Tamer","The Marked","The Runesmith","The Servant 0.9.4","UnlockEverythingMod"],"gold_per_floor":[99,109,109,19,33,33,60,60,74,102,120,145,70,105,122,217,217,217,236,251,251,261,273,319,319,319,349,349,349,366,40,56,156,156,156,168,185,185,20,47,47,47,267,298,308,339,356,371,387,387],"floor_reached":51,"playtime":5525,"items_purged":["Slimebound:Defend_Slimebound","Pain","Slimebound:Strike_Slimebound"],"score":779,"play_id":"b0bff582-ecfd-4420-a10c-01e19e5cb4db","local_time":"20210109165745","is_ascension_mode":false,"campfire_choices":[{"data":"Slimebound:Split","floor":1,"key":"SMITH"},{"data":"Slimebound:GrowthPunch","floor":8,"key":"SMITH"},{"data":"Slimebound:AcidTongue","floor":13,"key":"SMITH"},{"floor":18,"key":"DIG"},{"floor":25,"key":"REST"},{"data":"Slimebound:FirmFortitude","floor":28,"key":"SMITH"},{"floor":35,"key":"DIG"},{"data":"Slimebound:SelfFormingGoo","floor":42,"key":"SMITH"}],"circlet_count":0,"master_deck":["Slimebound:Strike_Slimebound","Slimebound:Tackle","Slimebound:Defend_Slimebound","Slimebound:Split+1","Slimebound:CorrosiveSpit","Slimebound:GrowthPunch+1","Slimebound:SplitLeeching","Slimebound:LevelUp","Slimebound:AcidTongue+1","Slimebound:AcidTongue","Slimebound:SlimeTap","Slimebound:MassRepurpose","Slimebound:SplitBruiser+1","Slimebound:SamplingLick+1","Slimebound:FirmFortitude+1","Slimebound:SelfFormingGoo+1","Slimebound:Dissolve","Slimebound:Split","Slimebound:SpikyOuterGoop+1","Slimebound:SpikyOuterGoop+1","Parasite","Slimebound:SplitLeeching+1"],"relics":["Slimebound:AbsorbEndCombat","Bronze Scales","Blue Doll","Mango","downfall:HeartBlessingGreen","Quantum Egg","Runic Pyramid","ReplayTheSpireMod:Ninjato","Replay:Wax Seal","WingedGreaves","Nilry\u0027s Codex","Oddly Smooth Stone","OrangePellets","construct:ClawGrip","Pantograph","ReplayTheSpireMod:TigerMarble","Happy Flower","Toy Ornithopter"],"acts_visited":["Exordium","TheCity","TheBeyond"],"potions_floor_usage":[4,16,19,22,23,33,33,40,48,50],"damage_taken":[{"damage":11,"enemies":"Cultist","floor":2,"turns":3},{"damage":14,"enemies":"downfall:FleeingMerchant","floor":4,"turns":4},{"damage":11,"enemies":"2 Louse","floor":5,"turns":3},{"damage":12,"enemies":"Small Slimes","floor":9,"turns":2},{"damage":25,"enemies":"Replay:BlueRogue","floor":10,"turns":4},{"damage":20,"enemies":"2 Fungi Beasts","floor":11,"turns":3},{"damage":40,"enemies":"Gremlin Nob","floor":12,"turns":3},{"damage":26,"enemies":"Replay:BlueRogue","floor":14,"turns":4},{"damage":23,"enemies":"Large Slime","floor":15,"turns":4},{"damage":40,"enemies":"downfall:Watcher","floor":16,"turns":6},{"damage":18,"enemies":"3 Byrds","floor":19,"turns":3},{"damage":33,"enemies":"Spheric Guardian","floor":20,"turns":4},{"damage":36,"enemies":"3 Cultists","floor":22,"turns":5},{"damage":63,"enemies":"Sentry and Sphere","floor":23,"turns":6},{"damage":18,"enemies":"Replay:Snechameleon","floor":27,"turns":6},{"damage":26,"enemies":"Snecko","floor":30,"turns":5},{"damage":23,"enemies":"downfall:FleeingMerchant","floor":31,"turns":4},{"damage":19,"enemies":"Shelled Parasite and Fungi","floor":32,"turns":3},{"damage":24,"enemies":"downfall:Silent","floor":33,"turns":7},{"damage":28,"enemies":"3 Shapes","floor":36,"turns":3},{"damage":25,"enemies":"Orb Walker","floor":37,"turns":3},{"damage":26,"enemies":"downfall:FleeingMerchant","floor":39,"turns":4},{"damage":16,"enemies":"HollowMod:StalkingDevout","floor":40,"turns":6},{"damage":16,"enemies":"downfall:FleeingMerchant","floor":43,"turns":2},{"damage":17,"enemies":"Giant Head","floor":44,"turns":7},{"damage":43,"enemies":"4 Shapes","floor":45,"turns":3},{"damage":57,"enemies":"Nemesis","floor":46,"turns":5},{"damage":39,"enemies":"Writhing Mass","floor":47,"turns":5},{"damage":26,"enemies":"3 Darklings","floor":48,"turns":6},{"damage":34,"enemies":"Jaw Worm Horde","floor":49,"turns":5},{"damage":48,"enemies":"downfall:Defect","floor":50,"turns":8}],"seed_played":"-4487745270025097136","potions_obtained":[{"floor":2,"key":"Doom Potion"},{"floor":10,"key":"Weak Potion"},{"floor":11,"key":"SneckoOil"},{"floor":12,"key":"ColorlessPotion"},{"floor":14,"key":"Flashbang"},{"floor":20,"key":"Adrenaline Potion"},{"floor":22,"key":"ColorlessPotion"},{"floor":30,"key":"Energy Potion"},{"floor":32,"key":"Fire Potion"},{"floor":37,"key":"Block Potion"},{"floor":40,"key":"DuplicationPotion"},{"floor":45,"key":"EntropicBrew"},{"floor":47,"key":"AttackPotion"},{"floor":48,"key":"Block Potion"}],"is_trial":false,"path_per_floor":["R","M","?","$","M","?","T","R","M","E","M","E","R","E","M","B",null,"R_BF","M","M","?","M","M","T","R","?","E","R","?","M","$","M","B",null,"R_BF","M","M","?","$","E","T","R","$","E","M","E","M","M","M","B",null],"character_chosen":"SLIMEBOUND","items_purchased":["Oddly Smooth Stone","OrangePellets","Slimebound:SpikyOuterGoop+1"],"campfire_rested":1,"item_purchase_floors":[31,31,39],"current_hp_per_floor":[66,66,66,66,66,66,66,66,65,61,65,55,55,57,54,54,80,80,80,63,63,59,22,22,46,46,56,56,40,38,49,58,80,80,80,71,53,53,69,76,76,76,80,80,65,56,63,80,78,80],"gold":387,"neow_bonus":"TEN_PERCENT_HP_BONUS","is_daily":false,"chose_seed":false,"campfire_upgraded":5,"win_rate":0.0,"timestamp":1610182665,"path_taken":["R","M","?","$","?","?","T","R","M","E","?","E","R","E","M","BOSS","R_BF","M","M","?","M","M","T","R","?","E","R","?","?","?","M","BOSS","R_BF","M","M","?","$","E","T","R","$","E","M","E","?","M","M","BOSS"],"items_purchased_type":["Relic","Relic","Card"],"build_version":"2020-12-22","purchased_purges":3,"victory":true,"max_hp_per_floor":[66,66,66,66,66,66,66,66,66,66,66,80,80,80,80,80,80,80,80,80,80,80,80,80,80,80,80,80,80,80,80,80,80,80,80,80,80,80,80,80,80,80,80,80,80,80,80,80,80,80],"card_choices":[{"not_picked":["Slimebound:SlimeBarrage","Slimebound:RainOfGoop","Slimebound:SplitBruiser"],"picked":"SKIP","floor":2},{"not_picked":["Slimebound:SplitBruiser","Slimebound:Schlurp"],"picked":"Slimebound:GrowthPunch","floor":4},{"not_picked":["Slimebound:DisruptingSlam","Slimebound:ItLooksTasty","Slimebound:ComboTackle"],"picked":"SKIP","floor":5},{"not_picked":["Slimebound:LeechLife","Slimebound:GoopSpray"],"picked":"Slimebound:SplitLeeching","floor":9},{"not_picked":["Slimebound:LivingWall","Slimebound:RollThrough"],"picked":"Slimebound:LevelUp","floor":10},{"not_picked":["Slimebound:SplitLeeching","Slimebound:ViciousTackle"],"picked":"Slimebound:AcidTongue","floor":11},{"not_picked":["Slimebound:SplitBruiser","Slimebound:BestDefense","Slimebound:PressTheAttack"],"picked":"SKIP","floor":12},{"not_picked":["Slimebound:SplitBruiser","Slimebound:BestDefense","Slimebound:PressTheAttack"],"picked":"SKIP","floor":12},{"not_picked":["Slimebound:Dissolve","Slimebound:ViciousTackle"],"picked":"Slimebound:AcidTongue","floor":14},{"not_picked":["Slimebound:PrepareCrush","Slimebound:TongueLash"],"picked":"Slimebound:SlimeTap","floor":15},{"not_picked":["Slimebound:RallyTheTroops","Slimebound:SlimeSlap"],"picked":"Slimebound:MassRepurpose","floor":16},{"not_picked":["Slimebound:LeechingTouch","Slimebound:DisruptingSlam","Slimebound:LeechEnergy+1"],"picked":"SKIP","floor":19},{"not_picked":["Slimebound:Chomp","Slimebound:GoopSpray","Slimebound:Prepare"],"picked":"SKIP","floor":20},{"not_picked":["Slimebound:Chomp","Slimebound:SplitAcid"],"picked":"Slimebound:SplitBruiser+1","floor":22},{"not_picked":["Slimebound:LevelUp","Slimebound:SplitAcid"],"picked":"Slimebound:SamplingLick+1","floor":23},{"not_picked":["Slimebound:FormOfPuddle","Slimebound:SplitBruiser"],"picked":"Slimebound:FirmFortitude","floor":27},{"not_picked":["Slimebound:Schlurp","Slimebound:SamplingLick"],"picked":"Slimebound:SelfFormingGoo","floor":30},{"not_picked":["Slimebound:FormOfPuddle","Slimebound:GoopSpray"],"picked":"Slimebound:Dissolve","floor":31},{"not_picked":["Slimebound:RollThrough","Slimebound:FirmFortitude","Slimebound:ViciousTackle+1"],"picked":"SKIP","floor":32},{"not_picked":["Slimebound:SplitAcid","Slimebound:Grow","Slimebound:RollThrough+1"],"picked":"SKIP","floor":36},{"not_picked":["Slimebound:LeechingTouch","Slimebound:PressTheAttack+1","Slimebound:GrowthPunch+1"],"picked":"SKIP","floor":37},{"not_picked":["Slimebound:GrowthPunch","Slimebound:SlimeSpikes+1","Slimebound:Equalize+1"],"picked":"SKIP","floor":39},{"not_picked":["Slimebound:SlimeSpikes","Slimebound:SlimeSlap","Slimebound:GrowthPunch+1"],"picked":"SKIP","floor":40},{"not_picked":["Slimebound:ItLooksTasty","Slimebound:RollThrough","Slimebound:Schlurp+1"],"picked":"SKIP","floor":43},{"not_picked":["Slimebound:ForwardTackle","Slimebound:GoopSpray","Slimebound:LeechingTouch"],"picked":"SKIP","floor":44},{"not_picked":["Slimebound:ViciousTackle","Slimebound:PressTheAttack","Slimebound:SplitBruiser"],"picked":"SKIP","floor":45},{"not_picked":["Slimebound:HauntingLick","Slimebound:ComboTackle+1"],"picked":"Slimebound:SpikyOuterGoop+1","floor":46},{"not_picked":["Slimebound:FirmFortitude+1","Slimebound:LeechEnergy","Slimebound:RollThrough+1"],"picked":"SKIP","floor":47},{"not_picked":["Slimebound:FinishingTackle+1","Slimebound:ComboTackle"],"picked":"Slimebound:SplitLeeching+1","floor":48},{"not_picked":["Slimebound:RainOfGoop+1","Slimebound:Prepare","Slimebound:Dissolve"],"picked":"SKIP","floor":49}],"player_experience":17874,"relics_obtained":[{"floor":7,"key":"Bronze Scales"},{"floor":10,"key":"Blue Doll"},{"floor":12,"key":"Mango"},{"floor":14,"key":"Quantum Egg"},{"floor":18,"key":"ReplayTheSpireMod:Ninjato"},{"floor":24,"key":"Replay:Wax Seal"},{"floor":27,"key":"WingedGreaves"},{"floor":29,"key":"Nilry\u0027s Codex"},{"floor":35,"key":"Pantograph"},{"floor":40,"key":"ReplayTheSpireMod:TigerMarble"},{"floor":44,"key":"Happy Flower"},{"floor":46,"key":"Toy Ornithopter"}],"event_choices":[{"cards_removed":["Slimebound:Defend_Slimebound"],"damage_healed":0,"gold_gain":0,"player_choice":"Purged","damage_taken":0,"max_hp_gain":0,"max_hp_loss":0,"event_name":"Purifier","floor":3,"gold_loss":0},{"damage_healed":0,"gold_gain":0,"player_choice":"Ignored","damage_taken":0,"max_hp_gain":0,"max_hp_loss":0,"event_name":"NoteForYourself","floor":6,"gold_loss":0},{"cards_removed":["Slimebound:Strike_Slimebound"],"damage_healed":0,"gold_gain":0,"player_choice":"Elegance","damage_taken":0,"max_hp_gain":0,"max_hp_loss":0,"event_name":"Back to Basics","floor":21,"gold_loss":0}],"is_beta":false,"boss_relics":[{"not_picked":["downfall:Hecktoplasm","Velvet Choker"],"picked":"Runic Pyramid"},{"not_picked":["Empty Cage","Replay:Ancient Bell"],"picked":"construct:ClawGrip"}],"items_purged_floors":[4,39,43],"is_endless":false,"potions_floor_spawned":[2,10,11,12,14,20,22,30,32,37,40,45,47,48,49],"ascension_level":0}}