{"host":"g01l53quoe6lrer0","time":1610236258,"event":{"mods":["2.2 Compatiblity","AchievementEnabler","BaseMod","Colored Map","Highlight Path","Keyboard Shortcuts","Minty Spire (QoL Compilation)","Permanent Neow","StSLib","SuperFastMode","everything is the same but u backflip on backflip"],"gold_per_floor":[114,39,52,52,52,52,82,82,82,26,36,36,55,65,65,136,136,91,91,91,91,106,106,106,106,132,164,164,164,164],"floor_reached":29,"playtime":676,"items_purged":["Strike_R"],"score":478,"play_id":"bdcce881-de13-4b31-b017-0065311fda87","local_time":"20210110085058","is_ascension_mode":true,"campfire_choices":[{"data":"Strike_R","floor":6.0,"key":"PURGE"},{"floor":8.0,"key":"REST"},{"floor":15.0,"key":"REST"},{"floor":23.0,"key":"REST"},{"data":"Strike_R","floor":25.0,"key":"PURGE"},{"floor":28,"key":"REST"}],"circlet_count":0,"master_deck":["AscendersBane","Strike_R","Defend_R","Defend_R","Defend_R","Bash","Dropkick","Dropkick+1","Shrug It Off","Pummel+1","Disarm","Spot Weakness","Fiend Fire+1","Warcry+1","Bludgeon+1"],"relics":["Burning Blood","Peace Pipe","Dream Catcher","Molten Egg 2","Ornamental Fan","SacredBark","Turnip","Akabeko","Sundial"],"acts_visited":["Exordium","TheCity"],"potions_floor_usage":[],"damage_taken":[{"damage":2.0,"enemies":"Cultist","floor":1.0,"turns":4.0},{"damage":7.0,"enemies":"Jaw Worm","floor":3.0,"turns":3.0},{"damage":55.0,"enemies":"Gremlin Nob","floor":7.0,"turns":5.0},{"damage":6.0,"enemies":"Small Slimes","floor":11.0,"turns":3.0},{"damage":12.0,"enemies":"Gremlin Gang","floor":13.0,"turns":7.0},{"damage":7.0,"enemies":"Exordium Thugs","floor":14.0,"turns":4.0},{"damage":54.0,"enemies":"Hexaghost","floor":16.0,"turns":9.0},{"damage":34.0,"enemies":"2 Thieves","floor":18.0,"turns":5.0},{"damage":15.0,"enemies":"3 Byrds","floor":22.0,"turns":7.0},{"damage":41,"enemies":"Slavers","floor":27,"turns":4},{"damage":50,"enemies":"Cultist and Chosen","floor":29,"turns":4}],"seed_played":"5239777271376184573","potions_obtained":[{"floor":1.0,"key":"GamblersBrew"},{"floor":3.0,"key":"Dexterity Potion"},{"floor":11.0,"key":"EssenceOfSteel"},{"floor":14.0,"key":"BloodPotion"},{"floor":18.0,"key":"Swift Potion"},{"floor":22.0,"key":"Ancient Potion"}],"is_trial":false,"path_per_floor":["M","$","M","?","T","R","E","R","T","$","M","?","M","M","R","B",null,"M","$","?","?","M","R","T","R","T","E","R","M"],"character_chosen":"IRONCLAD","items_purchased":["Shrug It Off"],"campfire_rested":4,"item_purchase_floors":[10],"current_hp_per_floor":[68,68,67,60,60,60,11,31,31,31,31,31,25,37,57,9,53,25,25,25,39,30,50,50,50,50,15,35,0,0],"gold":164,"neow_bonus":"ONE_RARE_RELIC","is_daily":false,"chose_seed":false,"campfire_upgraded":0,"win_rate":0.0,"timestamp":1610236258,"path_taken":["M","$","M","?","?","R","E","R","T","?","M","?","M","?","R","BOSS","M","$","?","?","M","R","?","R","T","E","R","M"],"items_purchased_type":["Card"],"build_version":"2020-12-22","purchased_purges":1,"victory":false,"max_hp_per_floor":[68,68,68,68,68,68,68,68,68,68,68,68,68,68,68,68,68,68,68,68,68,68,68,68,68,68,68,68,68,68],"card_choices":[{"not_picked":["True Grit","Pommel Strike"],"picked":"Dropkick","floor":1.0},{"not_picked":["Cleave","Wild Strike","Clothesline"],"picked":"SKIP","floor":3.0},{"not_picked":["Blood for Blood+1","Cleave+1","Combust"],"picked":"SKIP","floor":7.0},{"not_picked":["Anger+1","Body Slam+1"],"picked":"Dropkick+1","floor":8.0},{"not_picked":["Bloodletting","Thunderclap+1","Pummel+1"],"picked":"SKIP","floor":11.0},{"not_picked":["Warcry","Wild Strike+1","Infernal Blade"],"picked":"SKIP","floor":13.0},{"not_picked":["Carnage+1","Havoc"],"picked":"Disarm","floor":14.0},{"not_picked":["Clash+1","True Grit"],"picked":"Spot Weakness","floor":15.0},{"not_picked":["Exhume","Berserk"],"picked":"Fiend Fire+1","floor":16.0},{"not_picked":["Whirlwind+1","Clothesline+1","Iron Wave+1"],"picked":"SKIP","floor":18.0},{"not_picked":["Body Slam+1","Clash+1"],"picked":"Warcry+1","floor":22.0},{"not_picked":["Heavy Blade+1","Carnage+1"],"picked":"Bludgeon+1","floor":23.0},{"not_picked":["Wild Strike+1","Armaments","Iron Wave+1"],"picked":"SKIP","floor":27}],"player_experience":125575,"relics_obtained":[{"floor":5.0,"key":"Dream Catcher"},{"floor":7.0,"key":"Molten Egg 2"},{"floor":9.0,"key":"Ornamental Fan"},{"floor":24.0,"key":"Turnip"},{"floor":26.0,"key":"Akabeko"},{"floor":27,"key":"Sundial"}],"event_choices":[{"cards_removed":["Defend_R"],"damage_healed":0.0,"max_hp_gain":0.0,"max_hp_loss":0.0,"gold_gain":0.0,"event_name":"Golden Wing","player_choice":"Card Removal","floor":4.0,"gold_loss":0.0,"damage_taken":7.0},{"damage_healed":0.0,"max_hp_gain":0.0,"max_hp_loss":0.0,"gold_gain":0.0,"cards_transformed":["Strike_R"],"event_name":"Transmorgrifier","player_choice":"Transformed","floor":12.0,"gold_loss":0.0,"damage_taken":0.0,"cards_obtained":["Pummel"]},{"damage_healed":0.0,"max_hp_gain":0.0,"max_hp_loss":0.0,"gold_gain":0.0,"event_name":"The Mausoleum","player_choice":"Ignored","floor":20.0,"gold_loss":0.0,"damage_taken":0.0},{"damage_healed":14.0,"max_hp_gain":0.0,"max_hp_loss":0.0,"gold_gain":0.0,"event_name":"The Library","player_choice":"Heal","floor":21.0,"gold_loss":0.0,"damage_taken":0.0}],"is_beta":false,"boss_relics":[{"not_picked":["Coffee Dripper","Philosopher\u0027s Stone"],"picked":"SacredBark"}],"items_purged_floors":[2],"is_endless":false,"potions_floor_spawned":[1,3,11,14,18,22],"killed_by":"Cultist and Chosen","ascension_level":20}}