{"host":"cjhtzh7tp54jdfyv","time":1610228797,"event":{"mods":["AchievementEnabler","BaseMod","Colored Map","Colored Powertips","Curses Come First","DeckTracker","Filter the Spire","Minty Spire (QoL Compilation)","RNG Fix","Relic Sorter","Relic Stats","StSLib","UnlockEverythingMod","ojb\u0027s Better Paths Mod","ojb\u0027s Info Mod"],"gold_per_floor":[110,110,130,149,74,101,101,117,168,168,168,196,196,221,221,296,296,312,324,304,204,214,214,230,259,284,312,329,347,367,399,399,473,473,487,487,504,504,22,57,57,68,68,88,118,134,167,181,181,181,181,181,181,31,56,56],"floor_reached":57,"playtime":4714,"items_purged":["Defend_P","Strike_P","Strike_P","Strike_P+1"],"score":3198,"play_id":"c3d13255-7377-4594-bef6-eda154bcd802","local_time":"20210109164637","is_ascension_mode":true,"campfire_choices":[{"data":"Eruption","floor":7.0,"key":"SMITH"},{"data":"InnerPeace","floor":11.0,"key":"SMITH"},{"data":"Conclude","floor":13.0,"key":"SMITH"},{"data":"Vigilance","floor":15.0,"key":"SMITH"},{"data":"Vault","floor":23.0,"key":"SMITH"},{"data":"Scrawl","floor":32.0,"key":"SMITH"},{"data":"Madness","floor":41.0,"key":"SMITH"},{"floor":49.0,"key":"RECALL"},{"floor":53.0,"key":"REST"}],"circlet_count":0,"master_deck":["AscendersBane","Eruption+1","Vigilance+1","WreathOfFlame+1","DeusExMachina+1","Tantrum+1","EmptyMind+1","InnerPeace+1","Conclude+1","Vault+1","Sanctity+1","Omniscience+1","CrushJoints+1","Scrawl+1","LessonLearned+1","Madness+1","Madness+1","Scrawl+1","Master of Strategy+1","FearNoEvil+1","Adaptation+1","Omniscience"],"relics":["Astrolabe","Ancient Tea Set","Akabeko","PreservedInsect","Blood Vial","Runic Pyramid","Orichalcum","Centennial Puzzle","StoneCalendar","Bag of Preparation","Black Star","Nunchaku","Vajra","Du-Vu Doll","Oddly Smooth Stone","Toy Ornithopter","Gambling Chip","Dream Catcher","TeardropLocket","Strawberry"],"acts_visited":["Exordium","TheCity","TheBeyond","TheEnding"],"potions_floor_usage":[56],"damage_taken":[{"damage":7.0,"enemies":"Jaw Worm","floor":1.0,"turns":2.0},{"damage":0.0,"enemies":"Cultist","floor":3.0,"turns":2.0},{"damage":0.0,"enemies":"2 Louse","floor":4.0,"turns":1.0},{"damage":0.0,"enemies":"Lagavulin","floor":6.0,"turns":4.0},{"damage":0.0,"enemies":"2 Fungi Beasts","floor":8.0,"turns":1.0},{"damage":2.0,"enemies":"3 Sentries","floor":12.0,"turns":3.0},{"damage":0.0,"enemies":"Gremlin Nob","floor":14.0,"turns":2.0},{"damage":24.0,"enemies":"Hexaghost","floor":16.0,"turns":4.0},{"damage":0.0,"enemies":"Shell Parasite","floor":18.0,"turns":1.0},{"damage":10.0,"enemies":"2 Thieves","floor":19.0,"turns":2.0},{"damage":0.0,"enemies":"Cultist and Chosen","floor":22.0,"turns":2.0},{"damage":0.0,"enemies":"3 Cultists","floor":24.0,"turns":3.0},{"damage":14.0,"enemies":"Book of Stabbing","floor":25.0,"turns":2.0},{"damage":0.0,"enemies":"Gremlin Leader","floor":27.0,"turns":2.0},{"damage":0.0,"enemies":"Sentry and Sphere","floor":28.0,"turns":2.0},{"damage":0.0,"enemies":"Snecko","floor":29.0,"turns":3.0},{"damage":0.0,"enemies":"Centurion and Healer","floor":30.0,"turns":2.0},{"damage":5.0,"enemies":"Slavers","floor":31.0,"turns":2.0},{"damage":18.0,"enemies":"Champ","floor":33.0,"turns":6.0},{"damage":0.0,"enemies":"Orb Walker","floor":35.0,"turns":2.0},{"damage":0.0,"enemies":"3 Darklings","floor":37.0,"turns":3.0},{"damage":0.0,"enemies":"Reptomancer","floor":40.0,"turns":2.0},{"damage":0.0,"enemies":"4 Shapes","floor":42.0,"turns":8.0},{"damage":0.0,"enemies":"Maw","floor":44.0,"turns":4.0},{"damage":7.0,"enemies":"Giant Head","floor":45.0,"turns":2.0},{"damage":0.0,"enemies":"Transient","floor":46.0,"turns":6.0},{"damage":0.0,"enemies":"Nemesis","floor":47.0,"turns":2.0},{"damage":0.0,"enemies":"Jaw Worm Horde","floor":48.0,"turns":2.0},{"damage":13.0,"enemies":"Time Eater","floor":50.0,"turns":3.0},{"damage":0.0,"enemies":"Awakened One","floor":51.0,"turns":3.0},{"damage":0.0,"enemies":"Shield and Spear","floor":55.0,"turns":1.0},{"damage":45,"enemies":"The Heart","floor":56,"turns":5}],"seed_played":"3478073858619802798","potions_obtained":[{"floor":1.0,"key":"Fire Potion"},{"floor":2.0,"key":"Weak Potion"},{"floor":3.0,"key":"PowerPotion"},{"floor":20.0,"key":"BlessingOfTheForge"},{"floor":22.0,"key":"PowerPotion"},{"floor":25.0,"key":"FearPotion"},{"floor":30.0,"key":"AttackPotion"},{"floor":31.0,"key":"SteroidPotion"}],"is_trial":false,"path_per_floor":["M","?","M","M","$","E","R","M","T","?","R","E","R","E","R","B",null,"M","M","?","$","M","R","M","E","T","E","M","M","M","E","R","B",null,"M","?","M","?","$","E","R","M","T","M","E","M","E","M","R","B","B",null,"R","$","E","B",null],"character_chosen":"WATCHER","items_purchased":["Nunchaku","Master of Strategy"],"campfire_rested":1,"item_purchase_floors":[39,39],"current_hp_per_floor":[54,54,54,54,54,54,54,54,54,54,54,52,52,52,52,30,59,61,53,53,53,55,55,57,45,45,47,49,51,53,50,50,34,60,62,50,52,52,52,54,54,56,56,58,53,55,57,59,59,48,50,64,68,68,75,35],"gold":56,"neow_bonus":"BOSS_RELIC","is_daily":false,"chose_seed":false,"campfire_upgraded":7,"win_rate":0.0,"timestamp":1610228797,"path_taken":["M","?","M","M","$","E","R","M","T","?","R","E","R","E","R","BOSS","M","M","?","$","M","R","M","E","T","E","M","?","M","E","R","BOSS","M","?","M","?","$","E","R","M","T","?","E","?","E","M","R","BOSS","BOSS","R","$","E","BOSS"],"items_purchased_type":["Relic","Card"],"build_version":"2020-12-22","purchased_purges":4,"victory":true,"max_hp_per_floor":[68,68,68,68,68,68,68,68,68,68,68,68,68,68,68,68,68,68,68,68,68,68,68,68,68,68,68,68,68,68,68,68,68,68,68,68,68,68,68,68,68,68,68,68,68,68,68,68,68,68,68,68,68,68,75,75],"relic_stats":{"counters":[32,89],"Astrolabe":["WreathOfFlame","DeusExMachina","Tantrum"],"StoneCalendar":[52],"PreservedInsect":471,"Bag of Preparation":[32],"Orichalcum":[84],"Blood Vial":46,"Centennial Puzzle":[13],"Nunchaku":[15],"Dream Catcher":1,"Gambling Chip":[12],"Black Star":4,"obtain_stats":[{"Astrolabe":0,"Vajra":40,"Oddly Smooth Stone":45,"StoneCalendar":27,"PreservedInsect":12,"Bag of Preparation":31,"TeardropLocket":55,"Orichalcum":25,"Ancient Tea Set":6,"Akabeko":9,"Blood Vial":14,"Du-Vu Doll":40,"Centennial Puzzle":26,"Nunchaku":39,"Dream Catcher":47,"Gambling Chip":47,"Strawberry":55,"Black Star":34,"PureWater":0,"Toy Ornithopter":45,"Runic Pyramid":17},{"Astrolabe":0,"Vajra":22,"Oddly Smooth Stone":25,"StoneCalendar":14,"PreservedInsect":6,"Bag of Preparation":18,"TeardropLocket":31,"Orichalcum":13,"Ancient Tea Set":4,"Akabeko":5,"Blood Vial":7,"Du-Vu Doll":22,"Centennial Puzzle":13,"Nunchaku":21,"Dream Catcher":27,"Gambling Chip":27,"Strawberry":31,"Black Star":19,"PureWater":0,"Toy Ornithopter":25,"Runic Pyramid":8},{"Astrolabe":0,"Vajra":53,"Oddly Smooth Stone":67,"StoneCalendar":31,"PreservedInsect":13,"Bag of Preparation":40,"TeardropLocket":84,"Orichalcum":29,"Ancient Tea Set":9,"Akabeko":10,"Blood Vial":15,"Du-Vu Doll":53,"Centennial Puzzle":29,"Nunchaku":51,"Dream Catcher":75,"Gambling Chip":75,"Strawberry":84,"Black Star":46,"PureWater":0,"Toy Ornithopter":67,"Runic Pyramid":19}],"Toy Ornithopter":5},"card_choices":[{"not_picked":["Protect","ThirdEye"],"picked":"EmptyMind","floor":1.0},{"not_picked":["Swivel","Halt","Perseverance"],"picked":"SKIP","floor":3.0},{"not_picked":["Swivel","Halt","Perseverance"],"picked":"SKIP","floor":3.0},{"not_picked":["FollowUp","WheelKick"],"picked":"InnerPeace","floor":4.0},{"not_picked":["ThirdEye","EmptyMind","Protect"],"picked":"SKIP","floor":6.0},{"not_picked":["Perseverance","SashWhip","FollowUp"],"picked":"SKIP","floor":8.0},{"not_picked":["Fasting2","Crescendo"],"picked":"Conclude","floor":12.0},{"not_picked":["Halt","ThirdEye","EmptyBody"],"picked":"SKIP","floor":14.0},{"not_picked":["Brilliance","ConjureBlade"],"picked":"Vault","floor":16.0},{"not_picked":["SashWhip","Study"],"picked":"Sanctity+1","floor":18.0},{"not_picked":["FollowUp","FlyingSleeves+1","Meditate+1"],"picked":"SKIP","floor":19.0},{"not_picked":["FollowUp","FlyingSleeves+1","Meditate+1"],"picked":"SKIP","floor":19.0},{"not_picked":["Wallop+1","Indignation","Crescendo"],"picked":"SKIP","floor":22.0},{"not_picked":["Wallop+1","Indignation","Crescendo"],"picked":"SKIP","floor":22.0},{"not_picked":["Wallop+1","Indignation","Crescendo"],"picked":"SKIP","floor":22.0},{"not_picked":["SashWhip","ThirdEye","FlurryOfBlows"],"picked":"SKIP","floor":24.0},{"not_picked":["Prostrate","FollowUp","BattleHymn"],"picked":"SKIP","floor":25.0},{"not_picked":["Conclude+1","ReachHeaven"],"picked":"Omniscience","floor":27.0},{"not_picked":["CutThroughFate","ThirdEye","Prostrate"],"picked":"SKIP","floor":28.0},{"not_picked":["Prostrate","EmptyBody+1","Wallop"],"picked":"SKIP","floor":29.0},{"not_picked":["Vengeance","Protect"],"picked":"CrushJoints","floor":30.0},{"not_picked":["JustLucky","CrushJoints"],"picked":"Scrawl","floor":31.0},{"not_picked":["MasterReality","Blasphemy"],"picked":"LessonLearned","floor":33.0},{"not_picked":["Pray","Consecrate","Evaluate+1"],"picked":"SKIP","floor":35.0},{"not_picked":["Crescendo","FollowUp+1","Fasting2"],"picked":"SKIP","floor":37.0},{"not_picked":["ThirdEye","Sanctity"],"picked":"FearNoEvil","floor":40.0},{"not_picked":["Prostrate+1","Study","Devotion"],"picked":"SKIP","floor":42.0},{"not_picked":["Indignation","Halt","EmptyBody"],"picked":"SKIP","floor":44.0},{"not_picked":["EmptyBody","DeceiveReality","BowlingBash"],"picked":"SKIP","floor":45.0},{"not_picked":["Collect","Study+1","BowlingBash+1"],"picked":"SKIP","floor":46.0},{"not_picked":["ReachHeaven","CrushJoints+1"],"picked":"Adaptation","floor":47.0},{"not_picked":["Conclude+1","WaveOfTheHand+1","Indignation+1"],"picked":"SKIP","floor":48.0},{"not_picked":["Worship","DeceiveReality"],"picked":"Omniscience","floor":55.0}],"player_experience":4392850,"relics_obtained":[{"floor":6.0,"key":"Ancient Tea Set"},{"floor":9.0,"key":"Akabeko"},{"floor":12.0,"key":"PreservedInsect"},{"floor":14.0,"key":"Blood Vial"},{"floor":25.0,"key":"Orichalcum"},{"floor":26.0,"key":"Centennial Puzzle"},{"floor":27.0,"key":"StoneCalendar"},{"floor":31.0,"key":"Bag of Preparation"},{"floor":40.0,"key":"Vajra"},{"floor":40.0,"key":"Du-Vu Doll"},{"floor":45.0,"key":"Oddly Smooth Stone"},{"floor":45.0,"key":"Toy Ornithopter"},{"floor":47.0,"key":"Gambling Chip"},{"floor":47.0,"key":"Dream Catcher"},{"floor":55.0,"key":"TeardropLocket"},{"floor":55.0,"key":"Strawberry"}],"event_choices":[{"damage_healed":0.0,"max_hp_gain":0.0,"max_hp_loss":0.0,"gold_gain":0.0,"event_name":"Lab","player_choice":"Got Potions","floor":2.0,"gold_loss":0.0,"damage_taken":0.0},{"damage_healed":0.0,"max_hp_gain":0.0,"max_hp_loss":0.0,"gold_gain":0.0,"event_name":"Upgrade Shrine","player_choice":"Upgraded","floor":10.0,"gold_loss":0.0,"damage_taken":0.0,"cards_upgraded":["EmptyMind"]},{"damage_healed":0.0,"max_hp_gain":0.0,"max_hp_loss":0.0,"gold_gain":0.0,"event_name":"The Woman in Blue","player_choice":"Bought 1 Potion","floor":20.0,"gold_loss":0.0,"damage_taken":0.0},{"damage_healed":0.0,"max_hp_gain":0.0,"max_hp_loss":0.0,"gold_gain":0.0,"event_name":"Winding Halls","player_choice":"Embrace Madness","floor":36.0,"gold_loss":0.0,"damage_taken":12.0,"cards_obtained":["Madness","Madness"]},{"damage_healed":0.0,"max_hp_gain":0.0,"max_hp_loss":0.0,"gold_gain":0.0,"cards_transformed":["Strike_P"],"event_name":"Transmorgrifier","player_choice":"Transformed","floor":38.0,"gold_loss":0.0,"damage_taken":0.0,"cards_obtained":["Scrawl"]}],"is_beta":false,"boss_relics":[{"not_picked":["Cursed Key","Pandora\u0027s Box"],"picked":"Runic Pyramid"},{"not_picked":["Calling Bell","Velvet Choker"],"picked":"Black Star"}],"items_purged_floors":[5,21,39,54],"is_endless":false,"potions_floor_spawned":[1,3,6,8,22,25,27,30,31,33,37,42,47,55],"ascension_level":20}}