{"host":"hszimsrtxxc2k25w","time":1610208872,"event":{"mods":["AchievementEnabler","BaseMod","Colored Map","DeckTracker","Minty Spire (QoL Compilation)","Rare Cards Sparkle","SuperFastMode"],"gold_per_floor":[117,135,135,60,77,77,90,110,110,185,197,216,216,32,32,107,107,124,49,49,68,29,29,357,232,307,333,333,344,371,389,389,389,389],"floor_reached":33,"playtime":700,"items_purged":["Strike_R","Strike_R","Strike_R"],"score":554,"play_id":"5e7ad81d-ed1f-43ef-a2fc-57130f0efc97","local_time":"20210110011432","is_ascension_mode":true,"campfire_choices":[{"data":"Body Slam","floor":6,"key":"SMITH"},{"data":"Blood for Blood","floor":13,"key":"SMITH"},{"data":"Fire Breathing","floor":15,"key":"SMITH"},{"data":"Immolate","floor":23,"key":"SMITH"},{"floor":28,"key":"REST"},{"floor":32,"key":"REST"}],"circlet_count":0,"master_deck":["AscendersBane","Strike_R","Defend_R","Defend_R","Defend_R","Defend_R","Bash","Shrug It Off","Body Slam+1","Shrug It Off","Blood for Blood+1","Burning Pact","Fire Breathing+1","Immolate+1","Metallicize","Dark Embrace+1","Reckless Charge","Feel No Pain+1"],"relics":["Burning Blood","NeowsBlessing","Toy Ornithopter","Mummified Hand","Mark of Pain","Old Coin","Question Card","StrikeDummy","Red Mask"],"acts_visited":["Exordium","TheCity"],"potions_floor_usage":[18,27,30,31,33],"damage_taken":[{"damage":0,"enemies":"Cultist","floor":1,"turns":1},{"damage":0,"enemies":"Small Slimes","floor":2,"turns":1},{"damage":0,"enemies":"2 Louse","floor":5,"turns":1},{"damage":0,"enemies":"Blue Slaver","floor":7,"turns":5},{"damage":21,"enemies":"Exordium Wildlife","floor":8,"turns":5},{"damage":18,"enemies":"3 Louse","floor":11,"turns":3},{"damage":5,"enemies":"Blue Slaver","floor":12,"turns":5},{"damage":17,"enemies":"Slime Boss","floor":16,"turns":6},{"damage":11,"enemies":"2 Thieves","floor":18,"turns":3},{"damage":38,"enemies":"Shell Parasite","floor":21,"turns":4},{"damage":24,"enemies":"Gremlin Leader","floor":24,"turns":6},{"damage":15,"enemies":"Slavers","floor":27,"turns":2},{"damage":21,"enemies":"Snecko","floor":29,"turns":4},{"damage":19,"enemies":"Masked Bandits","floor":30,"turns":3},{"damage":0,"enemies":"3 Cultists","floor":31,"turns":5},{"damage":61,"enemies":"Champ","floor":33,"turns":9}],"seed_played":"-4646156526193752687","potions_obtained":[{"floor":2,"key":"DistilledChaos"},{"floor":11,"key":"Energy Potion"},{"floor":12,"key":"Strength Potion"},{"floor":21,"key":"FearPotion"},{"floor":24,"key":"Energy Potion"},{"floor":30,"key":"Block Potion"},{"floor":31,"key":"Swift Potion"}],"is_trial":false,"path_per_floor":["M","M","?","$","M","R","M","M","T","?","M","M","R","$","R","B",null,"M","?","?","M","$","R","E","$","T","E","R","M","?","M","R","B"],"character_chosen":"IRONCLAD","items_purchased":["Fire Breathing","Metallicize"],"campfire_rested":2,"item_purchase_floors":[14,22],"current_hp_per_floor":[74,75,75,75,75,75,75,60,60,49,37,38,38,38,38,27,63,63,63,63,31,31,31,13,13,13,9,31,16,8,19,41,0,0],"gold":389,"neow_bonus":"THREE_ENEMY_KILL","is_daily":false,"chose_seed":false,"campfire_upgraded":4,"win_rate":0.0,"timestamp":1610208872,"path_taken":["M","?","?","?","M","R","M","M","T","?","M","M","R","?","R","BOSS","M","?","?","M","$","R","E","$","T","E","R","M","?","M","R","BOSS"],"items_purchased_type":["Card","Card"],"build_version":"2020-12-22","purchased_purges":3,"victory":false,"max_hp_per_floor":[75,75,75,75,75,75,75,75,75,75,75,75,75,75,75,75,75,75,75,75,75,75,75,75,75,75,75,75,75,75,75,75,75,75],"card_choices":[{"not_picked":["Armaments","True Grit"],"picked":"Shrug It Off","floor":1},{"not_picked":["Flex","Intimidate"],"picked":"Body Slam","floor":2},{"not_picked":["Spot Weakness","Iron Wave"],"picked":"Shrug It Off","floor":5},{"not_picked":["Iron Wave","Uppercut"],"picked":"Blood for Blood","floor":7},{"not_picked":["Headbutt","Double Tap","Twin Strike"],"picked":"SKIP","floor":8},{"not_picked":["True Grit","Disarm"],"picked":"Burning Pact","floor":11},{"not_picked":["Twin Strike","Whirlwind","Wild Strike"],"picked":"SKIP","floor":12},{"not_picked":["Reaper","Fiend Fire"],"picked":"Immolate","floor":16},{"not_picked":["Seeing Red","Clash","Bloodletting"],"picked":"SKIP","floor":18},{"not_picked":["Shrug It Off+1","Sword Boomerang","Cleave"],"picked":"SKIP","floor":21},{"not_picked":["Anger","Heavy Blade","Havoc"],"picked":"SKIP","floor":24},{"not_picked":["Pummel","Cleave","Wild Strike"],"picked":"Dark Embrace+1","floor":27},{"not_picked":["Intimidate","Body Slam","Inflame","Flex"],"picked":"SKIP","floor":29},{"not_picked":["Anger","Entrench","Perfected Strike"],"picked":"Reckless Charge","floor":30},{"not_picked":["Thunderclap","Cleave","Wild Strike"],"picked":"Feel No Pain+1","floor":31}],"player_experience":608749,"relics_obtained":[{"floor":9,"key":"Mummified Hand"},{"floor":24,"key":"Old Coin"},{"floor":26,"key":"Question Card"},{"floor":27,"key":"StrikeDummy"},{"floor":30,"key":"Red Mask"}],"event_choices":[{"damage_healed":0,"gold_gain":0,"player_choice":"Gave Potion","damage_taken":0,"relics_obtained":["Toy Ornithopter"],"max_hp_gain":0,"max_hp_loss":0,"event_name":"WeMeetAgain","floor":3,"gold_loss":0},{"damage_healed":0,"gold_gain":75,"player_choice":"Gather Gold","damage_taken":11,"max_hp_gain":0,"max_hp_loss":0,"event_name":"World of Goop","floor":10,"gold_loss":0},{"cards_removed":["Strike_R"],"damage_healed":0,"gold_gain":0,"player_choice":"Gave Gold","damage_taken":0,"max_hp_gain":0,"max_hp_loss":0,"event_name":"Beggar","floor":19,"gold_loss":75},{"damage_healed":0,"gold_gain":0,"player_choice":"Ignored","damage_taken":0,"max_hp_gain":0,"max_hp_loss":0,"event_name":"The Mausoleum","floor":20,"gold_loss":0},{"damage_healed":0,"gold_gain":0,"player_choice":"Fought Bandits","damage_taken":0,"max_hp_gain":0,"max_hp_loss":0,"event_name":"Masked Bandits","floor":30,"gold_loss":0}],"is_beta":false,"boss_relics":[{"not_picked":["SlaversCollar","Sozu"],"picked":"Mark of Pain"}],"items_purged_floors":[4,14,25],"is_endless":false,"potions_floor_spawned":[2,11,12,16,21,24,30,31],"killed_by":"Champ","ascension_level":20}}