{"host":"3mt4w4o4jnuk8q1t","time":1610198627,"event":{"mods":["Act Like it!","BaseMod","Colored Map","Colored Powertips","Decade(王小明)","GungeonMod","Hermit","Jedi Mod","Lobotomy","LobotomyExtend","Marisa（F雨　魔理沙）","Minty Spire (QoL Compilation)","Reimu（博丽灵梦）","Remilia（蕾米莉亚）","Replay The Spire","RumiaBox-露米娅的神秘盒子","Shop Mod","Spicy Shops","StSLib","The Bug Knight","Waifu the Spire","Yakumo Yukari mod","Youmu（魂魄妖梦）","[IsaacMod]以撒尖塔","【功能Mod】混沌之环修复补丁","【功能Mod】聪明的最终Boss"],"gold_per_floor":[-283,-249,-238,-220,-220,-200,-200,-200,-200,-166,-148,-148,-118,-118,-118,-14,-14,-14,-14],"floor_reached":18,"playtime":2623,"items_purged":[],"score":214,"play_id":"74091c7c-223d-4ff4-832c-2b5f9980ed82","local_time":"20210109212347","is_ascension_mode":false,"campfire_choices":[{"data":"KamenRideKuuga","floor":7,"key":"SMITH"},{"floor":12,"key":"RECALL"},{"data":"FormRideDragon","floor":15,"key":"SMITH"}],"circlet_count":0,"master_deck":["Decade_Attack","Decade_Attack","Decade_Attack","Decade_Attack","KamenRide","Decade_SpecialSkill","Decade_Defend","Decade_Defend","Decade_Defend","Decade_Defend","BettingIsNotGood","KamenRide","Strike_G","RideBooker_Skill_1","UnarmedAttack9","KamenRideKuuga+1","KamenRideRyuki","RideBooker_Skill_1","FormRideTitan","Blade_Beat","UnarmedAttack5","Blade_Metal","Blade_Beat","Decade_Invisible","UnarmedAttack1","Kiva_Eat","Decade_Defend2","UnarmedAttack3","Dragreder","Blade_Beat","Blade_Beat","Blade_Kick","UnarmedAttack8","AttackRide","UnarmedAttack6","FormRideDragon+1","UnarmedAttack1","RideBooker_Skill_2","Kuuga_Rising","NMDAZYYGL","Kuuga_Rising","Kuuga_Rising"],"relics":["Decadriver","TOEIDeficitBill","HushsDoor","GuppysTail","Baka","LetterFromLob","Regal Pillow","Counterbalance","Dream Catcher","SoulBox"],"acts_visited":["Exordium","TheCity"],"potions_floor_usage":[4,11,18],"damage_taken":[{"damage":13,"enemies":"Jaw Worm","floor":1,"turns":5},{"damage":1,"enemies":"Cultist","floor":2,"turns":4},{"damage":5,"enemies":"Small Slimes","floor":3,"turns":4},{"damage":49,"enemies":"Exordium Wildlife","floor":4,"turns":12},{"damage":18,"enemies":"2 Fungi Beasts","floor":6,"turns":7},{"damage":13,"enemies":"Gremlin Nob","floor":10,"turns":3},{"damage":2,"enemies":"Large Slime","floor":11,"turns":3},{"damage":35,"enemies":"Exordium Thugs","floor":13,"turns":8},{"damage":32,"enemies":"Slime Boss","floor":16,"turns":11},{"damage":91,"enemies":"3 Byrds","floor":18,"turns":7}],"seed_played":"2868134931237259242","potions_obtained":[{"floor":2,"key":"BlessingOfTheForge"},{"floor":4,"key":"SkillPotion"},{"floor":6,"key":"SpeedPotion"},{"floor":16,"key":"Explosive Potion"}],"is_trial":false,"path_per_floor":["M","M","M","M","?","M","R","E","T","E","M","R","M","?","R","B",null,"M"],"character_chosen":"Decade","items_purchased":[],"campfire_rested":0,"item_purchase_floors":[],"current_hp_per_floor":[66,70,65,41,26,28,28,28,28,25,44,44,49,54,54,52,75,0,0],"gold":-14,"neow_bonus":"TWO_FIFTY_GOLD","is_daily":false,"chose_seed":false,"campfire_upgraded":2,"win_rate":0.0,"timestamp":1610198627,"path_taken":["M","M","M","M","?","M","R","E","T","E","M","R","M","?","R","BOSS","M"],"items_purchased_type":[],"build_version":"2020-12-22","purchased_purges":0,"victory":false,"max_hp_per_floor":[70,70,70,70,70,70,70,70,70,70,70,70,70,75,75,75,75,75,75],"card_choices":[{"not_picked":[],"picked":"BettingIsNotGood","floor":0},{"not_picked":["Kiva_Bats","Hibiki_Attack1"],"picked":"RideBooker_Skill_1","floor":1},{"not_picked":["Kiva_Bats","Bomb","Hibiki_Attack2"],"picked":"SKIP","floor":1},{"not_picked":["AutoVajin","DenO_Gun"],"picked":"UnarmedAttack9","floor":2},{"not_picked":["FormRideFlame","KamenRideHibiki"],"picked":"KamenRideKuuga","floor":2},{"not_picked":["Hibiki_Attack1","MirrorWorld"],"picked":"KamenRideRyuki","floor":2},{"not_picked":["Decade_Defend2","RideBooker"],"picked":"RideBooker_Skill_1","floor":2},{"not_picked":["FormRideBasshaa","FormRideStorm","Hibiki_Attack2"],"picked":"SKIP","floor":2},{"not_picked":["DenO_Sword","KamenRideBlade"],"picked":"FormRideTitan","floor":3},{"not_picked":["FormRideDragon","Hibiki_Attack1"],"picked":"Blade_Beat","floor":3},{"not_picked":["FormRideGaruru","RideBooker_Skill_3","FormRideStorm"],"picked":"SKIP","floor":3},{"not_picked":["DenO_Ax","KamenRideKabuto","AutoVajin"],"picked":"SKIP","floor":3},{"not_picked":["UnarmedAttack1","Kabuto_ClockUp"],"picked":"UnarmedAttack5","floor":4},{"not_picked":["FormRideFlame","KamenRideRyuki"],"picked":"Blade_Metal","floor":4},{"not_picked":["UnarmedAttack6","Decade_Invisible"],"picked":"Blade_Beat","floor":4},{"not_picked":["PrometheusPower","Hibiki_Attack3"],"picked":"Decade_Invisible","floor":4},{"not_picked":["RideBooker","KamenRideKuuga"],"picked":"UnarmedAttack1","floor":6},{"not_picked":["KamenRideHibiki","Kiva_Frozen"],"picked":"Kiva_Eat","floor":6},{"not_picked":["Kiva_Frozen","UnarmedAttack6"],"picked":"Decade_Defend2","floor":6},{"not_picked":["Blade_Slash","Bomb","FormRideFlame"],"picked":"SKIP","floor":6},{"not_picked":["Decade_Defend2","DenO_Ax"],"picked":"UnarmedAttack3","floor":10},{"not_picked":["Hibiki_Attack1","DenO_Sword"],"picked":"Dragreder","floor":10},{"not_picked":["RideBooker_Skill_3","Kiva_Bats"],"picked":"Blade_Beat","floor":10},{"not_picked":["KamenRideDecade","Hibiki_FEVER","Bomb"],"picked":"SKIP","floor":10},{"not_picked":["DenO_Ax","AutoVajin"],"picked":"Blade_Beat","floor":11},{"not_picked":["KamenRideKabuto","DragClaw"],"picked":"Blade_Kick","floor":11},{"not_picked":["AutoVajin","FormRideJack"],"picked":"UnarmedAttack8","floor":11},{"not_picked":["FormRideStorm","KamenRideHibiki"],"picked":"AttackRide","floor":11},{"not_picked":["Bomb","Decade_Illusion"],"picked":"UnarmedAttack6","floor":13},{"not_picked":["NMDAZYYGL","Decade_Dash1"],"picked":"FormRideDragon","floor":13},{"not_picked":["FormRideTitan","DenO_Ax"],"picked":"UnarmedAttack1","floor":13},{"not_picked":["Kiva_Frozen","DenO_Ax"],"picked":"RideBooker_Skill_2","floor":13},{"not_picked":["TimeVent","DecadeViolentEmotion"],"picked":"Kuuga_Rising","floor":16},{"not_picked":["Kiva_Swallow","FormRideAxel"],"picked":"NMDAZYYGL","floor":16},{"not_picked":["Kiva_Swallow","NMDAZYYGL"],"picked":"Kuuga_Rising","floor":16},{"not_picked":["DecadeViolentEmotion","Hibiki_FEVER"],"picked":"Kuuga_Rising","floor":16}],"player_experience":174695,"relics_obtained":[{"floor":1,"key":"Baka"},{"floor":1,"key":"LetterFromLob"},{"floor":9,"key":"Counterbalance"},{"floor":10,"key":"Dream Catcher"}],"event_choices":[{"damage_healed":0,"gold_gain":0,"player_choice":"Donut","damage_taken":0,"max_hp_gain":5,"max_hp_loss":0,"event_name":"Big Fish","floor":14,"gold_loss":0}],"is_beta":false,"boss_relics":[{"not_picked":["Calling Bell","MagicMushroom"],"picked":"SoulBox"},{"not_picked":[]}],"items_purged_floors":[],"is_endless":false,"potions_floor_spawned":[2,4,6,16],"killed_by":"3 Byrds","ascension_level":0}}