{"host":"lg1piimdyocafd6j","time":1610203641,"event":{"mods":["AchievementEnabler","BaseMod","Better Third Choice","BetterRewards","Colored Map","Colored Powertips","Downfall","Minty Spire (QoL Compilation)","Quick Restart","Rare Cards Sparkle","Remove Card Discount Mod","Shop Mod","StSLib","SuperFastMode"],"gold_per_floor":[119,50,70,88,88,88,88,122,122,44,44,57,57,76,76,174,174,174,174,174,0,0,0,0,0,0,0,0],"floor_reached":27,"playtime":1335,"items_purged":["Strike_G","Strike_G","Strike_G","Strike_G","Defend_G","Strike_G","Caltrops","Neutralize"],"score":213,"play_id":"62a391ba-b77e-45c4-81b8-4821c36471a8","local_time":"20210109154721","is_ascension_mode":false,"campfire_choices":[{"floor":6,"key":"RECALL"},{"data":"Infinite Blades","floor":11,"key":"SMITH"},{"data":"Envenom","floor":13,"key":"SMITH"},{"data":"Footwork","floor":15,"key":"SMITH"},{"data":"A Thousand Cuts","floor":23,"key":"SMITH"}],"circlet_count":0,"master_deck":["Defend_G","Defend_G","Defend_G","Defend_G","Survivor+1","Accuracy","Infinite Blades","Infinite Blades","Accuracy+1","Footwork+1","Infinite Blades+1","Envenom+1","After Image","Concentrate","A Thousand Cuts+1"],"relics":["Ring of the Snake","Bird Faced Urn","DollysMirror","SacredBark","Eternal Feather","Ectoplasm","The Courier"],"acts_visited":["Exordium","TheCity"],"potions_floor_usage":[16],"damage_taken":[{"damage":0,"enemies":"Cultist","floor":1,"turns":3},{"damage":0,"enemies":"2 Louse","floor":3,"turns":4},{"damage":3,"enemies":"Jaw Worm","floor":4,"turns":4},{"damage":16,"enemies":"3 Sentries","floor":8,"turns":7},{"damage":15,"enemies":"Exordium Thugs","floor":12,"turns":7},{"damage":8,"enemies":"Looter","floor":14,"turns":4},{"damage":25,"enemies":"Slime Boss","floor":16,"turns":7},{"damage":0,"enemies":"Shell Parasite","floor":18,"turns":5},{"damage":0,"enemies":"Spheric Guardian","floor":20,"turns":5},{"damage":8,"enemies":"3 Cultists","floor":22,"turns":6},{"damage":1,"enemies":"Centurion and Healer","floor":24,"turns":6},{"damage":5,"enemies":"Gremlin Leader","floor":27,"turns":2}],"seed_played":"4727014328746620040","potions_obtained":[{"floor":3,"key":"EssenceOfSteel"},{"floor":4,"key":"Energy Potion"},{"floor":16,"key":"EssenceOfSteel"},{"floor":20,"key":"Ancient Potion"},{"floor":24,"key":"ColorlessPotion"}],"is_trial":false,"path_per_floor":["M","$","M","M","?","R","?","E","T","$","R","M","R","M","R","B",null,"M","?","M","?","M","R","M","$","T","E"],"character_chosen":"THE_SILENT","items_purchased":["Accuracy","Bird Faced Urn","Infinite Blades","Infinite Blades","DollysMirror","Footwork","Envenom"],"campfire_rested":0,"item_purchase_floors":[0,0,0,0,0,2,10],"current_hp_per_floor":[70,70,70,70,75,75,60,58,58,58,64,63,69,72,75,52,75,75,61,77,77,77,80,80,80,80,75,75],"gold":0,"neow_bonus":"","is_daily":false,"chose_seed":false,"campfire_upgraded":4,"win_rate":0.0,"timestamp":1610203641,"path_taken":["M","$","M","M","?","R","?","E","T","$","R","?","R","M","R","BOSS","M","?","M","?","M","R","M","$","T","E"],"items_purchased_type":["Card","Relic","Card","Card","Relic","Card","Card"],"build_version":"2020-12-22","purchased_purges":8,"victory":false,"max_hp_per_floor":[70,70,70,70,75,75,75,75,75,75,75,75,75,75,75,75,75,75,80,80,80,80,80,80,80,80,80,80],"card_choices":[{"not_picked":["Catalyst","Dodge and Roll"],"picked":"Caltrops","floor":1},{"not_picked":["Finisher","Acrobatics","PiercingWail"],"picked":"SKIP","floor":3},{"not_picked":["Deadly Poison","Concentrate"],"picked":"Infinite Blades","floor":4},{"not_picked":["Dash","Skewer","Slice"],"picked":"SKIP","floor":8},{"not_picked":["Quick Slash","Bane"],"picked":"After Image","floor":12},{"not_picked":["Backflip","Choke"],"picked":"Concentrate","floor":14},{"not_picked":["Burst","Envenom"],"picked":"A Thousand Cuts","floor":16},{"not_picked":["Sucker Punch","Choke","Catalyst+1"],"picked":"SKIP","floor":18},{"not_picked":["Acrobatics","Flying Knee","Endless Agony"],"picked":"SKIP","floor":20},{"not_picked":["Infinite Blades","Expertise+1","Quick Slash"],"picked":"SKIP","floor":22},{"not_picked":["Crippling Poison","Dagger Throw","Skewer"],"picked":"SKIP","floor":24}],"player_experience":119702,"relics_obtained":[{"floor":8,"key":"Eternal Feather"},{"floor":26,"key":"The Courier"}],"event_choices":[{"damage_healed":0,"gold_gain":0,"player_choice":"Donut","damage_taken":0,"max_hp_gain":5,"max_hp_loss":0,"event_name":"Big Fish","floor":5,"gold_loss":0},{"damage_healed":75,"gold_gain":0,"player_choice":"Upgrade","damage_taken":15,"max_hp_gain":0,"max_hp_loss":75,"event_name":"betterThird:BetterShining","floor":7,"gold_loss":0,"cards_upgraded":["Accuracy","Survivor"]},{"damage_healed":0,"gold_gain":0,"player_choice":"Shed Blood","damage_taken":19,"max_hp_gain":5,"max_hp_loss":0,"event_name":"Forgotten Altar","floor":19,"gold_loss":0},{"damage_healed":0,"gold_gain":0,"player_choice":"Paid Fearfully","damage_taken":0,"max_hp_gain":0,"max_hp_loss":0,"event_name":"Masked Bandits","floor":21,"gold_loss":174}],"is_beta":false,"boss_relics":[{"not_picked":["Tiny House","Runic Dome"],"picked":"Ectoplasm"}],"items_purged_floors":[0,0,0,0,0,0,10,10],"is_endless":false,"potions_floor_spawned":[3,4,16,20,24],"killed_by":"Gremlin Leader","ascension_level":0}}