{"host":"3qkmyeoym75lj4wn","time":1610196683,"event":{"mods":["2.2 Compatiblity","BaseMod","Block Reminder","Colored Powertips","Highlight Path","Minty Spire (QoL Compilation)","Permanent Neow","Potion Indicator Mod","Rare Cards Sparkle","Relic Stats","StSLib","Unceasing Turn Reminder"],"gold_per_floor":[117,117,3,153,172,172,205,205,205,205,215,48,48,87,87,178,178,193,193,118,139,158,158,8,8,35,49,49,49],"floor_reached":28,"playtime":853,"items_purged":["Strike_B"],"score":498,"play_id":"1a4acf2f-3f1d-4265-b505-e62bafc464ea","local_time":"20210109125123","is_ascension_mode":true,"campfire_choices":[{"data":"Zap","floor":6,"key":"SMITH"},{"data":"Coolheaded","floor":10,"key":"SMITH"},{"data":"Defragment","floor":15,"key":"SMITH"},{"floor":23,"key":"REST"},{"floor":25,"key":"REST"}],"circlet_count":0,"master_deck":["AscendersBane","Strike_B","Strike_B","Defend_B","Defend_B","Defend_B","Defend_B","Zap+1","Dualcast","Sweeping Beam","Coolheaded+1","Cold Snap","Defragment+1","Reboot","CurseOfTheBell","Ball Lightning+1","Fusion+1","Glacier","Electrodynamics"],"relics":["Cracked Core","NeowsBlessing","Blue Candle","Ornamental Fan","OrangePellets","Golden Idol","StrikeDummy","Calling Bell","Boot","Question Card","Dead Branch","Ancient Tea Set"],"acts_visited":["Exordium","TheCity"],"potions_floor_usage":[11,14,27,28],"damage_taken":[{"damage":0,"enemies":"2 Louse","floor":1,"turns":1},{"damage":0,"enemies":"Jaw Worm","floor":5,"turns":1},{"damage":0,"enemies":"3 Sentries","floor":7,"turns":1},{"damage":1,"enemies":"Small Slimes","floor":11,"turns":2},{"damage":42,"enemies":"Gremlin Nob","floor":14,"turns":4},{"damage":36,"enemies":"Hexaghost","floor":16,"turns":14},{"damage":7,"enemies":"Spheric Guardian","floor":18,"turns":5},{"damage":16,"enemies":"2 Thieves","floor":21,"turns":4},{"damage":20,"enemies":"Cultist and Chosen","floor":22,"turns":5},{"damage":28,"enemies":"Centurion and Healer","floor":27,"turns":10},{"damage":21,"enemies":"Snecko","floor":28,"turns":3}],"seed_played":"5419179278250616083","potions_obtained":[{"floor":1,"key":"DistilledChaos"},{"floor":11,"key":"FairyPotion"},{"floor":22,"key":"Explosive Potion"},{"floor":27,"key":"PowerPotion"}],"is_trial":false,"path_per_floor":["M","?","$","?","M","R","E","?","T","R","M","$","?","E","R","B",null,"M","?","?","M","M","R","$","R","T","M","M"],"character_chosen":"DEFECT","items_purchased":["Coolheaded","FearPotion","OrangePellets","Glacier"],"campfire_rested":2,"item_purchase_floors":[3,3,12,24],"current_hp_per_floor":[64,57,57,57,57,57,57,57,57,57,56,56,56,14,14,1,48,41,41,41,25,5,24,24,43,43,15,0,0],"gold":49,"neow_bonus":"THREE_ENEMY_KILL","is_daily":false,"chose_seed":false,"campfire_upgraded":3,"win_rate":0.0,"timestamp":1610196683,"path_taken":["M","?","$","?","M","R","E","?","T","R","M","$","?","E","R","BOSS","M","?","?","M","M","R","$","R","T","M","M"],"items_purchased_type":["Card","Potion","Relic","Card"],"build_version":"2020-12-22","purchased_purges":1,"victory":false,"max_hp_per_floor":[71,71,71,71,71,71,71,71,71,71,71,71,64,64,64,64,64,64,64,64,64,64,64,64,64,64,64,64,64],"relic_stats":{"OrangePellets":[5],"counters":[11,50],"Ornamental Fan":[32],"Golden Idol":40,"Blue Candle":[4],"Dead Branch":[15],"Boot":[3],"Question Card":4,"obtain_stats":[{"Calling Bell":17,"OrangePellets":12,"NeowsBlessing":0,"Ornamental Fan":9,"Golden Idol":13,"Blue Candle":7,"Dead Branch":17,"Cracked Core":0,"StrikeDummy":14,"Boot":17,"Question Card":17,"Ancient Tea Set":26},{"Calling Bell":6,"OrangePellets":4,"NeowsBlessing":0,"Ornamental Fan":3,"Golden Idol":4,"Blue Candle":3,"Dead Branch":6,"Cracked Core":0,"StrikeDummy":5,"Boot":6,"Question Card":6,"Ancient Tea Set":9},{"Calling Bell":23,"OrangePellets":5,"NeowsBlessing":0,"Ornamental Fan":3,"Golden Idol":5,"Blue Candle":3,"Dead Branch":23,"Cracked Core":0,"StrikeDummy":9,"Boot":23,"Question Card":23,"Ancient Tea Set":37}]},"card_choices":[{"not_picked":["Turbo","Undo"],"picked":"Sweeping Beam","floor":1},{"not_picked":["Steam","Stack","Multi-Cast"],"picked":"SKIP","floor":5},{"not_picked":["Reprogram","Reinforced Body"],"picked":"Cold Snap","floor":7},{"not_picked":["Steam","Heatsinks"],"picked":"Defragment","floor":11},{"not_picked":["Aggregate","Gash","Heatsinks"],"picked":"SKIP","floor":14},{"not_picked":["Multi-Cast","Amplify"],"picked":"Reboot","floor":16},{"not_picked":["Coolheaded","Leap","Rebound"],"picked":"Ball Lightning+1","floor":18},{"not_picked":["Hello World","Force Field","Heatsinks","Stack"],"picked":"SKIP","floor":21},{"not_picked":["Storm","Barrage","Chaos"],"picked":"Fusion+1","floor":22},{"not_picked":["Hologram","Ball Lightning","Storm"],"picked":"Electrodynamics","floor":27}],"player_experience":1656303,"relics_obtained":[{"floor":7,"key":"Blue Candle"},{"floor":9,"key":"Ornamental Fan"},{"floor":14,"key":"StrikeDummy"},{"floor":17,"key":"Boot"},{"floor":17,"key":"Question Card"},{"floor":17,"key":"Dead Branch"},{"floor":26,"key":"Ancient Tea Set"}],"event_choices":[{"cards_removed":["Strike_B"],"damage_healed":0,"gold_gain":0,"player_choice":"Card Removal","damage_taken":7,"max_hp_gain":0,"max_hp_loss":0,"event_name":"Golden Wing","floor":2,"gold_loss":0},{"damage_healed":0,"gold_gain":150,"player_choice":"AGREE","damage_taken":0,"max_hp_gain":0,"max_hp_loss":0,"event_name":"Liars Game","floor":4,"gold_loss":0,"cards_obtained":["Doubt"]},{"damage_healed":0,"gold_gain":0,"player_choice":"Ignored","damage_taken":0,"max_hp_gain":0,"max_hp_loss":0,"event_name":"Shining Light","floor":8,"gold_loss":0},{"damage_healed":0,"gold_gain":0,"player_choice":"Lose Max HP","damage_taken":0,"relics_obtained":["Golden Idol"],"max_hp_gain":0,"max_hp_loss":7,"event_name":"Golden Idol","floor":13,"gold_loss":0},{"damage_healed":0,"gold_gain":0,"player_choice":"Ignored","damage_taken":0,"max_hp_gain":0,"max_hp_loss":0,"event_name":"The Mausoleum","floor":19,"gold_loss":0},{"cards_removed":["Doubt"],"damage_healed":0,"gold_gain":0,"player_choice":"Gave Gold","damage_taken":0,"max_hp_gain":0,"max_hp_loss":0,"event_name":"Beggar","floor":20,"gold_loss":75}],"is_beta":false,"boss_relics":[{"not_picked":["SacredBark","Runic Dome"],"picked":"Calling Bell"}],"items_purged_floors":[24],"is_endless":false,"potions_floor_spawned":[1,7,11,22,27],"killed_by":"Snecko","ascension_level":20}}