{"host":"9c5kazgg71l3jb6l","time":1610166549,"event":{"mods":["BaseMod","Hermit","Minty Spire (QoL Compilation)","StSLib","Waifu the Spire"],"gold_per_floor":[112,112,187,32,32,32,66,66,89,122,140,157,495,569,569,681,681,693,693],"floor_reached":18,"playtime":1045,"items_purged":[],"score":289,"play_id":"df5fdd2c-cd66-4ec6-a96f-e3ea32057ae5","local_time":"20210109122909","is_ascension_mode":true,"campfire_choices":[{"data":"hermit:TakeAim","floor":6,"key":"SMITH"},{"floor":8,"key":"REST"},{"data":"hermit:Scavenge","floor":15,"key":"SMITH"}],"circlet_count":0,"master_deck":["hermit:Strike_Hermit","hermit:Strike_Hermit","hermit:Strike_Hermit","hermit:Defend_Hermit","hermit:Defend_Hermit","hermit:Defend_Hermit","hermit:Defend_Hermit","hermit:Snapshot","hermit:Covet","hermit:TakeAim+1","hermit:Scavenge","hermit:GhostlyPresence","hermit:Scavenge+1","hermit:Snipe","hermit:Malice","hermit:FatalDesire","CurseOfTheBell"],"relics":["hermit:Momento","NeowsBlessing","Medical Kit","Pear","Regal Pillow","Lantern","Tiny Chest","Old Coin","Mummified Hand","Calling Bell","Smiling Mask","InkBottle","Ginger"],"acts_visited":["Exordium","TheCity"],"potions_floor_usage":[18],"damage_taken":[{"damage":0,"enemies":"Cultist","floor":1,"turns":1},{"damage":0,"enemies":"3 Sentries","floor":7,"turns":2},{"damage":0,"enemies":"Gremlin Nob","floor":10,"turns":1},{"damage":0,"enemies":"Jaw Worm","floor":11,"turns":5},{"damage":0,"enemies":"2 Louse","floor":12,"turns":2},{"damage":0,"enemies":"Lagavulin","floor":13,"turns":12},{"damage":31,"enemies":"The Guardian","floor":16,"turns":22},{"damage":21,"enemies":"Spheric Guardian","floor":18,"turns":11}],"seed_played":"334834493114097031","potions_obtained":[{"floor":1,"key":"hermit:Tonic"},{"floor":12,"key":"ColorlessPotion"},{"floor":16,"key":"LiquidBronze"}],"is_trial":false,"path_per_floor":["M","?","?","$","?","R","E","R","T","E","M","M","E","T","R","B",null,"M"],"character_chosen":"HERMIT","items_purchased":["Medical Kit"],"campfire_rested":1,"item_purchase_floors":[4],"current_hp_per_floor":[75,68,57,57,34,34,34,74,74,74,74,74,74,74,74,43,85,64,64],"gold":693,"neow_bonus":"THREE_ENEMY_KILL","is_daily":false,"chose_seed":false,"campfire_upgraded":2,"win_rate":0.0,"timestamp":1610166549,"path_taken":["M","?","?","$","?","R","E","R","T","E","M","M","E","?","R","BOSS","M"],"items_purchased_type":["Relic"],"build_version":"2020-12-22","purchased_purges":0,"victory":false,"max_hp_per_floor":[75,75,75,75,85,85,85,85,85,85,85,85,85,85,85,85,85,85,85],"card_choices":[{"not_picked":["hermit:DeadMansHand","hermit:Glare"],"picked":"hermit:TakeAim","floor":1},{"not_picked":["hermit:FullyLoaded","hermit:EternalForm"],"picked":"hermit:Scavenge","floor":7},{"not_picked":["hermit:Deadeye","hermit:DeadMansHand"],"picked":"hermit:GhostlyPresence","floor":10},{"not_picked":["hermit:Vantage","hermit:SprayPray"],"picked":"hermit:Scavenge","floor":11},{"not_picked":["hermit:BodyArmor","hermit:Headshot"],"picked":"hermit:Snipe","floor":12},{"not_picked":["hermit:HighNoon","hermit:HoleUp"],"picked":"hermit:Malice","floor":13},{"not_picked":["hermit:Adapt","hermit:RoundhouseKick"],"picked":"hermit:FatalDesire","floor":16}],"player_experience":1298761,"relics_obtained":[{"floor":7,"key":"Regal Pillow"},{"floor":9,"key":"Lantern"},{"floor":10,"key":"Tiny Chest"},{"floor":13,"key":"Old Coin"},{"floor":14,"key":"Mummified Hand"},{"floor":17,"key":"Smiling Mask"},{"floor":17,"key":"InkBottle"},{"floor":17,"key":"Ginger"}],"event_choices":[{"cards_removed":["hermit:Strike_Hermit"],"damage_healed":0,"gold_gain":0,"player_choice":"Card Removal","damage_taken":7,"max_hp_gain":0,"max_hp_loss":0,"event_name":"Golden Wing","floor":2,"gold_loss":0},{"damage_healed":0,"gold_gain":75,"player_choice":"Gather Gold","damage_taken":11,"max_hp_gain":0,"max_hp_loss":0,"event_name":"World of Goop","floor":3,"gold_loss":0},{"damage_healed":0,"gold_gain":0,"player_choice":"Success","damage_taken":33,"relics_obtained":["Pear"],"max_hp_gain":0,"max_hp_loss":0,"event_name":"Scrap Ooze","floor":5,"gold_loss":0}],"is_beta":false,"boss_relics":[{"not_picked":["Sozu","Fusion Hammer"],"picked":"Calling Bell"}],"items_purged_floors":[],"is_endless":false,"potions_floor_spawned":[1,12,16],"killed_by":"Spheric Guardian","ascension_level":3}}