{"host":"whe4vf9w0yuhsr02","time":1610235206,"event":{"mods":["BaseMod","Highlight Path","Lobotomy","LobotomyExtend","Minty Spire (QoL Compilation)","Quick Restart","StSLib"],"gold_per_floor":[277,277,277,288,301,301,312,312,312,312,323,333,33,50,50,149,149,160,180,195,195,195,195,215,215,262,272,299,310,320,48,48,143,143,157,175,187,187,33,33,58,69,69,69,81,30,30,80,80,80,80],"floor_reached":50,"playtime":3253,"items_purged":[],"score":588,"play_id":"16dcc5d0-3c59-43cf-ba48-0548195d43cd","local_time":"20210110013326","is_ascension_mode":false,"campfire_choices":[{"floor":47.0,"key":"RECALL"},{"floor":49.0,"key":"REST"}],"circlet_count":0,"master_deck":["Apo_SoulSlash","Apo_Charge","Apo_Charge","Apo_Charge","Apo_Charge","Apo_Beam","Apo_Beam","Apo_Beam","Apo_Execute","Apo_Slash","Apo_Slash","Apo_SoulSlash"],"relics":["CogitoBucket","Lizard Tail","LetterFromLob","Pocketwatch","Bottled Lightning","AspirationHeart","Thread and Needle","Empty Cage","AdjustmentMirror","Vajra","Kunai","SkinProphecy","Fusion Hammer","Bag of Preparation","Ice Cream","ApostleMask","StoneCalendar"],"acts_visited":["Exordium","TheCity","TheBeyond"],"potions_floor_usage":[50,50,50],"damage_taken":[{"damage":12.0,"enemies":"2 Louse","floor":1.0,"turns":2.0},{"damage":13.0,"enemies":"Jaw Worm","floor":4.0,"turns":2.0},{"damage":0.0,"enemies":"Small Slimes","floor":5.0,"turns":2.0},{"damage":8.0,"enemies":"Exordium Thugs","floor":7.0,"turns":4.0},{"damage":20.0,"enemies":"Looter","floor":11.0,"turns":3.0},{"damage":15.0,"enemies":"Blue Slaver","floor":12.0,"turns":4.0},{"damage":22.0,"enemies":"Gremlin Gang","floor":14.0,"turns":3.0},{"damage":18.0,"enemies":"Slime Boss","floor":16.0,"turns":12.0},{"damage":4.0,"enemies":"2 Thieves","floor":18.0,"turns":3.0},{"damage":0.0,"enemies":"Shell Parasite","floor":19.0,"turns":2.0},{"damage":11.0,"enemies":"Chosen and Byrds","floor":20.0,"turns":5.0},{"damage":16.0,"enemies":"Shelled Parasite and Fungi","floor":24.0,"turns":3.0},{"damage":0.0,"enemies":"Snake Plant","floor":27.0,"turns":3.0},{"damage":15.0,"enemies":"Gremlin Leader","floor":28.0,"turns":4.0},{"damage":16.0,"enemies":"Centurion and Healer","floor":29.0,"turns":3.0},{"damage":37.0,"enemies":"3 Cultists","floor":30.0,"turns":6.0},{"damage":43.0,"enemies":"Automaton","floor":33.0,"turns":7.0},{"damage":11.0,"enemies":"Orb Walker","floor":35.0,"turns":2.0},{"damage":0.0,"enemies":"3 Darklings","floor":36.0,"turns":1.0},{"damage":23.0,"enemies":"Jaw Worm Horde","floor":37.0,"turns":3.0},{"damage":27.0,"enemies":"Giant Head","floor":41.0,"turns":7.0},{"damage":5.0,"enemies":"Sphere and 2 Shapes","floor":42.0,"turns":2.0},{"damage":12.0,"enemies":"4 Shapes","floor":45.0,"turns":1.0},{"damage":14.0,"enemies":"Mind Bloom Boss Battle","floor":48.0,"turns":3.0},{"damage":21,"enemies":"FixerMidnight","floor":50,"turns":2}],"seed_played":"990714191082063424","potions_obtained":[{"floor":4.0,"key":"Block Potion"},{"floor":14.0,"key":"FearPotion"},{"floor":18.0,"key":"SneckoOil"},{"floor":27.0,"key":"Regen Potion"},{"floor":29.0,"key":"SteroidPotion"},{"floor":33.0,"key":"PowerPotion"},{"floor":36.0,"key":"SkillPotion"},{"floor":37.0,"key":"LiquidMemories"},{"floor":41.0,"key":"SpeedPotion"}],"is_trial":false,"path_per_floor":["M","?","?","M","M","R","M","R","T","R","M","M","$","M","R","B",null,"M","M","M","?","?","R","M","R","T","M","E","M","M","$","R","B",null,"M","M","M","?","$","R","E","M","T","E","M","$","R","?","R","B"],"character_chosen":"Angela","items_purchased":["Thread and Needle","Panacea","Dexterity Potion","SkillPotion","Spore","Bag of Preparation","Energy Potion"],"campfire_rested":1,"item_purchase_floors":[13,31,31,31,31,39,46],"current_hp_per_floor":[45,45,45,40,48,48,48,48,48,48,36,31,31,9,9,65,80,80,80,77,77,77,77,69,69,69,80,76,71,57,57,57,21,82,78,85,69,69,69,69,52,59,59,55,39,39,39,21,21,0,0],"gold":80,"neow_bonus":"ONE_RARE_RELIC","is_daily":false,"chose_seed":false,"campfire_upgraded":0,"win_rate":0.0,"timestamp":1610235206,"path_taken":["M","?","?","M","M","R","M","R","T","R","M","M","$","M","R","BOSS","M","M","M","?","?","R","M","R","T","M","E","M","?","$","R","BOSS","M","M","M","?","$","R","E","M","T","E","M","?","R","?","R","BOSS"],"items_purchased_type":["Relic","Card","Potion","Potion","Card","Relic","Potion"],"build_version":"2020-12-22","purchased_purges":0,"victory":false,"max_hp_per_floor":[70,70,70,70,70,70,70,70,70,70,70,80,80,80,80,80,80,80,80,80,80,80,80,80,80,80,80,80,80,80,80,80,82,82,84,86,88,88,88,88,90,92,92,94,96,96,96,98,98,100,100],"card_choices":[{"not_picked":["CrimsonScar","Amita"],"picked":"SKIP","floor":1.0},{"not_picked":["CUTE","Horn"],"picked":"SKIP","floor":4.0},{"not_picked":["Lantern","TodaysExpression"],"picked":"SKIP","floor":5.0},{"not_picked":["Murderer","ShyLook"],"picked":"GreedKing","floor":7.0},{"not_picked":["Pleasure"],"picked":"FourthMatchFlame","floor":7.0},{"not_picked":["CUTE"],"picked":"CENSORED_ego","floor":11.0},{"not_picked":["BlackSwan_ego"],"picked":"CENSORED_ego","floor":12.0},{"not_picked":["Variant","VoidDream"],"picked":"DreamingCurrent","floor":14.0},{"not_picked":["WristCuter"],"picked":"ShedSkin","floor":14.0},{"not_picked":["TheSmile"],"picked":"GoldRush","floor":16.0},{"not_picked":["Discord","Loneliness"],"picked":"SKIP","floor":18.0},{"not_picked":["Tough"],"picked":"Moonlight+1","floor":19.0},{"not_picked":["Noise+1","Hypocrisy"],"picked":"SKIP","floor":20.0},{"not_picked":["Spore","FrostShard"],"picked":"SKIP","floor":24.0},{"not_picked":["Soda","Moonlight+1"],"picked":"SKIP","floor":27.0},{"not_picked":["Soda+1","RapturousDream"],"picked":"SKIP","floor":28.0},{"not_picked":["Regret_ego","BlackSwan_ego"],"picked":"SKIP","floor":29.0},{"not_picked":["BloodyDesire","BlackSwan_ego"],"picked":"SKIP","floor":30.0},{"not_picked":["TheSmile"],"picked":"DaCapo","floor":33.0},{"not_picked":["Loneliness"],"picked":"Lantern+1","floor":35.0},{"not_picked":["SwordSharpenedByTears+1"],"picked":"FourthMatchFlame+1","floor":36.0},{"not_picked":["BlackSwan_ego","CherryBlossom+1"],"picked":"SKIP","floor":37.0},{"not_picked":["RedEyes+1"],"picked":"Penitence","floor":41.0},{"not_picked":["LittleHelper","BigBird"],"picked":"PlagueDoctor","floor":42.0},{"not_picked":["Horn+1","RedEyes+1"],"picked":"SKIP","floor":42.0},{"not_picked":["Penitence","RapturousDream"],"picked":"SKIP","floor":45.0}],"player_experience":443416,"relics_obtained":[{"floor":1.0,"key":"LetterFromLob"},{"floor":9.0,"key":"Bottled Lightning"},{"floor":26.0,"key":"Vajra"},{"floor":28.0,"key":"Kunai"},{"floor":41.0,"key":"Ice Cream"},{"floor":48.0,"key":"StoneCalendar"}],"event_choices":[{"damage_healed":0.0,"max_hp_gain":0.0,"max_hp_loss":0.0,"gold_gain":0.0,"event_name":"Golden Wing","player_choice":"Ignored","floor":2.0,"gold_loss":0.0,"damage_taken":0.0},{"damage_healed":0.0,"max_hp_gain":0.0,"max_hp_loss":0.0,"gold_gain":0.0,"event_name":"Big Fish","player_choice":"Box","floor":3.0,"gold_loss":0.0,"damage_taken":0.0,"relics_obtained":["Pocketwatch"],"cards_obtained":["Regret"]},{"damage_healed":0.0,"max_hp_gain":0.0,"max_hp_loss":0.0,"gold_gain":0.0,"event_name":"Vampires","player_choice":"Ignored","floor":21.0,"gold_loss":0.0,"damage_taken":0.0},{"damage_healed":0.0,"max_hp_gain":0.0,"max_hp_loss":0.0,"gold_gain":0.0,"event_name":"Beggar","player_choice":"Ignored","floor":22.0,"gold_loss":0.0,"damage_taken":0.0},{"damage_healed":0.0,"max_hp_gain":0.0,"max_hp_loss":0.0,"gold_gain":0.0,"event_name":"Tomb of Lord Red Mask","player_choice":"Ignored","floor":38.0,"gold_loss":0.0,"damage_taken":0.0},{"damage_healed":0.0,"max_hp_gain":0.0,"max_hp_loss":0.0,"gold_gain":0.0,"event_name":"MindBloom","player_choice":"Fight","floor":48.0,"gold_loss":0.0,"damage_taken":0.0}],"is_beta":false,"boss_relics":[{"not_picked":["Runic Dome","SlaversCollar"],"picked":"Empty Cage"},{"not_picked":["Tiny House","Astrolabe"],"picked":"Fusion Hammer"}],"items_purged_floors":[],"is_endless":false,"potions_floor_spawned":[4,14,18,27,29,33,36,37,41,42],"killed_by":"FixerMidnight","ascension_level":0}}