{"host":"5x08nt64u3vxxcfi","time":1610177843,"event":{"mods":["BaseMod","Minty Spire (QoL Compilation)","StSLib","SuperFastMode"],"gold_per_floor":[110,110,131,41,116,159,174,174,174,26,70,70,70,105,105,233,233,253,272,187,114,130,130,130,130,130],"floor_reached":25,"playtime":362,"items_purged":["Strike_G"],"score":352,"play_id":"088b0062-2a5b-4a7f-821a-74e3733d51cd","local_time":"20210109163723","is_ascension_mode":true,"campfire_choices":[{"data":"Neutralize","floor":8,"key":"SMITH"},{"data":"Infinite Blades","floor":12,"key":"SMITH"},{"data":"Night Terror","floor":15,"key":"SMITH"},{"data":"Accuracy","floor":23,"key":"SMITH"}],"circlet_count":0,"master_deck":["Defend_G","Defend_G","Defend_G","Defend_G","Defend_G","Survivor","Neutralize+1","Slice","Cloak And Dagger","Accuracy+1","Quick Slash","Blur","Blade Dance","Infinite Blades+1","Backstab","Acrobatics","Night Terror+1","Corpse Explosion","Poisoned Stab","Blade Dance","Blade Dance","Bite","Bite","Bite","Bite","Bite"],"relics":["Ring of the Serpent","NeowsBlessing","Golden Idol","Smiling Mask","Eternal Feather","Sundial","Ornamental Fan","PreservedInsect"],"acts_visited":["Exordium","TheCity"],"potions_floor_usage":[16,22,22],"damage_taken":[{"damage":0,"enemies":"Jaw Worm","floor":1,"turns":1},{"damage":0,"enemies":"Small Slimes","floor":3,"turns":1},{"damage":0,"enemies":"Gremlin Nob","floor":6,"turns":1},{"damage":2,"enemies":"2 Louse","floor":7,"turns":3},{"damage":7,"enemies":"Lagavulin","floor":11,"turns":6},{"damage":10,"enemies":"3 Sentries","floor":14,"turns":5},{"damage":32,"enemies":"Slime Boss","floor":16,"turns":9},{"damage":10,"enemies":"Spheric Guardian","floor":18,"turns":4},{"damage":35,"enemies":"2 Thieves","floor":19,"turns":3},{"damage":0,"enemies":"Centurion and Healer","floor":22,"turns":3},{"damage":30,"enemies":"Slavers","floor":25,"turns":1}],"seed_played":"-6859412329649835873","potions_obtained":[{"floor":7,"key":"Dexterity Potion"},{"floor":11,"key":"Fire Potion"},{"floor":16,"key":"Fire Potion"},{"floor":19,"key":"DistilledChaos"}],"is_trial":false,"path_per_floor":["M","?","M","$","?","E","M","R","T","$","E","R","$","E","R","B",null,"M","M","?","$","M","R","?","E"],"character_chosen":"THE_SILENT","items_purchased":["Accuracy","Quick Slash","Infinite Blades","Backstab","Blade Dance"],"campfire_rested":0,"item_purchase_floors":[4,4,10,10,21],"current_hp_per_floor":[63,46,46,46,35,35,33,33,33,33,26,38,38,28,40,8,55,45,10,10,10,10,25,25,0,0],"gold":130,"neow_bonus":"THREE_ENEMY_KILL","is_daily":false,"chose_seed":false,"campfire_upgraded":4,"win_rate":0.0,"timestamp":1610177843,"path_taken":["M","?","M","$","?","E","M","R","T","?","E","R","$","E","R","BOSS","M","M","?","$","M","R","?","E"],"items_purchased_type":["Card","Card","Card","Card","Card"],"build_version":"2020-12-22","purchased_purges":1,"victory":false,"max_hp_per_floor":[70,70,70,70,70,70,70,70,70,70,70,70,70,70,70,70,70,70,70,70,70,70,70,49,49,49],"card_choices":[{"not_picked":["Dagger Spray","Backflip"],"picked":"Slice","floor":1},{"not_picked":["Tactician","Skewer"],"picked":"Cloak And Dagger","floor":3},{"not_picked":["Burst","Crippling Poison"],"picked":"Blur","floor":6},{"not_picked":["Backstab","Footwork"],"picked":"Blade Dance","floor":7},{"not_picked":["Concentrate","Calculated Gamble"],"picked":"Acrobatics","floor":11},{"not_picked":["Slice","Dagger Throw"],"picked":"Night Terror","floor":14},{"not_picked":["Unload","Venomology"],"picked":"Corpse Explosion","floor":16},{"not_picked":["Flying Knee","Heel Hook"],"picked":"Poisoned Stab","floor":18},{"not_picked":["Noxious Fumes+1","Dodge and Roll"],"picked":"Blade Dance","floor":19},{"not_picked":["Underhanded Strike","Venomology","Heel Hook"],"picked":"SKIP","floor":22}],"player_experience":73512,"relics_obtained":[{"floor":6,"key":"Smiling Mask"},{"floor":9,"key":"Eternal Feather"},{"floor":11,"key":"Sundial"},{"floor":14,"key":"Ornamental Fan"}],"event_choices":[{"damage_healed":0,"gold_gain":0,"player_choice":"Take Damage","damage_taken":17,"relics_obtained":["Golden Idol"],"max_hp_gain":0,"max_hp_loss":0,"event_name":"Golden Idol","floor":2,"gold_loss":0},{"damage_healed":0,"gold_gain":75,"player_choice":"Gather Gold","damage_taken":11,"max_hp_gain":0,"max_hp_loss":0,"event_name":"World of Goop","floor":5,"gold_loss":0},{"damage_healed":0,"gold_gain":0,"player_choice":"Obtained Relic","damage_taken":0,"relics_obtained":["PreservedInsect"],"max_hp_gain":0,"max_hp_loss":0,"event_name":"Addict","floor":20,"gold_loss":85},{"damage_healed":0,"gold_gain":0,"player_choice":"Became a vampire","damage_taken":0,"max_hp_gain":0,"max_hp_loss":21,"event_name":"Vampires","floor":24,"gold_loss":0,"cards_obtained":["Bite","Bite","Bite","Bite","Bite"]}],"is_beta":false,"boss_relics":[{"not_picked":["Fusion Hammer","Cursed Key"],"picked":"Ring of the Serpent"}],"items_purged_floors":[21],"is_endless":false,"potions_floor_spawned":[7,11,16,19],"killed_by":"Slavers","ascension_level":7}}