{"host":"CKW","time":1610179105,"event":{"mods":["AchievementEnabler","BaseMod","Card Forge","Colored Powertips","Gold Saver","Googly Eyes","Highlight Path","Marisa£¨Ùöéë¡¡Øª×âÞÞ£©","Minty Spire (QoL Compilation)","Quick Restart","Rare Cards Sparkle","Shop Mod","StSLib","SuperFastMode"],"gold_per_floor":[111,122,133,12,28,61,23,35,47,84,96,141,153,185,197,309,321,349,375,261,289,289,24,24,44,44,44,44],"floor_reached":27,"playtime":1360,"items_purged":["Strike_MRS","Strike_MRS","Strike_MRS"],"score":256,"play_id":"3a6ce221-f040-48c8-84b9-70d68fa71a48","local_time":"20210109165825","is_ascension_mode":true,"campfire_choices":[{"data":"1","floor":13.0,"key":"LIFT"},{"floor":15.0,"key":"REST"},{"floor":24,"key":"REST"}],"circlet_count":0,"master_deck":["Defend_MRS","Defend_MRS","Defend_MRS","Defend_MRS","MasterSpark","UpSweep","PowerUp","PowerUp","NonDirectionalLaser","SatelliteIllusion+1","DC","PropBag+1","WitchOfGreed","PowerUp+1","PulseMagic+1"],"relics":["MiniHakkero","Hammer of Thor","Seething Fire","Anvil of the Gods","Juzu Bracelet","Toxic Egg 2","Girya","FossilizedHelix","SlaversCollar","MutagenicStrength","MerchantsRug","Regal Pillow","Mummified Hand"],"acts_visited":["Exordium","TheCity"],"potions_floor_usage":[27],"damage_taken":[{"damage":0.0,"enemies":"Cultist","floor":1.0,"turns":3.0},{"damage":2.0,"enemies":"2 Louse","floor":2.0,"turns":2.0},{"damage":2.0,"enemies":"Jaw Worm","floor":3.0,"turns":4.0},{"damage":10.0,"enemies":"Gremlin Gang","floor":5.0,"turns":4.0},{"damage":18.0,"enemies":"3 Sentries","floor":6.0,"turns":5.0},{"damage":20.0,"enemies":"Gremlin Nob","floor":10.0,"turns":4.0},{"damage":16.0,"enemies":"Lagavulin","floor":12.0,"turns":6.0},{"damage":0.0,"enemies":"2 Fungi Beasts","floor":14.0,"turns":2.0},{"damage":18.0,"enemies":"The Guardian","floor":16.0,"turns":10.0},{"damage":19.0,"enemies":"Spheric Guardian","floor":18.0,"turns":4.0},{"damage":22,"enemies":"2 Thieves","floor":19,"turns":3},{"damage":33,"enemies":"Centurion and Healer","floor":21,"turns":5},{"damage":18,"enemies":"Snecko","floor":25,"turns":5},{"damage":6,"enemies":"Gremlin Leader","floor":27,"turns":1}],"seed_played":"2553068987067607768","potions_obtained":[{"floor":2.0,"key":"FearPotion"},{"floor":3.0,"key":"Ancient Potion"},{"floor":6.0,"key":"DistilledChaos"},{"floor":16.0,"key":"Weak Potion"},{"floor":19,"key":"DistilledChaos"},{"floor":25,"key":"Block Potion"}],"is_trial":false,"path_per_floor":["M","M","M","$","M","E","?","?","T","E","?","E","R","M","R","B",null,"M","M","$","M","?","$","R","M","T","E"],"character_chosen":"MARISA","items_purchased":["PowerUp","WitchOfGreed","MerchantsRug","PulseMagic+1"],"campfire_rested":2,"item_purchase_floors":[4,20,23,23],"current_hp_per_floor":[75,73,71,71,61,43,43,43,43,23,23,7,7,7,29,11,75,56,34,34,1,1,1,23,5,5,0,0],"gold":44,"neow_bonus":"RANDOM_COMMON_RELIC","is_daily":false,"chose_seed":false,"campfire_upgraded":0,"win_rate":0.0,"timestamp":1610179105,"path_taken":["M","M","M","$","M","E","?","?","T","E","?","E","R","M","R","BOSS","M","M","$","M","?","$","R","M","T","E"],"items_purchased_type":["Card","Card","Relic","Card"],"build_version":"2020-12-18","purchased_purges":3,"victory":false,"max_hp_per_floor":[75,75,75,75,75,75,75,75,75,75,75,75,75,75,75,75,75,75,75,75,75,75,75,75,75,75,75,75],"card_choices":[{"not_picked":["LuminesStrike","OpenUniverse","AsteroidBelt"],"picked":"SKIP","floor":1.0},{"not_picked":["MilkyWay","AsteroidBelt","GravityBeat"],"picked":"SKIP","floor":2.0},{"not_picked":["WitchLeyline","WitchOfGreed"],"picked":"PowerUp","floor":3.0},{"not_picked":["LuminesStrike","SporeBomb"],"picked":"NonDirectionalLaser","floor":5.0},{"not_picked":["StarlightTyphoon","WitchOfGreed"],"picked":"SatelliteIllusion","floor":6.0},{"not_picked":["6A","GrandCross","MilkyWay+1"],"picked":"SKIP","floor":10.0},{"not_picked":["MeteoricShower","Robbery","DC"],"picked":"SKIP","floor":12.0},{"not_picked":["OrrerysSun","AsteroidBelt+1"],"picked":"DC","floor":14.0},{"not_picked":["NonDirectionalLaser","MysteriousBeam+1","WitchLeyline+1"],"picked":"SKIP","floor":18.0},{"not_picked":["EnergyRecoil+1","6A"],"picked":"PropBag+1","floor":19},{"not_picked":["ChargingUp+1","MilkyWay+1"],"picked":"PowerUp+1","floor":21},{"not_picked":["6A","ShootingEcho+1","EnergyRecoil+1"],"picked":"SKIP","floor":25}],"player_experience":228574,"relics_obtained":[{"floor":6.0,"key":"MawBank"},{"floor":9.0,"key":"Toxic Egg 2"},{"floor":10.0,"key":"Girya"},{"floor":12.0,"key":"FossilizedHelix"},{"floor":26,"key":"Regal Pillow"}],"event_choices":[{"cards_removed":["Strike_MRS"],"damage_healed":0.0,"max_hp_gain":0.0,"max_hp_loss":0.0,"gold_gain":0.0,"event_name":"The Cleric","player_choice":"Card Removal","floor":7.0,"gold_loss":50.0,"damage_taken":0.0},{"damage_healed":0.0,"max_hp_gain":0.0,"max_hp_loss":0.0,"gold_gain":0.0,"event_name":"Accursed Blacksmith","player_choice":"Forge","floor":8.0,"gold_loss":0.0,"damage_taken":0.0,"cards_upgraded":["SatelliteIllusion"]},{"damage_healed":0.0,"max_hp_gain":0.0,"max_hp_loss":0.0,"gold_gain":0.0,"event_name":"Lab","player_choice":"Got Potions","floor":11.0,"gold_loss":0.0,"damage_taken":0.0},{"damage_healed":0,"gold_gain":0,"player_choice":"Inject Mutagens","damage_taken":0,"relics_obtained":["MutagenicStrength"],"max_hp_gain":0,"max_hp_loss":0,"event_name":"Drug Dealer","floor":22,"gold_loss":0}],"is_beta":true,"boss_relics":[{"not_picked":["Tiny House","Busted Crown"],"picked":"SlaversCollar"}],"items_purged_floors":[4,20,23],"is_endless":false,"potions_floor_spawned":[2,3,6,16,19,25],"killed_by":"Gremlin Leader","ascension_level":2}}