{"host":"8rqsnaeml9gxb0kp","time":1610166241,"event":{"mods":["AchievementEnabler","BaseMod","Dark Map","Minty Spire (QoL Compilation)","StSLib"],"gold_per_floor":[211,45,64,82,98,98,115,115,115,150,250,250,277,293,293,392,392,411,411,411,411,429,429,454,454,454,464,498,517,517,15,15,118,118,134,145,145,9,9,37,37,51,51,66,98,98,98,114,114,114],"floor_reached":51,"playtime":3571,"items_purged":["Strike_G","Strike_G"],"score":780,"play_id":"d1019af6-1dec-4a08-9a69-798baa762d68","local_time":"20210108202401","is_ascension_mode":false,"campfire_choices":[{"data":"Bouncing Flask","floor":6.0,"key":"SMITH"},{"data":"Flying Knee","floor":8.0,"key":"SMITH"},{"data":"Noxious Fumes","floor":12.0,"key":"SMITH"},{"floor":15.0,"key":"REST"},{"data":"Bouncing Flask","floor":23.0,"key":"SMITH"},{"floor":25.0,"key":"REST"},{"floor":30.0,"key":"REST"},{"data":"Burst","floor":32.0,"key":"SMITH"},{"floor":41.0,"key":"REST"},{"data":"Catalyst","floor":47.0,"key":"SMITH"},{"data":"Catalyst","floor":49.0,"key":"SMITH"}],"circlet_count":0,"master_deck":["Strike_G","Defend_G","Defend_G","Defend_G","Defend_G","Survivor","Neutralize+1","Flying Knee+1","Quick Slash","Dodge and Roll","Bouncing Flask+1","Dodge and Roll","Dagger Throw","Noxious Fumes+1","Footwork","Catalyst+1","Malaise","Acrobatics","Bouncing Flask+1","Parasite","Backflip","PiercingWail+1","Regret","Glass Knife+1","Bane+1","Outmaneuver","Burst+1","Footwork","Adrenaline","Dash+1","Footwork+1","Catalyst+1","Backflip+1","Deadly Poison+1","Bane+1","Poisoned Stab+1","Burst"],"relics":["Ring of the Snake","Mercury Hourglass","Regal Pillow","Kunai","Cursed Key","Bottled Tornado","Boot","MealTicket","Orichalcum","Omamori","Toolbox","Empty Cage","Whetstone","InkBottle","Potion Belt"],"acts_visited":["Exordium","TheCity","TheBeyond"],"potions_floor_usage":[50,50,50,50],"damage_taken":[{"damage":1.0,"enemies":"Cultist","floor":1.0,"turns":6.0},{"damage":0.0,"enemies":"2 Louse","floor":3.0,"turns":2.0},{"damage":1.0,"enemies":"Jaw Worm","floor":4.0,"turns":3.0},{"damage":0.0,"enemies":"Blue Slaver","floor":5.0,"turns":5.0},{"damage":8.0,"enemies":"Large Slime","floor":7.0,"turns":9.0},{"damage":7.0,"enemies":"Lagavulin","floor":10.0,"turns":5.0},{"damage":15.0,"enemies":"Gremlin Nob","floor":13.0,"turns":4.0},{"damage":13.0,"enemies":"3 Louse","floor":14.0,"turns":3.0},{"damage":8.0,"enemies":"Slime Boss","floor":16.0,"turns":8.0},{"damage":7.0,"enemies":"Spheric Guardian","floor":18.0,"turns":4.0},{"damage":15.0,"enemies":"Chosen","floor":22.0,"turns":4.0},{"damage":39.0,"enemies":"Slavers","floor":24.0,"turns":5.0},{"damage":6.0,"enemies":"Snake Plant","floor":27.0,"turns":3.0},{"damage":11.0,"enemies":"Book of Stabbing","floor":28.0,"turns":4.0},{"damage":4.0,"enemies":"Centurion and Healer","floor":29.0,"turns":5.0},{"damage":24.0,"enemies":"Champ","floor":33.0,"turns":7.0},{"damage":13.0,"enemies":"3 Darklings","floor":35.0,"turns":3.0},{"damage":6.0,"enemies":"3 Shapes","floor":36.0,"turns":4.0},{"damage":37.0,"enemies":"Giant Head","floor":40.0,"turns":7.0},{"damage":16.0,"enemies":"Spire Growth","floor":42.0,"turns":5.0},{"damage":7.0,"enemies":"Jaw Worm Horde","floor":44.0,"turns":5.0},{"damage":28.0,"enemies":"Nemesis","floor":45.0,"turns":5.0},{"damage":8.0,"enemies":"Maw","floor":48.0,"turns":6.0},{"damage":43,"enemies":"Awakened One","floor":50,"turns":10}],"seed_played":"-3588994715211356988","potions_obtained":[{"floor":5.0,"key":"GamblersBrew"},{"floor":10.0,"key":"PowerPotion"},{"floor":14.0,"key":"Energy Potion"},{"floor":18.0,"key":"CultistPotion"},{"floor":27.0,"key":"EntropicBrew"},{"floor":28.0,"key":"DistilledChaos"},{"floor":33.0,"key":"Dexterity Potion"},{"floor":40.0,"key":"GhostInAJar"},{"floor":42.0,"key":"EntropicBrew"},{"floor":44.0,"key":"Strength Potion"},{"floor":48.0,"key":"SkillPotion"}],"is_trial":false,"path_per_floor":["M","$","M","M","M","R","M","R","T","E","?","R","E","M","R","B",null,"M","?","?","T","M","R","E","R","T","M","E","M","R","$","R","B",null,"M","M","?","$","?","E","R","M","T","M","E","?","R","M","R","B",null],"character_chosen":"THE_SILENT","items_purchased":["Quick Slash","Dodge and Roll","Burst","Omamori","Toolbox","Footwork","Catalyst"],"campfire_rested":4,"item_purchase_floors":[2,2,31,31,31,31,38],"current_hp_per_floor":[69,69,69,68,68,68,60,60,60,53,53,53,38,25,61,53,70,63,63,63,63,48,48,9,45,45,39,28,24,60,70,70,46,70,57,51,51,66,66,29,63,47,47,40,12,58,58,50,50,7],"gold":114,"neow_bonus":"HUNDRED_GOLD","is_daily":false,"chose_seed":false,"campfire_upgraded":7,"win_rate":0.0,"timestamp":1610166241,"path_taken":["M","$","M","M","M","R","?","R","T","E","?","R","E","?","R","BOSS","M","?","?","?","M","R","E","R","T","?","E","M","R","$","R","BOSS","M","M","?","$","?","E","R","M","T","M","E","?","R","M","R","BOSS"],"items_purchased_type":["Card","Card","Card","Relic","Relic","Card","Card"],"build_version":"2020-12-22","purchased_purges":2,"victory":true,"max_hp_per_floor":[70,70,70,70,70,70,70,70,70,70,70,70,70,70,70,70,70,70,70,70,70,70,70,70,70,70,70,70,70,70,70,70,70,70,70,70,70,70,66,66,66,66,66,66,66,58,58,58,58,58],"card_choices":[{"not_picked":["Poisoned Stab","Deflect"],"picked":"Flying Knee","floor":1.0},{"not_picked":["Blade Dance","Acrobatics"],"picked":"Bouncing Flask","floor":3.0},{"not_picked":["Bane","Endless Agony","Prepared"],"picked":"SKIP","floor":4.0},{"not_picked":["Masterful Stab","Underhanded Strike"],"picked":"Dodge and Roll","floor":5.0},{"not_picked":["Deadly Poison","Deflect"],"picked":"Dagger Throw","floor":7.0},{"not_picked":["Escape Plan","Venomology"],"picked":"Noxious Fumes","floor":10.0},{"not_picked":["Skewer","Backflip"],"picked":"Footwork","floor":13.0},{"not_picked":["Calculated Gamble","Outmaneuver"],"picked":"Catalyst","floor":14.0},{"not_picked":["Venomology","Wraith Form v2"],"picked":"Malaise","floor":16.0},{"not_picked":["Poisoned Stab","Choke"],"picked":"Acrobatics","floor":18.0},{"not_picked":["Blade Dance","Infinite Blades+1"],"picked":"Backflip","floor":22.0},{"not_picked":["Escape Plan","Terror"],"picked":"PiercingWail+1","floor":24.0},{"not_picked":["Slice","Quick Slash"],"picked":"Glass Knife","floor":27.0},{"not_picked":["Dagger Spray","Blade Dance"],"picked":"Bane+1","floor":28.0},{"not_picked":["Deflect","Underhanded Strike"],"picked":"Outmaneuver","floor":29.0},{"not_picked":["After Image","Malaise"],"picked":"Adrenaline","floor":33.0},{"not_picked":["Heel Hook","Deadly Poison"],"picked":"Dash+1","floor":35.0},{"not_picked":["Deflect+1","Blade Dance+1"],"picked":"Footwork+1","floor":36.0},{"not_picked":["Reflex+1","Deadly Poison"],"picked":"Backflip+1","floor":40.0},{"not_picked":["Poisoned Stab","Blade Dance"],"picked":"Deadly Poison+1","floor":42.0},{"not_picked":["Underhanded Strike+1","Prepared"],"picked":"Bane+1","floor":44.0},{"not_picked":["Flechettes","Dagger Throw+1"],"picked":"Poisoned Stab+1","floor":45.0},{"not_picked":["Expertise","Noxious Fumes+1"],"picked":"Burst","floor":48.0}],"player_experience":27007,"relics_obtained":[{"floor":9.0,"key":"Mercury Hourglass"},{"floor":10.0,"key":"Regal Pillow"},{"floor":13.0,"key":"Kunai"},{"floor":21.0,"key":"Bottled Tornado"},{"floor":24.0,"key":"Boot"},{"floor":26.0,"key":"MealTicket"},{"floor":28.0,"key":"Orichalcum"},{"floor":40.0,"key":"Whetstone"},{"floor":43.0,"key":"InkBottle"},{"floor":45.0,"key":"Potion Belt"}],"event_choices":[{"damage_healed":0.0,"max_hp_gain":0.0,"max_hp_loss":0.0,"gold_gain":100.0,"event_name":"Golden Shrine","player_choice":"Pray","floor":11.0,"gold_loss":0.0,"damage_taken":0.0},{"damage_healed":0.0,"max_hp_gain":0.0,"max_hp_loss":0.0,"gold_gain":0.0,"event_name":"Vampires","player_choice":"Ignored","floor":19.0,"gold_loss":0.0,"damage_taken":0.0},{"damage_healed":0.0,"max_hp_gain":0.0,"max_hp_loss":0.0,"gold_gain":0.0,"event_name":"The Library","player_choice":"Read","floor":20.0,"gold_loss":0.0,"damage_taken":0.0,"cards_obtained":["Bouncing Flask"]},{"cards_removed":["Defend_G"],"damage_healed":0.0,"max_hp_gain":0.0,"max_hp_loss":0.0,"gold_gain":0.0,"event_name":"Falling","player_choice":"Removed Skill","floor":37.0,"gold_loss":0.0,"damage_taken":0.0},{"damage_healed":0.0,"max_hp_gain":0.0,"max_hp_loss":4.0,"gold_gain":0.0,"event_name":"Winding Halls","player_choice":"Max HP","floor":39.0,"gold_loss":0.0,"damage_taken":0.0},{"damage_healed":58.0,"max_hp_gain":0.0,"max_hp_loss":8.0,"gold_gain":0.0,"event_name":"The Moai Head","player_choice":"Heal","floor":46.0,"gold_loss":0.0,"damage_taken":0.0}],"is_beta":false,"boss_relics":[{"not_picked":["Busted Crown","Sozu"],"picked":"Cursed Key"},{"not_picked":["Coffee Dripper","Fusion Hammer"],"picked":"Empty Cage"}],"items_purged_floors":[2,38],"is_endless":false,"potions_floor_spawned":[5,10,14,18,27,28,33,40,42,44,48],"ascension_level":0}}