{"host":"t9vqxmgmtrdkt9v9","time":1610176130,"event":{"mods":["AchievementEnabler","BaseMod","Colored Map","Minty Spire (QoL Compilation)","Permanent Neow","Relic Stats","StSLib"],"gold_per_floor":[113,113,113,133,58,58,58],"floor_reached":6,"playtime":176,"items_purged":[],"score":63,"play_id":"239c1c53-7787-4632-b9ed-a1f20d6be7f4","local_time":"20210109170850","is_ascension_mode":true,"campfire_choices":[],"circlet_count":0,"master_deck":["AscendersBane","Strike_R","Strike_R","Strike_R","Strike_R","Defend_R","Defend_R","Defend_R","Defend_R","Bash","Shrug It Off","Flame Barrier"],"relics":["Burning Blood","Shovel"],"acts_visited":["Exordium"],"potions_floor_usage":[],"damage_taken":[{"damage":36,"enemies":"Jaw Worm","floor":1,"turns":6},{"damage":8,"enemies":"2 Louse","floor":4,"turns":4},{"damage":68,"enemies":"Gremlin Nob","floor":6,"turns":5}],"seed_played":"3733122464425463098","potions_obtained":[],"is_trial":false,"path_per_floor":["M","?","?","M","?","E"],"character_chosen":"IRONCLAD","items_purchased":[],"campfire_rested":0,"item_purchase_floors":[],"current_hp_per_floor":[38,38,60,58,58,0,0],"gold":58,"neow_bonus":"ONE_RARE_RELIC","is_daily":false,"chose_seed":false,"campfire_upgraded":0,"win_rate":0.0,"timestamp":1610176130,"path_taken":["M","?","?","M","?","E"],"items_purchased_type":[],"build_version":"2020-12-22","purchased_purges":0,"victory":false,"max_hp_per_floor":[68,68,68,68,68,68,68],"relic_stats":{"Shovel":0,"counters":[3,15],"obtain_stats":[{"Shovel":0,"Burning Blood":0},{"Shovel":0,"Burning Blood":0},{"Shovel":0,"Burning Blood":0}],"Burning Blood":12},"card_choices":[{"not_picked":["Wild Strike","Thunderclap"],"picked":"Shrug It Off","floor":1},{"not_picked":["Searing Blow","Clothesline"],"picked":"Flame Barrier","floor":4}],"player_experience":393665,"relics_obtained":[],"event_choices":[{"damage_healed":0,"gold_gain":0,"player_choice":"Ignored","damage_taken":0,"max_hp_gain":0,"max_hp_loss":0,"event_name":"Liars Game","floor":2,"gold_loss":0},{"damage_healed":22,"gold_gain":0,"player_choice":"Banana","damage_taken":0,"max_hp_gain":0,"max_hp_loss":0,"event_name":"Big Fish","floor":3,"gold_loss":0},{"cards_removed":["Strike_R"],"damage_healed":0,"gold_gain":0,"player_choice":"Card Removal","damage_taken":0,"max_hp_gain":0,"max_hp_loss":0,"event_name":"The Cleric","floor":5,"gold_loss":75}],"is_beta":false,"boss_relics":[],"items_purged_floors":[],"is_endless":false,"potions_floor_spawned":[],"killed_by":"Gremlin Nob","ascension_level":17}}