{"host":"hszimsrtxxc2k25w","time":1610210955,"event":{"mods":["AchievementEnabler","BaseMod","Colored Map","DeckTracker","Minty Spire (QoL Compilation)","Rare Cards Sparkle","SuperFastMode"],"gold_per_floor":[109,34,34,34,48,48,48,62,62,77,88,88,163,183,183,259,259,259,259],"floor_reached":18,"playtime":1736,"items_purged":["Strike_R"],"score":404,"play_id":"8607b298-ba23-43ec-bbb8-26e344ecb396","local_time":"20210110014915","is_ascension_mode":true,"campfire_choices":[{"data":"Searing Blow","floor":6.0,"key":"SMITH"},{"data":"Searing Blow+1","floor":12.0,"key":"SMITH"},{"data":"Searing Blow+2","floor":15.0,"key":"SMITH"}],"circlet_count":0,"master_deck":["AscendersBane","Strike_R","Strike_R","Strike_R","Strike_R","Defend_R","Defend_R","Defend_R","Defend_R","Bash","Hemokinesis","Searing Blow+3","Battle Trance","Double Tap"],"relics":["Burning Blood","NeowsBlessing","Omamori","Dream Catcher","Darkstone Periapt","SlaversCollar"],"acts_visited":["Exordium","TheCity"],"potions_floor_usage":[16],"damage_taken":[{"damage":0.0,"enemies":"Cultist","floor":1.0,"turns":1.0},{"damage":0.0,"enemies":"Small Slimes","floor":5.0,"turns":2.0},{"damage":0.0,"enemies":"2 Louse","floor":8.0,"turns":1.0},{"damage":3.0,"enemies":"Exordium Wildlife","floor":10.0,"turns":3.0},{"damage":27.0,"enemies":"Exordium Thugs","floor":11.0,"turns":4.0},{"damage":24.0,"enemies":"Blue Slaver","floor":14.0,"turns":5.0},{"damage":2,"enemies":"Slime Boss","floor":16,"turns":5},{"damage":36,"enemies":"3 Byrds","floor":18,"turns":4}],"seed_played":"5007118193629066904","potions_obtained":[{"floor":1.0,"key":"ColorlessPotion"},{"floor":8.0,"key":"ColorlessPotion"},{"floor":10.0,"key":"Weak Potion"},{"floor":14.0,"key":"ColorlessPotion"}],"is_trial":false,"path_per_floor":["M","$","?","?","M","R","?","M","T","M","M","R","?","M","R","B",null,"M"],"character_chosen":"IRONCLAD","items_purchased":[],"campfire_rested":0,"item_purchase_floors":[],"current_hp_per_floor":[74,74,48,48,54,54,54,60,60,63,42,42,31,13,13,17,61,25,25],"gold":259,"neow_bonus":"THREE_ENEMY_KILL","is_daily":false,"chose_seed":false,"campfire_upgraded":3,"win_rate":0.0,"timestamp":1610210955,"path_taken":["M","$","?","?","?","R","?","M","T","M","M","R","?","M","R","BOSS","M"],"items_purchased_type":[],"build_version":"2020-12-22","purchased_purges":1,"victory":false,"max_hp_per_floor":[75,75,75,75,75,75,75,75,75,75,75,75,75,75,75,75,75,75,75],"card_choices":[{"not_picked":["Metallicize","Wild Strike"],"picked":"Hemokinesis","floor":1.0},{"not_picked":["True Grit","Armaments"],"picked":"Searing Blow","floor":5.0},{"not_picked":["Ghostly Armor","Heavy Blade","Havoc"],"picked":"SKIP","floor":8.0},{"not_picked":["Heavy Blade","Warcry","Rampage"],"picked":"SKIP","floor":10.0},{"not_picked":["Dual Wield","Rampage"],"picked":"Battle Trance","floor":11.0},{"not_picked":["Wild Strike","Spot Weakness","Clothesline"],"picked":"SKIP","floor":14.0},{"not_picked":["Fiend Fire","Immolate"],"picked":"Double Tap","floor":16}],"player_experience":609572,"relics_obtained":[{"floor":9.0,"key":"Darkstone Periapt"}],"event_choices":[{"damage_healed":0.0,"max_hp_gain":0.0,"max_hp_loss":0.0,"gold_gain":0.0,"event_name":"Scrap Ooze","player_choice":"Success","floor":3.0,"gold_loss":0.0,"damage_taken":26.0,"relics_obtained":["Omamori"]},{"damage_healed":0.0,"max_hp_gain":0.0,"max_hp_loss":0.0,"gold_gain":0.0,"event_name":"WeMeetAgain","player_choice":"Gave Potion","floor":4.0,"gold_loss":0.0,"damage_taken":0.0,"relics_obtained":["Dream Catcher"]},{"damage_healed":0.0,"max_hp_gain":0.0,"max_hp_loss":0.0,"gold_gain":0.0,"event_name":"Liars Game","player_choice":"Ignored","floor":7.0,"gold_loss":0.0,"damage_taken":0.0},{"damage_healed":0.0,"max_hp_gain":0.0,"max_hp_loss":0.0,"gold_gain":75.0,"event_name":"World of Goop","player_choice":"Gather Gold","floor":13.0,"gold_loss":0.0,"damage_taken":11.0}],"is_beta":false,"boss_relics":[{"not_picked":["Runic Dome","Pandora\u0027s Box"],"picked":"SlaversCollar"}],"items_purged_floors":[2],"is_endless":false,"potions_floor_spawned":[1,8,10,14],"killed_by":"3 Byrds","ascension_level":20}}