{"host":"J","time":1610193805,"event":{"mods":["BaseMod","Better Third Choice","Minty Spire (QoL Compilation)","StSLib"],"gold_per_floor":[366,45,60,70,70,104,104,124,124,124,124,134,166,182,182,255,255,274,289,289,289,81,414,432,432,432,460,499,526,171,182,182,256,256,270,282,307,330,348,348,27,60,133,79,92,111,144,156,156,156,156],"floor_reached":52,"playtime":2552,"items_purged":["Defend_G","Defend_G","Defend_G","Strike_G"],"score":1957,"play_id":"1d00bec1-d905-4a5e-897f-a589efa44e3b","local_time":"20210109130325","is_ascension_mode":true,"campfire_choices":[{"data":"All Out Attack","floor":7.0,"key":"SMITH"},{"floor":10.0,"key":"REST"},{"data":"Apotheosis","floor":15.0,"key":"SMITH"},{"floor":25.0,"key":"REST"},{"floor":32.0,"key":"REST"},{"floor":40.0,"key":"REST"},{"floor":49.0,"key":"REST"}],"circlet_count":0,"master_deck":["AscendersBane","Strike_G","Strike_G","Strike_G","Defend_G","Defend_G","Survivor","Neutralize","All Out Attack+1","Deadly Poison","Quick Slash","Poisoned Stab","Predator","Apotheosis+1","Backflip","Bullet Time","Acrobatics","Deep Breath","Backflip","Choke","Predator","Wraith Form v2","Night Terror","Crippling Poison","Blur","Eviscerate+1","Tactician+1","Predator"],"relics":["Ring of the Snake","ClockworkSouvenir","Anchor","Blood Vial","Ninja Scroll","Snecko Eye","Old Coin","MawBank","Dream Catcher","Regal Pillow","Fusion Hammer","Du-Vu Doll","Toy Ornithopter","OrangePellets","Boot","Pear","Unceasing Top"],"acts_visited":["Exordium","TheCity","TheBeyond"],"potions_floor_usage":[50],"damage_taken":[{"damage":0.0,"enemies":"Jaw Worm","floor":1.0,"turns":5.0},{"damage":0.0,"enemies":"Cultist","floor":3.0,"turns":3.0},{"damage":4.0,"enemies":"Small Slimes","floor":4.0,"turns":3.0},{"damage":27.0,"enemies":"3 Sentries","floor":6.0,"turns":6.0},{"damage":2.0,"enemies":"Exordium Wildlife","floor":8.0,"turns":3.0},{"damage":0.0,"enemies":"3 Louse","floor":12.0,"turns":2.0},{"damage":9.0,"enemies":"Gremlin Nob","floor":13.0,"turns":4.0},{"damage":1.0,"enemies":"Exordium Thugs","floor":14.0,"turns":3.0},{"damage":18.0,"enemies":"Hexaghost","floor":16.0,"turns":8.0},{"damage":0.0,"enemies":"Chosen","floor":18.0,"turns":3.0},{"damage":6.0,"enemies":"Shell Parasite","floor":19.0,"turns":5.0},{"damage":21.0,"enemies":"Slavers","floor":23.0,"turns":4.0},{"damage":5.0,"enemies":"Snecko","floor":24.0,"turns":4.0},{"damage":12.0,"enemies":"3 Cultists","floor":27.0,"turns":4.0},{"damage":0.0,"enemies":"Gremlin Leader","floor":28.0,"turns":4.0},{"damage":23.0,"enemies":"Shelled Parasite and Fungi","floor":29.0,"turns":6.0},{"damage":16.0,"enemies":"Snake Plant","floor":31.0,"turns":4.0},{"damage":10.0,"enemies":"Collector","floor":33.0,"turns":6.0},{"damage":8.0,"enemies":"3 Darklings","floor":35.0,"turns":5.0},{"damage":9.0,"enemies":"3 Shapes","floor":36.0,"turns":3.0},{"damage":4.0,"enemies":"Mind Bloom Boss Battle","floor":37.0,"turns":5.0},{"damage":16.0,"enemies":"Sphere and 2 Shapes","floor":39.0,"turns":4.0},{"damage":22.0,"enemies":"Reptomancer","floor":42.0,"turns":7.0},{"damage":2.0,"enemies":"Jaw Worm Horde","floor":45.0,"turns":3.0},{"damage":15.0,"enemies":"3 Darklings","floor":46.0,"turns":3.0},{"damage":14.0,"enemies":"Nemesis","floor":47.0,"turns":4.0},{"damage":1.0,"enemies":"Transient","floor":48.0,"turns":6.0},{"damage":113,"enemies":"Awakened One","floor":50,"turns":13},{"damage":17,"enemies":"Time Eater","floor":51,"turns":11}],"seed_played":"2746691359080010345","potions_obtained":[{"floor":6.0,"key":"GhostInAJar"},{"floor":8.0,"key":"Strength Potion"},{"floor":14.0,"key":"PowerPotion"},{"floor":16.0,"key":"SkillPotion"},{"floor":24.0,"key":"AttackPotion"},{"floor":27.0,"key":"Regen Potion"},{"floor":29.0,"key":"Fire Potion"},{"floor":31.0,"key":"DuplicationPotion"},{"floor":33.0,"key":"LiquidBronze"},{"floor":36.0,"key":"Fire Potion"},{"floor":39.0,"key":"Fruit Juice"},{"floor":46.0,"key":"FairyPotion"}],"is_trial":false,"path_per_floor":["M","$","M","M","?","E","R","M","T","R","?","M","E","M","R","B",null,"M","M","?","?","$","E","M","R","T","M","E","M","$","M","R","B",null,"M","M","?","T","M","R","$","E","T","$","M","M","E","M","R","B","B",null],"character_chosen":"THE_SILENT","items_purchased":["ClockworkSouvenir","Deadly Poison","Poison Potion","Deep Breath","Regal Pillow","Choke","OrangePellets","Strength Potion"],"campfire_rested":5,"item_purchase_floors":[2,2,2,22,30,30,41,44],"current_hp_per_floor":[59,59,59,55,55,28,28,26,26,44,44,46,39,40,40,24,51,53,49,49,49,49,30,27,45,45,35,51,30,30,16,49,41,55,49,42,40,40,36,65,65,43,53,53,58,45,33,34,71,21,6],"gold":156,"neow_bonus":"TWO_FIFTY_GOLD","is_daily":false,"chose_seed":false,"campfire_upgraded":2,"win_rate":0.0,"timestamp":1610193805,"path_taken":["M","$","M","M","?","E","R","?","T","R","?","M","E","M","R","BOSS","M","M","?","?","$","E","?","R","T","M","E","M","$","M","R","BOSS","M","?","?","?","M","R","$","E","T","$","M","M","E","M","R","BOSS","BOSS"],"items_purchased_type":["Relic","Card","Potion","Card","Relic","Card","Relic","Potion"],"build_version":"2020-12-18","purchased_purges":4,"victory":true,"max_hp_per_floor":[60,60,60,60,60,60,60,60,60,60,60,60,60,60,60,60,60,60,60,60,60,60,60,60,60,60,60,60,60,60,60,60,60,60,60,60,60,60,65,65,65,65,75,75,75,75,75,75,75,75,75],"card_choices":[{"not_picked":["Prepared","Deadly Poison"],"picked":"All Out Attack","floor":1.0},{"not_picked":["Reflex","Deadly Poison"],"picked":"Quick Slash","floor":3.0},{"not_picked":["Leg Sweep","Backflip"],"picked":"Poisoned Stab","floor":4.0},{"not_picked":["Storm of Steel","Dash","Setup"],"picked":"SKIP","floor":6.0},{"not_picked":["Slice","Quick Slash","Calculated Gamble"],"picked":"SKIP","floor":8.0},{"not_picked":["Acrobatics","Quick Slash"],"picked":"Backflip","floor":12.0},{"not_picked":["Unload","Flying Knee","Underhanded Strike"],"picked":"SKIP","floor":13.0},{"not_picked":["Distraction","Endless Agony","Sucker Punch"],"picked":"SKIP","floor":14.0},{"not_picked":["Wraith Form v2","Adrenaline"],"picked":"Bullet Time","floor":16.0},{"not_picked":["Dodge and Roll","Slice+1"],"picked":"Acrobatics","floor":18.0},{"not_picked":["Dagger Spray","Underhanded Strike","Infinite Blades"],"picked":"SKIP","floor":19.0},{"not_picked":["Expertise","Quick Slash","Infinite Blades+1"],"picked":"SKIP","floor":23.0},{"not_picked":["Deadly Poison","Setup","Dagger Throw+1"],"picked":"SKIP","floor":24.0},{"not_picked":["Reflex","Dodge and Roll"],"picked":"Backflip","floor":27.0},{"not_picked":["Deflect","Underhanded Strike","Caltrops"],"picked":"SKIP","floor":28.0},{"not_picked":["Escape Plan","Acrobatics","Outmaneuver"],"picked":"SKIP","floor":29.0},{"not_picked":["Prepared","Dodge and Roll"],"picked":"Predator","floor":31.0},{"not_picked":["Dodge and Roll","Flying Knee"],"picked":"Wraith Form v2","floor":32.0},{"not_picked":["Burst","Adrenaline"],"picked":"Night Terror","floor":33.0},{"not_picked":["Crippling Poison","Underhanded Strike","Deadly Poison"],"picked":"SKIP","floor":35.0},{"not_picked":["Underhanded Strike","Deadly Poison"],"picked":"Crippling Poison","floor":35.0},{"not_picked":["Deadly Poison+1","PiercingWail"],"picked":"Blur","floor":36.0},{"not_picked":["Quick Slash","Slice"],"picked":"Eviscerate+1","floor":37.0},{"not_picked":["Storm of Steel","Blur","Flying Knee"],"picked":"SKIP","floor":39.0},{"not_picked":["Reflex","Sucker Punch"],"picked":"Tactician+1","floor":42.0},{"not_picked":["Dagger Spray","Riddle With Holes+1","Backflip"],"picked":"SKIP","floor":45.0},{"not_picked":["Quick Slash+1","Caltrops"],"picked":"Predator","floor":46.0},{"not_picked":["Expertise","Masterful Stab","Poisoned Stab"],"picked":"SKIP","floor":47.0},{"not_picked":["Infinite Blades","Grand Finale","Heel Hook"],"picked":"SKIP","floor":48.0}],"player_experience":1079859,"relics_obtained":[{"floor":6.0,"key":"Anchor"},{"floor":9.0,"key":"Blood Vial"},{"floor":13.0,"key":"Ninja Scroll"},{"floor":23.0,"key":"Old Coin"},{"floor":26.0,"key":"MawBank"},{"floor":28.0,"key":"Dream Catcher"},{"floor":37.0,"key":"Du-Vu Doll"},{"floor":38.0,"key":"Toy Ornithopter"},{"floor":42.0,"key":"Boot"},{"floor":43.0,"key":"Pear"},{"floor":47.0,"key":"Unceasing Top"}],"event_choices":[{"damage_healed":0.0,"max_hp_gain":0.0,"max_hp_loss":0.0,"gold_gain":0.0,"event_name":"Match and Keep!","player_choice":"1 cards matched","floor":5.0,"gold_loss":0.0,"damage_taken":0.0,"cards_obtained":["Predator"]},{"damage_healed":44.0,"max_hp_gain":0.0,"max_hp_loss":60.0,"gold_gain":0.0,"event_name":"betterThird:BetterShining","player_choice":"Embrace","floor":11.0,"gold_loss":0.0,"damage_taken":0.0},{"damage_healed":0.0,"max_hp_gain":0.0,"max_hp_loss":0.0,"gold_gain":0.0,"event_name":"Ghosts","player_choice":"Ignored","floor":20.0,"gold_loss":0.0,"damage_taken":0.0},{"cards_removed":["Strike_G"],"damage_healed":0.0,"max_hp_gain":0.0,"max_hp_loss":0.0,"gold_gain":0.0,"event_name":"Bonfire Elementals","player_choice":"Offered Basic","floor":21.0,"gold_loss":0.0,"damage_taken":0.0},{"damage_healed":0.0,"max_hp_gain":0.0,"max_hp_loss":0.0,"gold_gain":0.0,"event_name":"MindBloom","player_choice":"Fight","floor":37.0,"gold_loss":0.0,"damage_taken":0.0}],"is_beta":true,"boss_relics":[{"not_picked":["Ectoplasm","Black Star"],"picked":"Snecko Eye"},{"not_picked":["SlaversCollar","Cursed Key"],"picked":"Fusion Hammer"}],"items_purged_floors":[2,22,30,41],"is_endless":false,"potions_floor_spawned":[6,8,14,16,18,24,27,29,31,33,36,39,46,47],"ascension_level":20}}