{"host":"1p0ug38l8q9et435","time":1610230431,"event":{"mods":["AchievementEnabler","BaseMod","Colored Powertips","Downfall","Minty Spire (QoL Compilation)","StSLib","UnlockEverythingMod"],"gold_per_floor":[216,71,88,101,101,101,101,119,169,181,181,29,29,44,44,142,142,161,260,260,279,279,279,379,379,379,392,40,40,40],"floor_reached":29,"playtime":1062,"items_purged":[],"score":213,"play_id":"655a232c-17d1-4803-9295-ebdefb3014aa","local_time":"20210109141351","is_ascension_mode":false,"campfire_choices":[{"data":"Eruption","floor":7,"key":"SMITH"},{"floor":11,"key":"REST"},{"data":"EmptyFist","floor":13,"key":"SMITH"},{"floor":15,"key":"REST"},{"floor":23,"key":"REST"},{"floor":25,"key":"REST"}],"circlet_count":0,"master_deck":["Strike_P","Strike_P","Strike_P","Strike_P","Defend_P","Defend_P","Defend_P","Defend_P","Eruption+1","Vigilance","DeceiveReality","FlurryOfBlows","MentalFortress","Eruption+1","EmptyFist+1","EmptyBody","Sanctity","Worship","DeceiveReality","DeusExMachina","Conclude+1","Prostrate","Pray","CutThroughFate+1","WaveOfTheHand+1","FlurryOfBlows"],"relics":["PureWater","Dream Catcher","Blood Vial","MealTicket","VioletLotus","Centennial Puzzle","Mummified Hand","Ginger"],"acts_visited":["Exordium","TheCity"],"potions_floor_usage":[16,16,21,21,21],"damage_taken":[{"damage":0,"enemies":"Cultist","floor":1,"turns":3},{"damage":0,"enemies":"Jaw Worm","floor":3,"turns":3},{"damage":0,"enemies":"2 Louse","floor":4,"turns":3},{"damage":13,"enemies":"Blue Slaver","floor":8,"turns":3},{"damage":8,"enemies":"Exordium Thugs","floor":10,"turns":4},{"damage":16,"enemies":"Looter","floor":14,"turns":3},{"damage":49,"enemies":"The Guardian","floor":16,"turns":20},{"damage":14,"enemies":"Shell Parasite","floor":18,"turns":5},{"damage":15,"enemies":"2 Thieves","floor":21,"turns":3},{"damage":31,"enemies":"3 Cultists","floor":27,"turns":5},{"damage":65,"enemies":"Book of Stabbing","floor":29,"turns":5}],"seed_played":"1055456141360228733","potions_obtained":[{"floor":4,"key":"StancePotion"},{"floor":10,"key":"AttackPotion"},{"floor":18,"key":"champ:CounterPotion"},{"floor":20,"key":"BottledMiracle"},{"floor":20,"key":"LiquidMemories"}],"is_trial":false,"path_per_floor":["M","$","M","M","?","?","R","M","T","M","R","$","R","M","R","B",null,"M","?","?","M","?","R","?","R","T","M","$","E"],"character_chosen":"WATCHER","items_purchased":["Dream Catcher","MealTicket","Ginger","FlurryOfBlows"],"campfire_rested":4,"item_purchase_floors":[2,12,28,28],"current_hp_per_floor":[72,72,72,72,72,72,72,59,59,53,72,72,72,56,72,23,72,58,58,58,45,45,66,66,72,72,41,56,0,0],"gold":40,"neow_bonus":"HUNDRED_GOLD","is_daily":false,"chose_seed":false,"campfire_upgraded":2,"win_rate":0.0,"timestamp":1610230431,"path_taken":["M","$","M","M","?","?","R","M","T","?","R","$","R","M","R","BOSS","M","?","?","?","?","R","?","R","T","M","$","E"],"items_purchased_type":["Relic","Relic","Relic","Card"],"build_version":"2020-12-22","purchased_purges":0,"victory":false,"max_hp_per_floor":[72,72,72,72,72,72,72,72,72,72,72,72,72,72,72,72,72,72,72,72,72,72,72,72,72,72,72,72,72,72],"card_choices":[{"not_picked":["ThirdEye","CrushJoints"],"picked":"DeceiveReality","floor":1},{"not_picked":["Halt","WreathOfFlame"],"picked":"FlurryOfBlows","floor":3},{"not_picked":["Collect","BowlingBash"],"picked":"MentalFortress","floor":4},{"not_picked":["CrushJoints","Protect"],"picked":"EmptyFist","floor":8},{"not_picked":["Vengeance","Brilliance"],"picked":"EmptyBody","floor":10},{"not_picked":["Collect","InnerPeace"],"picked":"Sanctity","floor":11},{"not_picked":["Protect","WreathOfFlame"],"picked":"Worship","floor":14},{"not_picked":["Protect","ClearTheMind"],"picked":"DeceiveReality","floor":15},{"not_picked":["Establishment","Judgement"],"picked":"DeusExMachina","floor":16},{"not_picked":["EmptyMind","Weave"],"picked":"Conclude+1","floor":18},{"not_picked":["Fasting2","EmptyBody"],"picked":"Prostrate","floor":21},{"not_picked":["SashWhip","Evaluate"],"picked":"Pray","floor":23},{"not_picked":["FlyingSleeves","Evaluate"],"picked":"CutThroughFate+1","floor":25},{"not_picked":["Weave+1","Evaluate"],"picked":"WaveOfTheHand+1","floor":27}],"player_experience":17289,"relics_obtained":[{"floor":9,"key":"Blood Vial"},{"floor":26,"key":"Mummified Hand"}],"event_choices":[{"damage_healed":0,"gold_gain":0,"player_choice":"Grow","damage_taken":0,"max_hp_gain":0,"max_hp_loss":0,"event_name":"Living Wall","floor":5,"gold_loss":0,"cards_upgraded":["Eruption"]},{"damage_healed":0,"gold_gain":0,"player_choice":"1 cards matched","damage_taken":0,"max_hp_gain":0,"max_hp_loss":0,"event_name":"Match and Keep!","floor":6,"gold_loss":0,"cards_obtained":["Eruption"]},{"damage_healed":0,"gold_gain":99,"player_choice":"Stole From Cult","damage_taken":0,"max_hp_gain":0,"max_hp_loss":0,"event_name":"Nest","floor":19,"gold_loss":0},{"damage_healed":0,"gold_gain":0,"player_choice":"Got Potions","damage_taken":0,"max_hp_gain":0,"max_hp_loss":0,"event_name":"Lab","floor":20,"gold_loss":0},{"damage_healed":0,"gold_gain":0,"player_choice":"Opened","damage_taken":0,"relics_obtained":["Centennial Puzzle"],"max_hp_gain":0,"max_hp_loss":0,"event_name":"The Mausoleum","floor":22,"gold_loss":0},{"damage_healed":0,"gold_gain":100,"player_choice":"Pray","damage_taken":0,"max_hp_gain":0,"max_hp_loss":0,"event_name":"Golden Shrine","floor":24,"gold_loss":0}],"is_beta":false,"boss_relics":[{"not_picked":["Snecko Eye","Sozu"],"picked":"VioletLotus"}],"items_purged_floors":[],"is_endless":false,"potions_floor_spawned":[4,10,18],"killed_by":"Book of Stabbing","ascension_level":0}}