{"host":"d1za9dvx43o9v494","time":1610195614,"event":{"mods":["2.2 Compatiblity","BaseMod","Better-Laid Plans","Colored Map","Downfall","Emptier Cage","Minty Spire (QoL Compilation)","Permanent Neow","StSLib","Wandering Minibosses"],"gold_per_floor":[99,113,129,129,129,142,167,182,208,208,108,139,149,166,176,271,271,271,291,303,315,315,350,350,250,2,2,2,2,18,3,20,121,121,121,140,152,273,323,335,335,235,304,338,43,61,61,91,107,107,107,142,57,57,57,57],"floor_reached":57,"playtime":7637,"items_purged":["Slimebound:Strike_Slimebound"],"score":1268,"play_id":"a45b9dd7-9898-480f-a4c9-ae4b3dbe8b28","local_time":"20210109153334","is_ascension_mode":true,"campfire_choices":[{"data":"Slimebound:CorrosiveSpit","floor":1,"key":"SMITH"},{"data":"Slimebound:GrowthPunch","floor":11,"key":"SMITH"},{"data":"Slimebound:Darklings","floor":18,"key":"SMITH"},{"data":"Slimebound:LeadByExample","floor":25,"key":"SMITH"},{"data":"expansioncontent:InvincibleStrength","floor":28,"key":"SMITH"},{"floor":35,"key":"RECALL"},{"data":"Slimebound:ForwardTackle","floor":42,"key":"SMITH"},{"data":"expansioncontent:QuickStudy","floor":47,"key":"SMITH"},{"data":"Slimebound:OneTwoCombo","floor":54,"key":"SMITH"}],"circlet_count":0,"master_deck":["Slimebound:Strike_Slimebound","Slimebound:Strike_Slimebound","Slimebound:Defend_Slimebound","Slimebound:Defend_Slimebound","Slimebound:Defend_Slimebound","Slimebound:Defend_Slimebound+1","Slimebound:Split+1","Slimebound:CorrosiveSpit+1","Slimebound:SplitAcid","Slimebound:ForwardTackle","Slimebound:SplitLeeching","Slimebound:GrowthPunch+1","Slimebound:LeechLife","Slimebound:Darklings+1","Slimebound:ForwardTackle+1","Slimebound:OozeBath","Slimebound:LeadByExample+1","Slimebound:Repurpose+1","Slimebound:LevelUp+1","Slimebound:GoopSpray","Slimebound:SlimeBrawl+1","expansioncontent:InvincibleStrength+1","Slimebound:LevelUp+1","Slimebound:RallyTheTroops","Slimebound:LivingWall+1","Slimebound:Recycling","expansioncontent:QuickStudy+1","Slimebound:OneTwoCombo+1","Slimebound:RainOfGoop+1","expansioncontent:LastStand+1"],"relics":["Slimebound:AbsorbEndCombat","Bag of Marbles","Oddly Smooth Stone","downfall:HeartBlessingGreen","bronze:DecasWashers","Velvet Choker","wanderingMiniBosses:CarrionFlame","Orichalcum","downfall:HeartBlessingBlue","Strange Spoon","downfall:RedIOU","SsserpentHead","Coffee Dripper","Sundial","Ginger","downfall:HeartBlessingRed","Gambling Chip","Slimebound:MaxSlimesRelic","champ:Barbells","Slimebound:SlimedSkullRelic","Akabeko"],"acts_visited":["Exordium","TheCity","TheBeyond","TheEnding"],"potions_floor_usage":[9,15,15,15,16,21,37,43,50,55],"damage_taken":[{"damage":2,"enemies":"2 Louse","floor":2,"turns":2},{"damage":13,"enemies":"Small Slimes","floor":3,"turns":3},{"damage":6,"enemies":"Jaw Worm","floor":6,"turns":4},{"damage":0,"enemies":"Blue Slaver","floor":8,"turns":4},{"damage":3,"enemies":"Gremlin Nob","floor":9,"turns":3},{"damage":17,"enemies":"3 Sentries","floor":12,"turns":6},{"damage":4,"enemies":"Red Slaver","floor":13,"turns":3},{"damage":0,"enemies":"3 Louse","floor":14,"turns":3},{"damage":6,"enemies":"Gremlin Gang","floor":15,"turns":6},{"damage":36,"enemies":"downfall:Defect","floor":16,"turns":7},{"damage":21,"enemies":"Shell Parasite","floor":19,"turns":5},{"damage":0,"enemies":"Spheric Guardian","floor":20,"turns":3},{"damage":26,"enemies":"Shelled Parasite and Fungi","floor":21,"turns":6},{"damage":25,"enemies":"Slavers","floor":23,"turns":2},{"damage":0,"enemies":"downfall:FleeingMerchant","floor":26,"turns":4},{"damage":0,"enemies":"Chosen and Byrds","floor":30,"turns":4},{"damage":5,"enemies":"downfall:FleeingMerchant","floor":31,"turns":4},{"damage":11,"enemies":"Cultist and Chosen","floor":32,"turns":4},{"damage":13,"enemies":"downfall:Silent","floor":33,"turns":2},{"damage":4,"enemies":"Orb Walker","floor":36,"turns":2},{"damage":5,"enemies":"3 Darklings","floor":37,"turns":3},{"damage":23,"enemies":"4 Shapes","floor":40,"turns":2},{"damage":3,"enemies":"Sphere and 2 Shapes","floor":43,"turns":3},{"damage":4,"enemies":"Nemesis","floor":44,"turns":6},{"damage":0,"enemies":"downfall:FleeingMerchant","floor":45,"turns":1},{"damage":4,"enemies":"3 Darklings","floor":46,"turns":3},{"damage":2,"enemies":"Reptomancer","floor":48,"turns":3},{"damage":13,"enemies":"Writhing Mass","floor":49,"turns":5},{"damage":8,"enemies":"ArchetypeAct3BlockNewAge","floor":50,"turns":5},{"damage":60,"enemies":"downfall:CharBossMerchant","floor":52,"turns":7},{"damage":33,"enemies":"downfall:NeowBoss","floor":55,"turns":9},{"damage":126,"enemies":"downfall:NeowBossFinal","floor":56,"turns":10}],"seed_played":"-2534050636427532639","potions_obtained":[{"floor":6,"key":"SkillPotion"},{"floor":9,"key":"GamblersBrew"},{"floor":12,"key":"SkillPotion"},{"floor":14,"key":"sneckomod:MuddlingPotion"},{"floor":15,"key":"Slimebound:ThreeZeroPotion"},{"floor":20,"key":"Dexterity Potion"},{"floor":30,"key":"BlessingOfTheForge"},{"floor":32,"key":"Block Potion"},{"floor":33,"key":"BlessingOfTheForge"},{"floor":37,"key":"SteroidPotion"},{"floor":43,"key":"FairyPotion"},{"floor":49,"key":"AttackPotion"}],"is_trial":false,"path_per_floor":["R","M","M","?","?","M","T","M","E","?","R","E","M","M","M","B",null,"R","M","M","M","?","E","T","R","$","?","R","?","M","$","M","B",null,"R","M","M","T","?","M","T","R","M","E","$","M","R","E","M","B",null,"E","$","R","B","B",null],"character_chosen":"SLIMEBOUND","items_purchased":["Strange Spoon","expansioncontent:InvincibleStrength","Slimebound:MaxSlimesRelic","expansioncontent:QuickStudy","champ:Barbells","expansioncontent:LastStand+1"],"campfire_rested":0,"item_purchase_floors":[26,26,45,45,45,53],"current_hp_per_floor":[65,65,52,34,55,51,51,53,52,52,52,46,43,44,47,16,65,65,55,55,38,59,35,35,45,59,59,59,59,62,66,57,45,75,75,72,69,69,69,46,46,46,50,59,59,68,68,75,65,61,75,20,20,20,29,30],"gold":57,"neow_bonus":"THREE_CARDS","is_daily":false,"chose_seed":false,"campfire_upgraded":8,"win_rate":0.0,"timestamp":1610195614,"path_taken":["R","M","M","?","?","M","T","M","E","?","R","E","M","M","M","BOSS","R","M","M","M","?","E","T","R","$","?","R","?","M","$","M","BOSS","R","M","M","?","?","M","T","R","?","E","$","M","R","E","M","BOSS","E","$","R","BOSS","BOSS"],"items_purchased_type":["Relic","Card","Relic","Card","Relic","Card"],"build_version":"2020-12-22","purchased_purges":1,"victory":true,"max_hp_per_floor":[65,65,65,65,65,65,65,65,65,65,65,65,65,65,65,65,65,65,65,65,65,65,65,65,75,75,75,75,75,75,75,75,75,75,75,75,75,75,75,75,75,75,75,75,75,75,75,75,75,75,75,75,75,75,75,75],"card_choices":[{"not_picked":["Slimebound:GoopSpray","Slimebound:GrowthPunch"],"picked":"Slimebound:SplitAcid","floor":0},{"not_picked":["Slimebound:GoopTackle","Slimebound:SlimeSpikes"],"picked":"Slimebound:ForwardTackle","floor":2},{"not_picked":["Slimebound:SplitAcid","Slimebound:ItLooksTasty"],"picked":"Slimebound:SplitLeeching","floor":3},{"not_picked":["Slimebound:ViciousTackle","Slimebound:FinishingTackle"],"picked":"Slimebound:GrowthPunch","floor":6},{"not_picked":["Slimebound:SplitMire","Slimebound:DivideAndConquer","Slimebound:SamplingLick"],"picked":"SKIP","floor":8},{"not_picked":["Slimebound:GoopTackle","Slimebound:SelfFormingGoo"],"picked":"Slimebound:LeechLife","floor":9},{"not_picked":["Slimebound:Gluttony","Slimebound:PressTheAttack"],"picked":"Slimebound:Darklings","floor":12},{"not_picked":["Slimebound:GoopTackle","Slimebound:LeechEnergy"],"picked":"Slimebound:ForwardTackle","floor":13},{"not_picked":["Slimebound:Replication","Slimebound:FinishingTackle","Slimebound:ComboTackle"],"picked":"SKIP","floor":14},{"not_picked":["Slimebound:Replication","Slimebound:Schlurp","Slimebound:SlimeSpikes"],"picked":"SKIP","floor":15},{"not_picked":["Slimebound:OneTwoCombo","Slimebound:PrepareCrush"],"picked":"Slimebound:OozeBath","floor":16},{"not_picked":["Slimebound:GrowthPunch+1","Slimebound:FlameTackle"],"picked":"Slimebound:LeadByExample","floor":19},{"not_picked":["Slimebound:MegaLick","Slimebound:SplitMire"],"picked":"Slimebound:Repurpose+1","floor":20},{"not_picked":["Slimebound:Schlurp","Slimebound:ComboTackle"],"picked":"Slimebound:LevelUp+1","floor":21},{"not_picked":["Slimebound:SlimeSpikes+1","Slimebound:LivingWall+1"],"picked":"Slimebound:GoopSpray","floor":23},{"not_picked":["Slimebound:CheckThePlaybook","Slimebound:Repurpose"],"picked":"Slimebound:SlimeBrawl+1","floor":26},{"not_picked":["Slimebound:LeechEnergy","Slimebound:ItLooksTasty+1","Slimebound:SplitAcid+1"],"picked":"SKIP","floor":30},{"not_picked":["Slimebound:Gluttony","Slimebound:TongueLash+1"],"picked":"Slimebound:LevelUp+1","floor":31},{"not_picked":["Slimebound:LivingWall","Slimebound:ProtectTheBoss","Slimebound:Dissolve"],"picked":"SKIP","floor":32},{"not_picked":["Slimebound:MassFeed","Slimebound:Overexert"],"picked":"Slimebound:RallyTheTroops","floor":33},{"not_picked":["Slimebound:DivideAndConquer+1","Slimebound:Schlurp","Slimebound:SplitAcid+1"],"picked":"SKIP","floor":36},{"not_picked":["Slimebound:SpikyOuterGoop+1","Slimebound:LeechEnergy","Slimebound:GoopSpray"],"picked":"SKIP","floor":37},{"not_picked":["Slimebound:SlimeBrawl+1","Slimebound:Dissolve+1","Slimebound:SamplingLick"],"picked":"SKIP","floor":40},{"not_picked":["Slimebound:SplitBruiser+1","Slimebound:ItLooksTasty"],"picked":"Slimebound:LivingWall+1","floor":43},{"not_picked":["Slimebound:GrowthPunch+1","Slimebound:Schlurp","Slimebound:Chomp+1"],"picked":"SKIP","floor":44},{"not_picked":["Slimebound:Dissolve","Slimebound:SlimeSpikes+1"],"picked":"Slimebound:Recycling","floor":45},{"not_picked":["Slimebound:ItLooksTasty+1","Slimebound:SplitAcid+1","Slimebound:RejuvenatingLick+1"],"picked":"SKIP","floor":46},{"not_picked":["Slimebound:MegaLick+1","Slimebound:SplitAcid"],"picked":"Slimebound:OneTwoCombo","floor":48},{"not_picked":["Slimebound:Schlurp+1","Slimebound:SlimeBrawl","Slimebound:Replication+1"],"picked":"SKIP","floor":49},{"not_picked":["Slimebound:ComboTackle+1","Slimebound:Prepare+1"],"picked":"Slimebound:RainOfGoop+1","floor":52}],"player_experience":682964,"relics_obtained":[{"floor":7,"key":"Oddly Smooth Stone"},{"floor":9,"key":"Dream Catcher"},{"floor":12,"key":"bronze:DecasWashers"},{"floor":21,"key":"wanderingMiniBosses:CarrionFlame"},{"floor":23,"key":"Orichalcum"},{"floor":38,"key":"Sundial"},{"floor":41,"key":"Ginger"},{"floor":44,"key":"Gambling Chip"},{"floor":48,"key":"Slimebound:SlimedSkullRelic"},{"floor":52,"key":"Akabeko"}],"event_choices":[{"damage_healed":0,"gold_gain":0,"player_choice":"Success","damage_taken":18,"relics_obtained":["Bag of Marbles"],"max_hp_gain":0,"max_hp_loss":0,"event_name":"Scrap Ooze","floor":4,"gold_loss":0},{"damage_healed":21,"gold_gain":0,"player_choice":"Banana","damage_taken":0,"max_hp_gain":0,"max_hp_loss":0,"event_name":"Big Fish","floor":5,"gold_loss":0},{"cards_removed":["Slimebound:Tackle"],"damage_healed":0,"gold_gain":0,"player_choice":"Card Removal","damage_taken":0,"max_hp_gain":0,"max_hp_loss":0,"event_name":"The Cleric","floor":10,"gold_loss":0},{"damage_healed":21,"gold_gain":0,"player_choice":"Heal","damage_taken":0,"max_hp_gain":0,"max_hp_loss":0,"event_name":"The Library","floor":22,"gold_loss":0},{"damage_healed":0,"gold_gain":0,"player_choice":"Trade","damage_taken":0,"relics_obtained":["SsserpentHead"],"max_hp_gain":0,"max_hp_loss":0,"event_name":"FaceTrader","floor":29,"gold_loss":0}],"is_beta":false,"boss_relics":[{"not_picked":["Busted Crown","Tiny House"],"picked":"Velvet Choker"},{"not_picked":["Black Star","Philosopher\u0027s Stone"],"picked":"Coffee Dripper"}],"items_purged_floors":[45],"is_endless":false,"potions_floor_spawned":[6,9,12,14,15,20,30,32,33,37,43,49],"ascension_level":1}}