{"host":"1hv1kueuvc4r3rdp","time":1610151884,"event":{"mods":["AchievementEnabler","BaseMod","DeckTracker","Highlight Path","Minty Spire (QoL Compilation)","Permanent Neow","StSLib"],"gold_per_floor":[115,129,146,164,264,264,276,276,276],"floor_reached":8,"playtime":378,"items_purged":[],"score":78,"play_id":"a128f365-0755-478e-a2a2-4102a1410eb8","local_time":"20210108182444","is_ascension_mode":true,"campfire_choices":[{"data":"Skewer","floor":6,"key":"SMITH"}],"circlet_count":0,"master_deck":["AscendersBane","Strike_G","Strike_G","Strike_G","Strike_G","Strike_G","Defend_G","Defend_G","Defend_G","Defend_G","Defend_G","Survivor","Neutralize","Skewer+1","Noxious Fumes","Well Laid Plans","Die Die Die"],"relics":["Ring of the Snake","NeowsBlessing"],"acts_visited":["Exordium"],"potions_floor_usage":[4,8],"damage_taken":[{"damage":0,"enemies":"2 Louse","floor":1,"turns":2},{"damage":0,"enemies":"Cultist","floor":2,"turns":1},{"damage":0,"enemies":"Small Slimes","floor":3,"turns":1},{"damage":18,"enemies":"Exordium Thugs","floor":4,"turns":6},{"damage":27,"enemies":"Lots of Slimes","floor":7,"turns":4},{"damage":27,"enemies":"3 Sentries","floor":8,"turns":4}],"seed_played":"-9190782177748287480","potions_obtained":[{"floor":1,"key":"DistilledChaos"},{"floor":2,"key":"SteroidPotion"}],"is_trial":false,"path_per_floor":["M","M","M","M","?","R","M","E"],"character_chosen":"THE_SILENT","items_purchased":[],"campfire_rested":0,"item_purchase_floors":[],"current_hp_per_floor":[63,63,63,45,45,45,18,0,0],"gold":276,"neow_bonus":"THREE_ENEMY_KILL","is_daily":false,"chose_seed":false,"campfire_upgraded":1,"win_rate":0.0,"timestamp":1610151884,"path_taken":["M","M","M","M","?","R","M","E"],"items_purchased_type":[],"build_version":"2020-12-22","purchased_purges":0,"victory":false,"max_hp_per_floor":[70,70,70,70,70,70,70,70,70],"card_choices":[{"not_picked":["Backflip","Deadly Poison"],"picked":"Skewer","floor":1},{"not_picked":["Underhanded Strike","Dagger Throw"],"picked":"Noxious Fumes","floor":2},{"not_picked":["Flying Knee","Heel Hook"],"picked":"Well Laid Plans","floor":3},{"not_picked":["Infinite Blades","Outmaneuver","Slice"],"picked":"SKIP","floor":4},{"not_picked":["Prepared","Finisher"],"picked":"Die Die Die","floor":7}],"player_experience":1142538,"relics_obtained":[],"event_choices":[{"damage_healed":0,"gold_gain":100,"player_choice":"Pray","damage_taken":0,"max_hp_gain":0,"max_hp_loss":0,"event_name":"Golden Shrine","floor":5,"gold_loss":0}],"is_beta":false,"boss_relics":[],"items_purged_floors":[],"is_endless":false,"potions_floor_spawned":[1,2],"killed_by":"3 Sentries","ascension_level":11}}