{"host":"ormi09wwzv7sq47a","time":1610167348,"event":{"mods":["2.2 Compatiblity","AchievementEnabler","Act Like it!","BaseMod","Bestiary","Better Altar","Better Note","Better Sensory Stone","Better Skull","Better Third Choice","Better Vampires","BetterRewards","Block Reminder","Card Forge","Colored Map","Colored Powertips","Curses Come First","DeckTracker","Downfall","Highlight Path","Minty Spire (QoL Compilation)","Permanent Neow","Quick Restart","Rare Cards Sparkle","Relic Stats","Shop Mod","StSLib","The Jungle"],"gold_per_floor":[118,118,136,146,156,156,188,188,188,217,217,243,27,45,45,149,149,169,187,203,216,230,230,245,245,271,271,285,285,285,71,71,172,172,184,196,213,232,232,232,232,257,257,12,12,30,58,74,74,74,74,74,24,56,56],"floor_reached":56,"playtime":4097,"items_purged":["Strike_R","Defend_R","Strike_R","Strike_R","Bash"],"score":2299,"play_id":"9334297e-6f53-471e-92ae-7a47e2a5a453","local_time":"20210109024228","is_ascension_mode":true,"campfire_choices":[{"data":"expansioncontent:Corrupt","floor":6.0,"key":"SMITH"},{"data":"expansioncontent:Corrupt","floor":8.0,"key":"SMITH"},{"data":"Double Tap","floor":11.0,"key":"SMITH"},{"data":"Disarm","floor":15.0,"key":"SMITH"},{"data":"Body Slam","floor":23.0,"key":"SMITH"},{"data":"Feel No Pain","floor":25.0,"key":"SMITH"},{"data":"Dark Embrace","floor":27.0,"key":"SMITH"},{"data":"Barricade","floor":29.0,"key":"SMITH"},{"data":"expansioncontent:DashGenerateEvil","floor":32.0,"key":"SMITH"},{"data":"Corruption","floor":40.0,"key":"SMITH"},{"floor":45.0,"key":"RECALL"},{"data":"Sentinel","floor":49.0,"key":"SMITH"},{"data":"expansioncontent:YouAreMine","floor":52,"key":"SMITH"}],"circlet_count":0,"master_deck":["AscendersBane","Defend_R","Defend_R","Dark Embrace+1","True Grit+1","expansioncontent:Corrupt+1","expansioncontent:Corrupt+1","Headbutt","Feel No Pain+1","Reaper","Pommel Strike","Impervious","Double Tap+1","Iron Wave","Disarm+1","Barricade+1","Blood for Blood+1","Metallicize+1","Shrug It Off+1","Shrug It Off","Thunderclap+1","Burning Pact+1","Second Wind","Body Slam+1","Twin Strike+1","Seeing Red","expansioncontent:DashGenerateEvil+1","Corruption+1","Feel No Pain+1","Shrug It Off+1","Feel No Pain+1","Thinking Ahead","Warcry+1","expansioncontent:YouAreMine+1","Dark Embrace+1","Sentinel+1","Seeing Red"],"relics":["Burning Blood","Hammer of Thor","Seething Fire","Anvil of the Gods","Thread and Needle","Girya","betterAltar:BloodRelic","DollysMirror","Regal Pillow","Oddly Smooth Stone","Letter Opener","Happy Flower","Medical Kit","Astrolabe","Smiling Mask","Coffee Dripper","TungstenRod","Sundial","Guardian:PocketSentry"],"acts_visited":["Exordium","TheCity","TheBeyond","TheEnding"],"potions_floor_usage":[55],"damage_taken":[{"damage":1.0,"enemies":"Jaw Worm","floor":1.0,"turns":6.0},{"damage":0.0,"enemies":"Cultist","floor":3.0,"turns":3.0},{"damage":0.0,"enemies":"2 Louse","floor":4.0,"turns":2.0},{"damage":3.0,"enemies":"Looter","floor":5.0,"turns":4.0},{"damage":4.0,"enemies":"Gremlin Nob","floor":7.0,"turns":4.0},{"damage":3.0,"enemies":"Lagavulin","floor":10.0,"turns":7.0},{"damage":12.0,"enemies":"3 Sentries","floor":12.0,"turns":5.0},{"damage":0.0,"enemies":"Large Slime","floor":14.0,"turns":5.0},{"damage":21.0,"enemies":"The Guardian","floor":16.0,"turns":14.0},{"damage":2.0,"enemies":"Chosen","floor":18.0,"turns":7.0},{"damage":15.0,"enemies":"Spheric Guardian","floor":19.0,"turns":10.0},{"damage":0.0,"enemies":"Shelled Parasite and Fungi","floor":20.0,"turns":9.0},{"damage":6.0,"enemies":"Centurion and Healer","floor":21.0,"turns":13.0},{"damage":7.0,"enemies":"3 Cultists","floor":22.0,"turns":7.0},{"damage":27.0,"enemies":"Snake Plant","floor":24.0,"turns":4.0},{"damage":0.0,"enemies":"Sentry and Sphere","floor":28.0,"turns":7.0},{"damage":16.0,"enemies":"Champ","floor":33.0,"turns":12.0},{"damage":0.0,"enemies":"Orb Walker","floor":35.0,"turns":4.0},{"damage":14.0,"enemies":"3 Shapes","floor":36.0,"turns":4.0},{"damage":23.0,"enemies":"Jaw Worm Horde","floor":37.0,"turns":5.0},{"damage":5.0,"enemies":"3 Darklings","floor":38.0,"turns":5.0},{"damage":0.0,"enemies":"Giant Head","floor":42.0,"turns":3.0},{"damage":12.0,"enemies":"Transient","floor":46.0,"turns":5.0},{"damage":40.0,"enemies":"Reptomancer","floor":47.0,"turns":4.0},{"damage":0.0,"enemies":"Spire Growth","floor":48.0,"turns":3.0},{"damage":0,"enemies":"Awakened One","floor":50,"turns":6},{"damage":0,"enemies":"Shield and Spear","floor":54,"turns":5},{"damage":9,"enemies":"The Heart","floor":55,"turns":5}],"seed_played":"-7953851207630641606","potions_obtained":[{"floor":1.0,"key":"Strength Potion"},{"floor":4.0,"key":"Energy Potion"},{"floor":5.0,"key":"EssenceOfSteel"},{"floor":12.0,"key":"BlessingOfTheForge"},{"floor":16.0,"key":"LiquidBronze"},{"floor":20.0,"key":"ElixirPotion"},{"floor":24.0,"key":"Swift Potion"},{"floor":28.0,"key":"DistilledChaos"},{"floor":36.0,"key":"Weak Potion"},{"floor":42.0,"key":"SpeedPotion"},{"floor":47.0,"key":"Slimebound:ThreeZeroPotion"}],"is_trial":false,"path_per_floor":["M","?","M","M","M","R","E","R","T","E","R","E","$","M","R","B",null,"M","M","M","M","M","R","M","R","T","R","M","R","?","$","R","B",null,"M","M","M","M","?","R","?","E","T","$","R","M","E","M","R","B",null,"R","$","E","B",null],"character_chosen":"IRONCLAD","items_purchased":["Dark Embrace","True Grit","Blood Vial","expansioncontent:Corrupt","DollysMirror","Medical Kit","Disarm","expansioncontent:DashGenerateEvil","expansioncontent:YouAreMine","Fruit Juice"],"campfire_rested":0,"item_purchase_floors":[0,0,0,0,0,13,13,31,44,44],"current_hp_per_floor":[55,55,63,71,76,76,80,80,80,80,80,74,74,80,80,72,78,80,73,80,80,80,80,59,59,59,59,67,67,63,63,63,62,76,80,72,61,70,70,70,70,76,76,81,81,81,71,81,81,81,81,81,81,81,78],"gold":56,"neow_bonus":"","is_daily":false,"chose_seed":false,"campfire_upgraded":12,"win_rate":0.0,"timestamp":1610167348,"path_taken":["M","?","?","?","M","R","E","R","T","E","R","E","?","M","R","BOSS","M","M","M","M","M","R","M","R","T","R","M","R","?","$","R","BOSS","M","M","M","M","?","R","?","E","T","?","R","M","E","M","R","BOSS","R","$","E","BOSS"],"items_purchased_type":["Card","Card","Relic","Card","Relic","Relic","Card","Card","Card","Potion"],"build_version":"2020-12-22","purchased_purges":5,"victory":true,"max_hp_per_floor":[80,80,80,80,80,80,80,80,80,80,80,80,80,80,80,80,80,80,80,80,80,80,80,80,80,80,80,80,80,80,80,80,80,80,80,80,80,80,76,76,76,76,76,81,81,81,81,81,81,81,81,81,81,81,81],"relic_stats":{"Regal Pillow":0,"Happy Flower":[45],"counters":[155,704],"Sundial":[6],"Astrolabe":["Blood for Blood","Metallicize","Shrug It Off"],"Letter Opener":[593],"Medical Kit":[12],"Smiling Mask":300,"obtain_stats":[{"Vajra":48,"Hammer of Thor":0,"Whetstone":23,"Old Coin":10,"Sozu":17,"Blood Vial":41,"Centennial Puzzle":27,"DollysMirror":0,"Sundial":47,"Philosopher\u0027s Stone":34,"Prayer Wheel":36,"MealTicket":43,"Kunai":38,"Toxic Egg 2":11,"Slimebound:AggressiveSlimeRelic":38,"MerchantsRug":38,"Girya":0,"Pear":20,"Happy Flower":11,"betterAltar:BloodRelic":30,"Blue Candle":10,"Astrolabe":17,"Dead Branch":44,"Oddly Smooth Stone":27,"Velvet Choker":34,"Eternal Feather":6,"Pen Nib":21,"Guardian:PocketSentry":40,"Letter Opener":0,"War Paint":4,"Akabeko":9,"Anvil of the Gods":0,"Brimstone":29,"Shuriken":21,"Bronze Scales":47,"Bird Faced Urn":54,"Snecko Eye":17,"Molten Egg 2":26,"StrikeDummy":25,"Unceasing Top":0,"Meat on the Bone":48,"Darkstone Periapt":28,"Regal Pillow":0,"Lantern":3,"Magic Flower":26,"StoneCalendar":24,"Incense Burner":0,"Empty Cage":17,"Smiling Mask":41,"Burning Blood":0,"ClockworkSouvenir":38,"Nunchaku":12,"Matryoshka":26,"TheAbacus":47,"Gambling Chip":12,"Pantograph":54,"InkBottle":11,"Golden Idol":3,"Thread and Needle":0,"Seething Fire":0,"Odd Mushroom":14,"Medical Kit":0,"White Beast Statue":8,"Peace Pipe":0,"CaptainsWheel":45,"Anchor":54,"Ornamental Fan":9,"Turnip":42,"Slimebound:AbsorbEndCombat":0,"Bag of Marbles":3,"Coffee Dripper":34,"Membership Card":0,"Bottled Lightning":41,"Champion Belt":24,"hexamod:BolsterEngine":26,"FossilizedHelix":0,"Toy Ornithopter":44,"TungstenRod":42},{"Vajra":41,"Hammer of Thor":0,"Whetstone":30,"Old Coin":23,"Sozu":10,"Blood Vial":39,"Centennial Puzzle":86,"DollysMirror":127,"Sundial":151,"Philosopher\u0027s Stone":35,"Prayer Wheel":37,"MealTicket":39,"Kunai":38,"Toxic Egg 2":23,"Slimebound:AggressiveSlimeRelic":38,"MerchantsRug":38,"Girya":127,"Pear":12,"Happy Flower":77,"betterAltar:BloodRelic":143,"Blue Candle":50,"Astrolabe":53,"Dead Branch":93,"Oddly Smooth Stone":32,"Velvet Choker":88,"Eternal Feather":4,"Pen Nib":82,"Guardian:PocketSentry":92,"Letter Opener":18,"War Paint":2,"Akabeko":5,"Anvil of the Gods":0,"Brimstone":86,"Shuriken":109,"Bronze Scales":69,"Bird Faced Urn":72,"Snecko Eye":107,"Molten Egg 2":15,"StrikeDummy":31,"Unceasing Top":18,"Meat on the Bone":41,"Darkstone Periapt":110,"Regal Pillow":18,"Lantern":20,"Magic Flower":110,"StoneCalendar":57,"Incense Burner":0,"Empty Cage":26,"Smiling Mask":118,"Burning Blood":0,"ClockworkSouvenir":38,"Nunchaku":51,"Matryoshka":31,"TheAbacus":41,"Gambling Chip":24,"Pantograph":97,"InkBottle":6,"Golden Idol":2,"Thread and Needle":127,"Seething Fire":0,"Odd Mushroom":9,"Medical Kit":0,"White Beast Statue":5,"Peace Pipe":73,"CaptainsWheel":94,"Anchor":126,"Ornamental Fan":22,"Turnip":67,"Slimebound:AbsorbEndCombat":0,"Bag of Marbles":46,"Coffee Dripper":61,"Membership Card":18,"Bottled Lightning":66,"Champion Belt":110,"hexamod:BolsterEngine":57,"FossilizedHelix":44,"Toy Ornithopter":120,"TungstenRod":149},{"Vajra":139,"Hammer of Thor":0,"Whetstone":105,"Old Coin":85,"Sozu":45,"Blood Vial":132,"Centennial Puzzle":364,"DollysMirror":536,"Sundial":685,"Philosopher\u0027s Stone":121,"Prayer Wheel":127,"MealTicket":132,"Kunai":129,"Toxic Egg 2":85,"Slimebound:AggressiveSlimeRelic":129,"MerchantsRug":129,"Girya":536,"Pear":52,"Happy Flower":333,"betterAltar:BloodRelic":643,"Blue Candle":181,"Astrolabe":198,"Dead Branch":383,"Oddly Smooth Stone":110,"Velvet Choker":369,"Eternal Feather":13,"Pen Nib":349,"Guardian:PocketSentry":380,"Letter Opener":73,"War Paint":6,"Akabeko":19,"Anvil of the Gods":0,"Brimstone":364,"Shuriken":456,"Bronze Scales":289,"Bird Faced Urn":311,"Snecko Eye":449,"Molten Egg 2":59,"StrikeDummy":108,"Unceasing Top":73,"Meat on the Bone":139,"Darkstone Periapt":460,"Regal Pillow":73,"Lantern":77,"Magic Flower":460,"StoneCalendar":219,"Incense Burner":0,"Empty Cage":95,"Smiling Mask":498,"Burning Blood":0,"ClockworkSouvenir":129,"Nunchaku":186,"Matryoshka":108,"TheAbacus":139,"Gambling Chip":89,"Pantograph":402,"InkBottle":25,"Golden Idol":6,"Thread and Needle":536,"Seething Fire":0,"Odd Mushroom":35,"Medical Kit":0,"White Beast Statue":19,"Peace Pipe":319,"CaptainsWheel":386,"Anchor":528,"Ornamental Fan":81,"Turnip":279,"Slimebound:AbsorbEndCombat":0,"Bag of Marbles":164,"Coffee Dripper":245,"Membership Card":73,"Bottled Lightning":274,"Champion Belt":460,"hexamod:BolsterEngine":219,"FossilizedHelix":156,"Toy Ornithopter":504,"TungstenRod":676}],"Burning Blood":443,"TungstenRod":16},"card_choices":[{"not_picked":["Havoc","Inflame"],"picked":"Headbutt","floor":1.0},{"not_picked":["Second Wind","Shrug It Off"],"picked":"Feel No Pain","floor":3.0},{"not_picked":["Body Slam","Clothesline"],"picked":"Reaper","floor":4.0},{"not_picked":["Thunderclap","Warcry"],"picked":"Pommel Strike","floor":5.0},{"not_picked":["Inflame","Power Through"],"picked":"Impervious","floor":7.0},{"not_picked":["Rampage","Warcry"],"picked":"Double Tap","floor":10.0},{"not_picked":["Cleave","Dark Embrace"],"picked":"Iron Wave","floor":12.0},{"not_picked":["Combust","Dark Embrace","Armaments"],"picked":"SKIP","floor":14.0},{"not_picked":["Immolate","Impervious"],"picked":"Barricade","floor":16.0},{"not_picked":["True Grit","Body Slam"],"picked":"Shrug It Off","floor":18.0},{"not_picked":["Shrug It Off","Body Slam"],"picked":"Thunderclap+1","floor":19.0},{"not_picked":["Anger","Carnage"],"picked":"Burning Pact+1","floor":20.0},{"not_picked":["Clash+1","Uppercut+1"],"picked":"Second Wind","floor":21.0},{"not_picked":["Heavy Blade+1","Clash"],"picked":"Body Slam","floor":22.0},{"not_picked":["Shrug It Off","Combust"],"picked":"Twin Strike+1","floor":24.0},{"not_picked":["Burning Pact+1","Flame Barrier"],"picked":"Seeing Red","floor":28.0},{"not_picked":["Limit Break","Feed"],"picked":"Corruption","floor":33.0},{"not_picked":["True Grit","Sever Soul+1","Whirlwind"],"picked":"SKIP","floor":35.0},{"not_picked":["Sever Soul","Sword Boomerang"],"picked":"Feel No Pain+1","floor":36.0},{"not_picked":["Armaments+1","Pommel Strike+1"],"picked":"Shrug It Off+1","floor":37.0},{"not_picked":["Immolate","Combust+1"],"picked":"Feel No Pain+1","floor":38.0},{"not_picked":["expansioncontent:TimeRipple","expansioncontent:Chronoboost"],"picked":"Thinking Ahead","floor":41.0},{"not_picked":["Rampage","Juggernaut"],"picked":"Warcry+1","floor":42.0},{"not_picked":["Cleave+1","Shockwave","Metallicize"],"picked":"SKIP","floor":46.0},{"not_picked":["Uppercut+1","Perfected Strike"],"picked":"Dark Embrace+1","floor":47.0},{"not_picked":["Clothesline","Twin Strike+1"],"picked":"Sentinel","floor":48.0},{"not_picked":["Thunderclap+1","Wild Strike"],"picked":"Seeing Red","floor":54}],"player_experience":926208,"relics_obtained":[{"floor":7.0,"key":"Regal Pillow"},{"floor":9.0,"key":"Oddly Smooth Stone"},{"floor":10.0,"key":"Letter Opener"},{"floor":12.0,"key":"Happy Flower"},{"floor":26.0,"key":"Smiling Mask"},{"floor":42.0,"key":"TungstenRod"},{"floor":47.0,"key":"Sundial"},{"floor":54,"key":"Guardian:PocketSentry"}],"event_choices":[{"damage_healed":0.0,"max_hp_gain":0.0,"max_hp_loss":0.0,"gold_gain":0.0,"event_name":"Accursed Blacksmith","player_choice":"Forge","floor":2.0,"gold_loss":0.0,"damage_taken":0.0,"cards_upgraded":["True Grit"]},{"damage_healed":0.0,"max_hp_gain":67.0,"max_hp_loss":63.0,"gold_gain":0.0,"event_name":"betterAltar:BetterAltar","player_choice":" RottenVial ","floor":30.0,"potions_obtained":[],"relics_lost":["Blood Vial"],"gold_loss":0.0,"damage_taken":4.0,"relics_obtained":["betterAltar:BloodRelic"]},{"damage_healed":0.0,"max_hp_gain":0.0,"max_hp_loss":4.0,"gold_gain":0.0,"event_name":"Winding Halls","player_choice":"Max HP","floor":39.0,"gold_loss":0.0,"damage_taken":0.0},{"damage_healed":0.0,"max_hp_gain":0.0,"max_hp_loss":0.0,"gold_gain":3.0,"event_name":"betterStone:BetterStone","player_choice":"1","floor":41.0,"gold_loss":0.0,"damage_taken":0.0}],"is_beta":false,"boss_relics":[{"not_picked":["Busted Crown","Philosopher\u0027s Stone"],"picked":"Astrolabe"},{"not_picked":["SacredBark","Empty Cage"],"picked":"Coffee Dripper"}],"items_purged_floors":[0,0,31,44,53],"is_endless":false,"potions_floor_spawned":[1,4,5,12,16,20,24,28,36,42,47],"ascension_level":11}}