{"host":"6jrnojxwearbrjzo","time":1610211903,"event":{"mods":["BaseMod","Colored Map","Minty Spire (QoL Compilation)","Replay The Spire","Shop Mod","Spicy Shops","StSLib","The Cursed","The Servant 0.9.4","vexMod"],"gold_per_floor":[117,117,117,128,128,128,128,162,162,162,179,179,179,19,19,19,19],"floor_reached":16,"playtime":617,"items_purged":["Languid"],"score":106,"play_id":"44f70628-5337-49b2-9812-05b7d9189cfb","local_time":"20210110010503","is_ascension_mode":true,"campfire_choices":[{"floor":6,"key":"REST"},{"data":"Reflex","floor":10,"key":"SMITH"},{"floor":12,"key":"REST"},{"data":"ReplayTheSpireMod:Private Reserves","floor":15,"key":"SMITH"}],"circlet_count":0,"master_deck":["Strike_G","Strike_G","Strike_G","Strike_G","Defend_G","Defend_G","Defend_G","Survivor","Neutralize","Sucker Punch","ReplayTheSpireMod:From All Sides","Acrobatics","Reflex+1","Sneak Up","ReplayTheSpireMod:Private Reserves+1"],"relics":["Ring of the Snake","ReplayTheSpireMod:TigerMarble","NlothsMask","Ring of Peace","ReplayTheSpireMod:Ring of Addiction","Potion Belt","SacredBark"],"acts_visited":["Exordium"],"potions_floor_usage":[16,16],"damage_taken":[{"damage":0,"enemies":"2 Louse","floor":1,"turns":2},{"damage":4,"enemies":"Cultist","floor":4,"turns":3},{"damage":6,"enemies":"Small Slimes","floor":8,"turns":4},{"damage":3,"enemies":"2 Fungi Beasts","floor":11,"turns":6},{"damage":56,"enemies":"The Guardian","floor":16,"turns":17}],"seed_played":"4373150408199200814","potions_obtained":[{"floor":4,"key":"EssenceOfSteel"},{"floor":13,"key":"Elixir"},{"floor":13,"key":"AttackPotion"},{"floor":13,"key":"SmokeBomb"}],"is_trial":false,"path_per_floor":["M","$","?","M","?","R","?","M","T","R","M","R","?","$","R","B"],"character_chosen":"THE_SILENT","items_purchased":["ReplayTheSpireMod:Private Reserves"],"campfire_rested":2,"item_purchase_floors":[14],"current_hp_per_floor":[63,63,63,59,17,35,35,29,29,29,26,44,44,44,44,0,0],"gold":19,"neow_bonus":"TRANSFORM_TWO_CARDS","is_daily":false,"chose_seed":false,"campfire_upgraded":2,"win_rate":0.0,"timestamp":1610211903,"path_taken":["M","$","?","?","?","R","?","?","T","R","M","R","?","?","R","BOSS"],"items_purchased_type":["Card"],"build_version":"2020-12-22","purchased_purges":1,"victory":false,"max_hp_per_floor":[63,63,63,63,63,63,63,63,63,63,63,63,63,63,63,63,63],"card_choices":[{"not_picked":["PiercingWail","Slice"],"picked":"Acrobatics","floor":1},{"not_picked":["Endless Agony","Deflect","Riddle With Holes"],"picked":"SKIP","floor":4},{"not_picked":["ReplayTheSpireMod:Exploit Weakness","Flying Knee"],"picked":"Sneak Up","floor":8},{"not_picked":["PiercingWail","Reflex","Caltrops"],"picked":"SKIP","floor":11}],"player_experience":40574,"relics_obtained":[{"floor":13,"key":"Ring of Peace"},{"floor":13,"key":"ReplayTheSpireMod:Ring of Addiction"},{"floor":13,"key":"Potion Belt"},{"floor":13,"key":"SacredBark"}],"event_choices":[{"damage_healed":0,"gold_gain":0,"cards_transformed":["Strike_G"],"player_choice":"Transformed","damage_taken":0,"max_hp_gain":0,"max_hp_loss":0,"event_name":"Transmorgrifier","floor":3,"gold_loss":0,"cards_obtained":["Reflex"]},{"damage_healed":0,"gold_gain":0,"player_choice":"Success","damage_taken":42,"relics_obtained":["ReplayTheSpireMod:TigerMarble"],"max_hp_gain":0,"max_hp_loss":0,"event_name":"Scrap Ooze","floor":5,"gold_loss":0},{"damage_healed":0,"gold_gain":0,"player_choice":"Trade","damage_taken":0,"relics_obtained":["NlothsMask"],"max_hp_gain":0,"max_hp_loss":0,"event_name":"FaceTrader","floor":7,"gold_loss":0}],"is_beta":false,"boss_relics":[],"items_purged_floors":[14],"is_endless":false,"potions_floor_spawned":[4],"killed_by":"The Guardian","ascension_level":4}}