{"host":"2yqfi47fogfu1ic4","time":1610204400,"event":{"mods":["AchievementEnabler","BaseMod","Colored Map","Colored Powertips","Highlight Path","Minty Spire (QoL Compilation)","Permanent Neow","Relic Stats","StSLib"],"gold_per_floor":[118,129,148,148,148,148,183,183,232,265,276,292,310,343,343,416,416,436,436,3,27,56,99,99,139,184,79,111,166,166,184,184,266,275,292,310,310,338,364,392,392,427,509,509,414,458,510,535,535,535,535,535,535,17,57,57],"floor_reached":57,"playtime":4673,"items_purged":["Strike_R","Strike_R","Strike_R"],"score":3061,"play_id":"aae5f9d0-5216-4cd6-bde7-db373b970e4d","local_time":"20210109160000","is_ascension_mode":true,"campfire_choices":[{"data":"Uppercut","floor":6.0,"key":"SMITH"},{"floor":8.0,"key":"REST"},{"data":"Flame Barrier","floor":15.0,"key":"SMITH"},{"data":"Whirlwind","floor":24.0,"key":"SMITH"},{"data":"Flex","floor":30.0,"key":"SMITH"},{"data":"Limit Break","floor":32.0,"key":"SMITH"},{"data":"Offering","floor":41.0,"key":"SMITH"},{"floor":44.0,"key":"RECALL"},{"data":"Offering","floor":49,"key":"SMITH"},{"data":"Limit Break","floor":53,"key":"SMITH"}],"circlet_count":0,"master_deck":["AscendersBane","Strike_R+1","Defend_R+1","Defend_R","Defend_R","Defend_R","Bash","Whirlwind+1","Shrug It Off","Uppercut+1","Flame Barrier+1","Pommel Strike","Clothesline","Offering+1","True Grit","Limit Break+1","Heavy Blade","Sword Boomerang","Sword Boomerang+1","Pummel+1","Flex+1","Limit Break+1","CurseOfTheBell","Madness","Madness","Disarm","Whirlwind+1","Headbutt","Shrug It Off","Offering+1","Power Through+1","Corruption","Battle Trance"],"relics":["Burning Blood","Red Skull","Ancient Tea Set","Orichalcum","Sundial","Pen Nib","Philosopher\u0027s Stone","CeramicFish","Chemical X","HornCleat","Incense Burner","Smiling Mask","Happy Flower","Potion Belt","Calling Bell","MealTicket","Pantograph","Ice Cream","StoneCalendar","Ornamental Fan","Meat on the Bone","Bronze Scales","Dead Branch","Vajra","ClockworkSouvenir","Charon\u0027s Ashes"],"acts_visited":["Exordium","TheCity","TheBeyond","TheEnding"],"potions_floor_usage":[46,47,50,51,56,56,56],"damage_taken":[{"damage":10.0,"enemies":"2 Louse","floor":1.0,"turns":3.0},{"damage":11.0,"enemies":"Small Slimes","floor":2.0,"turns":4.0},{"damage":9.0,"enemies":"Jaw Worm","floor":3.0,"turns":6.0},{"damage":21.0,"enemies":"Lagavulin","floor":7.0,"turns":7.0},{"damage":4.0,"enemies":"3 Sentries","floor":10.0,"turns":2.0},{"damage":5.0,"enemies":"Exordium Thugs","floor":11.0,"turns":4.0},{"damage":0.0,"enemies":"Exordium Wildlife","floor":12.0,"turns":3.0},{"damage":13.0,"enemies":"Large Slime","floor":13.0,"turns":5.0},{"damage":6.0,"enemies":"Gremlin Nob","floor":14.0,"turns":2.0},{"damage":9.0,"enemies":"The Guardian","floor":16.0,"turns":13.0},{"damage":19.0,"enemies":"Shell Parasite","floor":18.0,"turns":3.0},{"damage":22.0,"enemies":"Spheric Guardian","floor":21.0,"turns":6.0},{"damage":6.0,"enemies":"Centurion and Healer","floor":22.0,"turns":4.0},{"damage":16.0,"enemies":"Slavers","floor":23.0,"turns":2.0},{"damage":6.0,"enemies":"Book of Stabbing","floor":25.0,"turns":3.0},{"damage":0.0,"enemies":"Gremlin Leader","floor":28.0,"turns":2.0},{"damage":6.0,"enemies":"Snake Plant","floor":31.0,"turns":3.0},{"damage":2.0,"enemies":"Collector","floor":33.0,"turns":6.0},{"damage":28.0,"enemies":"3 Shapes","floor":35.0,"turns":1.0},{"damage":6.0,"enemies":"Orb Walker","floor":38.0,"turns":2.0},{"damage":29.0,"enemies":"Transient","floor":39.0,"turns":6.0},{"damage":2.0,"enemies":"Nemesis","floor":40.0,"turns":5.0},{"damage":15.0,"enemies":"Giant Head","floor":42.0,"turns":5.0},{"damage":12,"enemies":"Reptomancer","floor":46,"turns":3},{"damage":6,"enemies":"2 Orb Walkers","floor":47,"turns":3},{"damage":37,"enemies":"4 Shapes","floor":48,"turns":7},{"damage":44,"enemies":"Awakened One","floor":50,"turns":6},{"damage":31,"enemies":"Donu and Deca","floor":51,"turns":6},{"damage":12,"enemies":"Shield and Spear","floor":55,"turns":3},{"damage":52,"enemies":"The Heart","floor":56,"turns":5}],"seed_played":"-1474265100099573422","potions_obtained":[{"floor":1.0,"key":"Swift Potion"},{"floor":7.0,"key":"Strength Potion"},{"floor":12.0,"key":"Swift Potion"},{"floor":16.0,"key":"ElixirPotion"},{"floor":23.0,"key":"Block Potion"},{"floor":25.0,"key":"PowerPotion"},{"floor":31.0,"key":"BloodPotion"},{"floor":40.0,"key":"Swift Potion"},{"floor":42.0,"key":"EntropicBrew"},{"floor":46,"key":"Regen Potion"},{"floor":47,"key":"SkillPotion"},{"floor":48,"key":"FearPotion"},{"floor":55,"key":"Strength Potion"}],"is_trial":false,"path_per_floor":["M","M","M","?","?","R","E","R","T","E","M","M","M","E","R","B",null,"M","?","$","M","M","E","R","E","T","$","E","T","R","M","R","B",null,"M","?","?","M","M","E","R","E","T","R","$","E","?","M","R","B","B",null,"R","$","E","B",null],"character_chosen":"IRONCLAD","items_purchased":["Chemical X","HornCleat","SteroidPotion","Shrug It Off","Corruption","Vajra","ClockworkSouvenir","Block Potion"],"campfire_rested":1,"item_purchase_floors":[20,20,27,45,54,54,54,54],"current_hp_per_floor":[64,59,56,49,26,26,11,33,33,35,36,42,35,35,35,32,64,51,51,51,35,35,25,25,25,25,25,31,31,31,31,31,35,65,43,29,29,29,21,25,25,16,16,16,31,37,49,30,30,38,50,69,69,75,69,41],"gold":57,"neow_bonus":"RANDOM_COMMON_RELIC","is_daily":false,"chose_seed":false,"campfire_upgraded":8,"win_rate":0.0,"timestamp":1610204400,"path_taken":["M","M","M","?","?","R","E","R","T","E","M","M","M","E","R","BOSS","M","?","?","M","M","E","R","E","T","$","E","?","R","M","R","BOSS","M","?","?","M","M","E","R","E","T","R","$","E","?","?","R","BOSS","BOSS","R","$","E","BOSS"],"items_purchased_type":["Relic","Relic","Potion","Card","Card","Relic","Relic","Potion"],"build_version":"2020-12-22","purchased_purges":3,"victory":true,"max_hp_per_floor":[75,75,75,75,75,75,75,75,75,75,75,75,75,75,75,75,75,75,75,75,75,75,75,75,75,75,75,75,75,75,75,75,75,75,75,75,75,75,75,75,75,75,75,75,75,75,75,75,75,75,75,75,75,75,75,75],"relic_stats":{"Happy Flower":[21],"counters":[30,130],"CeramicFish":144,"Dead Branch":[62],"StoneCalendar":[0],"Pen Nib":[16],"Charon\u0027s Ashes":[33],"Orichalcum":[186],"Smiling Mask":150,"Burning Blood":180,"Sundial":[10],"Ornamental Fan":[36],"Pantograph":56,"Bronze Scales":[126],"MealTicket":21,"Chemical X":[25],"obtain_stats":[{"Ice Cream":34,"CeramicFish":19,"Vajra":54,"StoneCalendar":40,"Incense Burner":23,"Ancient Tea Set":7,"Smiling Mask":25,"Burning Blood":0,"ClockworkSouvenir":54,"HornCleat":20,"Sundial":10,"Pantograph":34,"Philosopher\u0027s Stone":17,"MealTicket":34,"Chemical X":20,"Red Skull":0,"Potion Belt":28,"Happy Flower":26,"Dead Branch":47,"Pen Nib":14,"Charon\u0027s Ashes":55,"Orichalcum":9,"Calling Bell":34,"Ornamental Fan":42,"Bronze Scales":46,"Meat on the Bone":43},{"Ice Cream":18,"CeramicFish":11,"Vajra":28,"StoneCalendar":22,"Incense Burner":14,"Ancient Tea Set":4,"Smiling Mask":15,"Burning Blood":0,"ClockworkSouvenir":28,"HornCleat":11,"Sundial":5,"Pantograph":18,"Philosopher\u0027s Stone":10,"MealTicket":18,"Chemical X":11,"Red Skull":0,"Potion Belt":16,"Happy Flower":15,"Dead Branch":25,"Pen Nib":9,"Charon\u0027s Ashes":29,"Orichalcum":4,"Calling Bell":18,"Ornamental Fan":23,"Bronze Scales":24,"Meat on the Bone":23},{"Ice Cream":78,"CeramicFish":52,"Vajra":122,"StoneCalendar":92,"Incense Burner":64,"Ancient Tea Set":20,"Smiling Mask":67,"Burning Blood":0,"ClockworkSouvenir":122,"HornCleat":52,"Sundial":22,"Pantograph":78,"Philosopher\u0027s Stone":49,"MealTicket":78,"Chemical X":52,"Red Skull":0,"Potion Belt":69,"Happy Flower":67,"Dead Branch":103,"Pen Nib":36,"Charon\u0027s Ashes":125,"Orichalcum":20,"Calling Bell":78,"Ornamental Fan":97,"Bronze Scales":100,"Meat on the Bone":97}],"Meat on the Bone":72},"card_choices":[{"not_picked":["Intimidate","Perfected Strike"],"picked":"Whirlwind","floor":1.0},{"not_picked":["Perfected Strike","Sentinel"],"picked":"Shrug It Off","floor":2.0},{"not_picked":["Dual Wield","Metallicize"],"picked":"Uppercut","floor":3.0},{"not_picked":["Warcry","Sever Soul"],"picked":"Flame Barrier","floor":7.0},{"not_picked":["True Grit","Wild Strike"],"picked":"Pommel Strike","floor":10.0},{"not_picked":["Clash","Thunderclap"],"picked":"Clothesline","floor":11.0},{"not_picked":["Shrug It Off","Searing Blow"],"picked":"Offering","floor":12.0},{"not_picked":["Body Slam","Havoc"],"picked":"True Grit","floor":13.0},{"not_picked":["Wild Strike","Burning Pact","Perfected Strike"],"picked":"SKIP","floor":14.0},{"not_picked":["Berserk","Juggernaut"],"picked":"Limit Break","floor":16.0},{"not_picked":["Warcry","Armaments"],"picked":"Heavy Blade","floor":18.0},{"not_picked":["Havoc","Body Slam"],"picked":"Sword Boomerang","floor":21.0},{"not_picked":["Evolve","Iron Wave"],"picked":"Sword Boomerang+1","floor":22.0},{"not_picked":["Dropkick+1","Corruption"],"picked":"Pummel+1","floor":23.0},{"not_picked":["Second Wind","Reckless Charge"],"picked":"Flex","floor":25.0},{"not_picked":["Rampage","Havoc","Feel No Pain"],"picked":"SKIP","floor":28.0},{"not_picked":["Pommel Strike","Perfected Strike","Iron Wave"],"picked":"SKIP","floor":31.0},{"not_picked":["Immolate","Exhume"],"picked":"Limit Break","floor":33.0},{"not_picked":["Dark Embrace","Pummel","Rampage+1"],"picked":"SKIP","floor":35.0},{"not_picked":["Thunderclap","Flex"],"picked":"Disarm","floor":38.0},{"not_picked":["Perfected Strike","Twin Strike"],"picked":"Whirlwind+1","floor":39.0},{"not_picked":["Armaments","Twin Strike","Sever Soul"],"picked":"SKIP","floor":40.0},{"not_picked":["Body Slam","Fire Breathing"],"picked":"Headbutt","floor":42.0},{"not_picked":["Twin Strike","True Grit"],"picked":"Offering","floor":46},{"not_picked":["Combust","Body Slam"],"picked":"Power Through+1","floor":48},{"not_picked":["Cleave","Rampage"],"picked":"Battle Trance","floor":55}],"player_experience":1518406,"relics_obtained":[{"floor":7.0,"key":"Ancient Tea Set"},{"floor":9.0,"key":"Orichalcum"},{"floor":10.0,"key":"Sundial"},{"floor":14.0,"key":"Pen Nib"},{"floor":23.0,"key":"Incense Burner"},{"floor":25.0,"key":"Smiling Mask"},{"floor":26.0,"key":"Happy Flower"},{"floor":28.0,"key":"Potion Belt"},{"floor":34.0,"key":"MealTicket"},{"floor":34.0,"key":"Pantograph"},{"floor":34.0,"key":"Ice Cream"},{"floor":40.0,"key":"StoneCalendar"},{"floor":42.0,"key":"Ornamental Fan"},{"floor":43.0,"key":"Meat on the Bone"},{"floor":46,"key":"Bronze Scales"},{"floor":47,"key":"Dead Branch"},{"floor":55,"key":"Charon\u0027s Ashes"}],"event_choices":[{"cards_removed":["Strike_R"],"damage_healed":0.0,"max_hp_gain":0.0,"max_hp_loss":0.0,"gold_gain":0.0,"event_name":"Golden Wing","player_choice":"Card Removal","floor":4.0,"gold_loss":0.0,"damage_taken":7.0},{"damage_healed":0.0,"max_hp_gain":0.0,"max_hp_loss":0.0,"gold_gain":0.0,"event_name":"Shining Light","player_choice":"Entered Light","floor":5.0,"gold_loss":0.0,"damage_taken":23.0,"cards_upgraded":["Defend_R","Strike_R"]},{"damage_healed":0.0,"max_hp_gain":0.0,"max_hp_loss":0.0,"gold_gain":0.0,"event_name":"WeMeetAgain","player_choice":"Gave Potion","floor":19.0,"gold_loss":0.0,"damage_taken":0.0,"relics_obtained":["CeramicFish"]},{"damage_healed":0.0,"max_hp_gain":0.0,"max_hp_loss":0.0,"gold_gain":0.0,"event_name":"Winding Halls","player_choice":"Embrace Madness","floor":36.0,"gold_loss":0.0,"damage_taken":14.0,"cards_obtained":["Madness","Madness"]},{"damage_healed":0.0,"max_hp_gain":0.0,"max_hp_loss":0.0,"gold_gain":0.0,"event_name":"The Moai Head","player_choice":"Ignored","floor":37.0,"gold_loss":0.0,"damage_taken":0.0},{"damage_healed":0,"gold_gain":0,"player_choice":"Fight","damage_taken":0,"max_hp_gain":0,"max_hp_loss":0,"event_name":"Mysterious Sphere","floor":47,"gold_loss":0}],"is_beta":false,"boss_relics":[{"not_picked":["Fusion Hammer","Empty Cage"],"picked":"Philosopher\u0027s Stone"},{"not_picked":["Black Blood","Pandora\u0027s Box"],"picked":"Calling Bell"}],"items_purged_floors":[27,45,54],"is_endless":false,"potions_floor_spawned":[1,7,12,13,14,16,23,25,31,40,42,46,47,48,55],"ascension_level":20}}