{"host":"egdqshhcmdynx3fw","time":1610176178,"event":{"mods":["2.2 Compatiblity","Aspiration","BaseMod","Beaked The Cultist","Bestiary","Better Altar","Better Match","Better Note","Better Sensory Stone","Better Skull","Better Third Choice","BetterRewards","Block Reminder","Card Forge","Challenge The Spire","Clawfect","Colored Map","Colored Powertips","Conspire","Dark Map","DeckTracker","Downfall","Energized Spire","Filter the Spire","Halation","Highlight Path","Hubris","Infinite Spire","Jedi Mod","Keyboard Shortcuts","Marisa????????","Marked Mod","Minty Spire (QoL Compilation)","Quarter Circle Forward PUNCH!","Quick Restart","RNG Fix","Random Character Button","Random Character Mod","Rare Cards Sparkle","RatMod","Relic Sorter","Relic Stats","Replay The Spire","Retaliation","SCP261 Mod","Small Relic Pack","Spicy Shops","StSLib","Synergy Search","The Accelerator","The Adventurer","The Blue Laboratory","The Clintock","The Construct","The Cursed","The Disciple","The Necromancer","The Runesmith","The Servant 0.9.4","Treasure Hunter","Uncapped","Wandering Minibosses","vexMod"],"gold_per_floor":[111,111,111,128,147,181,192,208,233,245,34,34,52,66,66,162,162,172,172,172,183,93,125,48,48,48],"floor_reached":25,"playtime":3862,"items_purged":["accelerator:Reverse","accelerator:Strike"],"score":350,"play_id":"4a6822b8-ef46-46b8-98b3-151007f68551","local_time":"20210109010938","is_ascension_mode":false,"campfire_choices":[{"floor":12,"key":"REST"},{"floor":15,"key":"DIG"}],"circlet_count":0,"master_deck":["accelerator:Strike","accelerator:Strike","accelerator:Defend","accelerator:Defend","accelerator:Defend","accelerator:Defend","accelerator:Reverse","accelerator:Blizzare","accelerator:PerpetuumMobile","accelerator:Rage","accelerator:DoubleSlit+1","accelerator:Blaze","accelerator:Shove","TH:CursedSword","accelerator:Knockback","accelerator:Polarize","accelerator:Intensify","TH:Mimic","accelerator:Rage","accelerator:Rage","accelerator:PerpetuumMobile","accelerator:Radiation","TH:ElvenBoots","accelerator:Acceleration","accelerator:Intensify+1","accelerator:Strike","accelerator:Strike+1","accelerator:Stream","accelerator:Defend","accelerator:Defend","accelerator:Defend","accelerator:Defend","accelerator:Reverse","accelerator:Blizzare","accelerator:PerpetuumMobile","accelerator:Rage","accelerator:DoubleSlit+1","accelerator:Blaze","accelerator:Shove","TH:CursedSword","accelerator:Knockback","accelerator:Polarize","accelerator:Intensify","TH:Mimic","accelerator:Rage","accelerator:Rage","accelerator:PerpetuumMobile","accelerator:Radiation","TH:ElvenBoots","accelerator:Acceleration","accelerator:Intensify+1","accelerator:Blaze","TH:BikiniMail","accelerator:Deflect"],"relics":["accelerator:Cloud","Hammer of Thor","Seething Fire","Anvil of the Gods","hubris:MedicalManual","jedi:firstaidkit","hubris:OldNail","aspiration:TomeofQuesting","ChewingGum","Blue Candle","Happy Flower"],"acts_visited":["Exordium","TheCity"],"potions_floor_usage":[16,16,16,25],"damage_taken":[{"damage":9,"enemies":"Jaw Worm","floor":1,"turns":3},{"damage":12,"enemies":"Small Slimes","floor":4,"turns":3},{"damage":0,"enemies":"Cultist","floor":5,"turns":6},{"damage":10,"enemies":"Lagavulin","floor":6,"turns":5},{"damage":6,"enemies":"Large Slime","floor":7,"turns":3},{"damage":10,"enemies":"Gremlin Gang","floor":8,"turns":3},{"damage":18,"enemies":"Exordium Wildlife","floor":10,"turns":6},{"damage":27,"enemies":"Exordium Thugs","floor":13,"turns":4},{"damage":11,"enemies":"Blue Slaver","floor":14,"turns":3},{"damage":47,"enemies":"The Guardian","floor":16,"turns":9},{"damage":33,"enemies":"Shell Parasite","floor":18,"turns":6},{"damage":3,"enemies":"conspire:FuzzyDice","floor":21,"turns":7},{"damage":57,"enemies":"Replay:Snechameleon","floor":23,"turns":8},{"damage":86,"enemies":"Nightmare","floor":25,"turns":9}],"seed_played":"2460613141830264144","potions_obtained":[{"floor":6,"key":"DuplicationPotion"},{"floor":8,"key":"LiquidBronze"},{"floor":10,"key":"ColorlessPotion"},{"floor":13,"key":"SteroidPotion"},{"floor":23,"key":"LiquidMemories"}],"is_trial":false,"path_per_floor":["M","?","?","M","M","E","M","M","T","M","$","R","M","M","R_BF","B",null,"M","?","?","M","?","E","$","NM"],"character_chosen":"THE_ACCELERATOR","items_purchased":["accelerator:Blizzare","accelerator:PerpetuumMobile","accelerator:Rage","accelerator:PerpetuumMobile","Happy Flower"],"campfire_rested":1,"item_purchase_floors":[0,0,11,11,24],"current_hp_per_floor":[66,66,66,57,60,53,52,49,49,46,46,68,51,45,45,33,75,62,62,62,75,75,48,48,0,0],"gold":48,"neow_bonus":"","is_daily":false,"chose_seed":false,"campfire_upgraded":0,"win_rate":0.0,"timestamp":1610176178,"path_taken":["M","?","?","M","?","E","?","M","T","M","$","R","M","M","R_BF","BOSS","M","?","?","M","?","E","$","NM"],"items_purchased_type":["Card","Card","Card","Card","Relic"],"build_version":"2020-12-22","purchased_purges":2,"victory":false,"max_hp_per_floor":[75,75,75,75,75,75,75,75,75,75,75,75,75,75,75,75,75,75,75,75,75,75,75,75,75,75],"relic_stats":{"Happy Flower":[3],"counters":[14,74],"Blue Candle":[0],"obtain_stats":[{"Happy Flower":24,"Anvil of the Gods":0,"jedi:firstaidkit":6,"accelerator:Cloud":0,"Blue Candle":23,"aspiration:TomeofQuesting":15,"ChewingGum":17,"Hammer of Thor":0,"hubris:MedicalManual":0,"Seething Fire":0,"hubris:OldNail":9},{"Happy Flower":13,"Anvil of the Gods":0,"jedi:firstaidkit":4,"accelerator:Cloud":0,"Blue Candle":13,"aspiration:TomeofQuesting":9,"ChewingGum":10,"Hammer of Thor":0,"hubris:MedicalManual":0,"Seething Fire":0,"hubris:OldNail":6},{"Happy Flower":65,"Anvil of the Gods":0,"jedi:firstaidkit":17,"accelerator:Cloud":0,"Blue Candle":65,"aspiration:TomeofQuesting":35,"ChewingGum":44,"Hammer of Thor":0,"hubris:MedicalManual":0,"Seething Fire":0,"hubris:OldNail":23}]},"card_choices":[{"not_picked":["accelerator:Encryption","accelerator:Deflect"],"picked":"accelerator:Rage","floor":1},{"not_picked":["accelerator:Newtons3","accelerator:Cooldown"],"picked":"accelerator:Blaze","floor":4},{"not_picked":["accelerator:Polarize","accelerator:MobiusLoop"],"picked":"accelerator:Shove","floor":5},{"not_picked":["TH:PixieDust"],"picked":"TH:CursedSword","floor":6},{"not_picked":["accelerator:Jet","accelerator:Blizzare"],"picked":"accelerator:Knockback","floor":6},{"not_picked":["accelerator:MobiusLoop","accelerator:Cooldown"],"picked":"accelerator:Polarize","floor":7},{"not_picked":["accelerator:Reject","accelerator:Relativity"],"picked":"accelerator:Intensify","floor":8},{"not_picked":["TH:CopperCoins"],"picked":"TH:Mimic","floor":9},{"not_picked":["accelerator:Threaten","accelerator:Pull"],"picked":"accelerator:Rage","floor":10},{"not_picked":["accelerator:KnockOut","accelerator:Blizzare"],"picked":"accelerator:Radiation","floor":13},{"not_picked":["accelerator:Exchange","accelerator:ClosedSystem","accelerator:Rage"],"picked":"SKIP","floor":14},{"not_picked":["TH:Mimic"],"picked":"TH:ElvenBoots","floor":16},{"not_picked":["accelerator:MagneticResonance","accelerator:Fission"],"picked":"accelerator:Acceleration","floor":16},{"not_picked":["accelerator:Blaze","accelerator:MergeSort"],"picked":"accelerator:Intensify+1","floor":18},{"not_picked":["accelerator:Shove","accelerator:Rage"],"picked":"accelerator:Blaze","floor":21},{"not_picked":["TH:ArmorSpikes"],"picked":"TH:BikiniMail","floor":23},{"not_picked":["accelerator:Shove","accelerator:EnergyTransfer"],"picked":"accelerator:Deflect","floor":23}],"player_experience":1491166,"relics_obtained":[{"floor":6,"key":"jedi:firstaidkit"},{"floor":9,"key":"hubris:OldNail"},{"floor":15,"key":"aspiration:TomeofQuesting"},{"floor":23,"key":"Blue Candle"}],"event_choices":[{"damage_healed":0,"gold_gain":0,"cards_transformed":["accelerator:Stream"],"player_choice":"Transformed","damage_taken":0,"max_hp_gain":0,"max_hp_loss":0,"event_name":"Transmorgrifier","floor":2,"gold_loss":0,"cards_obtained":["accelerator:DoubleSlit"]},{"cards_removed":["accelerator:Radiation"],"damage_healed":0,"gold_gain":0,"player_choice":"Give","damage_taken":0,"max_hp_gain":0,"max_hp_loss":0,"event_name":"betterNote:BetterNote","floor":20,"gold_loss":0,"cards_obtained":["Defend_B"]},{"cards_removed":["accelerator:Stream"],"damage_healed":0,"gold_gain":0,"player_choice":"Upgrade and Remove","damage_taken":0,"max_hp_gain":0,"max_hp_loss":0,"event_name":"Designer","floor":22,"gold_loss":90,"cards_upgraded":["accelerator:Strike"]}],"is_beta":false,"boss_relics":[{"not_picked":["jedi:battlestandard","Empty Cage"],"picked":"ChewingGum"}],"items_purged_floors":[0,11],"is_endless":false,"potions_floor_spawned":[6,8,10,13,23],"killed_by":"Nightmare","ascension_level":0}}