{"host":"t7kiqd0mabx5u6gq","time":1610215115,"event":{"mods":["AchievementEnabler","Aspiration","BaseMod","Conspire","Dota2Spire","GifTheSpireLib","Halation","Hubris","Infinite Spire","Minty Spire (QoL Compilation)","Quarter Circle Forward PUNCH!","Quick Restart","Replay The Spire","StSLib","Stuff the Spire","vexMod"],"gold_per_floor":[119,119,133,17,17,17,45,55,55,71,71,71,121,138,138,243,243,263,263,281,281,281,426,426,601,601,601,601,601,601],"floor_reached":29,"playtime":758,"items_purged":[],"score":573,"play_id":"c57c3d0b-dd17-4ed7-8213-b0bb184f61fc","local_time":"20210109095835","is_ascension_mode":true,"campfire_choices":[{"data":"Specialist","floor":6.0,"key":"SMITH"},{"data":"conspire:Banana","floor":12.0,"key":"SMITH"},{"data":"Fire Breathing","floor":15.0,"key":"SMITH"},{"floor":24,"key":"REST"},{"data":"Metallicize","floor":28,"key":"SMITH"}],"circlet_count":0,"master_deck":["Strike_R","Strike_R","Strike_R","Strike_R","Defend_R","Defend_R","Defend_R","Defend_R","Bash","Shrug It Off","conspire:Banana+1","Replay:Undeath\u0027s Touch","Metallicize+1","Specialist+1","Thunderclap","Fire Breathing+1","Armaments+1","Hallucinations","hubris:ReadiedAction+1","conspire:HitWhereItHurts","Pummel","Static Discharge","hubris:Greed","hubris:Compulsion","Shrug It Off+1","Sickly","Genetic Algorithm+1","Turbo+1","Shame"],"relics":["Burning Blood","NeowsBlessing","Toxic Egg 2","StuffTheSpire:TintedRock","Dota2Spire:PhaseBoots","halation:PinkSoulGem","Ring of Greed","Ring of Panic","hubris:MobiusCoin","Smiling Mask","aspiration:DefectSkillbook","hubris:Towel","Dota2Spire:Desolator","StuffTheSpire:OldFever","Dota2Spire:OrchidMalevolence"],"acts_visited":["Exordium","TheCity"],"potions_floor_usage":[25,29],"damage_taken":[{"damage":0.0,"enemies":"Small Slimes","floor":1.0,"turns":1.0},{"damage":0.0,"enemies":"Cultist","floor":3.0,"turns":1.0},{"damage":0.0,"enemies":"Gremlin Nob","floor":7.0,"turns":1.0},{"damage":4.0,"enemies":"2 Louse","floor":8.0,"turns":3.0},{"damage":18.0,"enemies":"Exordium Wildlife","floor":10.0,"turns":8.0},{"damage":21.0,"enemies":"Red Slaver","floor":14.0,"turns":6.0},{"damage":19.0,"enemies":"Hexaghost","floor":16.0,"turns":15.0},{"damage":43.0,"enemies":"Spheric Guardian","floor":18.0,"turns":9.0},{"damage":14,"enemies":"Chosen","floor":20,"turns":5},{"damage":29,"enemies":"Book of Stabbing","floor":23,"turns":4},{"damage":41,"enemies":"Nightmare","floor":25,"turns":6},{"damage":10,"enemies":"Sentry and Sphere","floor":29,"turns":3}],"seed_played":"-3837626294190614099","potions_obtained":[{"floor":7.0,"key":"PowerPotion"},{"floor":8.0,"key":"Energy Potion"},{"floor":14.0,"key":"Strength Potion"},{"floor":16.0,"key":"Explosive Potion"},{"floor":25,"key":"SneckoOil"}],"is_trial":false,"path_per_floor":["M","?","M","$","T","R","E","M","T","M","?","R","?","M","R","B",null,"M","?","M","?","?","E","R","NM","T","?","R","M"],"character_chosen":"IRONCLAD","items_purchased":["Metallicize","Specialist"],"campfire_rested":1,"item_purchase_floors":[4,4],"current_hp_per_floor":[78,78,80,80,80,80,80,80,80,69,69,69,69,56,56,45,75,40,40,34,34,34,13,40,7,7,7,7,0,0],"gold":601,"neow_bonus":"THREE_ENEMY_KILL","is_daily":false,"chose_seed":false,"campfire_upgraded":4,"win_rate":0.0,"timestamp":1610215115,"path_taken":["M","?","?","$","?","R","E","M","T","M","?","R","?","M","R","BOSS","M","?","?","?","?","E","R","NM","T","?","R","M"],"items_purchased_type":["Card","Card"],"build_version":"2020-12-22","purchased_purges":0,"victory":false,"max_hp_per_floor":[80,80,80,80,80,80,80,80,80,81,81,81,81,83,83,85,85,87,87,89,89,89,91,91,93,93,93,93,95,95],"card_choices":[{"not_picked":["Life Link","Abandon"],"picked":"Shrug It Off","floor":1.0},{"not_picked":["Combust","ReplayTheSpireMod:Corrosion Curse"],"picked":"Replay:Undeath\u0027s Touch","floor":3.0},{"not_picked":["Clothesline","Shockwave+1"],"picked":"Thunderclap","floor":7.0},{"not_picked":["Clothesline","Warcry+1"],"picked":"Fire Breathing","floor":8.0},{"not_picked":["Evolve","StuffTheSpire:Resist"],"picked":"Armaments+1","floor":10.0},{"not_picked":["Double Tap+1","StuffTheSpire:Incineration"],"picked":"hubris:ReadiedAction+1","floor":14.0},{"not_picked":["conspire:Purge+1","Corruption"],"picked":"conspire:HitWhereItHurts","floor":16.0},{"not_picked":["Gash","Beam Cell","Compile Driver"],"picked":"Pummel","floor":18.0},{"not_picked":["Rampage","Redo+1","ReplayTheSpireMod:System Scan+1"],"picked":"Shrug It Off+1","floor":20},{"not_picked":["Crystallizer","Electrodynamics","Armaments+1"],"picked":"Genetic Algorithm+1","floor":23},{"not_picked":["conspire:Rain+1","Go for the Eyes","StuffTheSpire:LoadUp+1"],"picked":"Turbo+1","floor":25}],"player_experience":574755,"relics_obtained":[{"floor":5.0,"key":"Toxic Egg 2"},{"floor":7.0,"key":"StuffTheSpire:TintedRock"},{"floor":9.0,"key":"Dota2Spire:PhaseBoots"},{"floor":13.0,"key":"Ring of Greed"},{"floor":13.0,"key":"Ring of Panic"},{"floor":13.0,"key":"hubris:MobiusCoin"},{"floor":13.0,"key":"Smiling Mask"},{"floor":23,"key":"Dota2Spire:Desolator"},{"floor":25,"key":"StuffTheSpire:OldFever"},{"floor":26,"key":"Dota2Spire:OrchidMalevolence"}],"event_choices":[{"damage_healed":0.0,"max_hp_gain":0.0,"max_hp_loss":0.0,"gold_gain":0.0,"event_name":"Match and Keep!","player_choice":"1 cards matched","floor":2.0,"gold_loss":0.0,"damage_taken":0.0,"cards_obtained":["conspire:Banana"]},{"damage_healed":0.0,"max_hp_gain":0.0,"max_hp_loss":0.0,"gold_gain":0.0,"cards_transformed":["Strike_R"],"event_name":"Transmorgrifier","player_choice":"Transformed","floor":19.0,"gold_loss":0.0,"damage_taken":0.0,"cards_obtained":["Static Discharge"]},{"damage_healed":0,"gold_gain":0,"player_choice":"Ignored","damage_taken":0,"max_hp_gain":0,"max_hp_loss":0,"event_name":"Ghosts","floor":21,"gold_loss":0},{"cards_removed":["hubris:Sloth"],"damage_healed":0,"gold_gain":0,"player_choice":"Card Removal","damage_taken":0,"max_hp_gain":0,"max_hp_loss":0,"event_name":"Wheel of Change","floor":27,"gold_loss":0}],"is_beta":false,"boss_relics":[{"not_picked":["halation:HeavySnake","vexMod:DeviousBotling"],"picked":"aspiration:DefectSkillbook"}],"items_purged_floors":[],"is_endless":true,"potions_floor_spawned":[7,8,14,16,25],"killed_by":"Sentry and Sphere","ascension_level":9}}