{"host":"minbhrtlkaoly5f0","time":1610186935,"event":{"mods":["Act Like it!","BaseMod","Colored Map","Colored Powertips","Lobotomy","LobotomyExtend","Luminous","Minty Spire (QoL Compilation)","Quick Restart","StSLib"],"gold_per_floor":[119,119,194,204,204,204,214,214,238,59,59,79,97,121,121,121,121],"floor_reached":16,"playtime":565,"items_purged":["HeroicMonk"],"score":92,"play_id":"6c096d31-ba4a-4ca7-b2c4-f616f4e1b6fb","local_time":"20210109180855","is_ascension_mode":false,"campfire_choices":[{"floor":15,"key":"REST"}],"circlet_count":0,"master_deck":["SpecialBullet","SpecialBullet","SpecialBullet","SpecialBullet","SpecialBullet","SpecialBullet","SpecialBullet","InformationCode","ExtractionCode","TodaysExpression","CherryBlossom","LifeForTheDareDevil","Injury","Penitence","Reverberation","ControlCode","CrumblingArmor","Regret_ego","BlackSwan","Amita","Laetitia_ego"],"relics":["CogitoBucket","RabbitCall","LetterFromLob","Boot","Golden Idol","ResearcherNote"],"acts_visited":["Exordium"],"potions_floor_usage":[14,16,16],"damage_taken":[{"damage":11,"enemies":"Jaw Worm","floor":1,"turns":2},{"damage":0,"enemies":"Small Slimes","floor":4,"turns":3},{"damage":15,"enemies":"Cultist","floor":7,"turns":4},{"damage":7,"enemies":"Gremlin Gang","floor":12,"turns":3},{"damage":4,"enemies":"Looter","floor":13,"turns":2},{"damage":22,"enemies":"Blue Slaver","floor":14,"turns":4},{"damage":33,"enemies":"The Guardian","floor":16,"turns":6}],"seed_played":"-7941729202023783811","potions_obtained":[{"floor":1,"key":"LiquidMemories"},{"floor":7,"key":"ColorlessPotion"},{"floor":13,"key":"Weak Potion"},{"floor":14,"key":"SkillPotion"}],"is_trial":false,"path_per_floor":["M","?","?","M","T","R","M","?","T","$","R","M","M","M","R","B"],"character_chosen":"Angela","items_purchased":["Penitence","Reverberation"],"campfire_rested":1,"item_purchase_floors":[10,10],"current_hp_per_floor":[59,70,59,59,59,59,44,44,44,44,44,37,33,11,32,0,0],"gold":121,"neow_bonus":"REMOVE_CARD","is_daily":false,"chose_seed":false,"campfire_upgraded":0,"win_rate":0.0,"timestamp":1610186935,"path_taken":["M","?","?","?","?","R","?","?","T","$","R","M","M","M","R","BOSS"],"items_purchased_type":["Card","Card"],"build_version":"2020-12-22","purchased_purges":1,"victory":false,"max_hp_per_floor":[70,70,70,70,70,70,70,70,70,70,70,70,70,70,70,70,70],"card_choices":[{"not_picked":["SomewhereSpear"],"picked":"TodaysExpression","floor":1},{"not_picked":["ScreamingWedge"],"picked":"CherryBlossom","floor":4},{"not_picked":["Murderer","MHz"],"picked":"HeroicMonk","floor":4},{"not_picked":["ShedSkin","RedEyes"],"picked":"SKIP","floor":4},{"not_picked":["ShedSkin","RedEyes"],"picked":"SKIP","floor":4},{"not_picked":["SomewhereSpear"],"picked":"LifeForTheDareDevil","floor":7},{"not_picked":["TodaysExpression","Wingbeat"],"picked":"SKIP","floor":7},{"not_picked":["MeatLantern","WallGazer"],"picked":"CrumblingArmor","floor":12},{"not_picked":["Noise"],"picked":"Regret_ego","floor":12},{"not_picked":["OSAHOGD","Bloodbath"],"picked":"BlackSwan","floor":13},{"not_picked":["Tough"],"picked":"Amita","floor":13},{"not_picked":["SomewhereSpear"],"picked":"Laetitia_ego","floor":14}],"player_experience":27882,"relics_obtained":[{"floor":1,"key":"LetterFromLob"},{"floor":5,"key":"Boot"}],"event_choices":[{"damage_healed":0,"gold_gain":75,"player_choice":"Gather Gold","damage_taken":11,"max_hp_gain":0,"max_hp_loss":0,"event_name":"World of Goop","floor":3,"gold_loss":0},{"damage_healed":0,"gold_gain":0,"player_choice":"Take Wound","damage_taken":0,"relics_obtained":["Golden Idol"],"max_hp_gain":0,"max_hp_loss":0,"event_name":"Golden Idol","floor":8,"gold_loss":0,"cards_obtained":["Injury"]}],"is_beta":false,"boss_relics":[],"items_purged_floors":[10],"is_endless":false,"potions_floor_spawned":[1,7,13,14],"killed_by":"The Guardian","ascension_level":0}}