{"host":"wkcoec525dnrk4jw","time":1610186416,"event":{"mods":["BaseMod","Conspire","Lobotomy","Minty Spire (QoL Compilation)","Quick Restart","Replay The Spire","Shop Mod","StSLib","TestMod","The Bug Knight","The Cursed","[IsaacMod]ÒÔÈö¼âËþ","vexMod","¡¾ÒÅÎï¿¨ÅÆ¡¿REMEMod"],"gold_per_floor":[362,362,362,380,403,428,428,100,100,26,52,52,52,52],"floor_reached":13,"playtime":298,"items_purged":[],"score":160,"play_id":"d619d5cf-4a8f-475e-802a-7e45315648fa","local_time":"20210109180016","is_ascension_mode":true,"campfire_choices":[{"data":"Hyperbeam","floor":7,"key":"SMITH"}],"circlet_count":0,"master_deck":["Strike_B","Strike_B","Strike_B","Strike_B","Defend_B","Defend_B","Defend_B","Defend_B","Zap","Dualcast","Hyperbeam+1","Melter","testmod-Recap","Turbo","White Noise","Conserve Battery"],"relics":["Cracked Core","HushsDoor","testmod-TestBox","REME_ComplimentaryCards","testmod-EnergyCheck","DeadEye","Toy Ornithopter","TheBean","Blue Doll","Smiling Mask","DataDisk","vexMod:MemoryStick"],"acts_visited":["Exordium"],"potions_floor_usage":[4],"damage_taken":[{"damage":0.0,"enemies":"Small Slimes","floor":1.0,"turns":2.0},{"damage":7,"enemies":"Jaw Worm","floor":4,"turns":2},{"damage":0,"enemies":"3 Sentries","floor":6,"turns":1},{"damage":21,"enemies":"Lagavulin","floor":11,"turns":5},{"damage":0,"enemies":"3 Sentries","floor":13,"turns":1}],"seed_played":"-4191427302764283356","potions_obtained":[{"floor":2,"key":"BlessingOfTheForge"},{"floor":4,"key":"REME_GoldPotion"},{"floor":6,"key":"Languid Potion"}],"is_trial":false,"path_per_floor":["M","?","?","M","T","E","R","$","T","$","E","T","E"],"character_chosen":"DEFECT","items_purchased":["testmod-Recap","Blue Doll","Turbo","White Noise"],"campfire_rested":0,"item_purchase_floors":[8,8,10,10],"current_hp_per_floor":[68,68,61,54,54,54,54,54,54,54,33,33,33,33],"gold":52,"neow_bonus":"TWO_FIFTY_GOLD","is_daily":false,"chose_seed":false,"campfire_upgraded":1,"win_rate":0.0,"timestamp":1610186416,"path_taken":["M","?","?","?","?","E","R","?","T","$","E","?","E"],"items_purchased_type":["Card","Relic","Card","Card"],"build_version":"2020-12-22","purchased_purges":0,"victory":false,"max_hp_per_floor":[75,75,75,75,75,75,75,75,75,75,75,75,75,75],"card_choices":[{"not_picked":[],"picked":"Bomb","floor":0.0},{"not_picked":["Go for the Eyes","Redo","Cold Snap"],"picked":"SKIP","floor":1.0},{"not_picked":["Hologram","REME_ForAll"],"picked":"Melter","floor":4},{"not_picked":["Go for the Eyes","REME_SelfUpgrade","REME_ForAll"],"picked":"SKIP","floor":6},{"not_picked":["Go for the Eyes","Beam Cell"],"picked":"Conserve Battery","floor":11}],"player_experience":216046,"relics_obtained":[{"floor":5,"key":"Toy Ornithopter"},{"floor":6,"key":"TheBean"},{"floor":9,"key":"Smiling Mask"},{"floor":11,"key":"DataDisk"},{"floor":12,"key":"vexMod:MemoryStick"}],"event_choices":[{"cards_removed":["vexMod:UltimateCard"],"damage_healed":0,"gold_gain":0,"player_choice":"Card Removal","damage_taken":7,"max_hp_gain":0,"max_hp_loss":0,"event_name":"Golden Wing","floor":3,"gold_loss":0}],"is_beta":false,"boss_relics":[],"items_purged_floors":[],"is_endless":false,"potions_floor_spawned":[4,6],"killed_by":"3 Sentries","ascension_level":8}}