{"host":"ormi09wwzv7sq47a","time":1610171092,"event":{"mods":["2.2 Compatiblity","AchievementEnabler","Act Like it!","BaseMod","Bestiary","Better Altar","Better Note","Better Sensory Stone","Better Skull","Better Third Choice","Better Vampires","BetterRewards","Block Reminder","Card Forge","Colored Map","Colored Powertips","Curses Come First","DeckTracker","Downfall","Highlight Path","Minty Spire (QoL Compilation)","Permanent Neow","Quick Restart","Rare Cards Sparkle","Relic Stats","Shop Mod","StSLib","The Jungle"],"gold_per_floor":[49,49,49,49,92,145,145,219,219,253,253,21,21,56,56,206,206,244,244,287,328,21,21,90,90,90,90,123,143,181,181,181,331,331,345,368,206,206,220,268,324,324,348,388,437,437,94,135,135,160,160,160,6,62,87],"floor_reached":56,"playtime":3458,"items_purged":["Slimebound:Tackle","Slimebound:Strike_Slimebound","Slimebound:Strike_Slimebound","Slimebound:Defend_Slimebound","Slimebound:Grow","Slimebound:HungryTackle"],"score":2244,"play_id":"85ec5c09-373d-4d2d-826e-ba3150319685","local_time":"20210109034452","is_ascension_mode":true,"campfire_choices":[{"floor":7.0,"key":"REST"},{"data":"Slimebound:Split","floor":11.0,"key":"SMITH"},{"data":"Slimebound:GoopSpray","floor":13.0,"key":"SMITH"},{"data":"HandOfGreed","floor":15.0,"key":"SMITH"},{"data":"Sadistic Nature","floor":23.0,"key":"SMITH"},{"data":"Slimebound:DouseInSlime","floor":25.0,"key":"SMITH"},{"data":"Slimebound:CorrosiveSpit","floor":27.0,"key":"SMITH"},{"data":"Slimebound:HauntingLick","floor":32.0,"key":"SMITH"},{"data":"Slimebound:SamplingLick","floor":42.0,"key":"SMITH"},{"floor":46.0,"key":"RECALL"},{"data":"Slimebound:LeechEnergy","floor":49.0,"key":"SMITH"},{"data":"expansioncontent:DashGenerateEvil","floor":52.0,"key":"SMITH"}],"circlet_count":0,"master_deck":["Slimebound:Split+1","Slimebound:CorrosiveSpit+1","HandOfGreed+1","Slimebound:ProtectTheBoss","Slimebound:GrowthPunch+1","Slimebound:HauntingLick+1","Slimebound:LeechingTouch+1","Slimebound:SamplingLick+1","Slimebound:SpikyOuterGoop","Slimebound:ProtectTheBoss","Slimebound:GoopSpray+1","Slimebound:DouseInSlime+1","Slimebound:AcidTongue+1","Slimebound:Prepare+1","Whirlwind+1","Sadistic Nature+1","Slimebound:SpikyOuterGoop","Slimebound:OozeBath","Slimebound:WasteNot","Slimebound:RejuvenatingLick+1","expansioncontent:DashGenerateEvil+1","Slimebound:LeechEnergy+1"],"relics":["Slimebound:AbsorbEndCombat","Hammer of Thor","Seething Fire","Anvil of the Gods","CaptainsWheel","Membership Card","Lizard Tail","Unceasing Top","Golden Idol","Gremlin Horn","Calipers","Slimebound:MaxSlimesRelic","Ancient Tea Set","Letter Opener","Astrolabe","Peace Pipe","Bottled Lightning","Centennial Puzzle","Boot","Blood Vial","White Beast Statue","SacredBark","Bag of Preparation","StrikeDummy","Lantern","Art of War","Orichalcum","Whetstone","Toolbox","Blue Candle"],"acts_visited":["Exordium","TheCity","TheBeyond","TheEnding"],"potions_floor_usage":[55,55,55],"damage_taken":[{"damage":16.0,"enemies":"Small Slimes","floor":1.0,"turns":2.0},{"damage":13.0,"enemies":"Jaw Worm","floor":5.0,"turns":2.0},{"damage":22.0,"enemies":"Gremlin Nob","floor":6.0,"turns":5.0},{"damage":20.0,"enemies":"3 Sentries","floor":8.0,"turns":7.0},{"damage":8.0,"enemies":"Lagavulin","floor":10.0,"turns":5.0},{"damage":12.0,"enemies":"Cultist","floor":14.0,"turns":4.0},{"damage":18.0,"enemies":"The Guardian","floor":16.0,"turns":10.0},{"damage":37.0,"enemies":"Chosen","floor":18.0,"turns":5.0},{"damage":20.0,"enemies":"3 Byrds","floor":20.0,"turns":3.0},{"damage":27.0,"enemies":"Centurion and Healer","floor":21.0,"turns":5.0},{"damage":16.0,"enemies":"Gremlin Leader","floor":24.0,"turns":3.0},{"damage":70.0,"enemies":"Slavers","floor":28.0,"turns":4.0},{"damage":16.0,"enemies":"3 Cultists","floor":29.0,"turns":3.0},{"damage":16.0,"enemies":"Gremlin Leader","floor":30.0,"turns":3.0},{"damage":17.0,"enemies":"Collector","floor":33.0,"turns":6.0},{"damage":12.0,"enemies":"3 Darklings","floor":35.0,"turns":2.0},{"damage":33.0,"enemies":"Orb Walker","floor":36.0,"turns":3.0},{"damage":24.0,"enemies":"Writhing Mass","floor":39.0,"turns":4.0},{"damage":23.0,"enemies":"4 Shapes","floor":40.0,"turns":3.0},{"damage":13.0,"enemies":"Giant Head","floor":41.0,"turns":6.0},{"damage":14.0,"enemies":"Nemesis","floor":44.0,"turns":5.0},{"damage":12.0,"enemies":"Maw","floor":45.0,"turns":6.0},{"damage":20.0,"enemies":"Jaw Worm Horde","floor":48.0,"turns":2.0},{"damage":48.0,"enemies":"Time Eater","floor":50.0,"turns":10.0},{"damage":47.0,"enemies":"Shield and Spear","floor":54.0,"turns":6.0},{"damage":62,"enemies":"The Heart","floor":55,"turns":6}],"seed_played":"-667970948116276418","potions_obtained":[{"floor":6.0,"key":"Fire Potion"},{"floor":8.0,"key":"SkillPotion"},{"floor":21.0,"key":"sneckomod:MuddlingPotion"},{"floor":28.0,"key":"PowerPotion"},{"floor":30.0,"key":"BlessingOfTheForge"},{"floor":33.0,"key":"Strength Potion"},{"floor":35.0,"key":"Energy Potion"},{"floor":36.0,"key":"PowerPotion"},{"floor":39.0,"key":"PowerPotion"},{"floor":40.0,"key":"SteroidPotion"},{"floor":41.0,"key":"Block Potion"},{"floor":44.0,"key":"LiquidBronze"},{"floor":45.0,"key":"LiquidBronze"},{"floor":54.0,"key":"Swift Potion"}],"is_trial":false,"path_per_floor":["M","?","?","?","M","E","R","E","T","E","R","$","R","M","R","B",null,"M","?","M","M","$","R","E","R","T","R","E","M","E","T","R","B",null,"M","M","$","?","M","M","E","R","T","E","M","R","$","M","R","B",null,"R","$","E","B",null],"character_chosen":"SLIMEBOUND","items_purchased":["Slimebound:Grow","Membership Card","Unceasing Top","HandOfGreed","Slimebound:ProtectTheBoss","Slimebound:HungryTackle","BlessingOfTheForge","Letter Opener","Slimebound:ProtectTheBoss","Slimebound:GoopSpray","Sadistic Nature","Peace Pipe","Bag of Preparation","expansioncontent:DashGenerateEvil","Art of War","Orichalcum","Whetstone","Toolbox"],"campfire_rested":1,"item_purchase_floors":[0,0,0,0,0,0,0,12,12,12,22,22,37,47,47,47,53,53],"current_hp_per_floor":[42,47,47,31,28,16,35,27,27,31,31,31,31,37,37,47,61,47,47,49,54,54,54,62,62,62,62,20,28,36,36,36,53,62,65,58,58,58,62,65,65,65,65,65,65,65,65,65,65,51,62,62,62,41,19],"gold":87,"neow_bonus":"","is_daily":false,"chose_seed":false,"campfire_upgraded":10,"win_rate":0.0,"timestamp":1610171092,"path_taken":["M","?","?","?","M","E","R","E","T","E","R","$","R","M","R","BOSS","M","?","M","?","$","R","E","R","T","R","E","M","E","?","R","BOSS","M","M","$","?","?","M","E","R","T","E","M","R","?","M","R","BOSS","R","$","E","BOSS"],"items_purchased_type":["Card","Relic","Relic","Card","Card","Card","Potion","Relic","Card","Card","Card","Relic","Relic","Card","Relic","Relic","Relic","Relic"],"build_version":"2020-12-22","purchased_purges":6,"victory":true,"max_hp_per_floor":[60,65,65,65,65,65,65,65,65,65,65,65,65,65,65,65,65,65,65,65,65,65,65,65,65,65,65,65,65,65,65,65,65,65,65,65,65,65,65,65,65,65,65,65,65,65,65,65,65,65,65,65,65,65,65],"relic_stats":{"Gremlin Horn":[23,23],"counters":[99,439],"Golden Idol":211,"Astrolabe":["Slimebound:Grow","Slimebound:LivingWall","Slimebound:SelfFormingGoo","Slimebound:SplitBruiser","Slimebound:AcidTongue","Slimebound:Prepare"],"Blue Candle":[0],"Bag of Preparation":[18],"Letter Opener":[854],"Whetstone":["Slimebound:GrowthPunch","Slimebound:LeechingTouch"],"Orichalcum":[12],"Boot":[3],"Peace Pipe":0,"Blood Vial":56,"Lizard Tail":0,"Centennial Puzzle":[43],"Art of War":[2],"obtain_stats":[{"Calipers":8,"Gremlin Horn":6,"Vajra":48,"Hammer of Thor":0,"Whetstone":23,"Boot":28,"Old Coin":10,"Sozu":17,"Blood Vial":41,"Lizard Tail":0,"Centennial Puzzle":26,"Philosopher\u0027s Stone":34,"Prayer Wheel":36,"MealTicket":43,"Kunai":38,"Toxic Egg 2":11,"Slimebound:AggressiveSlimeRelic":38,"MerchantsRug":38,"Pear":20,"Blue Candle":10,"Astrolabe":17,"Oddly Smooth Stone":27,"Eternal Feather":6,"Letter Opener":0,"War Paint":4,"Akabeko":9,"Anvil of the Gods":0,"Bronze Scales":47,"Bird Faced Urn":54,"Molten Egg 2":26,"StrikeDummy":25,"Unceasing Top":0,"Meat on the Bone":48,"Regal Pillow":0,"Lantern":3,"SacredBark":34,"StoneCalendar":24,"Incense Burner":0,"Bag of Preparation":37,"Empty Cage":17,"Ancient Tea Set":10,"ClockworkSouvenir":38,"Nunchaku":12,"Matryoshka":26,"TheAbacus":47,"Slimebound:MaxSlimesRelic":9,"Gambling Chip":12,"Toolbox":53,"InkBottle":11,"Golden Idol":3,"Seething Fire":0,"Odd Mushroom":14,"Orichalcum":47,"Medical Kit":0,"White Beast Statue":8,"Peace Pipe":22,"CaptainsWheel":0,"Ornamental Fan":9,"Turnip":42,"Slimebound:AbsorbEndCombat":0,"Bag of Marbles":3,"Coffee Dripper":34,"Art of War":47,"Membership Card":0,"Bottled Lightning":41,"hexamod:BolsterEngine":26,"FossilizedHelix":0},{"Calipers":77,"Gremlin Horn":76,"Vajra":41,"Hammer of Thor":0,"Whetstone":30,"Boot":85,"Old Coin":23,"Sozu":10,"Blood Vial":39,"Lizard Tail":73,"Centennial Puzzle":84,"Philosopher\u0027s Stone":35,"Prayer Wheel":37,"MealTicket":39,"Kunai":38,"Toxic Egg 2":23,"Slimebound:AggressiveSlimeRelic":38,"MerchantsRug":38,"Pear":12,"Blue Candle":50,"Astrolabe":53,"Oddly Smooth Stone":32,"Eternal Feather":4,"Letter Opener":18,"War Paint":2,"Akabeko":5,"Anvil of the Gods":0,"Bronze Scales":69,"Bird Faced Urn":72,"Molten Egg 2":15,"StrikeDummy":31,"Unceasing Top":18,"Meat on the Bone":41,"Regal Pillow":18,"Lantern":20,"SacredBark":88,"StoneCalendar":57,"Incense Burner":0,"Bag of Preparation":90,"Empty Cage":26,"Ancient Tea Set":78,"ClockworkSouvenir":38,"Nunchaku":51,"Matryoshka":31,"TheAbacus":41,"Slimebound:MaxSlimesRelic":77,"Gambling Chip":24,"Toolbox":97,"InkBottle":6,"Golden Idol":2,"Seething Fire":0,"Odd Mushroom":9,"Orichalcum":95,"Medical Kit":0,"White Beast Statue":5,"Peace Pipe":83,"CaptainsWheel":73,"Ornamental Fan":22,"Turnip":67,"Slimebound:AbsorbEndCombat":0,"Bag of Marbles":46,"Coffee Dripper":61,"Art of War":95,"Membership Card":18,"Bottled Lightning":66,"hexamod:BolsterEngine":57,"FossilizedHelix":44},{"Calipers":335,"Gremlin Horn":328,"Vajra":139,"Hammer of Thor":0,"Whetstone":105,"Boot":374,"Old Coin":85,"Sozu":45,"Blood Vial":132,"Lizard Tail":319,"Centennial Puzzle":370,"Philosopher\u0027s Stone":121,"Prayer Wheel":127,"MealTicket":132,"Kunai":129,"Toxic Egg 2":85,"Slimebound:AggressiveSlimeRelic":129,"MerchantsRug":129,"Pear":52,"Blue Candle":181,"Astrolabe":198,"Oddly Smooth Stone":110,"Eternal Feather":13,"Letter Opener":73,"War Paint":6,"Akabeko":19,"Anvil of the Gods":0,"Bronze Scales":289,"Bird Faced Urn":311,"Molten Egg 2":59,"StrikeDummy":108,"Unceasing Top":73,"Meat on the Bone":139,"Regal Pillow":73,"Lantern":77,"SacredBark":386,"StoneCalendar":219,"Incense Burner":0,"Bag of Preparation":391,"Empty Cage":95,"Ancient Tea Set":340,"ClockworkSouvenir":129,"Nunchaku":186,"Matryoshka":108,"TheAbacus":139,"Slimebound:MaxSlimesRelic":335,"Gambling Chip":89,"Toolbox":427,"InkBottle":25,"Golden Idol":6,"Seething Fire":0,"Odd Mushroom":35,"Orichalcum":415,"Medical Kit":0,"White Beast Statue":19,"Peace Pipe":367,"CaptainsWheel":319,"Ornamental Fan":81,"Turnip":279,"Slimebound:AbsorbEndCombat":0,"Bag of Marbles":164,"Coffee Dripper":245,"Art of War":415,"Membership Card":73,"Bottled Lightning":274,"hexamod:BolsterEngine":219,"FossilizedHelix":156}],"Unceasing Top":[7]},"card_choices":[{"not_picked":["Slimebound:BestDefense","Slimebound:LeechingTouch"],"picked":"Slimebound:GrowthPunch","floor":1.0},{"not_picked":["Slimebound:ComboTackle","Slimebound:FlameTackle"],"picked":"Slimebound:HauntingLick","floor":5.0},{"not_picked":["Slimebound:DuplicatedForm","Slimebound:ViciousTackle"],"picked":"Slimebound:LeechingTouch","floor":6.0},{"not_picked":["Slimebound:SplitAcid","Slimebound:Nibble"],"picked":"Slimebound:SamplingLick","floor":8.0},{"not_picked":["Slimebound:FinishingTackle","Slimebound:GoopTackle"],"picked":"Slimebound:SpikyOuterGoop","floor":10.0},{"not_picked":["Slimebound:ProtectTheBoss","Slimebound:DisruptingSlam","Slimebound:GoopSpray"],"picked":"SKIP","floor":14.0},{"not_picked":["Slimebound:Overexert","Slimebound:Teamwork"],"picked":"Slimebound:DouseInSlime","floor":16.0},{"not_picked":["Slimebound:ViciousTackle","Slimebound:Schlurp","Slimebound:GoopSpray"],"picked":"SKIP","floor":18.0},{"not_picked":["Slimebound:SplitAcid+1","Slimebound:Replication","Slimebound:LevelUp+1"],"picked":"SKIP","floor":20.0},{"not_picked":["Slimebound:SpikyOuterGoop","Slimebound:LevelUp","Slimebound:GoopSpray"],"picked":"SKIP","floor":21.0},{"not_picked":["Slimebound:ComboTackle","Slimebound:LevelUp+1","Slimebound:RollThrough"],"picked":"SKIP","floor":24.0},{"not_picked":["Slimebound:SplitBruiser","Slimebound:ComboTackle"],"picked":"Slimebound:SpikyOuterGoop","floor":28.0},{"not_picked":["Slimebound:ViciousTackle","Slimebound:Prepare"],"picked":"Slimebound:OozeBath","floor":29.0},{"not_picked":["Slimebound:SplitMire","Slimebound:RollThrough","Slimebound:LeadByExample+1"],"picked":"SKIP","floor":30.0},{"not_picked":["Slimebound:OozeBath","Slimebound:OneTwoCombo"],"picked":"Slimebound:WasteNot","floor":33.0},{"not_picked":["Slimebound:GrowthPunch","Slimebound:ViciousTackle","Slimebound:GoopTackle"],"picked":"SKIP","floor":35.0},{"not_picked":["Slimebound:PressTheAttack","Slimebound:ViciousTackle+1","Slimebound:LeadByExample"],"picked":"SKIP","floor":36.0},{"not_picked":["Slimebound:ProtectTheBoss","Slimebound:Repurpose","Slimebound:RollThrough+1"],"picked":"SKIP","floor":39.0},{"not_picked":["Slimebound:BestDefense","Slimebound:GrowthPunch+1","Slimebound:SplitLeeching"],"picked":"SKIP","floor":40.0},{"not_picked":["Slimebound:ComboTackle","Slimebound:WasteNot","Slimebound:SplitBruiser+1"],"picked":"SKIP","floor":41.0},{"not_picked":["Slimebound:FinishingTackle","Slimebound:ItLooksTasty"],"picked":"Slimebound:RejuvenatingLick+1","floor":44.0},{"not_picked":["Slimebound:LeechingTouch","Slimebound:PressTheAttack+1","Slimebound:SplitBruiser+1"],"picked":"SKIP","floor":45.0},{"not_picked":["Slimebound:Dissolve","Slimebound:SlimeBarrage+1"],"picked":"Slimebound:LeechEnergy","floor":48.0},{"not_picked":["Slimebound:ComboTackle","Slimebound:GoopSpray","Slimebound:FinishingTackle"],"picked":"SKIP","floor":54.0}],"player_experience":930305,"relics_obtained":[{"floor":6.0,"key":"Gremlin Horn"},{"floor":8.0,"key":"Calipers"},{"floor":9.0,"key":"Slimebound:MaxSlimesRelic"},{"floor":10.0,"key":"Ancient Tea Set"},{"floor":24.0,"key":"Bottled Lightning"},{"floor":26.0,"key":"Centennial Puzzle"},{"floor":28.0,"key":"Boot"},{"floor":30.0,"key":"Blood Vial"},{"floor":31.0,"key":"White Beast Statue"},{"floor":41.0,"key":"StrikeDummy"},{"floor":44.0,"key":"Lantern"},{"floor":54.0,"key":"Blue Candle"}],"event_choices":[{"damage_healed":0.0,"max_hp_gain":5.0,"max_hp_loss":0.0,"gold_gain":0.0,"event_name":"Big Fish","player_choice":"Donut","floor":2.0,"gold_loss":0.0,"damage_taken":0.0},{"cards_removed":["Slimebound:Strike_Slimebound"],"damage_healed":0.0,"max_hp_gain":0.0,"max_hp_loss":0.0,"gold_gain":0.0,"event_name":"Living Wall","player_choice":"Forget","floor":3.0,"gold_loss":0.0,"damage_taken":0.0},{"damage_healed":0.0,"max_hp_gain":0.0,"max_hp_loss":0.0,"gold_gain":0.0,"event_name":"Golden Idol","player_choice":"Take Damage","floor":4.0,"gold_loss":0.0,"damage_taken":16.0,"relics_obtained":["Golden Idol"]},{"cards_removed":["HandOfGreed"],"damage_healed":0.0,"max_hp_gain":0.0,"max_hp_loss":0.0,"gold_gain":0.0,"event_name":"betterNote:BetterNote","player_choice":"Take \u0026 Give","floor":19.0,"gold_loss":0.0,"damage_taken":0.0,"cards_obtained":["Whirlwind"]},{"cards_removed":["Slimebound:SplitBruiser"],"damage_healed":0.0,"max_hp_gain":0.0,"max_hp_loss":0.0,"gold_gain":0.0,"event_name":"Purifier","player_choice":"Purged","floor":38.0,"gold_loss":0.0,"damage_taken":0.0}],"is_beta":false,"boss_relics":[{"not_picked":["Busted Crown","Sozu"],"picked":"Astrolabe"},{"not_picked":["Runic Pyramid","SlaversCollar"],"picked":"SacredBark"}],"items_purged_floors":[0,0,12,22,37,47],"is_endless":false,"potions_floor_spawned":[6,8,21,28,30,33,35,36,39,40,41,44,45,48,54],"ascension_level":9}}