{"host":"i1ue3w889ogl1u8b","time":1610171402,"event":{"mods":["BaseMod","CapriCore","Downfall","Hermit","KinomotoSakuraMod(木之本樱)","Minty Spire (QoL Compilation)","Quick Restart","StSLib","The Construct","Yakumo Yukari mod","Yuyuko","【角色mod】十八桐人","篝火指南"],"gold_per_floor":[119,18,31,106,83,83,101,116,140,140,172,198,221,252,9,125,137,163,175,102,128,3,3,3,3,3],"floor_reached":25,"playtime":776,"items_purged":["Strike_B","Strike_B"],"score":223,"play_id":"05422deb-f861-4909-a859-0b3a0d84f838","local_time":"20210109135002","is_ascension_mode":true,"campfire_choices":[{"data":"Zap","floor":6.0,"key":"SMITH"},{"data":"Dualcast","floor":10.0,"key":"SMITH"},{"data":"Turbo","floor":23,"key":"SMITH"}],"circlet_count":0,"master_deck":["Strike_B","Strike_B","Defend_B","Defend_B","Defend_B","Defend_B","Zap+1","Dualcast+1","Multi-Cast","Turbo+1","Conserve Battery","Go for the Eyes","Ball Lightning","BootSequence","Lockon","Stack","Hologram","Sweeping Beam","Seek","Glacier","Loop"],"relics":["Cracked Core","Toy Ornithopter","MawBank","Pear","SacredBark","Omamori"],"acts_visited":["Exordium","TheCity"],"potions_floor_usage":[25,25,25],"damage_taken":[{"damage":7.0,"enemies":"Jaw Worm","floor":1.0,"turns":2.0},{"damage":1.0,"enemies":"Cultist","floor":3.0,"turns":3.0},{"damage":0.0,"enemies":"Small Slimes","floor":7.0,"turns":2.0},{"damage":14.0,"enemies":"Looter","floor":8.0,"turns":4.0},{"damage":24.0,"enemies":"Gremlin Nob","floor":11.0,"turns":4.0},{"damage":0.0,"enemies":"Blue Slaver","floor":12.0,"turns":2.0},{"damage":7.0,"enemies":"3 Louse","floor":13.0,"turns":3.0},{"damage":0.0,"enemies":"Looter","floor":14.0,"turns":2.0},{"damage":35.0,"enemies":"The Guardian","floor":16.0,"turns":12.0},{"damage":27.0,"enemies":"2 Thieves","floor":18.0,"turns":4.0},{"damage":18,"enemies":"Spheric Guardian","floor":21,"turns":5},{"damage":56,"enemies":"Gremlin Leader","floor":25,"turns":11}],"seed_played":"4410269987949104770","potions_obtained":[{"floor":7.0,"key":"DuplicationPotion"},{"floor":8.0,"key":"champ:CounterPotion"},{"floor":11.0,"key":"EntropicBrew"},{"floor":12.0,"key":"Block Potion"},{"floor":14.0,"key":"DistilledChaos"},{"floor":16.0,"key":"SkillPotion"}],"is_trial":false,"path_per_floor":["M","$","M","?","$","R","M","M","T","R","E","M","M","M","R","B",null,"M","?","?","M","$","R","?","E"],"character_chosen":"DEFECT","items_purchased":["Conserve Battery","Ball Lightning","Pear","Loop"],"campfire_rested":0,"item_purchase_floors":[2,5,15,22],"current_hp_per_floor":[68,68,67,60,60,60,60,46,46,46,22,22,15,15,25,10,85,58,58,58,40,40,40,40,0,0],"gold":3,"neow_bonus":"ONE_RANDOM_RARE_CARD","is_daily":false,"chose_seed":false,"campfire_upgraded":3,"win_rate":0.0,"timestamp":1610171402,"path_taken":["M","$","M","?","$","R","M","M","T","R","E","M","?","M","R","BOSS","M","?","?","M","$","R","?","E"],"items_purchased_type":["Card","Card","Relic","Card"],"build_version":"2020-12-22","purchased_purges":2,"victory":false,"max_hp_per_floor":[75,75,75,75,75,75,75,75,75,75,75,75,75,75,85,85,85,85,85,85,85,85,85,85,85,85],"card_choices":[{"not_picked":["Steam","Force Field"],"picked":"Turbo","floor":1.0},{"not_picked":["Hologram","Melter"],"picked":"Go for the Eyes","floor":3.0},{"not_picked":["Lockon","Sweeping Beam"],"picked":"BootSequence","floor":7.0},{"not_picked":["Leap","Consume"],"picked":"Lockon","floor":8.0},{"not_picked":["Streamline","Turbo"],"picked":"Stack","floor":11.0},{"not_picked":["Doom and Gloom","Conserve Battery"],"picked":"Hologram","floor":12.0},{"not_picked":["Beam Cell","Meteor Strike","Static Discharge"],"picked":"SKIP","floor":13.0},{"not_picked":["Static Discharge","Barrage"],"picked":"Sweeping Beam","floor":14.0},{"not_picked":["Machine Learning","Buffer"],"picked":"Seek","floor":16.0},{"not_picked":["Reprogram","Steam","Lockon"],"picked":"SKIP","floor":18.0},{"not_picked":["Ball Lightning","Steam+1"],"picked":"Glacier","floor":21}],"player_experience":318567,"relics_obtained":[{"floor":9.0,"key":"Toy Ornithopter"},{"floor":11.0,"key":"MawBank"}],"event_choices":[{"damage_healed":0.0,"max_hp_gain":0.0,"max_hp_loss":0.0,"gold_gain":75.0,"event_name":"FaceTrader","player_choice":"Touch","floor":4.0,"gold_loss":0.0,"damage_taken":7.0},{"damage_healed":0,"gold_gain":0,"player_choice":"Ignored","damage_taken":0,"max_hp_gain":0,"max_hp_loss":0,"event_name":"Cursed Tome","floor":19,"gold_loss":0},{"damage_healed":0,"gold_gain":0,"player_choice":"Obtained Relic","damage_taken":0,"relics_obtained":["Omamori"],"max_hp_gain":0,"max_hp_loss":0,"event_name":"Addict","floor":20,"gold_loss":85},{"damage_healed":0,"gold_gain":0,"player_choice":"Ignored","damage_taken":0,"max_hp_gain":0,"max_hp_loss":0,"event_name":"Vampires","floor":24,"gold_loss":0}],"is_beta":false,"boss_relics":[{"not_picked":["SlaversCollar","Busted Crown"],"picked":"SacredBark"}],"items_purged_floors":[2,22],"is_endless":false,"potions_floor_spawned":[7,8,11,12,14,16,21],"killed_by":"Gremlin Leader","ascension_level":2}}