{"host":"2se5dq1do2gp0x9k","time":1610166143,"event":{"mods":["AchievementEnabler","BaseMod","Block Reminder","Colored Map","Colored Powertips","Minty Spire (QoL Compilation)","Relic Stats","StSLib","SuperFastMode"],"gold_per_floor":[109,121,47,47,60,60,94,94,139,139,139,179,192,192,192,192,192],"floor_reached":16,"playtime":406,"items_purged":[],"score":189,"play_id":"3fec002f-f0e1-41c7-84f9-f2df5fe4d59e","local_time":"20210108202223","is_ascension_mode":true,"campfire_choices":[{"data":"EmptyFist","floor":6.0,"key":"SMITH"},{"floor":10.0,"key":"REST"},{"data":"EmptyFist","floor":15.0,"key":"SMITH"}],"circlet_count":0,"master_deck":["AscendersBane","Strike_P","Strike_P","Strike_P","Defend_P","Defend_P","Defend_P","Defend_P","Eruption","Vigilance","FlurryOfBlows","EmptyFist+1","FlurryOfBlows","Halt","CutThroughFate","InnerPeace","Judgement","EmptyFist+1","Halt"],"relics":["PureWater","NeowsBlessing","Bag of Marbles","Oddly Smooth Stone","Golden Idol","White Beast Statue","Ginger"],"acts_visited":["Exordium"],"potions_floor_usage":[16],"damage_taken":[{"damage":0.0,"enemies":"Jaw Worm","floor":1.0,"turns":1.0},{"damage":0.0,"enemies":"2 Louse","floor":2.0,"turns":2.0},{"damage":0.0,"enemies":"Cultist","floor":5.0,"turns":1.0},{"damage":44.0,"enemies":"3 Sentries","floor":7.0,"turns":10.0},{"damage":25.0,"enemies":"Lagavulin","floor":12.0,"turns":7.0},{"damage":0.0,"enemies":"Looter","floor":13.0,"turns":1.0},{"damage":16,"enemies":"Slime Boss","floor":16,"turns":5}],"seed_played":"-4078781078565831477","potions_obtained":[{"floor":13.0,"key":"Ambrosia"}],"is_trial":false,"path_per_floor":["M","M","$","?","M","R","E","?","T","R","?","E","M","T","R","B"],"character_chosen":"WATCHER","items_purchased":["FlurryOfBlows","Halt"],"campfire_rested":1,"item_purchase_floors":[3,3],"current_hp_per_floor":[61,61,61,61,61,61,17,17,17,37,37,12,12,12,12,0,0],"gold":192,"neow_bonus":"THREE_ENEMY_KILL","is_daily":false,"chose_seed":false,"campfire_upgraded":2,"win_rate":0.0,"timestamp":1610166143,"path_taken":["M","M","$","?","M","R","E","?","T","R","?","E","M","?","R","BOSS"],"items_purchased_type":["Card","Card"],"build_version":"2020-12-22","purchased_purges":0,"victory":false,"max_hp_per_floor":[68,68,68,68,68,68,68,68,68,68,62,62,62,62,62,62,62],"relic_stats":{"counters":[7,27],"Golden Idol":11,"Ginger":[0],"obtain_stats":[{"NeowsBlessing":0,"Golden Idol":11,"Oddly Smooth Stone":9,"Bag of Marbles":7,"Ginger":14,"PureWater":0,"White Beast Statue":12},{"NeowsBlessing":0,"Golden Idol":4,"Oddly Smooth Stone":4,"Bag of Marbles":4,"Ginger":6,"PureWater":0,"White Beast Statue":5},{"NeowsBlessing":0,"Golden Idol":14,"Oddly Smooth Stone":14,"Bag of Marbles":14,"Ginger":22,"PureWater":0,"White Beast Statue":21}]},"card_choices":[{"not_picked":["Crescendo","Collect"],"picked":"FlurryOfBlows","floor":1.0},{"not_picked":["Prostrate","Halt"],"picked":"EmptyFist","floor":2.0},{"not_picked":["Brilliance","BattleHymn"],"picked":"InnerPeace","floor":5.0},{"not_picked":["Protect","CutThroughFate"],"picked":"Judgement","floor":7.0},{"not_picked":["CutThroughFate","SashWhip"],"picked":"EmptyFist","floor":12.0},{"not_picked":["Evaluate","ConjureBlade"],"picked":"Halt","floor":13.0}],"player_experience":3809969,"relics_obtained":[{"floor":7.0,"key":"Bag of Marbles"},{"floor":9.0,"key":"Oddly Smooth Stone"},{"floor":12.0,"key":"White Beast Statue"},{"floor":14.0,"key":"Ginger"}],"event_choices":[{"damage_healed":0.0,"max_hp_gain":0.0,"max_hp_loss":0.0,"gold_gain":0.0,"cards_transformed":["Strike_P"],"event_name":"Living Wall","player_choice":"Change","floor":4.0,"gold_loss":0.0,"damage_taken":0.0,"cards_obtained":["CutThroughFate"]},{"damage_healed":0.0,"max_hp_gain":0.0,"max_hp_loss":0.0,"gold_gain":0.0,"event_name":"Shining Light","player_choice":"Ignored","floor":8.0,"gold_loss":0.0,"damage_taken":0.0},{"damage_healed":0.0,"max_hp_gain":0.0,"max_hp_loss":6.0,"gold_gain":0.0,"event_name":"Golden Idol","player_choice":"Lose Max HP","floor":11.0,"gold_loss":0.0,"damage_taken":0.0,"relics_obtained":["Golden Idol"]}],"is_beta":false,"boss_relics":[],"items_purged_floors":[],"is_endless":false,"potions_floor_spawned":[13],"killed_by":"Slime Boss","ascension_level":15}}