{"host":"q8niu1x2pgv94o1d","time":1610200976,"event":{"mods":["AchievementEnabler","BaseMod","Colored Map","Colored Powertips","Minty Spire (QoL Compilation)","StSLib"],"gold_per_floor":[114,126,51,65,65,65,82,82,82,97,107,131,131,143,143,238,238,252,252,452,463,328,360,360,391,391,391,391,409,142,159,159,263,263,282,282,58,158,168,196,207,207,207,207,207,207,222,222,222,222],"floor_reached":51,"playtime":3242,"items_purged":["Defend_P","Strike_P","Strike_P","Defend_P"],"score":765,"play_id":"7ed12a0d-0aee-48ea-a285-cc632d109382","local_time":"20210109150256","is_ascension_mode":true,"campfire_choices":[{"data":"Adaptation","floor":6.0,"key":"SMITH"},{"data":"Crescendo","floor":8.0,"key":"SMITH"},{"data":"Vigilance","floor":13.0,"key":"SMITH"},{"data":"EmptyBody","floor":15.0,"key":"SMITH"},{"data":"Blasphemy","floor":24.0,"key":"SMITH"},{"data":"BattleHymn","floor":27.0,"key":"SMITH"},{"floor":32.0,"key":"REST"},{"data":"LikeWater","floor":42.0,"key":"SMITH"},{"data":"Alpha","floor":44.0,"key":"SMITH"},{"floor":46.0,"key":"REST"},{"floor":49.0,"key":"REST"}],"circlet_count":0,"master_deck":["Strike_P","Strike_P","Defend_P","Eruption+1","Vigilance+1","Crescendo+1","Adaptation+1","Tantrum","EmptyFist","EmptyBody+1","Blasphemy+1","Meditate","RitualDagger","FearNoEvil","BattleHymn+1","InnerPeace+1","Finesse","Halt+1","Alpha+1","Madness","Madness","LikeWater+1","WaveOfTheHand+1","FlurryOfBlows+1"],"relics":["Cursed Key"],"acts_visited":["Exordium","TheCity","TheBeyond"],"potions_floor_usage":[50,50,50],"damage_taken":[{"damage":0.0,"enemies":"Cultist","floor":1.0,"turns":4.0},{"damage":2.0,"enemies":"2 Louse","floor":2.0,"turns":3.0},{"damage":6.0,"enemies":"Jaw Worm","floor":4.0,"turns":3.0},{"damage":0.0,"enemies":"2 Fungi Beasts","floor":7.0,"turns":2.0},{"damage":4.0,"enemies":"Blue Slaver","floor":10.0,"turns":2.0},{"damage":8.0,"enemies":"Red Slaver","floor":11.0,"turns":3.0},{"damage":0.0,"enemies":"The Mushroom Lair","floor":12.0,"turns":2.0},{"damage":0.0,"enemies":"3 Louse","floor":14.0,"turns":1.0},{"damage":16.0,"enemies":"The Guardian","floor":16.0,"turns":10.0},{"damage":0.0,"enemies":"Spheric Guardian","floor":18.0,"turns":3.0},{"damage":23.0,"enemies":"Chosen","floor":21.0,"turns":8.0},{"damage":16.0,"enemies":"Book of Stabbing","floor":23.0,"turns":4.0},{"damage":10.0,"enemies":"Gremlin Leader","floor":25.0,"turns":4.0},{"damage":0.0,"enemies":"Centurion and Healer","floor":29.0,"turns":3.0},{"damage":0.0,"enemies":"Cultist and Chosen","floor":31.0,"turns":4.0},{"damage":6.0,"enemies":"Collector","floor":33.0,"turns":6.0},{"damage":5.0,"enemies":"Orb Walker","floor":35.0,"turns":3.0},{"damage":7.0,"enemies":"3 Shapes","floor":39.0,"turns":3.0},{"damage":0.0,"enemies":"Reptomancer","floor":40.0,"turns":4.0},{"damage":14.0,"enemies":"Sphere and 2 Shapes","floor":41.0,"turns":7.0},{"damage":18.0,"enemies":"Transient","floor":47.0,"turns":5.0},{"damage":53,"enemies":"Awakened One","floor":50,"turns":9}],"seed_played":"-6930443425755015790","potions_obtained":[{"floor":1.0,"key":"BlessingOfTheForge"},{"floor":2.0,"key":"Energy Potion"},{"floor":4.0,"key":"AttackPotion"},{"floor":14.0,"key":"Regen Potion"},{"floor":25.0,"key":"SkillPotion"},{"floor":41.0,"key":"SpeedPotion"},{"floor":48.0,"key":"DuplicationPotion"}],"is_trial":false,"path_per_floor":["M","M","$","M","?","R","M","R","T","M","M","?","R","M","R","B",null,"M","?","?","M","$","E","R","E","T","R","?","M","$","M","R","B",null,"M","?","$","?","M","E","M","R","T","R","?","R","M","?","R","B",null],"character_chosen":"WATCHER","items_purchased":["BattleHymn","ColorlessPotion","Finesse","DuplicationPotion"],"campfire_rested":3,"item_purchase_floors":[22,30,30,37],"current_hp_per_floor":[72,70,70,64,64,64,64,64,64,60,52,52,52,52,52,36,72,72,66,66,43,43,39,39,29,29,29,29,29,29,29,50,44,72,67,58,58,58,51,51,37,37,37,37,37,58,40,40,61,8],"gold":222,"neow_bonus":"BOSS_RELIC","is_daily":false,"chose_seed":false,"campfire_upgraded":8,"win_rate":0.0,"timestamp":1610200976,"path_taken":["M","?","$","M","?","R","M","R","T","M","?","?","R","M","R","BOSS","M","?","?","?","$","E","R","E","T","R","?","?","$","M","R","BOSS","M","?","$","?","?","E","M","R","T","R","?","R","M","?","R","BOSS"],"items_purchased_type":["Card","Potion","Card","Potion"],"build_version":"2020-12-22","purchased_purges":4,"victory":true,"max_hp_per_floor":[72,72,72,72,72,72,72,72,72,72,72,72,72,72,72,72,72,72,72,72,72,72,72,72,72,72,72,72,72,72,72,72,72,72,72,72,72,72,72,72,72,72,72,72,72,72,72,72,72,72],"card_choices":[{"not_picked":["Vengeance","Perseverance","Indignation"],"picked":"SKIP","floor":1.0},{"not_picked":["Fasting2","Protect"],"picked":"Crescendo","floor":2.0},{"not_picked":["Crescendo","WreathOfFlame"],"picked":"Adaptation","floor":4.0},{"not_picked":["BowlingBash","Vengeance"],"picked":"Tantrum","floor":7.0},{"not_picked":["CutThroughFate","FlurryOfBlows"],"picked":"EmptyFist","floor":10.0},{"not_picked":["Prostrate","Collect","PathToVictory"],"picked":"SKIP","floor":11.0},{"not_picked":["MasterReality","PathToVictory"],"picked":"EmptyBody","floor":14.0},{"not_picked":["Alpha","SpiritShield"],"picked":"Blasphemy","floor":16.0},{"not_picked":["MentalFortress+1","Halt"],"picked":"Meditate","floor":18.0},{"not_picked":["BowlingBash","WreathOfFlame"],"picked":"FearNoEvil","floor":21.0},{"not_picked":["WheelKick","ClearTheMind","Wish"],"picked":"SKIP","floor":23.0},{"not_picked":["Conclude","WheelKick","SignatureMove"],"picked":"SKIP","floor":25.0},{"not_picked":["EmptyBody","FearNoEvil"],"picked":"InnerPeace+1","floor":29.0},{"not_picked":["Consecrate","Evaluate"],"picked":"Halt+1","floor":31.0},{"not_picked":["LessonLearned","Vault"],"picked":"Alpha","floor":33.0},{"not_picked":["Fasting2+1","ClearTheMind","Consecrate+1"],"picked":"SKIP","floor":35.0},{"not_picked":["Pray+1","ForeignInfluence+1"],"picked":"LikeWater","floor":39.0},{"not_picked":["Prostrate","Worship+1"],"picked":"WaveOfTheHand+1","floor":40.0},{"not_picked":["SandsOfTime","TalkToTheHand"],"picked":"FlurryOfBlows+1","floor":41.0},{"not_picked":["FlyingSleeves+1","Vault","EmptyFist+1"],"picked":"SKIP","floor":47.0}],"player_experience":1764953,"relics_obtained":[],"event_choices":[{"damage_healed":0.0,"max_hp_gain":0.0,"max_hp_loss":0.0,"gold_gain":0.0,"event_name":"Accursed Blacksmith","player_choice":"Forge","floor":5.0,"gold_loss":0.0,"damage_taken":0.0,"cards_upgraded":["Eruption"]},{"damage_healed":0.0,"max_hp_gain":0.0,"max_hp_loss":0.0,"gold_gain":0.0,"event_name":"Mushrooms","player_choice":"Fought Mushrooms","floor":12.0,"gold_loss":0.0,"damage_taken":0.0},{"damage_healed":0.0,"max_hp_gain":0.0,"max_hp_loss":0.0,"gold_gain":0.0,"event_name":"Nest","player_choice":"Joined the Cult","floor":19.0,"gold_loss":0.0,"damage_taken":6.0,"cards_obtained":["RitualDagger"]},{"damage_healed":0.0,"max_hp_gain":0.0,"max_hp_loss":0.0,"gold_gain":250.0,"event_name":"The Joust","player_choice":"Bet on Owner","floor":20.0,"gold_loss":50.0,"damage_taken":0.0},{"damage_healed":0.0,"max_hp_gain":0.0,"max_hp_loss":0.0,"gold_gain":0.0,"event_name":"FaceTrader","player_choice":"Leave","floor":28.0,"gold_loss":0.0,"damage_taken":0.0},{"damage_healed":0.0,"max_hp_gain":0.0,"max_hp_loss":0.0,"gold_gain":0.0,"event_name":"Winding Halls","player_choice":"Embrace Madness","floor":36.0,"gold_loss":0.0,"damage_taken":9.0,"cards_obtained":["Madness","Madness"]},{"damage_healed":0.0,"max_hp_gain":0.0,"max_hp_loss":0.0,"gold_gain":100.0,"event_name":"Golden Shrine","player_choice":"Pray","floor":38.0,"gold_loss":0.0,"damage_taken":0.0},{"cards_removed":["Defend_P"],"damage_healed":0.0,"max_hp_gain":0.0,"max_hp_loss":0.0,"gold_gain":0.0,"event_name":"Falling","player_choice":"Removed Skill","floor":45.0,"gold_loss":0.0,"damage_taken":0.0},{"damage_healed":0.0,"max_hp_gain":0.0,"max_hp_loss":0.0,"gold_gain":0.0,"event_name":"Lab","player_choice":"Got Potions","floor":48.0,"gold_loss":0.0,"damage_taken":0.0}],"is_beta":false,"boss_relics":[{"not_picked":["Velvet Choker","Runic Dome","Astrolabe"]},{"not_picked":["Velvet Choker","Runic Dome","Astrolabe"]}],"items_purged_floors":[3,22,30,37],"is_endless":false,"potions_floor_spawned":[1,2,4,14,21,25,31,41,47],"ascension_level":1}}