{"host":"lg1piimdyocafd6j","time":1610202290,"event":{"mods":["AchievementEnabler","BaseMod","Better Third Choice","BetterRewards","Colored Map","Colored Powertips","Downfall","Minty Spire (QoL Compilation)","Quick Restart","Rare Cards Sparkle","Remove Card Discount Mod","Shop Mod","StSLib","SuperFastMode"],"gold_per_floor":[117,115,115,134,309,342,361,361,361,391,402,402,477,491,491,593,593,593,593],"floor_reached":18,"playtime":785,"items_purged":["Strike_G","Neutralize","Defend_G","Strike_G","Defend_G","Strike_G"],"score":170,"play_id":"7fa1d6dd-89f5-412d-a946-45553fe1bc01","local_time":"20210109152450","is_ascension_mode":false,"campfire_choices":[{"floor":12,"key":"RECALL"},{"floor":15,"key":"REST"}],"circlet_count":0,"master_deck":["Strike_G","Strike_G","Defend_G","Defend_G","Defend_G","Survivor","Sadistic Nature","Poisoned Stab","Blade Dance","Burst","Slice+1","All Out Attack+1","Doubt","Deadly Poison","Crippling Poison","Deadly Poison","After Image"],"relics":["Ring of the Snake","Juzu Bracelet","Molten Egg 2","Letter Opener","Toy Ornithopter","Boot","SlaversCollar"],"acts_visited":["Exordium","TheCity"],"potions_floor_usage":[],"damage_taken":[{"damage":0,"enemies":"Jaw Worm","floor":1,"turns":5},{"damage":0,"enemies":"2 Louse","floor":4,"turns":2},{"damage":6,"enemies":"Gremlin Nob","floor":6,"turns":3},{"damage":0,"enemies":"Small Slimes","floor":7,"turns":1},{"damage":6,"enemies":"3 Sentries","floor":10,"turns":6},{"damage":2,"enemies":"Looter","floor":11,"turns":3},{"damage":0,"enemies":"3 Louse","floor":14,"turns":1},{"damage":1,"enemies":"Slime Boss","floor":16,"turns":7},{"damage":5,"enemies":"Spheric Guardian","floor":18,"turns":3}],"seed_played":"97242947793385895","potions_obtained":[{"floor":4,"key":"LiquidBronze"},{"floor":16,"key":"Explosive Potion"}],"is_trial":false,"path_per_floor":["M","$","?","M","?","E","M","T","T","E","M","R","?","M","R","B",null,"M"],"character_chosen":"THE_SILENT","items_purchased":["Sadistic Nature","Poisoned Stab","Juzu Bracelet","Blade Dance","Molten Egg 2","Burst"],"campfire_rested":1,"item_purchase_floors":[0,0,0,0,0,0],"current_hp_per_floor":[70,70,70,70,70,64,64,64,64,58,56,56,45,45,66,65,70,65,65],"gold":593,"neow_bonus":"","is_daily":false,"chose_seed":true,"campfire_upgraded":0,"win_rate":0.0,"timestamp":1610202290,"path_taken":["M","$","?","M","?","E","M","?","T","E","M","R","?","M","R","BOSS","M"],"items_purchased_type":["Card","Card","Relic","Card","Relic","Card"],"build_version":"2020-12-22","purchased_purges":6,"victory":false,"max_hp_per_floor":[70,70,70,70,70,70,70,70,70,70,70,70,70,70,70,70,70,70,70],"card_choices":[{"not_picked":["Reflex","Noxious Fumes"],"picked":"Slice+1","floor":1},{"not_picked":["Escape Plan","Backflip"],"picked":"All Out Attack+1","floor":4},{"not_picked":["Eviscerate+1","Distraction"],"picked":"Deadly Poison","floor":6},{"not_picked":["Choke+1","Tactician"],"picked":"Crippling Poison","floor":7},{"not_picked":["Riddle With Holes+1","Underhanded Strike+1","Flechettes+1"],"picked":"SKIP","floor":10},{"not_picked":["Acrobatics","Leg Sweep"],"picked":"Deadly Poison","floor":11},{"not_picked":["Choke+1","Endless Agony+1","Heel Hook+1"],"picked":"SKIP","floor":14},{"not_picked":["Die Die Die+1","Phantasmal Killer"],"picked":"After Image","floor":16}],"player_experience":115980,"relics_obtained":[{"floor":6,"key":"Letter Opener"},{"floor":9,"key":"Toy Ornithopter"},{"floor":10,"key":"Boot"}],"event_choices":[{"damage_healed":0,"gold_gain":0,"player_choice":"Leave","damage_taken":0,"max_hp_gain":0,"max_hp_loss":0,"event_name":"The Cleric","floor":3,"gold_loss":0},{"damage_healed":0,"gold_gain":175,"player_choice":"AGREE","damage_taken":134,"max_hp_gain":0,"max_hp_loss":0,"event_name":"betterThird:BetterSerpent","floor":5,"gold_loss":0},{"damage_healed":0,"gold_gain":75,"player_choice":"Gold","damage_taken":11,"max_hp_gain":0,"max_hp_loss":0,"event_name":"betterThird:BetterGoop","floor":13,"gold_loss":0}],"is_beta":false,"boss_relics":[{"not_picked":["Philosopher\u0027s Stone","Cursed Key"],"picked":"SlaversCollar"}],"items_purged_floors":[0,0,0,0,0,2],"is_endless":false,"potions_floor_spawned":[4,16],"killed_by":"Spheric Guardian","ascension_level":0}}