{"host":"qxeepl7ydvsgmfdb","time":1610167006,"event":{"mods":["AchievementEnabler","BaseMod","Colored Powertips","Minty Spire (QoL Compilation)","Quick Restart","slay the spire mod where everything is the same but ironclad has a cowboy hat"],"gold_per_floor":[116,116,116,132,146,180,180,255,255,290,301,45,45,61,61,191,191,205,130,143,143,143,143,143,143],"floor_reached":24,"playtime":575,"items_purged":["Injury"],"score":286,"play_id":"9f6c0e23-1fcc-482d-bfaf-31625848b209","local_time":"20210108233646","is_ascension_mode":true,"campfire_choices":[{"floor":7,"key":"REST"},{"floor":15,"key":"REST"},{"floor":23,"key":"REST"}],"circlet_count":0,"master_deck":["Strike_G","Strike_G","Strike_G","Defend_G","Defend_G","Defend_G","Defend_G","Survivor","Neutralize","Dagger Throw+1","Dagger Spray","Noxious Fumes","Flying Knee+1","Dagger Spray+1","Cloak And Dagger","Deadly Poison","Adrenaline","Catalyst+1","Grand Finale+1","Noxious Fumes+1","Deflect","Necronomicurse"],"relics":["Ring of the Snake","NeowsBlessing","Molten Egg 2","Snake Skull","Strawberry","Bottled Tornado","Golden Idol","Astrolabe","MutagenicStrength","Necronomicon"],"acts_visited":["Exordium","TheCity"],"potions_floor_usage":[10,10,20,24],"damage_taken":[{"damage":0,"enemies":"2 Louse","floor":1,"turns":1},{"damage":0,"enemies":"Cultist","floor":4,"turns":1},{"damage":0,"enemies":"Jaw Worm","floor":5,"turns":1},{"damage":37,"enemies":"Lagavulin","floor":6,"turns":7},{"damage":6,"enemies":"3 Sentries","floor":10,"turns":5},{"damage":10,"enemies":"Large Slime","floor":11,"turns":5},{"damage":6,"enemies":"3 Louse","floor":14,"turns":2},{"damage":41,"enemies":"The Guardian","floor":16,"turns":9},{"damage":16,"enemies":"3 Byrds","floor":18,"turns":4},{"damage":23,"enemies":"Shell Parasite","floor":20,"turns":4},{"damage":35,"enemies":"Book of Stabbing","floor":24,"turns":4}],"seed_played":"5978030625441392009","potions_obtained":[{"floor":4,"key":"FearPotion"},{"floor":5,"key":"FearPotion"},{"floor":6,"key":"PowerPotion"},{"floor":10,"key":"LiquidMemories"}],"is_trial":false,"path_per_floor":["M","?","$","M","M","E","R","?","T","E","M","$","?","M","R","B",null,"M","$","M","?","?","R","E"],"character_chosen":"THE_SILENT","items_purchased":["Bottled Tornado"],"campfire_rested":3,"item_purchase_floors":[12],"current_hp_per_floor":[63,63,63,63,63,26,47,36,36,37,27,27,27,21,44,3,59,43,43,20,20,4,27,0,0],"gold":143,"neow_bonus":"THREE_ENEMY_KILL","is_daily":false,"chose_seed":false,"campfire_upgraded":0,"win_rate":0.0,"timestamp":1610167006,"path_taken":["M","?","?","?","M","E","R","?","T","E","M","$","?","M","R","BOSS","M","$","M","?","?","R","E"],"items_purchased_type":["Relic"],"build_version":"2020-12-22","purchased_purges":1,"victory":false,"max_hp_per_floor":[70,70,70,70,70,70,70,70,70,77,77,77,77,77,77,77,77,77,77,77,77,77,77,77,77],"card_choices":[{"not_picked":["Quick Slash","PiercingWail"],"picked":"Dagger Throw","floor":1},{"not_picked":["Cloak And Dagger","Deflect"],"picked":"Dagger Spray","floor":4},{"not_picked":["Blur","Bane"],"picked":"Noxious Fumes","floor":5},{"not_picked":["Quick Slash+1","Backflip"],"picked":"Flying Knee+1","floor":6},{"not_picked":["Choke+1","Reflex"],"picked":"Dagger Spray+1","floor":10},{"not_picked":["Eviscerate+1","Masterful Stab+1"],"picked":"Cloak And Dagger","floor":11},{"not_picked":["Outmaneuver","Quick Slash+1"],"picked":"Deadly Poison","floor":14},{"not_picked":["Glass Knife+1","Grand Finale+1"],"picked":"Adrenaline","floor":16},{"not_picked":["Terror","Prepared+1","Bane+1"],"picked":"SKIP","floor":18},{"not_picked":["Underhanded Strike+1","Noxious Fumes+1"],"picked":"Deflect","floor":20}],"player_experience":400101,"relics_obtained":[{"floor":6,"key":"Molten Egg 2"},{"floor":9,"key":"Snake Skull"},{"floor":10,"key":"Strawberry"},{"floor":22,"key":"Necronomicon"}],"event_choices":[{"damage_healed":0,"gold_gain":0,"player_choice":"Upgraded","damage_taken":0,"max_hp_gain":0,"max_hp_loss":0,"event_name":"Upgrade Shrine","floor":2,"gold_loss":0,"cards_upgraded":["Dagger Throw"]},{"damage_healed":0,"gold_gain":75,"player_choice":"Gather Gold","damage_taken":11,"max_hp_gain":0,"max_hp_loss":0,"event_name":"World of Goop","floor":8,"gold_loss":0},{"damage_healed":0,"gold_gain":0,"player_choice":"Take Wound","damage_taken":0,"relics_obtained":["Golden Idol"],"max_hp_gain":0,"max_hp_loss":0,"event_name":"Golden Idol","floor":13,"gold_loss":0,"cards_obtained":["Injury"]},{"damage_healed":0,"gold_gain":0,"player_choice":"Inject Mutagens","damage_taken":0,"relics_obtained":["MutagenicStrength"],"max_hp_gain":0,"max_hp_loss":0,"event_name":"Drug Dealer","floor":21,"gold_loss":0},{"damage_healed":0,"gold_gain":0,"player_choice":"Obtained Book","damage_taken":16,"max_hp_gain":0,"max_hp_loss":0,"event_name":"Cursed Tome","floor":22,"gold_loss":0}],"is_beta":false,"boss_relics":[{"not_picked":["Pandora\u0027s Box","Cursed Key"],"picked":"Astrolabe"}],"items_purged_floors":[19],"is_endless":false,"potions_floor_spawned":[4,5,6,10],"killed_by":"Book of Stabbing","ascension_level":8}}