{"host":"z5p8ky8p1piqlk2p","time":1610226885,"event":{"mods":["BaseMod","Minty Spire (QoL Compilation)","Replay The Spire","StSLib"],"gold_per_floor":[116,135,144,44,44,44,78,92,119,147,173,173,208,231,231,231,231],"floor_reached":16,"playtime":862,"items_purged":["Regret"],"score":290,"play_id":"a3e48f9c-8e79-4c96-a98f-bf642eac42d1","local_time":"20210109161445","is_ascension_mode":true,"campfire_choices":[{"data":"All Out Attack","floor":6.0,"key":"SMITH"},{"floor":12.0,"key":"REST"},{"data":"Strike_G","floor":15,"key":"PURGE"}],"circlet_count":0,"master_deck":["AscendersBane","Strike_G","Strike_G","Strike_G","Strike_G","Defend_G","Defend_G","Defend_G","Defend_G","Defend_G","Survivor","Neutralize+1","Quick Slash","All Out Attack+1","Dagger Throw","Dagger Throw","Cloak And Dagger","Dodge and Roll","Poisoned Stab","Backflip"],"relics":["Ring of the Snake","NeowsBlessing","CeramicFish","Anchor","Smiling Mask","Strawberry"],"acts_visited":["Exordium"],"potions_floor_usage":[13,13],"damage_taken":[{"damage":0.0,"enemies":"2 Louse","floor":1.0,"turns":1.0},{"damage":0.0,"enemies":"Small Slimes","floor":2.0,"turns":1.0},{"damage":0.0,"enemies":"3 Sentries","floor":7.0,"turns":1.0},{"damage":0.0,"enemies":"Cultist","floor":8.0,"turns":2.0},{"damage":21.0,"enemies":"Gremlin Nob","floor":10.0,"turns":4.0},{"damage":12.0,"enemies":"Large Slime","floor":11.0,"turns":6.0},{"damage":9,"enemies":"Replay:BlueRogue","floor":13,"turns":7},{"damage":0,"enemies":"Blue Slaver","floor":14,"turns":3},{"damage":43,"enemies":"Hexaghost","floor":16,"turns":9}],"seed_played":"-3940310930372722452","potions_obtained":[{"floor":2.0,"key":"Energy Potion"},{"floor":10.0,"key":"Venom Potion"},{"floor":11.0,"key":"Dexterity Potion"}],"is_trial":false,"path_per_floor":["M","M","?","$","?","R","E","M","T","E","M","R","E","M","R","B"],"character_chosen":"THE_SILENT","items_purchased":["Dagger Throw"],"campfire_rested":1,"item_purchase_floors":[4],"current_hp_per_floor":[59,59,59,59,59,59,59,59,59,38,26,45,43,43,43,0,0],"gold":231,"neow_bonus":"THREE_ENEMY_KILL","is_daily":false,"chose_seed":false,"campfire_upgraded":1,"win_rate":0.0,"timestamp":1610226885,"path_taken":["M","M","?","$","?","R","E","M","T","E","?","R","E","M","R","BOSS"],"items_purchased_type":["Card"],"build_version":"2020-12-22","purchased_purges":1,"victory":false,"max_hp_per_floor":[66,66,66,66,66,66,66,66,66,66,66,66,73,73,73,73,73],"card_choices":[{"not_picked":["Dagger Spray","ReplayTheSpireMod:Tripwire"],"picked":"Quick Slash","floor":1.0},{"not_picked":["Cloak And Dagger","Sucker Punch"],"picked":"All Out Attack","floor":2.0},{"not_picked":["Dodge and Roll","Bullet Time"],"picked":"Cloak And Dagger","floor":7.0},{"not_picked":["Bane","Acrobatics","Expertise"],"picked":"SKIP","floor":8.0},{"not_picked":["Masterful Stab","Terror","Deflect"],"picked":"SKIP","floor":10.0},{"not_picked":["Eviscerate","Underhanded Strike"],"picked":"Dodge and Roll","floor":11.0},{"not_picked":["Blade Dance","Deflect"],"picked":"Poisoned Stab","floor":13},{"not_picked":["Blade Dance","Hidden Blade"],"picked":"Backflip","floor":14}],"player_experience":1183460,"relics_obtained":[{"floor":7.0,"key":"Anchor"},{"floor":10.0,"key":"Smiling Mask"},{"floor":13,"key":"Strawberry"}],"event_choices":[{"damage_healed":0.0,"max_hp_gain":0.0,"max_hp_loss":0.0,"gold_gain":0.0,"event_name":"Big Fish","player_choice":"Box","floor":3.0,"gold_loss":0.0,"damage_taken":0.0,"relics_obtained":["CeramicFish"],"cards_obtained":["Regret"]},{"damage_healed":0.0,"max_hp_gain":0.0,"max_hp_loss":0.0,"gold_gain":0.0,"event_name":"Upgrade Shrine","player_choice":"Upgraded","floor":5.0,"gold_loss":0.0,"damage_taken":0.0,"cards_upgraded":["Neutralize"]}],"is_beta":false,"boss_relics":[],"items_purged_floors":[4],"is_endless":false,"potions_floor_spawned":[2,10,11],"killed_by":"Hexaghost","ascension_level":20}}