{"host":"07e1k1rk6c4zn0bu","time":1610236115,"event":{"mods":["AchievementEnabler","BaseMod","Bestiary","Colored Map","Colored Powertips","DeckTracker","Minty Spire (QoL Compilation)"],"gold_per_floor":[119,119,119,11,24,65,65,78,147,166,186,361,31,54,54,174,237,257,257,276,301,61,61,61,86,86,86,105,105,129,129,129],"floor_reached":31,"playtime":1694,"items_purged":[],"score":264,"play_id":"d3cb1c52-5448-4873-8d06-b1d21c782189","local_time":"20210109184835","is_ascension_mode":false,"campfire_choices":[{"data":"Bane","floor":7,"key":"SMITH"},{"floor":15,"key":"REST"},{"data":"Transmutation","floor":23,"key":"SMITH"},{"data":"Corpse Explosion","floor":27,"key":"SMITH"},{"floor":29,"key":"REST"}],"circlet_count":0,"master_deck":["Strike_G","Strike_G","Strike_G","Strike_G","Strike_G","Defend_G","Defend_G","Defend_G","Defend_G+1","Defend_G","Survivor","Neutralize","PiercingWail+1","Predator","Escape Plan","Bane+1","Blur","Prepared","Bane+1","Deadly Poison","Doubt","Noxious Fumes","Transmutation+1","Bandage Up","Distraction","Corpse Explosion+1","Backflip","Masterful Stab","Catalyst","Deadly Poison","Chrysalis","Catalyst+1","Bane"],"relics":["Ring of the Snake","NeowsBlessing","Golden Idol","MealTicket","Bottled Flame","Tiny House","Anchor"],"acts_visited":["Exordium","TheCity"],"potions_floor_usage":[],"damage_taken":[{"damage":0,"enemies":"Jaw Worm","floor":1,"turns":1},{"damage":0,"enemies":"2 Louse","floor":5,"turns":2},{"damage":0,"enemies":"Lagavulin","floor":6,"turns":1},{"damage":6,"enemies":"Cultist","floor":8,"turns":4},{"damage":2,"enemies":"Looter","floor":10,"turns":4},{"damage":8,"enemies":"Lots of Slimes","floor":11,"turns":5},{"damage":11,"enemies":"Blue Slaver","floor":14,"turns":4},{"damage":30,"enemies":"Hexaghost","floor":16,"turns":9},{"damage":5,"enemies":"3 Byrds","floor":18,"turns":3},{"damage":26,"enemies":"2 Thieves","floor":20,"turns":3},{"damage":8,"enemies":"Snake Plant","floor":21,"turns":5},{"damage":12,"enemies":"Cultist and Chosen","floor":25,"turns":4},{"damage":21,"enemies":"Snecko","floor":28,"turns":4},{"damage":27,"enemies":"Sentry and Sphere","floor":30,"turns":6},{"damage":44,"enemies":"Book of Stabbing","floor":31,"turns":5}],"seed_played":"2003824357620630519","potions_obtained":[{"floor":5,"key":"SteroidPotion"},{"floor":10,"key":"SteroidPotion"},{"floor":11,"key":"Strength Potion"},{"floor":16,"key":"AttackPotion"},{"floor":28,"key":"CunningPotion"},{"floor":30,"key":"LiquidMemories"}],"is_trial":false,"path_per_floor":["M","?","?","$","M","E","R","M","T","M","M","?","$","M","R","B",null,"M","?","M","M","$","R","?","M","T","R","M","R","M","E"],"character_chosen":"THE_SILENT","items_purchased":["Predator","Escape Plan","Noxious Fumes","Transmutation","Bandage Up","Deadly Poison","Chrysalis"],"campfire_rested":2,"item_purchase_floors":[4,4,13,13,13,22,22],"current_hp_per_floor":[70,56,56,56,56,56,56,50,50,48,40,40,55,44,65,39,75,74,74,48,46,61,61,61,53,53,53,36,58,35,0,0],"gold":129,"neow_bonus":"THREE_ENEMY_KILL","is_daily":false,"chose_seed":false,"campfire_upgraded":3,"win_rate":0.0,"timestamp":1610236115,"path_taken":["M","?","?","?","M","E","R","M","T","?","M","?","$","M","R","BOSS","M","?","M","?","$","R","?","M","T","R","?","R","M","E"],"items_purchased_type":["Card","Card","Card","Card","Card","Card","Card"],"build_version":"2020-12-22","purchased_purges":0,"victory":false,"max_hp_per_floor":[70,70,70,70,70,70,70,70,70,70,70,70,70,70,70,70,75,75,75,75,75,75,75,75,75,75,75,75,75,75,75,75],"card_choices":[{"not_picked":["Dodge and Roll","Deflect"],"picked":"PiercingWail","floor":1},{"not_picked":["PiercingWail","Dagger Spray"],"picked":"Bane","floor":5},{"not_picked":["Endless Agony","Caltrops"],"picked":"Blur","floor":6},{"not_picked":["Die Die Die","Outmaneuver"],"picked":"Prepared","floor":8},{"not_picked":["Well Laid Plans","Flechettes"],"picked":"Bane","floor":10},{"not_picked":["Acrobatics","Slice"],"picked":"Deadly Poison","floor":11},{"not_picked":["Flying Knee","Blade Dance"],"picked":"Distraction","floor":14},{"not_picked":["Unload","Bullet Time"],"picked":"Corpse Explosion","floor":16},{"not_picked":["Acrobatics","Slice"],"picked":"Backflip","floor":17},{"not_picked":["Flying Knee+1","Bane"],"picked":"Masterful Stab","floor":18},{"not_picked":["Calculated Gamble+1","Riddle With Holes","Escape Plan"],"picked":"SKIP","floor":20},{"not_picked":["Blur","Outmaneuver"],"picked":"Catalyst","floor":21},{"not_picked":["Slice","Deflect"],"picked":"Catalyst+1","floor":25},{"not_picked":["PiercingWail","Dagger Throw","Leg Sweep+1"],"picked":"SKIP","floor":28},{"not_picked":["Dagger Spray","Predator"],"picked":"Bane","floor":30}],"player_experience":21373,"relics_obtained":[{"floor":6,"key":"MealTicket"},{"floor":9,"key":"Bottled Flame"},{"floor":26,"key":"Anchor"}],"event_choices":[{"damage_healed":0,"gold_gain":0,"player_choice":"Entered Light","damage_taken":14,"max_hp_gain":0,"max_hp_loss":0,"event_name":"Shining Light","floor":2,"gold_loss":0,"cards_upgraded":["Defend_G","PiercingWail"]},{"damage_healed":0,"gold_gain":0,"player_choice":"Take Wound","damage_taken":0,"relics_obtained":["Golden Idol"],"max_hp_gain":0,"max_hp_loss":0,"event_name":"Golden Idol","floor":3,"gold_loss":0,"cards_obtained":["Injury"]},{"damage_healed":0,"gold_gain":175,"player_choice":"AGREE","damage_taken":0,"max_hp_gain":0,"max_hp_loss":0,"event_name":"Liars Game","floor":12,"gold_loss":0,"cards_obtained":["Doubt"]},{"damage_healed":0,"gold_gain":0,"player_choice":"Got Potions","damage_taken":0,"max_hp_gain":0,"max_hp_loss":0,"event_name":"Lab","floor":19,"gold_loss":0},{"cards_removed":["Injury"],"damage_healed":0,"gold_gain":0,"player_choice":"Purged","damage_taken":0,"max_hp_gain":0,"max_hp_loss":0,"event_name":"Purifier","floor":24,"gold_loss":0}],"is_beta":false,"boss_relics":[{"not_picked":["Cursed Key","WristBlade"],"picked":"Tiny House"}],"items_purged_floors":[],"is_endless":false,"potions_floor_spawned":[5,10,11,14,16,28,30],"killed_by":"Book of Stabbing","ascension_level":0}}