{"host":"3nces2ajq3sg92g2","time":1610171451,"event":{"mods":["ATMod(°¢èªMod)","BaseMod","Colored Powertips","Conspire","Downfall","Minty Spire (QoL Compilation)","Shop Mod","StSLib","The Animator"],"gold_per_floor":[114,114,114,25,200,235,251,326,398,3,38,14,14,32,32,136,136,105,14,34,47,47,47,47,47],"floor_reached":24,"playtime":2137,"items_purged":["Doubt"],"score":252,"play_id":"5b4d1adc-309f-44db-9941-745132e0cb05","local_time":"20210109135051","is_ascension_mode":false,"campfire_choices":[{"floor":13.0,"key":"REST"},{"floor":15.0,"key":"DIG"},{"floor":23,"key":"REST"}],"circlet_count":0,"master_deck":["Strike_G","Strike_G+1","Strike_G","Strike_G","Strike_G","Defend_G","Defend_G","Defend_G+1","Defend_G","Defend_G","Survivor","Neutralize+1","Backflip","Distraction","PiercingWail","Endless Agony","Infinite Blades","Well Laid Plans","Outmaneuver","Flying Knee","Flying Knee","Deflect","Phantasmal Killer","CurseOfTheBell","Blade Dance+1","Deflect+1","Flying Knee","Noxious Fumes","Slice+1","Flying Knee+1","Finisher","PiercingWail"],"relics":["Ring of the Snake","NeowsBlessing","Regal Pillow","Paper Crane","HandDrill","Shovel","Pen Nib","Calling Bell","Centennial Puzzle","InkBottle","Prayer Wheel"],"acts_visited":[],"potions_floor_usage":[24],"damage_taken":[{"damage":0.0,"enemies":"Small Slimes","floor":1.0,"turns":1.0},{"damage":0.0,"enemies":"Lagavulin","floor":6.0,"turns":1.0},{"damage":0.0,"enemies":"Jaw Worm","floor":7.0,"turns":1.0},{"damage":20.0,"enemies":"3 Sentries","floor":11.0,"turns":10.0},{"damage":0.0,"enemies":"2 Louse","floor":14.0,"turns":2.0},{"damage":52.0,"enemies":"Slime Boss","floor":16.0,"turns":17.0},{"damage":13.0,"enemies":"2 Thieves","floor":18.0,"turns":5.0},{"damage":14.0,"enemies":"Spheric Guardian","floor":20.0,"turns":8.0},{"damage":19,"enemies":"3 Cultists","floor":21,"turns":5},{"damage":50,"enemies":"Slavers","floor":24,"turns":5}],"seed_played":"-2312794634922579073","potions_obtained":[{"floor":7.0,"key":"SkillPotion"},{"floor":16.0,"key":"SkillPotion"}],"is_trial":false,"path_per_floor":["M","?","?","$","?","E","M","?","T","$","E","$","R","M","R","B",null,"M","$","M","M","?","R","E"],"character_chosen":"THE_SILENT","items_purchased":["Distraction","PiercingWail","HandDrill","Well Laid Plans","Outmaneuver","EssenceOfSteel","Flying Knee","Flying Knee","Noxious Fumes"],"campfire_rested":2,"item_purchase_floors":[4,4,10,10,10,10,12,19,19],"current_hp_per_floor":[70,56,56,56,56,56,56,45,45,45,25,25,61,61,61,9,70,57,57,43,24,11,48,0,0],"gold":47,"neow_bonus":"THREE_ENEMY_KILL","is_daily":false,"chose_seed":false,"campfire_upgraded":0,"win_rate":0.0,"timestamp":1610171451,"path_taken":["M","?","?","$","?","E","?","?","T","$","E","?","R","M","R","BOSS","M","$","M","M","?","R","E"],"items_purchased_type":["Card","Card","Relic","Card","Card","Potion","Card","Card","Card"],"build_version":"2020-12-22","purchased_purges":1,"victory":false,"max_hp_per_floor":[70,70,70,70,70,70,70,70,70,70,70,70,70,70,70,70,70,70,70,70,70,75,75,75,75],"card_choices":[{"not_picked":["Poisoned Stab","Prepared"],"picked":"Backflip","floor":1.0},{"not_picked":["Flying Knee","Backflip"],"picked":"Endless Agony","floor":6.0},{"not_picked":["Flying Knee","Footwork"],"picked":"Infinite Blades","floor":7.0},{"not_picked":["Wraith Form v2","Dodge and Roll"],"picked":"Flying Knee","floor":11.0},{"not_picked":["Distraction","PiercingWail"],"picked":"Deflect","floor":14.0},{"not_picked":["Wraith Form v2","Unload"],"picked":"Phantasmal Killer","floor":16.0},{"not_picked":["Backflip","Slice"],"picked":"Blade Dance+1","floor":18.0},{"not_picked":["Blade Dance+1","Poisoned Stab"],"picked":"Deflect+1","floor":18.0},{"not_picked":["Dodge and Roll","Burst"],"picked":"Slice+1","floor":20.0},{"not_picked":["Acrobatics+1","Underhanded Strike"],"picked":"Flying Knee+1","floor":20.0},{"not_picked":["Infinite Blades+1","Calculated Gamble"],"picked":"Finisher","floor":21},{"not_picked":["Blade Dance","Quick Slash"],"picked":"PiercingWail","floor":21}],"player_experience":13349,"relics_obtained":[{"floor":6.0,"key":"Regal Pillow"},{"floor":9.0,"key":"Paper Crane"},{"floor":11.0,"key":"Shovel"},{"floor":15.0,"key":"Pen Nib"},{"floor":17.0,"key":"Centennial Puzzle"},{"floor":17.0,"key":"InkBottle"},{"floor":17.0,"key":"Prayer Wheel"}],"event_choices":[{"damage_healed":0.0,"max_hp_gain":0.0,"max_hp_loss":0.0,"gold_gain":0.0,"event_name":"Shining Light","player_choice":"Entered Light","floor":2.0,"gold_loss":0.0,"damage_taken":14.0,"cards_upgraded":["Strike_G","Defend_G"]},{"damage_healed":0.0,"max_hp_gain":0.0,"max_hp_loss":0.0,"gold_gain":0.0,"event_name":"Living Wall","player_choice":"Grow","floor":3.0,"gold_loss":0.0,"damage_taken":0.0,"cards_upgraded":["Neutralize"]},{"damage_healed":0.0,"max_hp_gain":0.0,"max_hp_loss":0.0,"gold_gain":175.0,"event_name":"Liars Game","player_choice":"AGREE","floor":5.0,"gold_loss":0.0,"damage_taken":0.0,"cards_obtained":["Doubt"]},{"damage_healed":0.0,"max_hp_gain":0.0,"max_hp_loss":0.0,"gold_gain":75.0,"event_name":"World of Goop","player_choice":"Gather Gold","floor":8.0,"gold_loss":0.0,"damage_taken":11.0},{"damage_healed":0,"gold_gain":0,"player_choice":"Shed Blood","damage_taken":18,"max_hp_gain":5,"max_hp_loss":0,"event_name":"Forgotten Altar","floor":22,"gold_loss":0}],"is_beta":false,"boss_relics":[{"not_picked":["Velvet Choker","Ectoplasm"],"picked":"Calling Bell"}],"items_purged_floors":[10],"is_endless":false,"potions_floor_spawned":[7,16],"killed_by":"Slavers","ascension_level":0}}