{"host":"08t08ld674si40tv","time":1610154651,"event":{"mods":["AchievementEnabler","BaseMod","Colored Map","Minty Spire (QoL Compilation)","StSLib","SuperFastMode"],"gold_per_floor":[113,46,46,46,58,87,106,141,141,141,216,216,233,268,268,347,347,359,359,359,370,222,222,238,270,270,270,298,397,397,32,32,106,106,120,120,120,136,156,189,214,255,267,289,52,80,80,80,80,80,80,80,26,61,61],"floor_reached":56,"playtime":2158,"items_purged":["Strike_B","Defend_B"],"score":2106,"play_id":"1d36dde3-b23e-42ca-89b5-b6eed5ff80f4","local_time":"20210109101051","is_ascension_mode":true,"campfire_choices":[{"data":"Defragment","floor":10,"key":"SMITH"},{"data":"Zap","floor":12,"key":"SMITH"},{"data":"Coolheaded","floor":15,"key":"SMITH"},{"data":"Seek","floor":23,"key":"SMITH"},{"data":"Recycle","floor":27,"key":"SMITH"},{"data":"Loop","floor":30,"key":"SMITH"},{"data":"Heatsinks","floor":32,"key":"SMITH"},{"floor":49,"key":"RECALL"},{"data":"Turbo","floor":52,"key":"SMITH"}],"circlet_count":0,"master_deck":["AscendersBane","Defend_B+1","Defend_B+1","Defend_B","Zap+1","Dualcast","Ball Lightning+1","Defragment+1","Echo Form","Turbo+1","Cold Snap+1","Coolheaded+1","Seek+1","Glacier","Electrodynamics","Heatsinks+1","Capacitor+1","Recycle+1","Loop+1","Creative AI","Capacitor","Core Surge+1","Defragment"],"relics":["FrozenCore","NeowsBlessing","Black Star","Toy Ornithopter","Turnip","Molten Egg 2","War Paint","Question Card","Potion Belt","Juzu Bracelet","Orrery","Anchor","Ancient Tea Set","Centennial Puzzle","CaptainsWheel","Incense Burner","SlaversCollar","Ornamental Fan","Orichalcum","MawBank","DataDisk","Whetstone","Bottled Lightning","PreservedInsect","The Courier","Mercury Hourglass","White Beast Statue"],"acts_visited":["Exordium","TheCity","TheBeyond","TheEnding"],"potions_floor_usage":[8,8,40,40,44,55],"damage_taken":[{"damage":0,"enemies":"2 Louse","floor":1,"turns":1},{"damage":0,"enemies":"Small Slimes","floor":5,"turns":1},{"damage":0,"enemies":"Lagavulin","floor":6,"turns":1},{"damage":1,"enemies":"Cultist","floor":7,"turns":4},{"damage":25,"enemies":"3 Sentries","floor":8,"turns":6},{"damage":12,"enemies":"Exordium Wildlife","floor":13,"turns":5},{"damage":12,"enemies":"Lagavulin","floor":14,"turns":5},{"damage":8,"enemies":"The Guardian","floor":16,"turns":13},{"damage":27,"enemies":"3 Byrds","floor":18,"turns":5},{"damage":0,"enemies":"Chosen","floor":21,"turns":5},{"damage":0,"enemies":"Snecko","floor":24,"turns":6},{"damage":25,"enemies":"Book of Stabbing","floor":25,"turns":9},{"damage":5,"enemies":"Gremlin Leader","floor":28,"turns":5},{"damage":0,"enemies":"Automaton","floor":33,"turns":8},{"damage":18,"enemies":"3 Darklings","floor":35,"turns":4},{"damage":8,"enemies":"Orb Walker","floor":38,"turns":5},{"damage":13,"enemies":"Jaw Worm Horde","floor":39,"turns":3},{"damage":11,"enemies":"Reptomancer","floor":40,"turns":7},{"damage":0,"enemies":"Writhing Mass","floor":41,"turns":6},{"damage":10,"enemies":"Giant Head","floor":42,"turns":9},{"damage":22,"enemies":"Transient","floor":44,"turns":5},{"damage":0,"enemies":"Nemesis","floor":46,"turns":6},{"damage":9,"enemies":"Time Eater","floor":50,"turns":9},{"damage":29,"enemies":"Shield and Spear","floor":54,"turns":6},{"damage":25,"enemies":"The Heart","floor":55,"turns":11}],"seed_played":"-4961811371252917392","potions_obtained":[{"floor":5,"key":"ColorlessPotion"},{"floor":7,"key":"PowerPotion"},{"floor":16,"key":"Dexterity Potion"},{"floor":21,"key":"Fire Potion"},{"floor":28,"key":"Weak Potion"},{"floor":35,"key":"BlessingOfTheForge"},{"floor":38,"key":"SmokeBomb"},{"floor":42,"key":"PowerPotion"},{"floor":46,"key":"Energy Potion"},{"floor":54,"key":"SteroidPotion"}],"is_trial":false,"path_per_floor":["M","$","?","?","M","E","M","E","T","R","?","R","M","E","R","B",null,"M","?","?","M","$","R","M","E","T","R","E","?","R","$","R","B",null,"M","?","?","M","M","E","M","E","T","M","$","E","$","?","R","B",null,"R","$","E","B",null],"character_chosen":"DEFECT","items_purchased":["Defragment","Orrery","Incense Burner","Core Surge+1","Defragment"],"campfire_rested":0,"item_purchase_floors":[2,22,31,45,53],"current_hp_per_floor":[68,68,73,73,73,73,72,55,55,55,44,44,32,20,20,12,63,36,36,62,62,62,62,62,37,37,37,32,32,32,32,32,32,68,50,50,80,72,59,58,58,48,48,31,31,31,31,31,31,22,66,66,66,37,17],"gold":61,"neow_bonus":"THREE_ENEMY_KILL","is_daily":false,"chose_seed":false,"campfire_upgraded":8,"win_rate":0.0,"timestamp":1610154651,"path_taken":["M","$","?","?","M","E","M","E","T","R","?","R","M","E","R","BOSS","M","?","?","M","$","R","M","E","T","R","E","?","R","$","R","BOSS","M","?","?","M","M","E","M","E","T","M","$","E","$","?","R","BOSS","R","$","E","BOSS"],"items_purchased_type":["Card","Relic","Relic","Card","Card"],"build_version":"2020-12-22","purchased_purges":2,"victory":true,"max_hp_per_floor":[75,75,80,80,80,80,80,80,80,80,80,80,80,80,80,80,80,80,80,80,80,80,80,80,80,80,80,80,80,80,80,80,80,80,80,80,80,80,80,80,80,80,80,80,80,80,80,80,80,80,80,80,80,80,80],"card_choices":[{"not_picked":["Gash","FTL"],"picked":"Ball Lightning","floor":1},{"not_picked":["Gash","Sweeping Beam"],"picked":"Turbo","floor":5},{"not_picked":["Meteor Strike","Barrage"],"picked":"Reinforced Body","floor":6},{"not_picked":["Stack","Gash","Streamline"],"picked":"SKIP","floor":7},{"not_picked":["Sunder+1","Steam Power","Rainbow"],"picked":"SKIP","floor":8},{"not_picked":["Stack","Steam","Rebound+1"],"picked":"Cold Snap+1","floor":13},{"not_picked":["Steam Power","Reprogram","Hello World"],"picked":"Coolheaded","floor":14},{"not_picked":["Buffer","Reboot","All For One+1"],"picked":"Seek","floor":16},{"not_picked":["Steam","Compile Driver+1","Barrage+1","Beam Cell+1"],"picked":"SKIP","floor":18},{"not_picked":["Skim","Gash+1","Redo","Steam+1"],"picked":"SKIP","floor":21},{"not_picked":["Redo","Conserve Battery","Fission"],"picked":"Glacier","floor":22},{"not_picked":["Self Repair","Stack","FTL+1"],"picked":"Electrodynamics","floor":22},{"not_picked":["Storm","Darkness","Sweeping Beam+1"],"picked":"Heatsinks","floor":22},{"not_picked":["Gash+1","Biased Cognition","Rebound+1"],"picked":"Capacitor+1","floor":22},{"not_picked":["Coolheaded+1","Ball Lightning+1","Double Energy"],"picked":"Recycle","floor":24},{"not_picked":["Gash+1","Melter+1","Rebound+1","Turbo"],"picked":"SKIP","floor":25},{"not_picked":["Fusion","Streamline+1","Hologram"],"picked":"Loop","floor":28},{"not_picked":["Multi-Cast","Buffer","Fission"],"picked":"Creative AI","floor":33},{"not_picked":["Consume","Go for the Eyes+1","Sweeping Beam+1","Beam Cell+1"],"picked":"SKIP","floor":35},{"not_picked":["Lockon+1","Barrage+1","Steam","Sweeping Beam+1"],"picked":"SKIP","floor":38},{"not_picked":["Reprogram","Doom and Gloom+1","Biased Cognition","Skim+1"],"picked":"SKIP","floor":39},{"not_picked":["Streamline+1","Barrage+1","Sweeping Beam+1","Hologram"],"picked":"SKIP","floor":40},{"not_picked":["Auto Shields+1","Compile Driver+1","Streamline+1","Beam Cell+1"],"picked":"SKIP","floor":41},{"not_picked":["Recycle","Sweeping Beam+1","Turbo"],"picked":"Capacitor","floor":42},{"not_picked":["Fusion","Glacier","Darkness","Turbo"],"picked":"SKIP","floor":44},{"not_picked":["Stack","Ball Lightning+1","Barrage+1","Fusion"],"picked":"SKIP","floor":46},{"not_picked":["Hologram","Darkness","Turbo+1","Genetic Algorithm"],"picked":"SKIP","floor":54}],"player_experience":199945,"relics_obtained":[{"floor":6,"key":"Toy Ornithopter"},{"floor":6,"key":"Turnip"},{"floor":8,"key":"Molten Egg 2"},{"floor":8,"key":"War Paint"},{"floor":9,"key":"Question Card"},{"floor":14,"key":"Potion Belt"},{"floor":14,"key":"Juzu Bracelet"},{"floor":25,"key":"Anchor"},{"floor":25,"key":"Ancient Tea Set"},{"floor":28,"key":"Centennial Puzzle"},{"floor":28,"key":"CaptainsWheel"},{"floor":40,"key":"Orichalcum"},{"floor":40,"key":"MawBank"},{"floor":42,"key":"DataDisk"},{"floor":42,"key":"Whetstone"},{"floor":43,"key":"Bottled Lightning"},{"floor":46,"key":"PreservedInsect"},{"floor":46,"key":"The Courier"},{"floor":54,"key":"Mercury Hourglass"},{"floor":54,"key":"White Beast Statue"}],"event_choices":[{"damage_healed":0,"gold_gain":0,"player_choice":"Donut","damage_taken":0,"max_hp_gain":5,"max_hp_loss":0,"event_name":"Big Fish","floor":3,"gold_loss":0},{"damage_healed":0,"gold_gain":0,"cards_transformed":["Strike_B"],"player_choice":"Change","damage_taken":0,"max_hp_gain":0,"max_hp_loss":0,"event_name":"Living Wall","floor":4,"gold_loss":0,"cards_obtained":["Echo Form"]},{"damage_healed":0,"gold_gain":75,"player_choice":"Gather Gold","damage_taken":11,"max_hp_gain":0,"max_hp_loss":0,"event_name":"World of Goop","floor":11,"gold_loss":0},{"cards_removed":["Strike_B"],"damage_healed":0,"gold_gain":0,"player_choice":"Purged","damage_taken":0,"max_hp_gain":0,"max_hp_loss":0,"event_name":"Purifier","floor":19,"gold_loss":0},{"damage_healed":26,"gold_gain":0,"player_choice":"Heal","damage_taken":0,"max_hp_gain":0,"max_hp_loss":0,"event_name":"The Library","floor":20,"gold_loss":0},{"damage_healed":0,"gold_gain":99,"player_choice":"Stole From Cult","damage_taken":0,"max_hp_gain":0,"max_hp_loss":0,"event_name":"Nest","floor":29,"gold_loss":0},{"damage_healed":0,"gold_gain":0,"player_choice":"Gave Potion","damage_taken":0,"relics_obtained":["Ornamental Fan"],"max_hp_gain":0,"max_hp_loss":0,"event_name":"WeMeetAgain","floor":36,"gold_loss":0},{"cards_removed":["Reinforced Body"],"damage_healed":30,"gold_gain":0,"player_choice":"Offered Uncommon","damage_taken":0,"max_hp_gain":0,"max_hp_loss":0,"event_name":"Bonfire Elementals","floor":37,"gold_loss":0},{"cards_removed":["Strike_B"],"damage_healed":0,"gold_gain":0,"player_choice":"Purged","damage_taken":0,"max_hp_gain":0,"max_hp_loss":0,"event_name":"Purifier","floor":48,"gold_loss":0}],"is_beta":false,"boss_relics":[{"not_picked":["Tiny House","Runic Dome"],"picked":"FrozenCore"},{"not_picked":["Calling Bell","SacredBark"],"picked":"SlaversCollar"}],"items_purged_floors":[31,45],"is_endless":false,"potions_floor_spawned":[5,7,16,21,28,35,38,42,46,54],"ascension_level":13}}