{"host":"djfsqftupta9xgss","time":1610190744,"event":{"mods":["ATMod(°¢èªMod)","Act Like it!","BaseMod","Gensokyo","Minty Spire (QoL Compilation)","MostiFishMod","Pale of the Ancients","Replay The Spire","Spicy Shops","StSLib","TestMod"],"gold_per_floor":[118,43,43,54,123,158,171,208,260,76,109,145,145,482,482,570,570,593,612,632,659,466,466,511,511,511,511,559,585,820,849,849,930,930,954,978,978,1002,1030,1070,1094,1133,1133,883,883,883,892,99,99,99,99,121,140,424,0,9,43,52,52,52,107],"floor_reached":62,"playtime":2656,"items_purged":["Strike_G","Defend_G","Defend_G","Defend_G"],"score":3762,"play_id":"f4911120-d671-4c55-998c-29d368045316","local_time":"20210109191224","is_ascension_mode":true,"campfire_choices":[{"floor":15,"key":"RECALL"},{"data":"MostiFishMod:SephirahHod","floor":23,"key":"SMITH"},{"data":"MostiFishMod:Listen","floor":25,"key":"SMITH"},{"data":"AT_ChampionStep","floor":27,"key":"SMITH"},{"data":"Defend_G","floor":32,"key":"PURGE"},{"floor":47,"key":"REST"},{"data":"Defend_G","floor":49,"key":"PURGE"},{"floor":56,"key":"REST"},{"floor":58,"key":"REST"}],"circlet_count":0,"master_deck":["AscendersBane","Strike_G","Strike_G","Strike_G","Strike_G","Survivor","Neutralize","AT_ChampionStep+1","MostiFishMod:SephirahHod+1","Acrobatics","AT_ShadowStep","AT_ShadowStep","Dash","AT_ArcaneSupremacy","Tactician","MostiFishMod:Opportunism","Backstab","MostiFishMod:FrostNova","MostiFishMod:Listen+1","Escape Plan","Acrobatics+1","Acrobatics","AT_WindFlip","AT_FocusSwordFire+1","Backflip","Malaise","Concentrate+1","Terror+1","Acrobatics","Acrobatics","AT_KingSlayer","Prepared","MostiFishMod:Confrontation","Escape Plan","Acrobatics","Deflect","MostiFishMod:PerfectParry","Acrobatics","MostiFishMod:WinterMarkForm+1","MostiFishMod:WinterMarkForm+1","After Image+1","Backflip","Regret","Venomology","Calculated Gamble","Dagger Throw"],"relics":["Ring of the Snake","AT_ATBox","DaveBox","testmod-TestBox","MostiFishMod:Hod","testmod-CrystalShield","NeowsBlessing","SynthV:TestCard","Gensokyo:CelestialsFlawlessClothing","DianDianMeat","CeramicFish","Potion Belt","Happy Flower","The Courier","Pear","The Specimen","NightmareShop","testmod-OneHitWonder","Frozen Egg 2","testmod-CasingShield","ImprovedEquipment","testmod-Fortitude","ThornShield","AT_TrinityForce","Quantum Egg","Dream Catcher","Gremlin Horn","Tough Bandages","Replay:Wax Seal","Medical Kit","AT_Kusabimaru","AT_BladeRuinedKing","OrangePellets","paleoftheancients:Timepiece","paleoftheancients:KeyRelic","CultistMask","paleoftheancients:SoulOfTheWatcher","Membership Card","Replay:Bandana","Bag of Preparation","DaCapo","Blood Vial","Pen Nib","testmod-D¨¦j¨¤vu"],"acts_visited":["Exordium","Gensokyo:Gensokyo","Gensokyo:Gensokyoer","Gensokyo:Gensokyoest"],"potions_floor_usage":[48,48],"damage_taken":[{"damage":0,"enemies":"Gensokyo:3_Fairies","floor":1,"turns":1},{"damage":0,"enemies":"Gensokyo:Gryphon","floor":4,"turns":1},{"damage":0,"enemies":"Gensokyo:Mamizou","floor":6,"turns":2},{"damage":0,"enemies":"Gensokyo:2_Kodama","floor":7,"turns":1},{"damage":0,"enemies":"Gensokyo:Cirno","floor":8,"turns":6},{"damage":9,"enemies":"Gensokyo:2_Rabbits","floor":11,"turns":4},{"damage":9,"enemies":"Gensokyo:LivingMonolith","floor":12,"turns":4},{"damage":0,"enemies":"Gensokyo:Mamizou","floor":14,"turns":7},{"damage":6,"enemies":"Gensokyo:Kokoro","floor":16,"turns":7},{"damage":0,"enemies":"Gensokyo:3_Dogs","floor":18,"turns":1},{"damage":7,"enemies":"Gensokyo:2_Gloops","floor":19,"turns":3},{"damage":0,"enemies":"Gensokyo:Monolith_and_Dog","floor":20,"turns":1},{"damage":0,"enemies":"Gensokyo:Swordslinger","floor":21,"turns":1},{"damage":8,"enemies":"Gensokyo:Reisen","floor":24,"turns":5},{"damage":0,"enemies":"Gensokyo:Koishi","floor":28,"turns":1},{"damage":0,"enemies":"Gensokyo:Wraith","floor":29,"turns":3},{"damage":0,"enemies":"Gensokyo:Reisen","floor":30,"turns":1},{"damage":0,"enemies":"Gensokyo:Slime_Group","floor":31,"turns":1},{"damage":0,"enemies":"Gensokyo:Eiki","floor":33,"turns":1},{"damage":0,"enemies":"Gensokyo:3_Boulders","floor":35,"turns":1},{"damage":0,"enemies":"Gensokyo:3_Bats","floor":36,"turns":1},{"damage":0,"enemies":"Gensokyo:Dusk_and_Dawn","floor":38,"turns":1},{"damage":0,"enemies":"Gensokyo:4_Bats","floor":39,"turns":1},{"damage":0,"enemies":"Gensokyo:Marisa","floor":40,"turns":1},{"damage":0,"enemies":"Gensokyo:Kasen","floor":42,"turns":1},{"damage":0,"enemies":"Gensokyo:Scarlet_Devils","floor":50,"turns":1},{"damage":0,"enemies":"Gensokyo:Yuyuko","floor":51,"turns":1},{"damage":0,"enemies":"Gensokyo:Yuyuko","floor":52,"turns":1},{"damage":0,"enemies":"Gensokyo:Yuyuko","floor":53,"turns":1},{"damage":0,"enemies":"Gensokyo:Yuyuko","floor":57,"turns":1},{"damage":0,"enemies":"paleoftheancients:N","floor":61,"turns":2}],"seed_played":"-191615833440914760","potions_obtained":[{"floor":6,"key":"AttackPotion"},{"floor":7,"key":"Poison Potion"},{"floor":12,"key":"Explosive Potion"},{"floor":16,"key":"SkillPotion"},{"floor":53,"key":"GamblersBrew"},{"floor":57,"key":"Dexterity Potion"}],"is_trial":false,"path_per_floor":["M","$","?","M","T","E","M","E","T","COS","M","M","?","E","R","B",null,"M","M","M","M","COS","R","E","R","T","R","E","M","E","M","R","B",null,"M","M","?","M","M","E","T","E","T","$","?","?","R","$","R","B","B","M","M","?","$","R","M","R","T","?","B",null],"character_chosen":"THE_SILENT","items_purchased":["Replay:Wax Seal","Medical Kit","AT_Kusabimaru","AT_BladeRuinedKing","OrangePellets","MostiFishMod:WinterMarkForm+1","testmod-SpacePotion","testmod-SpacePotion","Membership Card","Replay:Bandana","Bag of Preparation","DaCapo","Blood Vial","Pen Nib"],"campfire_rested":3,"item_purchase_floors":[44,48,48,48,48,48,48,48,55,55,55,55,55,55],"current_hp_per_floor":[59,59,40,40,40,41,43,46,46,76,86,100,100,113,113,131,169,184,193,210,228,333,333,386,386,386,386,439,467,496,526,526,557,568,600,633,633,667,702,738,738,775,775,775,775,775,817,896,896,896,896,937,979,1022,1022,1066,1111,1157,1157,1157,1157],"gold":107,"neow_bonus":"THREE_ENEMY_KILL","is_daily":false,"chose_seed":false,"campfire_upgraded":3,"win_rate":0.0,"timestamp":1610190744,"path_taken":["M","?","?","M","?","E","M","E","T","COS","M","M","?","E","R","BOSS","M","?","?","M","COS","R","E","R","T","R","E","M","E","M","R","BOSS","M","M","?","?","M","E","?","E","T","$","?","?","R","?","R","BOSS","BOSS","M","M","?","$","R","M","R","T","?","BOSS"],"items_purchased_type":["Relic","Relic","Relic","Relic","Relic","Card","Potion","Potion","Relic","Relic","Relic","Relic","Relic","Relic"],"build_version":"2020-12-22","purchased_purges":4,"victory":true,"max_hp_per_floor":[66,66,66,66,66,67,69,72,72,102,121,144,144,157,157,181,181,196,212,229,247,352,352,401,401,401,401,454,482,511,541,541,572,572,604,637,637,671,706,742,742,779,779,779,779,779,817,896,896,896,896,937,979,1022,1022,1066,1111,1157,1157,1157,1157],"card_choices":[{"not_picked":["Bane","Dagger Throw"],"picked":"Acrobatics","floor":1},{"not_picked":["Quick Slash","Sucker Punch","MostiFishMod:PreservedThorns","Poisoned Stab"],"picked":"AT_ShadowStep","floor":4},{"not_picked":["AT_WindFlip","Bane","Prepared","MostiFishMod:PerfectParry"],"picked":"AT_ShadowStep","floor":6},{"not_picked":["Predator","Deadly Poison","Slice","Flying Knee"],"picked":"Dash","floor":7},{"not_picked":["Finisher","MostiFishMod:InvigoratingSolution","Dagger Spray","AT_FocusSwordFire"],"picked":"AT_ArcaneSupremacy","floor":8},{"not_picked":["Skewer+1","Quick Slash+1","Noxious Fumes+1","Poisoned Stab+1"],"picked":"Dagger Throw+1","floor":11},{"not_picked":["Underhanded Strike","MostiFishMod:PreservedThorns","AT_WindRun","Heel Hook"],"picked":"Tactician","floor":11},{"not_picked":["Corpse Explosion","MostiFishMod:Confrontation","Burst","MostiFishMod:AdrenalineArouse"],"picked":"MostiFishMod:Opportunism","floor":12},{"not_picked":["Flying Knee","Quick Slash","Outmaneuver","Sucker Punch"],"picked":"Backstab","floor":12},{"not_picked":["Slice","Underhanded Strike","Deflect","Quick Slash"],"picked":"MostiFishMod:FrostNova","floor":14},{"not_picked":["MostiFishMod:HiddenBlade","Bullet Time","MostiFishMod:GrandStart","MostiFishMod:LethalBlade"],"picked":"MostiFishMod:Listen","floor":16},{"not_picked":["Poisoned Stab+1","Bane","Dagger Throw","Noxious Fumes"],"picked":"Escape Plan","floor":18},{"not_picked":["Blade Dance","Flying Knee","Dodge and Roll","Sucker Punch"],"picked":"Acrobatics+1","floor":19},{"not_picked":["Sucker Punch","Bane","Dodge and Roll","Deflect"],"picked":"Acrobatics","floor":20},{"not_picked":["Slice","All Out Attack","Bane","Cloak And Dagger"],"picked":"AT_WindFlip","floor":21},{"not_picked":["Deflect+1","Finisher+1","Terror+1","Distraction+1"],"picked":"AT_FocusSwordFire+1","floor":24},{"not_picked":["AT_WomanClash","Deadly Poison","Cloak And Dagger","AT_FocusSwordFire"],"picked":"Backflip","floor":24},{"not_picked":["A Thousand Cuts","Burst","MostiFishMod:SpreadingSpore","Envenom"],"picked":"Malaise","floor":28},{"not_picked":["Blade Dance","Deadly Poison","Deflect","AT_WomanClash"],"picked":"Concentrate+1","floor":28},{"not_picked":["AT_WomanClash","Blade Dance","AT_ThistleTea","Outmaneuver"],"picked":"Terror+1","floor":29},{"not_picked":["Distraction","All Out Attack","Underhanded Strike","Dagger Spray"],"picked":"Acrobatics","floor":30},{"not_picked":["Blade Dance","Backflip","Poisoned Stab","Riddle With Holes"],"picked":"Acrobatics","floor":31},{"not_picked":["Malaise","MostiFishMod:Listen","Venomology","MostiFishMod:Neurotoxin+1"],"picked":"AT_KingSlayer","floor":33},{"not_picked":["Slice","Setup","Predator","Noxious Fumes+1"],"picked":"Prepared","floor":35},{"not_picked":["Underhanded Strike+1","Dagger Spray","Deflect","Catalyst+1"],"picked":"MostiFishMod:Confrontation","floor":36},{"not_picked":["Underhanded Strike+1","Flying Knee","Poisoned Stab","Cloak And Dagger+1"],"picked":"Escape Plan","floor":38},{"not_picked":["Flying Knee+1","Predator","Quick Slash","Slice"],"picked":"Acrobatics","floor":39},{"not_picked":["AT_TinkerSharpsword","AT_Desolate+1","Outmaneuver","Dagger Spray"],"picked":"Deflect","floor":40},{"not_picked":["AT_ThistleTea","Dagger Throw+1","Flying Knee+1","Underhanded Strike"],"picked":"MostiFishMod:PerfectParry","floor":42},{"not_picked":["Cloak And Dagger+1","Poisoned Stab","Slice","Masterful Stab+1"],"picked":"Acrobatics","floor":47},{"not_picked":["Bane","AT_Desolate+1","Dodge and Roll+1","Underhanded Strike+1"],"picked":"After Image+1","floor":52},{"not_picked":["Flechettes+1","Deflect+1","Underhanded Strike+1","AT_TinkerSharpsword"],"picked":"Backflip","floor":53},{"not_picked":["MostiFishMod:PerfectParry+1","Cloak And Dagger","Dagger Spray+1","Finisher"],"picked":"Venomology","floor":56},{"not_picked":["Cloak And Dagger+1","Poisoned Stab","AT_ThistleTea","Acrobatics+1"],"picked":"Calculated Gamble","floor":57},{"not_picked":["Flying Knee","Cloak And Dagger","MostiFishMod:PerfectParry+1","Sucker Punch"],"picked":"Dagger Throw","floor":58}],"player_experience":373897,"relics_obtained":[{"floor":1,"key":"SynthV:TestCard"},{"floor":6,"key":"DianDianMeat"},{"floor":8,"key":"CeramicFish"},{"floor":9,"key":"Potion Belt"},{"floor":14,"key":"The Courier"},{"floor":24,"key":"testmod-OneHitWonder"},{"floor":26,"key":"Frozen Egg 2"},{"floor":28,"key":"testmod-CasingShield"},{"floor":30,"key":"ThornShield"},{"floor":40,"key":"Quantum Egg"},{"floor":41,"key":"Dream Catcher"},{"floor":42,"key":"Gremlin Horn"},{"floor":43,"key":"Tough Bandages"},{"floor":53,"key":"paleoftheancients:SoulOfTheWatcher"},{"floor":57,"key":"paleoftheancients:SoulOfTheBandit"},{"floor":59,"key":"testmod-D¨¦j¨¤vu"}],"event_choices":[{"damage_healed":0,"gold_gain":275,"player_choice":"Desecrate","damage_taken":0,"max_hp_gain":0,"max_hp_loss":0,"event_name":"Golden Shrine","floor":54,"gold_loss":0,"cards_obtained":["Regret"]}],"is_beta":false,"boss_relics":[{"not_picked":["testmod-CardMagician","Cursed Key"],"picked":"NightmareShop"},{"not_picked":["Velvet Choker","testmod-Prudence"],"picked":"AT_TrinityForce"}],"items_purged_floors":[2,44,44,48],"is_endless":false,"potions_floor_spawned":[6,7,8,12,16,19,24,28,30,33,36,38,39,53,57],"ascension_level":20}}