{"host":"b995t17pt6d05w8c","time":1610204222,"event":{"mods":["AchievementEnabler","BaseMod","Colored Map","Minty Spire (QoL Compilation)","SuperFastMode"],"gold_per_floor":[116,116,48,63,82,82,96,96,96,109,109,136,146,157,157,256,256,275,65,77,2,14,42,42,73,73,108,123,123,156,171,171,273,273,285,285,331,344,269,269,19,49,75,93,93,107,107,126,126,126],"floor_reached":51,"playtime":1839,"items_purged":["Strike_B","Defend_B"],"score":1332,"play_id":"256ca7f6-628f-4a7e-ab36-ba4100db83b2","local_time":"20210109235702","is_ascension_mode":true,"campfire_choices":[{"data":"Lockon","floor":6.0,"key":"SMITH"},{"data":"Zap","floor":8.0,"key":"SMITH"},{"data":"Chaos","floor":15.0,"key":"SMITH"},{"data":"Capacitor","floor":24.0,"key":"SMITH"},{"data":"Creative AI","floor":32,"key":"SMITH"},{"floor":40,"key":"DIG"},{"floor":45,"key":"DIG"},{"floor":47,"key":"DIG"},{"floor":49,"key":"DIG"}],"circlet_count":0,"master_deck":["Defend_B","Zap+1","Dualcast","Conserve Battery","Reboot","Dark Shackles","Glacier","Self Repair","Lockon+1","Genetic Algorithm","Chaos+1","Streamline","Cold Snap","Electrodynamics","Biased Cognition+1","Glacier+1","Recycle+1","Go for the Eyes+1","Capacitor+1","Compile Driver","Creative AI+1","Heatsinks+1","Double Energy","Buffer","Chaos+1","Loop+1","Coolheaded+1"],"relics":["Coffee Dripper","Gremlin Horn","StrikeDummy","Astrolabe","DataDisk","Dream Catcher","Bag of Preparation","Thread and Needle","Letter Opener","Blood Vial","Philosopher\u0027s Stone","Shovel","TungstenRod","OrangePellets","Orichalcum","PreservedInsect","Ice Cream","CeramicFish","Bottled Lightning"],"acts_visited":["Exordium","TheCity","TheBeyond"],"potions_floor_usage":[50,50,50],"damage_taken":[{"damage":0.0,"enemies":"2 Louse","floor":1.0,"turns":1.0},{"damage":0.0,"enemies":"Cultist","floor":4.0,"turns":4.0},{"damage":2.0,"enemies":"Jaw Worm","floor":5.0,"turns":4.0},{"damage":0.0,"enemies":"2 Fungi Beasts","floor":7.0,"turns":4.0},{"damage":0.0,"enemies":"Large Slime","floor":10.0,"turns":4.0},{"damage":11.0,"enemies":"3 Sentries","floor":12.0,"turns":12.0},{"damage":5.0,"enemies":"Exordium Wildlife","floor":13.0,"turns":6.0},{"damage":1.0,"enemies":"Looter","floor":14.0,"turns":4.0},{"damage":12.0,"enemies":"The Guardian","floor":16.0,"turns":7.0},{"damage":14.0,"enemies":"Spheric Guardian","floor":18.0,"turns":5.0},{"damage":0.0,"enemies":"Shell Parasite","floor":20.0,"turns":6.0},{"damage":4.0,"enemies":"Centurion and Healer","floor":22.0,"turns":6.0},{"damage":0.0,"enemies":"Book of Stabbing","floor":23.0,"turns":5.0},{"damage":14.0,"enemies":"Slavers","floor":25.0,"turns":4.0},{"damage":5.0,"enemies":"Book of Stabbing","floor":27.0,"turns":5.0},{"damage":0.0,"enemies":"Snecko","floor":28.0,"turns":7.0},{"damage":0,"enemies":"Gremlin Leader","floor":30,"turns":6},{"damage":0,"enemies":"Chosen and Byrds","floor":31,"turns":3},{"damage":0,"enemies":"Champ","floor":33,"turns":10},{"damage":0,"enemies":"Orb Walker","floor":35,"turns":5},{"damage":12,"enemies":"2 Orb Walkers","floor":37,"turns":7},{"damage":0,"enemies":"3 Darklings","floor":38,"turns":4},{"damage":0,"enemies":"Nemesis","floor":42,"turns":7},{"damage":0,"enemies":"Sphere and 2 Shapes","floor":44,"turns":2},{"damage":0,"enemies":"Jaw Worm Horde","floor":46,"turns":3},{"damage":0,"enemies":"Spire Growth","floor":48,"turns":5},{"damage":0,"enemies":"Time Eater","floor":50,"turns":7}],"seed_played":"-7182725340285186656","potions_obtained":[{"floor":5.0,"key":"Regen Potion"},{"floor":7.0,"key":"DistilledChaos"},{"floor":12.0,"key":"FocusPotion"},{"floor":16.0,"key":"EssenceOfDarkness"},{"floor":23.0,"key":"Regen Potion"},{"floor":28.0,"key":"DuplicationPotion"},{"floor":48,"key":"LiquidMemories"}],"is_trial":false,"path_per_floor":["M","?","$","M","M","R","M","R","T","M","?","E","M","M","R","B",null,"M","$","M","?","M","E","R","E","T","E","M","?","E","M","R","B",null,"M","?","?","M","$","R","$","E","T","M","R","M","R","M","R","B",null],"character_chosen":"DEFECT","items_purchased":["Glacier","DataDisk","Capacitor","OrangePellets"],"campfire_rested":0,"item_purchase_floors":[3,19,19,41],"current_hp_per_floor":[68,68,68,68,73,73,75,75,75,75,75,71,73,75,75,70,74,67,67,74,74,75,75,75,61,61,70,75,75,75,75,75,75,75,75,75,70,75,75,75,75,75,75,75,75,75,75,75,75,75],"gold":126,"neow_bonus":"BOSS_RELIC","is_daily":false,"chose_seed":false,"campfire_upgraded":5,"win_rate":0.0,"timestamp":1610204222,"path_taken":["M","?","?","M","M","R","M","R","T","?","?","E","M","M","R","BOSS","M","$","?","?","M","E","R","E","T","E","M","?","E","M","R","BOSS","M","?","?","M","$","R","$","E","T","M","R","M","R","M","R","BOSS"],"items_purchased_type":["Card","Relic","Card","Relic"],"build_version":"2020-12-22","purchased_purges":2,"victory":true,"max_hp_per_floor":[75,75,75,75,75,75,75,75,75,75,75,75,75,75,75,75,75,75,75,75,75,75,75,75,75,75,75,75,75,75,75,75,75,75,75,75,75,75,75,75,75,75,75,75,75,75,75,75,75,75],"card_choices":[{"not_picked":["Leap","Redo"],"picked":"Conserve Battery","floor":1.0},{"not_picked":["Conserve Battery","Lockon"],"picked":"Self Repair","floor":4.0},{"not_picked":["Stack","Beam Cell"],"picked":"Lockon","floor":5.0},{"not_picked":["White Noise","Steam"],"picked":"Genetic Algorithm","floor":7.0},{"not_picked":["Sweeping Beam","Gash"],"picked":"Chaos","floor":10.0},{"not_picked":["Glacier","Coolheaded","Self Repair"],"picked":"SKIP","floor":12.0},{"not_picked":["All For One","Reinforced Body"],"picked":"Streamline","floor":13.0},{"not_picked":["Static Discharge","Gash"],"picked":"Cold Snap","floor":14.0},{"not_picked":["Seek","Hyperbeam"],"picked":"Electrodynamics","floor":16.0},{"not_picked":["Steam+1","Barrage+1"],"picked":"Go for the Eyes+1","floor":18.0},{"not_picked":["Auto Shields","Steam","Stack"],"picked":"SKIP","floor":20.0},{"not_picked":["Cold Snap","Go for the Eyes"],"picked":"Compile Driver","floor":22.0},{"not_picked":["Leap+1","Doom and Gloom","Hologram"],"picked":"SKIP","floor":23.0},{"not_picked":["Turbo+1","Ball Lightning","Cold Snap"],"picked":"SKIP","floor":25.0},{"not_picked":["Conserve Battery","Loop+1"],"picked":"Creative AI","floor":27.0},{"not_picked":["Sweeping Beam","Compile Driver"],"picked":"Heatsinks+1","floor":28.0},{"not_picked":["FTL","Gash","Go for the Eyes"],"picked":"SKIP","floor":30},{"not_picked":["Reprogram+1","Lockon"],"picked":"Double Energy","floor":31},{"not_picked":["Thunder Strike","Creative AI"],"picked":"Buffer","floor":33},{"not_picked":["FTL+1","Compile Driver+1","Gash"],"picked":"SKIP","floor":35},{"not_picked":["Conserve Battery+1","Streamline"],"picked":"Chaos+1","floor":37},{"not_picked":["Cold Snap+1","Gash+1"],"picked":"Loop+1","floor":38},{"not_picked":["Leap","Ball Lightning+1"],"picked":"Coolheaded+1","floor":42},{"not_picked":["Conserve Battery","Doom and Gloom","Coolheaded"],"picked":"SKIP","floor":44},{"not_picked":["Beam Cell","Stack","Streamline"],"picked":"SKIP","floor":46},{"not_picked":["Turbo+1","Blizzard","Self Repair+1"],"picked":"SKIP","floor":48}],"player_experience":74529,"relics_obtained":[{"floor":9.0,"key":"Gremlin Horn"},{"floor":12.0,"key":"StrikeDummy"},{"floor":23.0,"key":"Dream Catcher"},{"floor":25.0,"key":"Bag of Preparation"},{"floor":26.0,"key":"Thread and Needle"},{"floor":27.0,"key":"Letter Opener"},{"floor":30,"key":"Blood Vial"},{"floor":37,"key":"Shovel"},{"floor":40,"key":"TungstenRod"},{"floor":42,"key":"Orichalcum"},{"floor":43,"key":"PreservedInsect"},{"floor":45,"key":"Ice Cream"},{"floor":47,"key":"CeramicFish"},{"floor":49,"key":"Bottled Lightning"}],"event_choices":[{"damage_healed":0.0,"max_hp_gain":0.0,"max_hp_loss":0.0,"gold_gain":0.0,"event_name":"Match and Keep!","player_choice":"2 cards matched","floor":2.0,"gold_loss":0.0,"damage_taken":0.0,"cards_obtained":["Reboot","Dark Shackles"]},{"cards_removed":["Strike_B"],"damage_healed":0.0,"max_hp_gain":0.0,"max_hp_loss":0.0,"gold_gain":0.0,"event_name":"Purifier","player_choice":"Purged","floor":11.0,"gold_loss":0.0,"damage_taken":0.0},{"cards_removed":["Defend_B"],"damage_healed":0.0,"max_hp_gain":0.0,"max_hp_loss":0.0,"gold_gain":0.0,"event_name":"Beggar","player_choice":"Gave Gold","floor":21.0,"gold_loss":75.0,"damage_taken":0.0},{"damage_healed":0,"gold_gain":0,"player_choice":"Ignored","damage_taken":0,"max_hp_gain":0,"max_hp_loss":0,"event_name":"Cursed Tome","floor":29,"gold_loss":0},{"damage_healed":0,"gold_gain":0,"player_choice":"Ignored","damage_taken":0,"max_hp_gain":0,"max_hp_loss":0,"event_name":"Tomb of Lord Red Mask","floor":36,"gold_loss":0},{"damage_healed":0,"gold_gain":0,"player_choice":"Fight","damage_taken":0,"max_hp_gain":0,"max_hp_loss":0,"event_name":"Mysterious Sphere","floor":37,"gold_loss":0}],"is_beta":false,"boss_relics":[{"not_picked":["SlaversCollar","Sozu"],"picked":"Astrolabe"},{"not_picked":["Busted Crown","Fusion Hammer"],"picked":"Philosopher\u0027s Stone"}],"items_purged_floors":[39,41],"is_endless":false,"potions_floor_spawned":[5,7,12,16,23,28,30,31,33,35,42,44,48],"ascension_level":9}}