{"host":"kh6fvhxn285ncg0o","time":1610191214,"event":{"mods":["Act Like it!","BaseMod","Colored Map","Friendly Minions","Keyboard Shortcuts","Minty Spire (QoL Compilation)","Quick Restart","Relic Stats","StSLib","SuperFastMode"],"gold_per_floor":[115,115,115,40,51,51,85,100,171,171,205,355,386,404,404,476,476,496,496,49,63,98,98,115,144,144,144,161,193,204,224,224,224,224],"floor_reached":33,"playtime":889,"items_purged":["Strike_R","Clash+1"],"score":610,"play_id":"10291d38-1944-46ab-a02c-79a9a1b4c854","local_time":"20210109202014","is_ascension_mode":true,"campfire_choices":[{"floor":6,"key":"RECALL"},{"floor":10,"key":"REST"},{"floor":15,"key":"REST"},{"floor":23,"key":"REST"},{"floor":32,"key":"REST"}],"circlet_count":0,"master_deck":["AscendersBane","Defend_R","Defend_R","Defend_R","Defend_R","Bash","Clothesline","Fire Breathing","Armaments","Fiend Fire","Doubt","Feed","Blood for Blood+1","Bloodletting+1","Rage","Flash of Steel","Second Wind","Disarm","Barricade"],"relics":["Fusion Hammer","Vajra","Bottled Tornado","Regal Pillow","Astrolabe","Bronze Scales","Red Mask","Tiny Chest","Mummified Hand","InkBottle"],"acts_visited":["TheCity"],"potions_floor_usage":[7,18,22,22,24,25,33],"damage_taken":[{"damage":0,"enemies":"Small Slimes","floor":1,"turns":3},{"damage":2,"enemies":"2 Louse","floor":5,"turns":2},{"damage":6,"enemies":"Gremlin Nob","floor":7,"turns":3},{"damage":0,"enemies":"Cultist","floor":8,"turns":3},{"damage":15,"enemies":"3 Sentries","floor":11,"turns":6},{"damage":22,"enemies":"Gremlin Nob","floor":13,"turns":4},{"damage":12,"enemies":"Gremlin Gang","floor":14,"turns":4},{"damage":25,"enemies":"Slime Boss","floor":16,"turns":6},{"damage":3,"enemies":"Spheric Guardian","floor":18,"turns":1},{"damage":18,"enemies":"2 Thieves","floor":21,"turns":3},{"damage":32,"enemies":"Masked Bandits","floor":22,"turns":4},{"damage":7,"enemies":"Snecko","floor":24,"turns":6},{"damage":26,"enemies":"Slavers","floor":25,"turns":5},{"damage":37,"enemies":"Sentry and Sphere","floor":28,"turns":6},{"damage":10,"enemies":"Book of Stabbing","floor":29,"turns":6},{"damage":10,"enemies":"Centurion and Healer","floor":30,"turns":6},{"damage":24,"enemies":"Cultist and Chosen","floor":31,"turns":6},{"damage":64,"enemies":"Collector","floor":33,"turns":5}],"seed_played":"2577008434381481197","potions_obtained":[{"floor":5,"key":"BlessingOfTheForge"},{"floor":11,"key":"Fire Potion"},{"floor":13,"key":"Energy Potion"},{"floor":16,"key":"Swift Potion"},{"floor":21,"key":"GamblersBrew"},{"floor":22,"key":"SkillPotion"},{"floor":24,"key":"Fire Potion"},{"floor":28,"key":"Regen Potion"}],"is_trial":false,"path_per_floor":["M","?","?","$","M","R","E","M","T","R","E","?","E","M","R","B",null,"M","?","$","M","?","R","M","E","T","?","M","E","M","M","R","B"],"character_chosen":"IRONCLAD","items_purchased":["Flash of Steel","Bronze Scales","Second Wind"],"campfire_rested":4,"item_purchase_floors":[20,20,20],"current_hp_per_floor":[68,61,66,66,64,64,58,58,58,80,65,65,43,31,70,45,71,68,68,68,53,24,64,61,35,35,90,53,43,33,9,51,0,0],"gold":224,"neow_bonus":"BOSS_RELIC","is_daily":false,"chose_seed":false,"campfire_upgraded":0,"win_rate":0.0,"timestamp":1610191214,"path_taken":["M","?","?","$","M","R","E","M","T","R","E","?","E","M","R","BOSS","M","?","$","M","?","R","M","E","T","?","?","E","?","M","R","BOSS"],"items_purchased_type":["Card","Relic","Card"],"build_version":"2020-12-22","purchased_purges":2,"victory":false,"max_hp_per_floor":[75,75,80,80,80,80,80,80,80,80,80,80,80,80,80,80,80,80,80,80,83,86,86,90,90,90,90,90,90,90,90,90,90,90],"relic_stats":{"Regal Pillow":45,"counters":[18,79],"Mummified Hand":[9],"Astrolabe":["Clash","Blood for Blood","Bloodletting"],"Bronze Scales":[149],"Tiny Chest":0,"obtain_stats":[{"Regal Pillow":13,"Mummified Hand":26,"Astrolabe":17,"Bronze Scales":20,"Vajra":7,"Tiny Chest":25,"Fusion Hammer":0,"Red Mask":22,"Bottled Tornado":11,"Burning Blood":0,"InkBottle":29},{"Regal Pillow":6,"Mummified Hand":13,"Astrolabe":8,"Bronze Scales":9,"Vajra":3,"Tiny Chest":13,"Fusion Hammer":0,"Red Mask":11,"Bottled Tornado":5,"Burning Blood":0,"InkBottle":15},{"Regal Pillow":21,"Mummified Hand":50,"Astrolabe":31,"Bronze Scales":32,"Vajra":8,"Tiny Chest":50,"Fusion Hammer":0,"Red Mask":39,"Bottled Tornado":17,"Burning Blood":0,"InkBottle":62}],"InkBottle":[5]},"card_choices":[{"not_picked":["Perfected Strike","Havoc"],"picked":"Clothesline","floor":1},{"not_picked":["Clothesline","Warcry"],"picked":"Fire Breathing","floor":5},{"not_picked":["Cleave","Anger"],"picked":"Armaments","floor":8},{"not_picked":["Intimidate","Second Wind"],"picked":"Fiend Fire","floor":11},{"not_picked":["Bloodletting","Clothesline","Havoc"],"picked":"SKIP","floor":13},{"not_picked":["Anger","Warcry","Thunderclap"],"picked":"SKIP","floor":14},{"not_picked":["Corruption","Fiend Fire"],"picked":"Feed","floor":16},{"not_picked":["Sword Boomerang","Iron Wave"],"picked":"Rage","floor":18},{"not_picked":["Sword Boomerang","Warcry","Clothesline+1"],"picked":"SKIP","floor":21},{"not_picked":["Armaments","Thunderclap","Body Slam"],"picked":"SKIP","floor":24},{"not_picked":["Pommel Strike","Demon Form","Reckless Charge"],"picked":"SKIP","floor":25},{"not_picked":["Cleave","Sword Boomerang"],"picked":"Disarm","floor":28},{"not_picked":["Wild Strike","Carnage"],"picked":"Barricade","floor":29},{"not_picked":["Sentinel","Wild Strike","Warcry"],"picked":"SKIP","floor":30},{"not_picked":["Sentinel","Rupture","Heavy Blade"],"picked":"SKIP","floor":31}],"player_experience":3401732,"relics_obtained":[{"floor":7,"key":"Vajra"},{"floor":11,"key":"Bottled Tornado"},{"floor":13,"key":"Regal Pillow"},{"floor":22,"key":"Red Mask"},{"floor":25,"key":"Tiny Chest"},{"floor":26,"key":"Mummified Hand"},{"floor":29,"key":"InkBottle"}],"event_choices":[{"cards_removed":["Strike_R"],"damage_healed":0,"gold_gain":0,"player_choice":"Card Removal","damage_taken":7,"max_hp_gain":0,"max_hp_loss":0,"event_name":"Golden Wing","floor":2,"gold_loss":0},{"damage_healed":0,"gold_gain":0,"player_choice":"Donut","damage_taken":0,"max_hp_gain":5,"max_hp_loss":0,"event_name":"Big Fish","floor":3,"gold_loss":0},{"damage_healed":0,"gold_gain":150,"player_choice":"AGREE","damage_taken":0,"max_hp_gain":0,"max_hp_loss":0,"event_name":"Liars Game","floor":12,"gold_loss":0,"cards_obtained":["Doubt"]},{"damage_healed":0,"gold_gain":0,"player_choice":"Ignored","damage_taken":0,"max_hp_gain":0,"max_hp_loss":0,"event_name":"Ghosts","floor":19,"gold_loss":0},{"damage_healed":0,"gold_gain":0,"player_choice":"Fought Bandits","damage_taken":0,"max_hp_gain":0,"max_hp_loss":0,"event_name":"Masked Bandits","floor":22,"gold_loss":0},{"damage_healed":55,"gold_gain":0,"player_choice":"Full Heal","damage_taken":0,"max_hp_gain":0,"max_hp_loss":0,"event_name":"Wheel of Change","floor":27,"gold_loss":0}],"is_beta":false,"boss_relics":[{"not_picked":["Sozu","Cursed Key"],"picked":"Astrolabe"}],"items_purged_floors":[4,20],"is_endless":false,"potions_floor_spawned":[5,11,13,16,21,22,24,28],"killed_by":"Collector","ascension_level":20}}