{"host":"m6aaltr68g9tvoay","time":1610171295,"event":{"mods":["AchievementEnabler","BaseMod","Colored Map","Minty Spire (QoL Compilation)","StSLib"],"gold_per_floor":[111,111,122,37,54,54,82,92,115,141,106,106,181,12,12,12,12],"floor_reached":16,"playtime":392,"items_purged":[],"score":211,"play_id":"df7c86a2-0953-40a7-81de-c1d4efb28d97","local_time":"20210108214815","is_ascension_mode":true,"campfire_choices":[{"data":"Whirlwind","floor":6.0,"key":"SMITH"},{"data":"Rampage","floor":12.0,"key":"SMITH"},{"floor":15.0,"key":"REST"}],"circlet_count":0,"master_deck":["AscendersBane","Strike_R","Strike_R","Strike_R","Strike_R","Strike_R","Defend_R","Defend_R","Defend_R","Defend_R","Iron Wave","Rampage+1","Whirlwind+1","Shockwave","Blood for Blood"],"relics":["Burning Blood","Ancient Tea Set","Anchor","Regal Pillow","Juzu Bracelet"],"acts_visited":["Exordium"],"potions_floor_usage":[],"damage_taken":[{"damage":9.0,"enemies":"2 Louse","floor":1.0,"turns":4.0},{"damage":2.0,"enemies":"Cultist","floor":3.0,"turns":4.0},{"damage":4.0,"enemies":"Jaw Worm","floor":5.0,"turns":4.0},{"damage":10.0,"enemies":"3 Sentries","floor":7.0,"turns":3.0},{"damage":19.0,"enemies":"Blue Slaver","floor":8.0,"turns":4.0},{"damage":12.0,"enemies":"Gremlin Nob","floor":10.0,"turns":3.0},{"damage":83,"enemies":"Slime Boss","floor":16,"turns":7}],"seed_played":"3905106501274030657","potions_obtained":[{"floor":1.0,"key":"Fire Potion"},{"floor":5.0,"key":"AttackPotion"},{"floor":7.0,"key":"SpeedPotion"},{"floor":8.0,"key":"PowerPotion"}],"is_trial":false,"path_per_floor":["M","?","M","$","M","R","E","M","T","E","?","R","?","$","R","B"],"character_chosen":"IRONCLAD","items_purchased":["Whirlwind","Juzu Bracelet"],"campfire_rested":1,"item_purchase_floors":[4,14],"current_hp_per_floor":[72,72,76,76,78,78,74,61,61,55,75,75,64,64,82,0,0],"gold":12,"neow_bonus":"TEN_PERCENT_HP_BONUS","is_daily":false,"chose_seed":false,"campfire_upgraded":2,"win_rate":0.0,"timestamp":1610171295,"path_taken":["M","?","M","?","?","R","E","M","T","E","?","R","?","$","R","BOSS"],"items_purchased_type":["Card","Relic"],"build_version":"2020-12-22","purchased_purges":0,"victory":false,"max_hp_per_floor":[82,82,82,82,82,82,82,82,82,82,82,82,82,82,82,82,82],"card_choices":[{"not_picked":["Hemokinesis","Perfected Strike"],"picked":"Iron Wave","floor":1.0},{"not_picked":["Cleave","Searing Blow"],"picked":"Rampage","floor":3.0},{"not_picked":["Heavy Blade","Sword Boomerang","Thunderclap"],"picked":"SKIP","floor":5.0},{"not_picked":["Dual Wield","Twin Strike"],"picked":"Shockwave","floor":7.0},{"not_picked":["Whirlwind","Searing Blow","Clash"],"picked":"SKIP","floor":8.0},{"not_picked":["Anger","Bloodletting"],"picked":"Blood for Blood","floor":10.0}],"player_experience":1346061,"relics_obtained":[{"floor":7.0,"key":"Ancient Tea Set"},{"floor":9.0,"key":"Anchor"},{"floor":10.0,"key":"Regal Pillow"}],"event_choices":[{"cards_removed":["Bash"],"damage_healed":0.0,"max_hp_gain":0.0,"max_hp_loss":0.0,"gold_gain":0.0,"event_name":"Bonfire Elementals","player_choice":"Offered Basic","floor":2.0,"gold_loss":0.0,"damage_taken":0.0},{"damage_healed":20.0,"max_hp_gain":0.0,"max_hp_loss":0.0,"gold_gain":0.0,"event_name":"The Cleric","player_choice":"Healed","floor":11.0,"gold_loss":35.0,"damage_taken":0.0},{"damage_healed":0.0,"max_hp_gain":0.0,"max_hp_loss":0.0,"gold_gain":75.0,"event_name":"World of Goop","player_choice":"Gather Gold","floor":13.0,"gold_loss":0.0,"damage_taken":11.0}],"is_beta":false,"boss_relics":[],"items_purged_floors":[],"is_endless":false,"potions_floor_spawned":[1,5,7,8],"killed_by":"Slime Boss","ascension_level":19}}