{"host":"uxq2rly8rxtwffuf","time":1610194815,"event":{"mods":["BaseMod","Koishi","Minty Spire (QoL Compilation)","StSLib","The Judge","The Servant 0.9.4"],"gold_per_floor":[109,128,204,204,93,125,125,25,25,25,25,54,64,64,64,138,138,154,1,32,32,48,48,48],"floor_reached":23,"playtime":872,"items_purged":["Defend_B","Strike_B"],"score":345,"play_id":"520891f3-9af6-4a07-9367-5397dc30f1a8","local_time":"20210109152015","is_ascension_mode":true,"campfire_choices":[{"floor":7,"key":"REST"},{"floor":10,"key":"REST"},{"floor":15,"key":"REST"}],"circlet_count":0,"master_deck":["AscendersBane","Strike_B","Strike_B","Defend_B+1","Defend_B+1","Defend_B","Zap","Dualcast","Doom and Gloom","Leap","Gash","Glacier","Core Surge","Doom and Gloom","Melter","Creative AI","Genetic Algorithm+1","Conserve Battery","Chill+1","Recycle"],"relics":["Cracked Core","Mercury Hourglass","Dream Catcher","Boot","SacredBark","Runic Capacitor","Red Mask"],"acts_visited":["Exordium","TheCity"],"potions_floor_usage":[1,12,20],"damage_taken":[{"damage":1,"enemies":"Cultist","floor":1,"turns":4},{"damage":14,"enemies":"2 Louse","floor":2,"turns":3},{"damage":18,"enemies":"3 Sentries","floor":6,"turns":7},{"damage":12,"enemies":"Lagavulin","floor":12,"turns":4},{"damage":4,"enemies":"Small Slimes","floor":13,"turns":2},{"damage":8,"enemies":"The Guardian","floor":16,"turns":11},{"damage":25,"enemies":"Shell Parasite","floor":18,"turns":8},{"damage":8,"enemies":"Masked Bandits","floor":20,"turns":3},{"damage":20,"enemies":"2 Thieves","floor":21,"turns":5},{"damage":6,"enemies":"Sentry and Sphere","floor":22,"turns":4},{"damage":11,"enemies":"Book of Stabbing","floor":23,"turns":4}],"seed_played":"641757590875605301","potions_obtained":[{"floor":1,"key":"Fruit Juice"},{"floor":6,"key":"BlessingOfTheForge"},{"floor":18,"key":"DistilledChaos"}],"is_trial":false,"path_per_floor":["M","M","?","?","$","E","R","$","T","R","$","E","M","?","R","B",null,"M","$","?","M","M","E"],"character_chosen":"DEFECT","items_purchased":["Glacier","Runic Capacitor"],"campfire_rested":3,"item_purchase_floors":[5,19],"current_hp_per_floor":[68,54,54,31,31,13,35,35,35,57,57,45,41,36,58,50,70,45,45,37,17,11,0,0],"gold":48,"neow_bonus":"TRANSFORM_CARD","is_daily":false,"chose_seed":false,"campfire_upgraded":0,"win_rate":0.0,"timestamp":1610194815,"path_taken":["M","?","?","?","$","E","R","$","T","R","?","E","M","?","R","BOSS","M","$","?","M","M","E"],"items_purchased_type":["Card","Relic"],"build_version":"2020-12-22","purchased_purges":2,"victory":false,"max_hp_per_floor":[76,76,76,76,76,76,76,76,76,76,76,76,76,76,76,76,76,76,76,76,76,76,76,76],"card_choices":[{"not_picked":["Hello World","Barrage"],"picked":"Leap","floor":1},{"not_picked":["Compile Driver","Sweeping Beam"],"picked":"Gash","floor":2},{"not_picked":["Hologram","Steam","Fission"],"picked":"SKIP","floor":6},{"not_picked":["Chill","Sweeping Beam"],"picked":"Core Surge","floor":12},{"not_picked":["Barrage","Leap"],"picked":"Doom and Gloom","floor":13},{"not_picked":["Sunder","Cold Snap"],"picked":"Melter","floor":15},{"not_picked":["All For One","Buffer"],"picked":"Creative AI","floor":16},{"not_picked":["Barrage","Doom and Gloom"],"picked":"Genetic Algorithm+1","floor":18},{"not_picked":["Blizzard","Steam"],"picked":"Conserve Battery","floor":20},{"not_picked":["Heatsinks","Stack"],"picked":"Chill+1","floor":21},{"not_picked":["Rebound","Stack"],"picked":"Recycle","floor":22}],"player_experience":1387492,"relics_obtained":[{"floor":6,"key":"Mercury Hourglass"},{"floor":12,"key":"Dream Catcher"},{"floor":20,"key":"Red Mask"}],"event_choices":[{"damage_healed":0,"gold_gain":76,"player_choice":"Gained Gold","damage_taken":0,"max_hp_gain":0,"max_hp_loss":0,"event_name":"Golden Wing","floor":3,"gold_loss":0},{"damage_healed":0,"gold_gain":0,"player_choice":"Entered Light","damage_taken":23,"max_hp_gain":0,"max_hp_loss":0,"event_name":"Shining Light","floor":4,"gold_loss":0,"cards_upgraded":["Defend_B","Defend_B"]},{"damage_healed":0,"gold_gain":0,"player_choice":"Success","damage_taken":5,"relics_obtained":["Boot"],"max_hp_gain":0,"max_hp_loss":0,"event_name":"Scrap Ooze","floor":14,"gold_loss":0},{"damage_healed":0,"gold_gain":0,"player_choice":"Fought Bandits","damage_taken":0,"max_hp_gain":0,"max_hp_loss":0,"event_name":"Masked Bandits","floor":20,"gold_loss":0}],"is_beta":false,"boss_relics":[{"not_picked":["Velvet Choker","Coffee Dripper"],"picked":"SacredBark"}],"items_purged_floors":[5,8],"is_endless":false,"potions_floor_spawned":[1,6,18],"killed_by":"Book of Stabbing","ascension_level":15}}