{"host":"xb8s6f94jxtwitgf","time":1610214638,"event":{"mods":["Act Like it!","BaseMod","Better Third Choice","BetterRewards","GifTheSpireLib","Hubris","Minty Spire (QoL Compilation)","Remove Card Discount Mod","Spicy Shops","Spikes Relics","StSLib","The Marked"],"gold_per_floor":[115,127,127,182,182,215,215,240,265,265,298,318,9,28,28,157,220,235,253,253,266,293,336,336,352,376,376,224,224,237,252,252,380,380,403,403,69,139,160,160,242,256,256,279,295,63,79,113,113,113],"floor_reached":51,"playtime":2161,"items_purged":["Injury","theMarked:Strike","theMarked:Strike","theMarked:Defend","theMarked:Strike","theMarked:Strike","theMarked:Strike","theMarked:Defend","theMarked:Defend","theMarked:ParalyzingBlade","theMarked:Reabsorb","theMarked:ElectricStrings","theMarked:SoldierOfQuellstein+1"],"score":959,"play_id":"f6b3b0b4-0ef5-4be2-9fe2-c927fe2c3ced","local_time":"20210109175038","is_ascension_mode":false,"campfire_choices":[{"data":"theMarked:Opportunist","floor":7,"key":"SMITH"},{"data":"theMarked:ChainLightning","floor":10,"key":"SMITH"},{"data":"theMarked:Defend","floor":15,"key":"SMITH"},{"data":"theMarked:Defy","floor":24,"key":"SMITH"},{"data":"theMarked:MagicAdept","floor":27,"key":"SMITH"},{"data":"theMarked:Aftermath","floor":29,"key":"SMITH"},{"data":"theMarked:TakeOffHeels","floor":32,"key":"SMITH"},{"data":"theMarked:Seal","floor":40,"key":"SMITH"},{"data":"theMarked:BanishingStrike","floor":49,"key":"SMITH"}],"circlet_count":0,"master_deck":["theMarked:Defend+1","theMarked:BanishingStrike+1","theMarked:BanishingStrike+1","theMarked:Opportunist+1","theMarked:ChainLightning+1","theMarked:Aftermath+1","theMarked:BanishingStrike+1","theMarked:MagicAdept+1","theMarked:Seal+1","theMarked:Defy+1","theMarked:TakeOffHeels+1","theMarked:AttractMetal+1","theMarked:BanishingStrike+1","theMarked:DeterminationOfTheMarked+1"],"relics":["theMarked:ArtifactOfAir","Nunchaku","Golden Idol","Pen Nib","Tiny Chest","HornCleat","Membership Card","SpikesRelics:ToyHorsey","Tiny House","PreservedInsect","Centennial Puzzle","RollingBoulder","Vajra","HandDrill","Velvet Choker","Kunai","Sling","Pear","theMarked:NailFile","hubris:PeanutButter","Lantern","Bag of Marbles","Molten Egg 2","CrustySpines","Akabeko"],"acts_visited":["Exordium","TheCity","TheBeyond"],"potions_floor_usage":[11,19,33,33,33,50,50],"damage_taken":[{"damage":5,"enemies":"Small Slimes","floor":1,"turns":3},{"damage":6,"enemies":"Jaw Worm","floor":2,"turns":4},{"damage":21,"enemies":"3 Sentries","floor":6,"turns":8},{"damage":0,"enemies":"2 Louse","floor":8,"turns":3},{"damage":0,"enemies":"Gremlin Nob","floor":11,"turns":1},{"damage":6,"enemies":"Exordium Wildlife","floor":12,"turns":3},{"damage":0,"enemies":"2 Fungi Beasts","floor":14,"turns":2},{"damage":1,"enemies":"Hexaghost","floor":16,"turns":5},{"damage":5,"enemies":"Chosen","floor":18,"turns":3},{"damage":20,"enemies":"2 Thieves","floor":19,"turns":4},{"damage":16,"enemies":"Shelled Parasite and Fungi","floor":21,"turns":5},{"damage":0,"enemies":"Gremlin Leader","floor":23,"turns":4},{"damage":0,"enemies":"Snake Plant","floor":25,"turns":2},{"damage":8,"enemies":"Centurion and Healer","floor":30,"turns":3},{"damage":1,"enemies":"3 Cultists","floor":31,"turns":4},{"damage":19,"enemies":"hubris:MusketHawk","floor":33,"turns":6},{"damage":0,"enemies":"3 Darklings","floor":35,"turns":2},{"damage":0,"enemies":"Orb Walker","floor":39,"turns":3},{"damage":0,"enemies":"Spire Growth","floor":42,"turns":3},{"damage":3,"enemies":"3 Darklings","floor":44,"turns":3},{"damage":7,"enemies":"Sphere and 2 Shapes","floor":45,"turns":3},{"damage":0,"enemies":"Jaw Worm Horde","floor":47,"turns":3},{"damage":0,"enemies":"Reptomancer","floor":48,"turns":2},{"damage":50,"enemies":"Donu and Deca","floor":50,"turns":6}],"seed_played":"8460059374677695247","potions_obtained":[{"floor":8,"key":"DuplicationPotion"},{"floor":14,"key":"Regen Potion"},{"floor":17,"key":"Dexterity Potion"},{"floor":21,"key":"CultistPotion"},{"floor":25,"key":"Weak Potion"},{"floor":39,"key":"Block Potion"},{"floor":42,"key":"SteroidPotion"}],"is_trial":false,"path_per_floor":["M","M","?","T","?","E","R","M","T","R","E","M","$","M","R","B",null,"M","M","?","M","T","E","R","M","T","R","$","R","M","M","R","B",null,"M","?","$","T","M","R","T","M","T","M","M","$","M","E","R","B",null],"character_chosen":"THE_DEFAULT","items_purchased":["Membership Card","SpikesRelics:ToyHorsey","theMarked:BanishingStrike","Vajra","HandDrill","Kunai","Sling","Pear","Bag of Marbles","Molten Egg 2","theMarked:BanishingStrike+1","CrustySpines"],"campfire_rested":0,"item_purchase_floors":[13,13,13,28,28,37,37,37,46,46,46,46],"current_hp_per_floor":[65,59,59,59,59,38,38,38,38,38,38,32,32,32,32,31,75,70,62,62,46,46,46,46,46,46,46,46,46,38,37,37,18,75,75,75,85,85,85,85,85,85,85,82,75,75,75,75,75,35],"gold":113,"neow_bonus":"UPGRADE_CARD","is_daily":false,"chose_seed":false,"campfire_upgraded":9,"win_rate":0.0,"timestamp":1610214638,"path_taken":["M","M","?","?","?","E","R","M","T","R","E","M","$","?","R","BOSS","M","M","?","?","?","E","R","M","T","R","$","R","M","M","R","BOSS","M","?","?","?","M","R","?","M","T","M","M","$","M","E","R","BOSS"],"items_purchased_type":["Relic","Relic","Card","Relic","Relic","Relic","Relic","Relic","Relic","Relic","Card","Relic"],"build_version":"2020-12-22","purchased_purges":13,"victory":true,"max_hp_per_floor":[70,70,70,70,70,70,70,70,70,70,70,70,70,70,70,70,75,75,75,75,75,75,75,75,75,75,75,75,75,75,75,75,75,75,75,75,85,85,85,85,85,85,85,85,85,85,85,85,85,85],"card_choices":[{"not_picked":["theMarked:RepellingDischarge","theMarked:WastefulAttack"],"picked":"theMarked:BanishingStrike","floor":1},{"not_picked":["theMarked:WastefulDefense","theMarked:AttractMetal"],"picked":"theMarked:BanishingStrike","floor":2},{"not_picked":["theMarked:GodGivenPower","theMarked:Snap"],"picked":"theMarked:Opportunist","floor":6},{"not_picked":["theMarked:Parkour","theMarked:TunnelVision"],"picked":"theMarked:ChainLightning","floor":8},{"not_picked":["theMarked:Electrify","theMarked:SelfDefenseTraining"],"picked":"theMarked:Aftermath","floor":11},{"not_picked":["theMarked:WastefulDefense","theMarked:WastefulAttack","theMarked:ShockingTouch"],"picked":"SKIP","floor":12},{"not_picked":["theMarked:DeterminationOfTheMarked","theMarked:ResourceFulStrike"],"picked":"theMarked:ParalyzingBlade","floor":14},{"not_picked":["theMarked:FavorableWinds","theMarked:TakeOffHeels"],"picked":"theMarked:MagicAdept","floor":16},{"not_picked":["theMarked:TwofoldDefense","theMarked:ResourceFulStrike"],"picked":"theMarked:ElectricStrings","floor":17},{"not_picked":["theMarked:SwordAndMagic+1","theMarked:WastefulAttack"],"picked":"theMarked:Reabsorb","floor":18},{"not_picked":["theMarked:WastefulDefense","theMarked:PowerFlow","theMarked:BanishingStrike"],"picked":"SKIP","floor":19},{"not_picked":["theMarked:ResourceFulStrike","theMarked:Static"],"picked":"theMarked:Seal","floor":21},{"not_picked":["theMarked:HeightenedSenses","theMarked:BanishingStrike"],"picked":"theMarked:Defy","floor":23},{"not_picked":["theMarked:TwofoldDefense+1","theMarked:Parkour","theMarked:WastefulAttack"],"picked":"SKIP","floor":25},{"not_picked":["theMarked:ChainLightning","theMarked:WastefulAttack+1"],"picked":"theMarked:TakeOffHeels","floor":30},{"not_picked":["theMarked:Overcharge","theMarked:Aftermath","theMarked:WastefulDefense"],"picked":"SKIP","floor":31},{"not_picked":["theMarked:Static+1","theMarked:RogueSparks+1"],"picked":"theMarked:AttractMetal+1","floor":35},{"not_picked":["theMarked:BanishingStrike","theMarked:TwofoldDefense","theMarked:Opportunist+1"],"picked":"SKIP","floor":39},{"not_picked":["theMarked:TunnelVision","theMarked:Overthink","theMarked:ShockingTouch"],"picked":"SKIP","floor":42},{"not_picked":["theMarked:ResourceFulStrike+1","theMarked:Improvise","theMarked:Static+1"],"picked":"SKIP","floor":44},{"not_picked":["theMarked:KeepCalmAndFightOn+1","theMarked:EmpowerWeapon+1","theMarked:MaelstromOfLightning"],"picked":"SKIP","floor":45},{"not_picked":["theMarked:WardOff","theMarked:Frustration+1","theMarked:Aftermath+1"],"picked":"SKIP","floor":47},{"not_picked":["theMarked:EmpowerWeapon+1","theMarked:Static+1"],"picked":"theMarked:DeterminationOfTheMarked+1","floor":48}],"player_experience":1033470,"relics_obtained":[{"floor":4,"key":"Nunchaku"},{"floor":6,"key":"Pen Nib"},{"floor":9,"key":"Tiny Chest"},{"floor":11,"key":"HornCleat"},{"floor":22,"key":"PreservedInsect"},{"floor":23,"key":"Centennial Puzzle"},{"floor":26,"key":"RollingBoulder"},{"floor":38,"key":"theMarked:NailFile"},{"floor":41,"key":"hubris:PeanutButter"},{"floor":43,"key":"Lantern"},{"floor":48,"key":"Akabeko"}],"event_choices":[{"damage_healed":0,"gold_gain":0,"player_choice":"Grow","damage_taken":0,"max_hp_gain":0,"max_hp_loss":0,"event_name":"Living Wall","floor":3,"gold_loss":0,"cards_upgraded":["theMarked:BanishingStrike"]},{"damage_healed":0,"gold_gain":0,"player_choice":"Take Wound","damage_taken":0,"relics_obtained":["Golden Idol"],"max_hp_gain":0,"max_hp_loss":0,"event_name":"Golden Idol","floor":5,"gold_loss":0,"cards_obtained":["Injury"]},{"damage_healed":0,"gold_gain":0,"player_choice":"Bought 0 Potions","damage_taken":0,"max_hp_gain":0,"max_hp_loss":0,"event_name":"The Woman in Blue","floor":20,"gold_loss":0},{"damage_healed":0,"gold_gain":0,"player_choice":"Ignored","damage_taken":0,"max_hp_gain":0,"max_hp_loss":0,"event_name":"NoteForYourself","floor":36,"gold_loss":0}],"is_beta":false,"boss_relics":[{"not_picked":["Runic Pyramid","hubris:ScarierMask"],"picked":"Tiny House"},{"not_picked":["hubris:HollowSoul","Runic Dome"],"picked":"Velvet Choker"}],"items_purged_floors":[13,13,13,13,13,13,13,37,46,46,46,46,46],"is_endless":false,"potions_floor_spawned":[8,14,21,25,30,39,42],"ascension_level":0}}