{"host":"jpzdg3po3tjxdjri","time":1610192086,"event":{"mods":["BaseMod","Better Third Choice","Colored Map","Colored Powertips","Minty Spire (QoL Compilation)","StSLib"],"gold_per_floor":[368,42,42,52,67,99,119,119,142,64,74,101,113,137,149,239,251,280,292,35,35,51,51,79,79,79],"floor_reached":25,"playtime":720,"items_purged":["Parasite"],"score":393,"play_id":"d1e2906f-e189-46da-a65a-773b764488fa","local_time":"20210109113446","is_ascension_mode":true,"campfire_choices":[{"floor":8,"key":"REST"},{"floor":13,"key":"REST"},{"data":"Heavy Blade","floor":15,"key":"SMITH"},{"data":"Barricade","floor":23,"key":"SMITH"}],"circlet_count":0,"master_deck":["AscendersBane","Strike_R","Strike_R","Strike_R+1","Strike_R+1","Defend_R","Defend_R","Defend_R","Defend_R","Bash","Perfected Strike","Inflame","Hemokinesis","Cleave","Fire Breathing","Shrug It Off","Clothesline","Metallicize","Intimidate","Shrug It Off","Heavy Blade+1","Barricade+1","RitualDagger","Headbutt+1","Body Slam+1","Sword Boomerang+1","Intimidate"],"relics":["Burning Blood","Brimstone","Whetstone","PreservedInsect","MawBank","Mark of Pain","Molten Egg 2","Pantograph"],"acts_visited":["Exordium","TheCity"],"potions_floor_usage":[7,14,24,25],"damage_taken":[{"damage":5,"enemies":"Cultist","floor":1,"turns":5},{"damage":2,"enemies":"Small Slimes","floor":4,"turns":3},{"damage":6,"enemies":"2 Louse","floor":5,"turns":2},{"damage":42,"enemies":"Lagavulin","floor":6,"turns":5},{"damage":12,"enemies":"Large Slime","floor":7,"turns":4},{"damage":12,"enemies":"Looter","floor":11,"turns":3},{"damage":13,"enemies":"3 Sentries","floor":12,"turns":4},{"damage":1,"enemies":"Gremlin Gang","floor":14,"turns":3},{"damage":8,"enemies":"Slime Boss","floor":16,"turns":6},{"damage":18,"enemies":"2 Thieves","floor":18,"turns":3},{"damage":2,"enemies":"Chosen","floor":22,"turns":3},{"damage":52,"enemies":"Gremlin Leader","floor":24,"turns":5},{"damage":14,"enemies":"Shelled Parasite and Fungi","floor":25,"turns":2}],"seed_played":"7829925834182732629","potions_obtained":[{"floor":5,"key":"Explosive Potion"},{"floor":6,"key":"BlessingOfTheForge"},{"floor":11,"key":"HeartOfIron"},{"floor":18,"key":"AttackPotion"}],"is_trial":false,"path_per_floor":["M","$","?","M","M","E","M","R","T","$","M","E","R","M","R","B",null,"M","?","$","?","M","R","E","M"],"character_chosen":"IRONCLAD","items_purchased":["Brimstone","Inflame","Hemokinesis","Metallicize","Molten Egg 2","Headbutt+1"],"campfire_rested":2,"item_purchase_floors":[2,2,2,10,20,20],"current_hp_per_floor":[69,69,69,72,72,36,30,51,51,51,45,38,59,64,64,62,70,58,52,52,52,56,56,10,0,0],"gold":79,"neow_bonus":"TWO_FIFTY_GOLD","is_daily":false,"chose_seed":false,"campfire_upgraded":2,"win_rate":0.0,"timestamp":1610192086,"path_taken":["M","$","?","M","M","E","?","R","T","?","M","E","R","M","R","BOSS","M","?","$","?","M","R","E","M"],"items_purchased_type":["Relic","Card","Card","Card","Relic","Card"],"build_version":"2020-12-22","purchased_purges":1,"victory":false,"max_hp_per_floor":[75,72,72,72,72,72,72,72,72,72,72,72,72,72,72,72,72,72,72,72,72,72,72,72,72,72],"card_choices":[{"not_picked":["Shrug It Off","Dropkick"],"picked":"Perfected Strike","floor":1},{"not_picked":["True Grit","Flex"],"picked":"Cleave","floor":4},{"not_picked":["Iron Wave","Bloodletting"],"picked":"Fire Breathing","floor":5},{"not_picked":["Impervious","Sever Soul"],"picked":"Shrug It Off","floor":6},{"not_picked":["Feel No Pain","Flex"],"picked":"Clothesline","floor":7},{"not_picked":["Armaments","Thunderclap"],"picked":"Intimidate","floor":11},{"not_picked":["Bloodletting","Berserk"],"picked":"Shrug It Off","floor":12},{"not_picked":["Shockwave","Headbutt"],"picked":"Heavy Blade","floor":14},{"not_picked":["Fiend Fire","Reaper"],"picked":"Barricade","floor":16},{"not_picked":["Clash","Warcry","Flex"],"picked":"SKIP","floor":18},{"not_picked":["Body Slam+1","Burning Pact"],"picked":"Sword Boomerang+1","floor":22},{"not_picked":["Power Through","Infernal Blade"],"picked":"Intimidate","floor":24}],"player_experience":827276,"relics_obtained":[{"floor":6,"key":"Whetstone"},{"floor":9,"key":"PreservedInsect"},{"floor":12,"key":"MawBank"},{"floor":24,"key":"Pantograph"}],"event_choices":[{"cards_removed":["Strike_R"],"damage_healed":0,"gold_gain":0,"player_choice":"Card Removal","damage_taken":0,"max_hp_gain":0,"max_hp_loss":0,"event_name":"Wheel of Change","floor":3,"gold_loss":0},{"damage_healed":0,"gold_gain":0,"player_choice":"Dagger","damage_taken":6,"max_hp_gain":0,"max_hp_loss":0,"event_name":"betterThird:BetterNest","floor":19,"gold_loss":0,"cards_obtained":["RitualDagger"]},{"damage_healed":0,"gold_gain":0,"player_choice":"Read","damage_taken":0,"max_hp_gain":0,"max_hp_loss":0,"event_name":"The Library","floor":21,"gold_loss":0,"cards_obtained":["Body Slam"]}],"is_beta":false,"boss_relics":[{"not_picked":["Pandora\u0027s Box","Black Blood"],"picked":"Mark of Pain"}],"items_purged_floors":[2],"is_endless":false,"potions_floor_spawned":[5,6,11,12,18],"killed_by":"Shelled Parasite and Fungi","ascension_level":14}}