{"host":"z9x5nldzhmx4jdfi","time":1610161124,"event":{"mods":["2.2 Compatiblity","BaseMod","Better Altar","Better Match","Better Note","Better Sensory Stone","Better Skull","Better Third Choice","BetterRewards","Block Reminder","Card Filter","Colored Powertips","Infinite Spire","Minty Spire (QoL Compilation)","Relic Filter","StSLib","Td1madao Mod","The Animator","The Servant 0.9.4","Wandering Minibosses"],"gold_per_floor":[115,128,128,152,227,227,256,256,328,354,354,388,408,443,443,546,546,565,565,565,577,577,607,607,637,662,681,781,800,800,827,827,931,931,942,942,1042,1056,1156,1190,552,552,552,581,275,306,306,333,333,333,333,333,829,879,879,879],"floor_reached":55,"playtime":5312,"items_purged":["animator:Strike","animator:Strike","animator:Strike","animator:Defend","animator:Defend","animator:Defend"],"score":1911,"play_id":"2ec87df3-e520-493f-b753-fc53e0fbe518","local_time":"20210108205844","is_ascension_mode":true,"campfire_choices":[{"data":"animator:Cocytus","floor":6.0,"key":"SMITH"},{"data":"animator:Shalltear","floor":8.0,"key":"SMITH"},{"data":"animator:Ainz","floor":11.0,"key":"SMITH"},{"data":"animator:Ainz","floor":15.0,"key":"SMITH"},{"data":"animator:Sebas","floor":24.0,"key":"SMITH"},{"data":"animator:NarberalGamma","floor":32.0,"key":"SMITH"},{"floor":47.0,"key":"RECALL"},{"data":"animator:Eve","floor":49.0,"key":"SMITH"},{"data":"infinitespire:SevenWalls","floor":52,"key":"SMITH"}],"circlet_count":0,"master_deck":["AscendersBane","animator:Strike_Overlord","animator:Defend_Overlord","animator:Cocytus","animator:Demiurge","animator:Cocytus","animator:Ainz","animator:PandorasActor","animator:Ainz","animator:Entoma+2","animator:Shalltear","animator:Sebas","animator:PandorasActor","animator:Shizu+1","animator:NarberalGamma","Reinforced Body","animator:Sebas","animator:Sebas","animator:Eve","Dash","animator:Rena+1","animator:Ainz"],"relics":["animator:TheEruzaStone","animator:AncientMedallion"],"acts_visited":["Exordium","TheCity","TheBeyond","TheEnding","EYB:TheUnnamedReign"],"potions_floor_usage":[55],"damage_taken":[{"damage":0.0,"enemies":"Small Slimes","floor":1.0,"turns":3.0},{"damage":0.0,"enemies":"Cultist","floor":2.0,"turns":2.0},{"damage":0.0,"enemies":"Jaw Worm","floor":4.0,"turns":3.0},{"damage":43.0,"enemies":"Gremlin Nob","floor":7.0,"turns":5.0},{"damage":22.0,"enemies":"Exordium Thugs","floor":12.0,"turns":5.0},{"damage":0.0,"enemies":"Blue Slaver","floor":13.0,"turns":4.0},{"damage":4.0,"enemies":"Lagavulin","floor":14.0,"turns":6.0},{"damage":9.0,"enemies":"The Guardian","floor":16.0,"turns":11.0},{"damage":0.0,"enemies":"Chosen","floor":18.0,"turns":3.0},{"damage":2.0,"enemies":"2 Thieves","floor":21.0,"turns":3.0},{"damage":0.0,"enemies":"Slavers","floor":23.0,"turns":3.0},{"damage":0.0,"enemies":"Book of Stabbing","floor":25.0,"turns":4.0},{"damage":0.0,"enemies":"Centurion and Healer","floor":27.0,"turns":6.0},{"damage":0.0,"enemies":"Colosseum Slavers","floor":28.0,"turns":2.0},{"damage":0.0,"enemies":"Colosseum Nobs","floor":28.0,"turns":4.0},{"damage":0.0,"enemies":"3 Cultists","floor":29.0,"turns":3.0},{"damage":0.0,"enemies":"Gremlin Leader","floor":31.0,"turns":6.0},{"damage":16.0,"enemies":"Collector","floor":33.0,"turns":8.0},{"damage":5.0,"enemies":"3 Shapes","floor":35.0,"turns":5.0},{"damage":0.0,"enemies":"infinitespire:Three Voidlings","floor":37.0,"turns":1.0},{"damage":58.0,"enemies":"Nightmare_Alpha","floor":37.0,"turns":8.0},{"damage":2.0,"enemies":"3 Darklings","floor":38.0,"turns":3.0},{"damage":11.0,"enemies":"Reptomancer","floor":40.0,"turns":5.0},{"damage":0.0,"enemies":"Giant Head","floor":44.0,"turns":9.0},{"damage":0.0,"enemies":"Reptomancer","floor":46.0,"turns":6.0},{"damage":0.0,"enemies":"Giant Head","floor":48.0,"turns":7.0},{"damage":0.0,"enemies":"Donu and Deca","floor":50.0,"turns":6.0},{"damage":0,"enemies":"animator:UNNAMED_CULTIST_1","floor":54,"turns":13},{"damage":99,"enemies":"animator:TRIPLE_SHAPES_WEAK","floor":55,"turns":6}],"seed_played":"6531814954034158658","potions_obtained":[{"floor":2.0,"key":"BlessingOfTheForge"},{"floor":12.0,"key":"Regen Potion"},{"floor":13.0,"key":"ColorlessPotion"},{"floor":14.0,"key":"Block Potion"},{"floor":16.0,"key":"ColorlessPotion"},{"floor":18.0,"key":"Energy Potion"},{"floor":21.0,"key":"Dexterity Potion"},{"floor":23.0,"key":"Block Potion"},{"floor":25.0,"key":"SteroidPotion"},{"floor":27.0,"key":"LiquidMemories"},{"floor":28.0,"key":"DuplicationPotion"},{"floor":33.0,"key":"Weak Potion"},{"floor":35.0,"key":"SpeedPotion"},{"floor":36.0,"key":"CultistPotion"},{"floor":37.0,"key":"Strength Potion"},{"floor":44.0,"key":"Fruit Juice"},{"floor":54,"key":"animator:FalseLifePotion"}],"is_trial":false,"path_per_floor":["M","M","?","M","?","R","E","R","T","T","R","M","M","E","R","B",null,"M","AVR","?","M","?","E","R","E","T","M","?","M","?","E","R","B",null,"M","?","?","M","?","E","$","T","T","E","$","E","R","E","R","B",null,"R","??","M","M"],"character_chosen":"THE_ANIMATOR","items_purchased":["Bag of Preparation","Lee\u0027s Waffle","animator:Cocytus","Orrery","Lantern","DollysMirror","Anchor","Whetstone","Swift Potion","CloakClasp","infinitespire:Lucky Rock","Orichalcum","ClockworkSouvenir"],"campfire_rested":0,"item_purchase_floors":[0,0,0,0,0,0,0,0,0,41,41,45,45],"current_hp_per_floor":[74,74,84,84,73,73,31,31,31,31,31,11,11,19,19,10,68,70,70,70,68,68,68,68,68,68,68,70,70,24,43,43,57,84,86,86,45,60,65,59,59,59,59,66,66,73,73,80,80,101,101,101,98,98,0,0],"gold":879,"neow_bonus":"","is_daily":false,"chose_seed":false,"campfire_upgraded":8,"win_rate":0.0,"timestamp":1610161124,"path_taken":["M","M","?","?","?","R","E","R","T","?","R","M","?","E","R","BOSS","M","AVR","?","M","?","E","R","E","T","M","?","M","?","E","R","BOSS","M","?","?","M","?","E","$","?","T","E","$","E","R","E","R","BOSS","R","??","M","M"],"items_purchased_type":["Relic","Relic","Card","Relic","Relic","Relic","Relic","Relic","Potion","Relic","Relic","Relic","Relic"],"build_version":"2020-12-22","purchased_purges":6,"victory":false,"max_hp_per_floor":[74,74,84,84,84,84,85,85,85,85,85,87,87,87,87,87,87,89,89,89,89,89,89,89,89,89,89,91,91,91,93,93,93,93,95,95,95,95,95,95,95,95,95,97,97,99,99,101,101,101,101,101,98,98,98,98],"card_choices":[{"not_picked":["animator:Shizu","animator:Shalltear"],"picked":"animator:Ainz","floor":0.0},{"not_picked":["animator:Vesta","animator:Add"],"picked":"animator:PandorasActor","floor":0.0},{"not_picked":["animator:MumenRider","animator:Lu"],"picked":"animator:Shizu","floor":1.0},{"not_picked":["animator:Genos","animator:Bozes","animator:Ciel"],"picked":"SKIP","floor":2.0},{"not_picked":["animator:IrohaTamaki","animator:SilverFang"],"picked":"animator:Entoma","floor":4.0},{"not_picked":["animator:Evileye","animator:Entoma"],"picked":"animator:Shalltear","floor":7.0},{"not_picked":["animator:Hakurou","animator:Entoma"],"picked":"animator:Sebas","floor":12.0},{"not_picked":["animator:Melzalgald","animator:Demiurge"],"picked":"animator:PandorasActor","floor":13.0},{"not_picked":["animator:TukaLunaMarceau","animator:Shalltear","animator:ChlammyZell"],"picked":"SKIP","floor":14.0},{"not_picked":["animator:HomuraAkemi","animator:Sora"],"picked":"animator:Shizu","floor":16.0},{"not_picked":["animator:PandorasActor","animator:Entoma"],"picked":"animator:NarberalGamma","floor":18.0},{"not_picked":["animator:ChlammyZell","animator:Chung+1","animator:YachiyoNanami+1"],"picked":"SKIP","floor":21.0},{"not_picked":["animator:Elsword","animator:Kuribayashi","animator:Sora"],"picked":"SKIP","floor":23.0},{"not_picked":["animator:Rena","animator:YuiTsuruno"],"picked":"animator:Sebas","floor":25.0},{"not_picked":["animator:Cocytus","animator:PandorasActor"],"picked":"animator:Sebas","floor":27.0},{"not_picked":["animator:Demiurge","animator:GazelDwargon","animator:Add"],"picked":"SKIP","floor":29.0},{"not_picked":["animator:GazelDwargon","animator:Shalltear","animator:Lu"],"picked":"SKIP","floor":31.0},{"not_picked":["animator:ItamiYouji","animator:Saitama"],"picked":"animator:Eve","floor":33.0},{"not_picked":["animator:Sebas","animator:Cocytus"],"picked":"animator:Entoma","floor":35.0},{"not_picked":["infinitespire:Gouge","infinitespire:Fortify"],"picked":"infinitespire:SevenWalls","floor":37.0},{"not_picked":["animator:Genos","animator:PandorasActor","animator:Tet"],"picked":"SKIP","floor":38.0},{"not_picked":["animator:PinaCoLada","animator:Cocytus"],"picked":"animator:Rena+1","floor":40.0},{"not_picked":["animator:Ain+1","animator:Ciel","animator:DolaSchwi+1"],"picked":"SKIP","floor":46.0},{"not_picked":["animator:NagisaMomoe+1","animator:Shion+1"],"picked":"animator:Ainz","floor":48.0},{"not_picked":["animator:Hakurou+1","animator:LeleiLaLalena","animator:RoryMercury"],"picked":"SKIP","floor":54}],"player_experience":1491067,"relics_obtained":[{"floor":7.0,"key":"White Beast Statue"},{"floor":9.0,"key":"Bottled Tornado"},{"floor":10.0,"key":"Nunchaku"},{"floor":14.0,"key":"infinitespire:CheckeredPen"},{"floor":23.0,"key":"animator:OldCoffin"},{"floor":23.0,"key":"CaptainsWheel"},{"floor":25.0,"key":"Meat on the Bone"},{"floor":25.0,"key":"Bronze Scales"},{"floor":26.0,"key":"Vajra"},{"floor":28.0,"key":"StoneCalendar"},{"floor":28.0,"key":"Pantograph"},{"floor":31.0,"key":"WingedGreaves"},{"floor":31.0,"key":"Juzu Bracelet"},{"floor":35.0,"key":"wanderingMiniBosses:CarrionFlame"},{"floor":37.0,"key":"Dead Branch"},{"floor":40.0,"key":"Charon\u0027s Ashes"},{"floor":40.0,"key":"Dream Catcher"},{"floor":42.0,"key":"Calipers"},{"floor":44.0,"key":"Molten Egg 2"},{"floor":44.0,"key":"animator:EngravedStaff"},{"floor":46.0,"key":"MealTicket"},{"floor":46.0,"key":"animator:HeavyHalberd"},{"floor":48.0,"key":"Art of War"},{"floor":48.0,"key":"infinitespire:Joker Card"},{"floor":53,"key":"animator:TheEruzaStone"},{"floor":53,"key":"animator:AncientMedallion"}],"event_choices":[{"cards_removed":["animator:Shizu"],"damage_healed":0.0,"max_hp_gain":10.0,"max_hp_loss":0.0,"gold_gain":0.0,"event_name":"Bonfire Elementals","player_choice":"Offered Rare","floor":3.0,"gold_loss":0.0,"damage_taken":0.0},{"damage_healed":0.0,"max_hp_gain":1.0,"max_hp_loss":0.0,"gold_gain":75.0,"event_name":"betterThird:BetterGoop","player_choice":"Gold","floor":5.0,"gold_loss":0.0,"damage_taken":11.0},{"cards_removed":["animator:Entoma"],"damage_healed":0.0,"max_hp_gain":0.0,"max_hp_loss":0.0,"gold_gain":0.0,"event_name":"betterNote:BetterNote","player_choice":"Give","floor":20.0,"gold_loss":0.0,"damage_taken":0.0,"cards_obtained":["None"]},{"damage_healed":0.0,"max_hp_gain":0.0,"max_hp_loss":0.0,"gold_gain":0.0,"event_name":"Colosseum","player_choice":"Fight","floor":28.0,"gold_loss":0.0,"damage_taken":0.0},{"damage_healed":0.0,"max_hp_gain":0.0,"max_hp_loss":0.0,"gold_gain":0.0,"event_name":"Colosseum","player_choice":"Fought Nobs","floor":28.0,"gold_loss":0.0,"damage_taken":0.0},{"damage_healed":0.0,"max_hp_gain":70.0,"max_hp_loss":24.0,"gold_gain":0.0,"event_name":"betterAltar:BetterAltar","player_choice":" Idol ","floor":30.0,"potions_obtained":[],"relics_lost":[],"gold_loss":0.0,"damage_taken":46.0,"relics_obtained":["Bloody Idol"]},{"damage_healed":0.0,"max_hp_gain":0.0,"max_hp_loss":0.0,"gold_gain":0.0,"event_name":"Lab","player_choice":"Got Potions","floor":36.0,"gold_loss":0.0,"damage_taken":0.0},{"damage_healed":0.0,"max_hp_gain":0.0,"max_hp_loss":0.0,"gold_gain":100.0,"event_name":"Golden Shrine","player_choice":"Pray","floor":39.0,"gold_loss":0.0,"damage_taken":0.0}],"is_beta":false,"boss_relics":[{"not_picked":["Pandora\u0027s Box","Runic Dome"],"picked":"SacredBark"},{"not_picked":["animator:RacePiece","Velvet Choker"],"picked":"Mark of Pain"}],"items_purged_floors":[0,0,0,0,19,41],"is_endless":false,"potions_floor_spawned":[2,12,13,14,16,18,21,23,25,27,28,28,29,31,33,35,37,37,38,40,44,46,48,54],"killed_by":"animator:TRIPLE_SHAPES_WEAK","ascension_level":10}}