{"host":"xm0tf1maiknh0fp9","time":1610207403,"event":{"mods":["BaseMod","Colored Map","Colored Powertips","Googly Eyes","Minty Spire (QoL Compilation)","Replay The Spire","StSLib"],"gold_per_floor":[113,38,57,57,57,95,95,134,134,134,161,181,232,266,266,279,279,400,400,415,439,463,463,473,503,522,522,522,432,432,445,455,467,467,564,614,627,126,126,136,151,181,181,196,246,29,47,47,47,60,60,60,60],"floor_reached":52,"playtime":3531,"items_purged":["Strike_R","Sickly","Delirium"],"score":681,"play_id":"a3110d86-71da-4de7-9330-fe1cb4ec2df5","local_time":"20210109105003","is_ascension_mode":true,"campfire_choices":[{"data":"ReplayTheSpireMod:Limb From Limb","floor":7.0,"key":"SMITH"},{"floor":34.0,"key":"REST"},{"data":"J.A.X.","floor":43,"key":"SMITH"},{"floor":49,"key":"REST"},{"data":"Inflame","floor":51,"key":"SMITH"}],"circlet_count":0,"master_deck":["Defend_R","Defend_R","Defend_R","Bash","ReplayTheSpireMod:Limb From Limb+1","Double Tap+1","CommonCold","Uppercut+1","J.A.X.+1","Run Through+1","Injury","Fiend Fire","Inflame+1","Impatience","Parasite"],"relics":["Burning Blood","NeowsBlessing","Bloody Idol","Vajra","Regal Pillow","Replay:Rubber Ducky","Darkstone Periapt","Shuriken","Replay:Grab Bag","Cursed Key","Painkiller Herb","Kintsugi","Unceasing Top","Oddly Smooth Stone","Tiny House","HandDrill","Replay:Bottled Flurry","ReplayTheSpireMod:Ring of Collecting","Ring of Peace","Happy Flower","Ring of Greed","Golden Idol","MealTicket","Mummified Hand","BargainBundle"],"acts_visited":["Exordium","TheCity","TheBeyond"],"potions_floor_usage":[37,42,46,47,47,52,52],"damage_taken":[{"damage":0.0,"enemies":"Cultist","floor":1.0,"turns":1.0},{"damage":0.0,"enemies":"Jaw Worm","floor":3.0,"turns":1.0},{"damage":0.0,"enemies":"Gremlin Nob","floor":6.0,"turns":1.0},{"damage":38.0,"enemies":"Lagavulin","floor":8.0,"turns":4.0},{"damage":5.0,"enemies":"2 Louse","floor":12.0,"turns":3.0},{"damage":31.0,"enemies":"3 Sentries","floor":14.0,"turns":9.0},{"damage":5.0,"enemies":"Looter","floor":16.0,"turns":2.0},{"damage":37.0,"enemies":"Slime Boss","floor":18.0,"turns":9.0},{"damage":16.0,"enemies":"2 Thieves","floor":20.0,"turns":3.0},{"damage":8.0,"enemies":"Chosen","floor":21.0,"turns":2.0},{"damage":13.0,"enemies":"Centurion and Healer","floor":22.0,"turns":5.0},{"damage":17.0,"enemies":"Sentry and Sphere","floor":24.0,"turns":5.0},{"damage":18.0,"enemies":"Book of Stabbing","floor":25.0,"turns":3.0},{"damage":23.0,"enemies":"Chosen and Byrds","floor":26.0,"turns":5.0},{"damage":15.0,"enemies":"Snake Plant","floor":29.0,"turns":4.0},{"damage":22.0,"enemies":"Centurion and Healer","floor":31.0,"turns":4.0},{"damage":35.0,"enemies":"Cultist and Chosen","floor":32.0,"turns":6.0},{"damage":0.0,"enemies":"Snake Plant","floor":33.0,"turns":2.0},{"damage":62.0,"enemies":"Collector","floor":35.0,"turns":5.0},{"damage":24,"enemies":"3 Shapes","floor":37,"turns":4},{"damage":33,"enemies":"3 Darklings","floor":40,"turns":7},{"damage":11,"enemies":"Maw","floor":41,"turns":6},{"damage":3,"enemies":"R_Hoarder","floor":42,"turns":7},{"damage":51,"enemies":"4 Shapes","floor":44,"turns":6},{"damage":47,"enemies":"Writhing Mass","floor":47,"turns":5},{"damage":33,"enemies":"Maw","floor":50,"turns":7},{"damage":111,"enemies":"Time Eater","floor":52,"turns":10}],"seed_played":"-1120356564499520920","potions_obtained":[{"floor":3.0,"key":"PowerPotion"},{"floor":8.0,"key":"GamblersBrew"},{"floor":14.0,"key":"Explosive Potion"},{"floor":16.0,"key":"GamblersBrew"},{"floor":20.0,"key":"Block Potion"},{"floor":24.0,"key":"AttackPotion"},{"floor":26.0,"key":"AttackPotion"},{"floor":33.0,"key":"Energy Potion"},{"floor":35.0,"key":"Swift Potion"},{"floor":36.0,"key":"Reflective Coating"},{"floor":37,"key":"SteroidPotion"},{"floor":47,"key":"Milkshake"}],"is_trial":false,"path_per_floor":["M","$","M","?","$","E","R","E","PTL","PTL","T","M","?","E","T","M","R_BF","B",null,"?","?","?","?","?","E","?","T","T","?","?","?","?","?","T","B",null,"?","T","?","?","?","E","T","?","T","T","?","T","T","?","T","B"],"character_chosen":"IRONCLAD","items_purchased":["HandDrill","Replay:Bottled Flurry","BargainBundle","Fruit Juice","Inflame","Impatience","Weak Potion"],"campfire_rested":2,"item_purchase_floors":[38,38,46,46,46,46,46],"current_hp_per_floor":[80,80,80,60,60,66,66,34,34,34,34,35,35,10,10,11,50,19,92,82,80,73,73,67,60,48,48,54,50,50,39,15,26,70,19,103,90,90,96,74,74,82,82,42,53,73,55,70,122,100,100,0,0],"gold":60,"neow_bonus":"THREE_ENEMY_KILL","is_daily":false,"chose_seed":false,"campfire_upgraded":3,"win_rate":0.0,"timestamp":1610207403,"path_taken":["M","$","M","?","?","E","R","E","PTL","PTL","T","M","?","E","?","M","R_BF","BOSS","?","?","?","?","?","E","?","?","T","?","?","?","?","?","T","BOSS","?","T","?","?","?","E","T","?","T","T","?","?","T","?","T","BOSS"],"items_purchased_type":["Relic","Relic","Relic","Potion","Card","Card","Potion"],"build_version":"2020-12-22","purchased_purges":3,"victory":false,"max_hp_per_floor":[80,80,80,80,80,80,80,80,80,80,80,80,80,80,80,80,80,80,92,92,92,92,92,92,92,92,92,98,98,98,98,98,98,98,98,103,103,103,109,109,109,109,109,109,115,120,126,126,126,126,126,126,126],"card_choices":[{"not_picked":["Perfected Strike","Armaments"],"picked":"ReplayTheSpireMod:Limb From Limb","floor":1.0},{"not_picked":["ReplayTheSpireMod:Strike From Hell","Blood for Blood","Flex"],"picked":"SKIP","floor":3.0},{"not_picked":["Bludgeon","Entrench","Flex"],"picked":"SKIP","floor":6.0},{"not_picked":["Twin Strike","Infernal Blade","Iron Wave"],"picked":"SKIP","floor":8.0},{"not_picked":["Blood for Blood","Flame Barrier","Iron Wave"],"picked":"SKIP","floor":12.0},{"not_picked":["Cleave","ReplayReversal","Life Link"],"picked":"SKIP","floor":14.0},{"not_picked":["Feel No Pain","Warcry","Thunderclap"],"picked":"SKIP","floor":16.0},{"not_picked":["Barricade","Offering"],"picked":"Double Tap","floor":18.0},{"not_picked":["Second Wind+1","Massacre","Body Slam"],"picked":"SKIP","floor":20.0},{"not_picked":["Flame Barrier+1","Power Through","Cleave+1"],"picked":"SKIP","floor":21.0},{"not_picked":["ReplayTheSpireMod:Strike From Hell","Perfected Strike"],"picked":"Uppercut+1","floor":22.0},{"not_picked":["Warcry","ReplayTheSpireMod:Strike From Hell","Heavy Blade"],"picked":"SKIP","floor":24.0},{"not_picked":["Sword Boomerang","Sever Soul","Armaments"],"picked":"SKIP","floor":25.0},{"not_picked":["Run Through","Hemokinesis","Iron Wave"],"picked":"SKIP","floor":26.0},{"not_picked":["Entrench","Juggernaut","Replay:Undeath\u0027s Touch"],"picked":"SKIP","floor":29.0},{"not_picked":["Perfected Strike+1","Shrug It Off+1","Body Slam"],"picked":"SKIP","floor":31.0},{"not_picked":["Uppercut","Thunderclap"],"picked":"Run Through+1","floor":32.0},{"not_picked":["Cleave+1","Searing Blow+1","Reckless Charge"],"picked":"SKIP","floor":33.0},{"not_picked":["Body Slam+1","Flex","Wild Strike"],"picked":"SKIP","floor":37},{"not_picked":["True Grit","Shrug It Off","Intimidate+1"],"picked":"SKIP","floor":40},{"not_picked":["Battle Trance","Searing Blow+1"],"picked":"Fiend Fire","floor":41},{"not_picked":["Pummel","Clothesline+1","Battle Trance+1"],"picked":"SKIP","floor":42},{"not_picked":["Pommel Strike","Shrug It Off","Cleave"],"picked":"SKIP","floor":44},{"not_picked":["Body Slam+1","Juggernaut","Pommel Strike"],"picked":"SKIP","floor":47},{"not_picked":["Clash","Wild Strike+1","Rupture"],"picked":"SKIP","floor":50}],"player_experience":103377,"relics_obtained":[{"floor":6.0,"key":"Vajra"},{"floor":8.0,"key":"Regal Pillow"},{"floor":11.0,"key":"Replay:Rubber Ducky"},{"floor":14.0,"key":"Darkstone Periapt"},{"floor":15.0,"key":"Shuriken"},{"floor":25.0,"key":"Unceasing Top"},{"floor":28.0,"key":"Oddly Smooth Stone"},{"floor":39,"key":"ReplayTheSpireMod:Ring of Collecting"},{"floor":39,"key":"Ring of Peace"},{"floor":42,"key":"Happy Flower"},{"floor":45,"key":"Ring of Greed"},{"floor":45,"key":"Golden Idol"},{"floor":45,"key":"MealTicket"},{"floor":45,"key":"Mummified Hand"}],"event_choices":[{"damage_healed":0.0,"max_hp_gain":0.0,"max_hp_loss":0.0,"gold_gain":0.0,"event_name":"Golden Idol","player_choice":"Take Damage","floor":4.0,"gold_loss":0.0,"damage_taken":20.0,"relics_obtained":["Golden Idol"]},{"damage_healed":0.0,"max_hp_gain":0.0,"max_hp_loss":0.0,"gold_gain":51.0,"event_name":"Golden Wing","player_choice":"Gained Gold","floor":13.0,"gold_loss":0.0,"damage_taken":0.0},{"damage_healed":0.0,"max_hp_gain":0.0,"max_hp_loss":0.0,"gold_gain":0.0,"event_name":"Forgotten Altar","player_choice":"Gave Idol","floor":23.0,"relics_lost":["Golden Idol"],"gold_loss":0.0,"damage_taken":0.0,"relics_obtained":["Bloody Idol"]},{"damage_healed":0.0,"max_hp_gain":0.0,"max_hp_loss":0.0,"gold_gain":0.0,"event_name":"Drug Dealer","player_choice":"Obtain J.A.X.","floor":30.0,"gold_loss":0.0,"damage_taken":0.0,"cards_obtained":["J.A.X."]}],"is_beta":false,"boss_relics":[{"not_picked":["Philosopher\u0027s Stone","Snecko Eye"],"picked":"Replay:Grab Bag"},{"not_picked":["Velvet Choker","ChewingGum"],"picked":"Cursed Key"},{"not_picked":["Ectoplasm","Replay:Wanted Poster"],"picked":"Painkiller Herb"},{"not_picked":["Pandora\u0027s Box","SacredBark"],"picked":"Kintsugi"},{"not_picked":["Astrolabe","Calling Bell"],"picked":"Tiny House"}],"items_purged_floors":[2,38,46],"is_endless":false,"potions_floor_spawned":[3,8,14,16,20,24,26,33,35,37,42,47],"killed_by":"Time Eater","ascension_level":1}}