{"host":"v9oq5ccz01n9mezq","time":1610222793,"event":{"mods":["BaseMod","Colored Map","Minty Spire (QoL Compilation)"],"gold_per_floor":[112,129,181,131,131,161,176,176,176,176,195,195,210,229,229,333,333,345,345,361,189,201,201,232,232,310,310,225,225,241,14,14,116,116,135,61,0,0,12,12,12,12,12,112,112,146,160,194,194,194],"floor_reached":51,"playtime":2631,"items_purged":["Strike_G","Strike_G"],"score":893,"play_id":"62bfe340-4a75-44bf-b3a3-dfd64f14cdab","local_time":"20210109150633","is_ascension_mode":true,"campfire_choices":[{"data":"Choke","floor":8,"key":"SMITH"},{"data":"Blade Dance","floor":10,"key":"SMITH"},{"data":"Neutralize","floor":12,"key":"SMITH"},{"data":"Noxious Fumes","floor":15,"key":"SMITH"},{"data":"Ghostly","floor":23,"key":"SMITH"},{"data":"Ghostly","floor":25,"key":"SMITH"},{"data":"Ghostly","floor":27,"key":"SMITH"},{"data":"Ghostly","floor":29,"key":"SMITH"},{"floor":32,"key":"REST"},{"data":"Night Terror","floor":40,"key":"SMITH"},{"data":"Venomology","floor":42,"key":"SMITH"},{"data":"Blade Dance","floor":45,"key":"SMITH"},{"data":"Catalyst","floor":49,"key":"SMITH"}],"circlet_count":0,"master_deck":["Strike_G","Defend_G","Defend_G","Defend_G","Defend_G","Defend_G","Survivor","Neutralize+1","Choke+1","Blade Dance+1","Flying Knee","Blade Dance+1","Dash","Noxious Fumes+1","Venomology+1","Backflip+1","Ghostly+1","Ghostly+1","Ghostly+1","Ghostly+1","Ghostly","Noxious Fumes","Deadly Poison","Deadly Poison+1","Backflip+1","Footwork+1","Well Laid Plans+1","Night Terror+1","Acrobatics","Backstab","Caltrops+1","Ghostly+1","PiercingWail+1","The Bomb","Deadly Poison+1","Catalyst+1"],"relics":["Ring of the Snake","Meat on the Bone","Anchor","Ornamental Fan","Philosopher\u0027s Stone","Boot","Frozen Egg 2","Prayer Wheel","WristBlade","Red Mask","The Specimen","Letter Opener","Mummified Hand"],"acts_visited":["Exordium","TheCity","TheBeyond"],"potions_floor_usage":[6,18,18,22,24,24,30,30,33,33,39,46,47,48,48,50,50,50],"damage_taken":[{"damage":1,"enemies":"Small Slimes","floor":1,"turns":4},{"damage":5,"enemies":"2 Louse","floor":2,"turns":3},{"damage":3,"enemies":"Lagavulin","floor":6,"turns":5},{"damage":0,"enemies":"Jaw Worm","floor":7,"turns":3},{"damage":0,"enemies":"3 Louse","floor":11,"turns":2},{"damage":0,"enemies":"Blue Slaver","floor":13,"turns":1},{"damage":0,"enemies":"2 Fungi Beasts","floor":14,"turns":2},{"damage":25,"enemies":"Hexaghost","floor":16,"turns":8},{"damage":0,"enemies":"3 Byrds","floor":18,"turns":4},{"damage":1,"enemies":"Chosen","floor":20,"turns":5},{"damage":0,"enemies":"Centurion and Healer","floor":22,"turns":6},{"damage":0,"enemies":"Slavers","floor":24,"turns":4},{"damage":16,"enemies":"Chosen and Byrds","floor":30,"turns":6},{"damage":4,"enemies":"Champ","floor":33,"turns":11},{"damage":0,"enemies":"Orb Walker","floor":35,"turns":5},{"damage":0,"enemies":"3 Darklings","floor":39,"turns":5},{"damage":0,"enemies":"Reptomancer","floor":46,"turns":7},{"damage":3,"enemies":"4 Shapes","floor":47,"turns":4},{"damage":6,"enemies":"Giant Head","floor":48,"turns":9},{"damage":2,"enemies":"Donu and Deca","floor":50,"turns":9}],"seed_played":"-447874671073759675","potions_obtained":[{"floor":2,"key":"SteroidPotion"},{"floor":11,"key":"SpeedPotion"},{"floor":13,"key":"DuplicationPotion"},{"floor":20,"key":"SpeedPotion"},{"floor":22,"key":"PowerPotion"},{"floor":30,"key":"Poison Potion"},{"floor":39,"key":"Explosive Potion"},{"floor":47,"key":"Fire Potion"},{"floor":48,"key":"LiquidBronze"}],"is_trial":false,"path_per_floor":["M","M","?","?","?","E","M","R","T","R","M","R","M","M","R","B",null,"M","?","M","$","M","R","E","R","T","R","?","R","M","$","R","B",null,"M","$","?","?","M","R","?","R","T","?","R","E","M","E","R","B",null],"character_chosen":"THE_SILENT","items_purchased":["Noxious Fumes","Deadly Poison","Well Laid Plans+1","AttackPotion","Caltrops+1"],"campfire_rested":1,"item_purchase_floors":[21,21,31,31,36],"current_hp_per_floor":[69,64,64,64,52,49,49,49,49,49,49,49,49,49,49,36,70,70,35,34,34,34,34,34,34,34,34,34,34,18,18,28,24,35,35,35,35,35,35,35,35,35,35,35,35,35,32,26,26,24],"gold":194,"neow_bonus":"TRANSFORM_CARD","is_daily":false,"chose_seed":false,"campfire_upgraded":12,"win_rate":0.0,"timestamp":1610222793,"path_taken":["M","M","?","?","?","E","M","R","T","R","M","R","M","M","R","BOSS","M","?","M","$","M","R","E","R","T","R","?","R","M","$","R","BOSS","M","$","?","?","?","R","?","R","T","?","R","E","?","E","R","BOSS"],"items_purchased_type":["Card","Card","Card","Potion","Card"],"build_version":"2020-12-22","purchased_purges":2,"victory":true,"max_hp_per_floor":[70,70,70,70,70,70,70,70,70,70,70,70,70,70,70,70,70,70,35,35,35,35,35,35,35,35,35,35,35,35,35,35,35,35,35,35,35,35,35,35,35,35,35,35,35,35,35,35,35,35],"card_choices":[{"not_picked":["Prepared","Dagger Throw"],"picked":"Blade Dance","floor":1},{"not_picked":["Reflex","Sucker Punch"],"picked":"Flying Knee","floor":2},{"not_picked":["Acrobatics","Outmaneuver"],"picked":"Blade Dance","floor":6},{"not_picked":["Skewer","Sucker Punch","Bane"],"picked":"SKIP","floor":7},{"not_picked":["Well Laid Plans","Prepared"],"picked":"Dash","floor":11},{"not_picked":["Deflect","Blade Dance"],"picked":"Noxious Fumes","floor":13},{"not_picked":["Quick Slash","Flechettes","All Out Attack"],"picked":"SKIP","floor":14},{"not_picked":["Burst","Unload"],"picked":"Venomology","floor":16},{"not_picked":["Endless Agony+1","Blur"],"picked":"Backflip+1","floor":18},{"not_picked":["Flying Knee","Slice","Dagger Throw"],"picked":"SKIP","floor":20},{"not_picked":["Flying Knee","Acrobatics+1"],"picked":"Deadly Poison+1","floor":22},{"not_picked":["Footwork","Deflect+1"],"picked":"Backflip+1","floor":24},{"not_picked":["Caltrops+1","Blur"],"picked":"Footwork+1","floor":30},{"not_picked":["Sucker Punch","Dodge and Roll","Deflect"],"picked":"SKIP","floor":30},{"not_picked":["Adrenaline","Malaise"],"picked":"Night Terror","floor":33},{"not_picked":["Prepared","Skewer+1"],"picked":"Acrobatics","floor":35},{"not_picked":["Dash","Skewer"],"picked":"Backstab","floor":35},{"not_picked":["Poisoned Stab+1","Masterful Stab","Sucker Punch+1"],"picked":"SKIP","floor":39},{"not_picked":["Acrobatics+1","PiercingWail+1","Blur"],"picked":"SKIP","floor":39},{"not_picked":["Acrobatics+1","Blur"],"picked":"PiercingWail+1","floor":39},{"not_picked":["Poisoned Stab+1","Masterful Stab","Sucker Punch+1"],"picked":"SKIP","floor":39},{"not_picked":["Sadistic Nature+1","Mind Blast"],"picked":"The Bomb","floor":41},{"not_picked":["Doppelganger","Quick Slash","Slice"],"picked":"SKIP","floor":46},{"not_picked":["Dodge and Roll+1","Dash"],"picked":"Deadly Poison+1","floor":47},{"not_picked":["Predator+1","Deflect+1"],"picked":"Catalyst","floor":47},{"not_picked":["Well Laid Plans+1","Unload","All Out Attack"],"picked":"SKIP","floor":48}],"player_experience":55941,"relics_obtained":[{"floor":6,"key":"Anchor"},{"floor":9,"key":"Ornamental Fan"},{"floor":24,"key":"Boot"},{"floor":26,"key":"Frozen Egg 2"},{"floor":43,"key":"The Specimen"},{"floor":46,"key":"Letter Opener"},{"floor":48,"key":"Mummified Hand"}],"event_choices":[{"damage_healed":0,"gold_gain":52,"player_choice":"Gained Gold","damage_taken":0,"max_hp_gain":0,"max_hp_loss":0,"event_name":"Golden Wing","floor":3,"gold_loss":0},{"cards_removed":["Strike_G"],"damage_healed":0,"gold_gain":0,"player_choice":"Card Removal","damage_taken":0,"max_hp_gain":0,"max_hp_loss":0,"event_name":"The Cleric","floor":4,"gold_loss":50},{"damage_healed":0,"gold_gain":0,"player_choice":"Success","damage_taken":12,"relics_obtained":["Meat on the Bone"],"max_hp_gain":0,"max_hp_loss":0,"event_name":"Scrap Ooze","floor":5,"gold_loss":0},{"damage_healed":0,"gold_gain":0,"player_choice":"Became a Ghost","damage_taken":0,"max_hp_gain":0,"max_hp_loss":35,"event_name":"Ghosts","floor":19,"gold_loss":0,"cards_obtained":["Ghostly","Ghostly","Ghostly","Ghostly","Ghostly"]},{"damage_healed":0,"gold_gain":0,"player_choice":"Obtained Relic","damage_taken":0,"relics_obtained":["Prayer Wheel"],"max_hp_gain":0,"max_hp_loss":0,"event_name":"Addict","floor":28,"gold_loss":85},{"damage_healed":0,"gold_gain":0,"player_choice":"Paid","damage_taken":0,"relics_obtained":["Red Mask"],"max_hp_gain":0,"max_hp_loss":0,"event_name":"Tomb of Lord Red Mask","floor":37,"gold_loss":61},{"damage_healed":0,"gold_gain":0,"player_choice":"Copied","damage_taken":0,"max_hp_gain":0,"max_hp_loss":0,"event_name":"Duplicator","floor":38,"gold_loss":0,"cards_obtained":["Ghostly"]},{"damage_healed":0,"gold_gain":0,"player_choice":"Memory 1","damage_taken":0,"max_hp_gain":0,"max_hp_loss":0,"event_name":"SensoryStone","floor":41,"gold_loss":0},{"damage_healed":0,"gold_gain":100,"player_choice":"Pray","damage_taken":0,"max_hp_gain":0,"max_hp_loss":0,"event_name":"Golden Shrine","floor":44,"gold_loss":0}],"is_beta":false,"boss_relics":[{"not_picked":["Ring of the Serpent","Coffee Dripper"],"picked":"Philosopher\u0027s Stone"},{"not_picked":["HoveringKite","Calling Bell"],"picked":"WristBlade"}],"items_purged_floors":[21,31],"is_endless":false,"potions_floor_spawned":[2,11,13,20,22,30,39,47,48],"ascension_level":2}}