{"host":"ig7tc0uedzltt2sr","time":1610233309,"event":{"mods":["BaseMod","Better Twitch Integration","Block Reminder","Colored Map","Colored Powertips","Communication Mod","Current Relic Mod","GifTheSpireLib","HexUI Lib","Minty Spire (QoL Compilation)","Quick Restart","Random Character Button","Rare Cards Sparkle","Relic Sorter","Relic Stats","Slay the Relics Exporter","StSLib","SuperFastMode","Synergy Search","Twitch Decklist","Twitch Utils","everything is the same but u backflip on backflip","slay the spire mod where everything is the same but ironclad has a cowboy hat"],"gold_per_floor":[114,127,139,94,110,110,110],"floor_reached":6,"playtime":95,"items_purged":[],"score":38,"play_id":"da22f579-e352-4e7d-a868-922fc6ab5b74","local_time":"20210109150149","is_ascension_mode":false,"campfire_choices":[],"circlet_count":0,"master_deck":["Strike_R","Strike_R","Strike_R","Strike_R","Strike_R","Defend_R","Defend_R","Defend_R","Defend_R","Bash","Sentinel","Dual Wield","Twin Strike","Carnage","Seeing Red"],"relics":["Burning Blood"],"acts_visited":["Exordium"],"potions_floor_usage":[],"damage_taken":[{"damage":17,"enemies":"Small Slimes","floor":1,"turns":9},{"damage":15,"enemies":"2 Louse","floor":2,"turns":7},{"damage":40,"enemies":"Cultist","floor":3,"turns":9},{"damage":12,"enemies":"Looter","floor":4,"turns":5},{"damage":18,"enemies":"Blue Slaver","floor":5,"turns":7},{"damage":34,"enemies":"3 Sentries","floor":6,"turns":5}],"seed_played":"-4155471867993902357","potions_obtained":[{"floor":2,"key":"Explosive Potion"},{"floor":3,"key":"Regen Potion"},{"floor":5,"key":"GamblersBrew"}],"is_trial":false,"path_per_floor":["M","M","M","M","M","E"],"character_chosen":"IRONCLAD","items_purchased":[],"campfire_rested":0,"item_purchase_floors":[],"current_hp_per_floor":[77,68,34,43,31,0,0],"gold":110,"neow_bonus":"TEN_PERCENT_HP_BONUS","is_daily":false,"chose_seed":false,"campfire_upgraded":0,"win_rate":0.0,"timestamp":1610233309,"path_taken":["M","M","M","M","M","E"],"items_purchased_type":[],"build_version":"2020-12-22","purchased_purges":0,"victory":false,"max_hp_per_floor":[88,88,88,88,88,88,88],"relic_stats":{"counters":[6,42],"obtain_stats":[{"Burning Blood":0},{"Burning Blood":0},{"Burning Blood":0}],"Burning Blood":30},"card_choices":[{"not_picked":["Cleave","Power Through"],"picked":"Sentinel","floor":1},{"not_picked":["Infernal Blade","Feel No Pain"],"picked":"Dual Wield","floor":2},{"not_picked":["Headbutt","Heavy Blade"],"picked":"Twin Strike","floor":3},{"not_picked":["Heavy Blade","Entrench"],"picked":"Carnage","floor":4},{"not_picked":["Warcry","Headbutt"],"picked":"Seeing Red","floor":5}],"player_experience":1473134,"relics_obtained":[],"event_choices":[],"is_beta":false,"boss_relics":[],"items_purged_floors":[],"is_endless":false,"potions_floor_spawned":[2,3,5],"killed_by":"3 Sentries","ascension_level":0}}