{"host":"0ttaavwaei2fh9kw","time":1610191926,"event":{"mods":["Act Like it!","BaseMod","Chen","Colored Map","Downfall","Gensokyo","KinomotoSakuraMod(ƒæ÷Æ±æ”£)","Marisa£®ÏF”Í°°ƒß¿Ì…≥£©","Minty Spire (QoL Compilation)","Reimu£®≤©¿ˆ¡È√Œ£©","Remilia£®¿Ÿ√◊¿Ú—«£©","Replay The Spire","StSLib","The Servant 0.9.4","WarShipGirlsR/’ΩΩ¢…Ÿ≈ÆR mod","Youmu£®ªÍ∆«—˝√Œ£©"],"gold_per_floor":[113,200,220,220,237,252,252,20,43,43,43],"floor_reached":10,"playtime":553,"items_purged":[],"score":58,"play_id":"91c2ba01-1fab-4df7-bd98-7850415f0fa0","local_time":"20210109193206","is_ascension_mode":false,"campfire_choices":[{"floor":7,"key":"REST"}],"circlet_count":0,"master_deck":["Strike_S","Strike_S","Defend_S","Defend_S","Defend_S","KidneyShot","Exchange","Potential","Advance","ShatteredReality","Ricochet","SpecialFormula","Moonlight","Panache","Deep Breath","Finesse","Gensokyo:Shovel","Gensokyo:ScrapIron","Pot Of Greed","Pot Of Greed"],"relics":["Uniform","NeowsBlessing","ReplayTheSpireMod:ShopPack","Grinning Jar"],"acts_visited":["Gensokyo:Gensokyo"],"potions_floor_usage":[],"damage_taken":[{"damage":0,"enemies":"Gensokyo:2_Kodama","floor":1,"turns":1},{"damage":0,"enemies":"Gensokyo:Python","floor":3,"turns":1},{"damage":2,"enemies":"Gensokyo:3_Fairies","floor":5,"turns":2},{"damage":15,"enemies":"Gensokyo:VengefulSpirit","floor":6,"turns":6},{"damage":23,"enemies":"Gensokyo:Aya","floor":10,"turns":3}],"seed_played":"-7597011628123707171","potions_obtained":[{"floor":6,"key":"FearPotion"}],"is_trial":false,"path_per_floor":["M","?","M","?","M","M","R","COS","T","E"],"character_chosen":"THE_SERVANT","items_purchased":[],"campfire_rested":1,"item_purchase_floors":[],"current_hp_per_floor":[65,39,39,13,11,1,20,20,20,0,0],"gold":43,"neow_bonus":"THREE_ENEMY_KILL","is_daily":false,"chose_seed":false,"campfire_upgraded":0,"win_rate":0.0,"timestamp":1610191926,"path_taken":["M","?","?","?","?","M","R","COS","T","E"],"items_purchased_type":[],"build_version":"2020-12-22","purchased_purges":0,"victory":false,"max_hp_per_floor":[65,65,65,65,65,65,65,65,65,65,65],"card_choices":[{"not_picked":["Spin","Sabotage"],"picked":"Potential","floor":1},{"not_picked":["FastForward","Alleviate"],"picked":"Advance","floor":2},{"not_picked":["Unruled","Misdirection"],"picked":"ShatteredReality","floor":2},{"not_picked":["Rewind","BestPractice"],"picked":"Ricochet","floor":3},{"not_picked":["FastForward","Gouge"],"picked":"SpecialFormula","floor":5},{"not_picked":["Starlight","Desolation"],"picked":"Moonlight","floor":6},{"not_picked":["Violence","Crow Ritual"],"picked":"Panache","floor":8},{"not_picked":["expansioncontent:PrepareCrush","Panache"],"picked":"Deep Breath","floor":8},{"not_picked":["expansioncontent:PrepareCrush","Replay:SS_hec_2"],"picked":"Finesse","floor":8}],"player_experience":130799,"relics_obtained":[{"floor":9,"key":"Grinning Jar"}],"event_choices":[],"is_beta":false,"boss_relics":[],"items_purged_floors":[],"is_endless":false,"potions_floor_spawned":[6],"killed_by":"Gensokyo:Aya","ascension_level":0}}