{"host":"vzygucmp2u9s1xuv","time":1610235687,"event":{"mods":["BaseMod","Colored Map","DeckTracker","Keyboard Shortcuts","Minty Spire (QoL Compilation)","Quick Restart","StSLib","SuperFastMode"],"gold_per_floor":[116,116,133,151,13,47,47,78,101,129,144,294,0,28,28,104,104,122,45,64,64,83,83,83,83,107,107,7,7,42,42,42,116,116,131,0,52,52,72,72,72,101,154,154,14,14,27,37,37,37],"floor_reached":51,"playtime":1972,"items_purged":["Doubt","Decay"],"score":1261,"play_id":"7873a82b-2588-436f-8878-b6aff92902cc","local_time":"20210110084127","is_ascension_mode":true,"campfire_choices":[{"data":"Blade Dance","floor":7.0,"key":"SMITH"},{"floor":15.0,"key":"REST"},{"floor":23.0,"key":"REST"},{"data":"Apotheosis","floor":25.0,"key":"SMITH"},{"data":"Adrenaline","floor":29.0,"key":"SMITH"},{"data":"Finisher","floor":32.0,"key":"SMITH"},{"floor":40.0,"key":"RECALL"},{"floor":41.0,"key":"REST"},{"data":"Endless Agony","floor":44.0,"key":"SMITH"},{"data":"Panache","floor":46.0,"key":"SMITH"},{"data":"Choke","floor":49,"key":"SMITH"}],"circlet_count":0,"master_deck":["AscendersBane","Strike_G","Strike_G","Strike_G","Strike_G","Strike_G","Defend_G","Defend_G","Defend_G","Defend_G","Defend_G","Survivor","Neutralize","Footwork+1","Endless Agony+1","Blade Dance+1","Adrenaline+1","Blade Dance","Backflip","Finisher+1","Cloak And Dagger","Apotheosis+1","PiercingWail","Accuracy","Accuracy","Backstab","Burst","Choke+1","Accuracy+1","Panache+1","Calculated Gamble"],"relics":["Ring of the Snake","Pen Nib","Blood Vial","Bronze Scales","Centennial Puzzle","Nunchaku","Dead Branch","HoveringKite","Juzu Bracelet","The Courier","SlaversCollar","Red Mask","WingedGreaves","Ice Cream","Omamori"],"acts_visited":["Exordium","TheCity","TheBeyond"],"potions_floor_usage":[50],"damage_taken":[{"damage":0.0,"enemies":"Small Slimes","floor":1.0,"turns":4.0},{"damage":0.0,"enemies":"Cultist","floor":3.0,"turns":4.0},{"damage":1.0,"enemies":"Jaw Worm","floor":4.0,"turns":4.0},{"damage":10.0,"enemies":"Lagavulin","floor":6.0,"turns":7.0},{"damage":19.0,"enemies":"3 Sentries","floor":8.0,"turns":7.0},{"damage":7.0,"enemies":"Gremlin Nob","floor":10.0,"turns":3.0},{"damage":0.0,"enemies":"3 Louse","floor":11.0,"turns":3.0},{"damage":21.0,"enemies":"3 Sentries","floor":14.0,"turns":5.0},{"damage":1.0,"enemies":"The Guardian","floor":16.0,"turns":6.0},{"damage":9.0,"enemies":"3 Byrds","floor":18.0,"turns":3.0},{"damage":7.0,"enemies":"Chosen","floor":20.0,"turns":2.0},{"damage":12.0,"enemies":"Snake Plant","floor":22.0,"turns":4.0},{"damage":5.0,"enemies":"Gremlin Leader","floor":30.0,"turns":2.0},{"damage":3.0,"enemies":"Automaton","floor":33.0,"turns":5.0},{"damage":5.0,"enemies":"3 Shapes","floor":35.0,"turns":3.0},{"damage":15.0,"enemies":"2 Orb Walkers","floor":37.0,"turns":4.0},{"damage":0.0,"enemies":"Orb Walker","floor":39.0,"turns":1.0},{"damage":5.0,"enemies":"Reptomancer","floor":42.0,"turns":3.0},{"damage":0.0,"enemies":"Maw","floor":47.0,"turns":5.0},{"damage":1,"enemies":"3 Darklings","floor":48,"turns":3},{"damage":30,"enemies":"Time Eater","floor":50,"turns":8}],"seed_played":"-8588835910478399402","potions_obtained":[{"floor":1.0,"key":"Swift Potion"},{"floor":4.0,"key":"SkillPotion"},{"floor":8.0,"key":"FairyPotion"},{"floor":10.0,"key":"SkillPotion"},{"floor":14.0,"key":"CultistPotion"},{"floor":18.0,"key":"Dexterity Potion"},{"floor":33.0,"key":"SteroidPotion"},{"floor":42.0,"key":"Weak Potion"}],"is_trial":false,"path_per_floor":["M","?","M","M","$","E","R","E","T","E","M","?","$","E","R","B",null,"M","$","M","?","M","R","?","R","T","?","$","R","E","?","R","B",null,"M","?","?","?","M","R","R","E","T","R","$","R","M","M","R","B",null],"character_chosen":"THE_SILENT","items_purchased":["Adrenaline","Apotheosis","PiercingWail","Accuracy","Panache"],"campfire_rested":3,"item_purchase_floors":[5,13,13,19,45],"current_hp_per_floor":[59,59,59,58,58,48,48,31,31,26,28,28,28,9,28,29,57,50,50,45,45,35,54,54,54,54,54,54,54,51,51,51,50,62,59,59,46,46,48,48,66,61,61,61,61,61,63,64,64,36],"gold":37,"neow_bonus":"RANDOM_COMMON_RELIC","is_daily":false,"chose_seed":false,"campfire_upgraded":7,"win_rate":0.0,"timestamp":1610235687,"path_taken":["M","?","?","M","?","E","R","E","T","E","M","?","$","E","R","BOSS","M","$","M","?","M","R","?","R","T","?","$","R","E","?","R","BOSS","M","?","?","?","M","R","R","E","T","R","?","R","M","M","R","BOSS"],"items_purchased_type":["Card","Card","Card","Card","Card"],"build_version":"2020-12-22","purchased_purges":2,"victory":true,"max_hp_per_floor":[66,66,66,66,66,66,66,66,66,66,66,66,66,66,66,66,66,66,66,66,66,66,66,66,66,66,66,66,66,66,66,66,66,66,66,66,66,66,66,66,66,66,66,66,66,66,66,66,66,66],"card_choices":[{"not_picked":["Dagger Throw","Slice"],"picked":"Footwork","floor":1.0},{"not_picked":["Poisoned Stab","Leg Sweep"],"picked":"Endless Agony","floor":3.0},{"not_picked":["Quick Slash","All Out Attack"],"picked":"Blade Dance","floor":4.0},{"not_picked":["Deflect","Backflip"],"picked":"Blade Dance","floor":6.0},{"not_picked":["Quick Slash","Masterful Stab"],"picked":"Backflip","floor":8.0},{"not_picked":["Bane","Adrenaline"],"picked":"Finisher","floor":10.0},{"not_picked":["Underhanded Strike","Footwork"],"picked":"Cloak And Dagger","floor":11.0},{"not_picked":["Unload","Outmaneuver","PiercingWail"],"picked":"SKIP","floor":14.0},{"not_picked":["Night Terror","Die Die Die"],"picked":"Grand Finale","floor":16.0},{"not_picked":["Dagger Spray","Acrobatics","Backflip"],"picked":"SKIP","floor":18.0},{"not_picked":["Tools of the Trade","Acrobatics","Predator"],"picked":"SKIP","floor":20.0},{"not_picked":["Flying Knee","Concentrate"],"picked":"Accuracy","floor":22.0},{"not_picked":["Acrobatics","Setup"],"picked":"Backstab","floor":30.0},{"not_picked":["Envenom","Wraith Form v2"],"picked":"Burst","floor":33.0},{"not_picked":["Quick Slash","Dagger Spray"],"picked":"Choke","floor":35.0},{"not_picked":["Cloak And Dagger+1","Outmaneuver"],"picked":"Accuracy+1","floor":39.0},{"not_picked":["Dash","Bane+1","Underhanded Strike"],"picked":"SKIP","floor":42.0},{"not_picked":["Heel Hook","Deadly Poison"],"picked":"Calculated Gamble","floor":47.0},{"not_picked":["PiercingWail+1","Outmaneuver","Dagger Throw"],"picked":"SKIP","floor":48}],"player_experience":648664,"relics_obtained":[{"floor":6.0,"key":"Blood Vial"},{"floor":8.0,"key":"Bronze Scales"},{"floor":9.0,"key":"Centennial Puzzle"},{"floor":10.0,"key":"Nunchaku"},{"floor":14.0,"key":"Dead Branch"},{"floor":26.0,"key":"Juzu Bracelet"},{"floor":30.0,"key":"The Courier"},{"floor":37.0,"key":"WingedGreaves"},{"floor":42.0,"key":"Ice Cream"},{"floor":43.0,"key":"Omamori"}],"event_choices":[{"damage_healed":0.0,"max_hp_gain":0.0,"max_hp_loss":0.0,"gold_gain":0.0,"event_name":"Upgrade Shrine","player_choice":"Upgraded","floor":2.0,"gold_loss":0.0,"damage_taken":0.0,"cards_upgraded":["Footwork"]},{"damage_healed":0.0,"max_hp_gain":0.0,"max_hp_loss":0.0,"gold_gain":150.0,"event_name":"Liars Game","player_choice":"AGREE","floor":12.0,"gold_loss":0.0,"damage_taken":0.0,"cards_obtained":["Doubt"]},{"damage_healed":0.0,"max_hp_gain":0.0,"max_hp_loss":0.0,"gold_gain":0.0,"event_name":"Cursed Tome","player_choice":"Ignored","floor":21.0,"gold_loss":0.0,"damage_taken":0.0},{"damage_healed":0.0,"max_hp_gain":0.0,"max_hp_loss":0.0,"gold_gain":0.0,"event_name":"Wheel of Change","player_choice":"Cursed","floor":24.0,"gold_loss":0.0,"damage_taken":0.0,"cards_obtained":["Decay"]},{"damage_healed":0.0,"max_hp_gain":0.0,"max_hp_loss":0.0,"gold_gain":0.0,"event_name":"FaceTrader","player_choice":"Leave","floor":27.0,"gold_loss":0.0,"damage_taken":0.0},{"damage_healed":0.0,"max_hp_gain":0.0,"max_hp_loss":0.0,"gold_gain":0.0,"event_name":"Ghosts","player_choice":"Ignored","floor":31.0,"gold_loss":0.0,"damage_taken":0.0},{"damage_healed":0.0,"max_hp_gain":0.0,"max_hp_loss":0.0,"gold_gain":0.0,"event_name":"Tomb of Lord Red Mask","player_choice":"Paid","floor":36.0,"gold_loss":131.0,"damage_taken":0.0,"relics_obtained":["Red Mask"]},{"damage_healed":0.0,"max_hp_gain":0.0,"max_hp_loss":0.0,"gold_gain":0.0,"event_name":"Mysterious Sphere","player_choice":"Fight","floor":37.0,"gold_loss":0.0,"damage_taken":0.0},{"cards_removed":["Grand Finale"],"damage_healed":0.0,"max_hp_gain":0.0,"max_hp_loss":0.0,"gold_gain":0.0,"event_name":"Falling","player_choice":"Removed Attack","floor":38.0,"gold_loss":0.0,"damage_taken":0.0}],"is_beta":false,"boss_relics":[{"not_picked":["Sozu","Runic Dome"],"picked":"HoveringKite"},{"not_picked":["SacredBark","Cursed Key"],"picked":"SlaversCollar"}],"items_purged_floors":[13,28],"is_endless":false,"potions_floor_spawned":[1,4,8,10,14,18,33,42],"ascension_level":15}}