{"host":"tq6qmx9nj4kgfpqr","time":1610169052,"event":{"mods":["AchievementEnabler","Bard","BaseMod","Bestiary","Better Match","Better Third Choice","ChefMod","Colored Map","Colored Powertips","Gremlin Skip","Hermit","Minty Spire (QoL Compilation)","Quarter Circle Forward PUNCH!","Quick Restart","READ ME - Guardian Mod","Somnambulant","StSLib","The Bladedancer","The Blue Laboratory","The Construct","The Cursed","The Juggle","The Poker Player","The Sage","themimic"],"gold_per_floor":[114,114,114,127,127,160,186,211,211,211,239,270,63,76,76,173,173,193,193,193,118,118,118,144,144,144,175,175,208,241,271,271,367,367,379,343,343,343,359,387,413,446,446,446,471,497,522,534,546,558],"floor_reached":51,"playtime":5815,"items_purged":["Shame"],"score":1494,"play_id":"72b00e5d-95a9-4e4e-9f95-3d8281bd18a7","local_time":"20210109001052","daily_mods":["SealedDeck","Heirloom","Time Dilation","Flight","DeadlyEvents","Elite Swarm"],"is_ascension_mode":false,"campfire_choices":[{"data":"blademaster:BladeDance","floor":10.0,"key":"SMITH"},{"data":"blademaster:Sharpen","floor":15.0,"key":"SMITH"},{"data":"Insight","floor":23.0,"key":"SMITH"},{"data":"blademaster:CloudOfSteel","floor":25.0,"key":"SMITH"},{"data":"blademaster:ThreePointStrike","floor":28.0,"key":"SMITH"},{"data":"blademaster:Havoc","floor":32,"key":"SMITH"},{"floor":49,"key":"DIG"}],"circlet_count":0,"master_deck":["blademaster:Vortex+1","blademaster:Havoc+1","blademaster:ThunderSlash","blademaster:LeechingStrike","blademaster:AspectOfLightning","blademaster:DaggerAndCloak","blademaster:Sharpen+1","blademaster:DaggerAndCloak","blademaster:Safeguard","blademaster:Stability+1","blademaster:DeadlyDance","blademaster:Cut","blademaster:BladeDance+1","blademaster:Empower","blademaster:Flash","blademaster:Empower","blademaster:ColdBlood","blademaster:Frontflip","blademaster:RagingBlow","blademaster:Havoc+1","Insight+1","blademaster:CloudOfSteel+1","blademaster:ThreePointStrike+1","blademaster:Empower","blademaster:ColdBlood","blademaster:Empower","blademaster:ColdBlood","blademaster:DaggerAndCloak","blademaster:SharpBlades+1","blademaster:AspectOfLightning","blademaster:FuryOfTheElements","Trip","Panacea"],"relics":["blademaster:DancersAmulet","Torii","Bird Faced Urn","Thread and Needle","Boot","Ice Cream","HornCleat","qcfpunch:Red_Gi","Bag of Preparation","construct:WeddingRing","qcfpunch:Unceasing_Flame","Prayer Wheel","Shovel","Shuriken","StoneCalendar","construct:FoamFinger","The Courier","Matryoshka","Coffee Dripper","StrikeDummy","qcfpunch:Duffel_Bag","InkBottle","Gremlin Horn","Meat on the Bone","Letter Opener","MawBank","qcfpunch:Broken_Tusk","Anchor","qcfpunch:Lotus_Statue"],"acts_visited":["Exordium","TheCity","TheBeyond"],"potions_floor_usage":[],"damage_taken":[{"damage":0.0,"enemies":"Jaw Worm","floor":1.0,"turns":2.0},{"damage":0.0,"enemies":"Small Slimes","floor":4.0,"turns":2.0},{"damage":10.0,"enemies":"Gremlin Nob","floor":6.0,"turns":3.0},{"damage":1.0,"enemies":"Lagavulin","floor":7.0,"turns":4.0},{"damage":1.0,"enemies":"Gremlin Nob","floor":8.0,"turns":3.0},{"damage":0.0,"enemies":"Lagavulin","floor":11.0,"turns":2.0},{"damage":0.0,"enemies":"3 Sentries","floor":12.0,"turns":2.0},{"damage":0.0,"enemies":"Cultist","floor":14.0,"turns":2.0},{"damage":0.0,"enemies":"Slime Boss","floor":16.0,"turns":1.0},{"damage":0.0,"enemies":"Shell Parasite","floor":18.0,"turns":1.0},{"damage":0.0,"enemies":"Gremlin Leader","floor":24.0,"turns":1.0},{"damage":0.0,"enemies":"Slavers","floor":27.0,"turns":1.0},{"damage":0.0,"enemies":"Gremlin Leader","floor":29.0,"turns":1.0},{"damage":0.0,"enemies":"Book of Stabbing","floor":30.0,"turns":1.0},{"damage":0.0,"enemies":"Gremlin Leader","floor":31.0,"turns":1.0},{"damage":0,"enemies":"Automaton","floor":33,"turns":1},{"damage":0,"enemies":"Orb Walker","floor":35,"turns":1},{"damage":0,"enemies":"3 Darklings","floor":39,"turns":1},{"damage":0,"enemies":"Giant Head","floor":40,"turns":1},{"damage":0,"enemies":"Nemesis","floor":41,"turns":1},{"damage":0,"enemies":"Reptomancer","floor":42,"turns":1},{"damage":0,"enemies":"Nemesis","floor":45,"turns":1},{"damage":0,"enemies":"Giant Head","floor":46,"turns":1},{"damage":0,"enemies":"Sphere and 2 Shapes","floor":47,"turns":1},{"damage":0,"enemies":"Time Eater","floor":50,"turns":2}],"seed_played":"-837411710564057241","potions_obtained":[{"floor":1.0,"key":"FearPotion"},{"floor":7.0,"key":"ColorlessPotion"},{"floor":12.0,"key":"SpeedPotion"},{"floor":14.0,"key":"DuplicationPotion"},{"floor":18.0,"key":"SkillPotion"}],"is_trial":true,"path_per_floor":["M","?","?","M","?","E","E","E","T","R","E","E","$","M","R","B",null,"M","?","?","$","T","R","E","R","T","E","R","E","E","E","R","B",null,"M","$","?","$","M","E","E","E","T","?","E","E","M","?","R","B",null],"character_chosen":"THE_BLADEMASTER","items_purchased":["Bag of Preparation","blademaster:Frontflip","blademaster:AspectOfLightning"],"campfire_rested":0,"item_purchase_floors":[13,13,36],"current_hp_per_floor":[75,60,60,70,70,63,69,70,70,70,72,75,75,75,75,75,75,75,75,75,75,75,75,75,75,75,75,75,75,75,75,75,75,75,75,75,71,71,71,71,71,71,71,71,71,71,71,71,71,71],"gold":570,"neow_bonus":"","is_daily":false,"chose_seed":false,"campfire_upgraded":6,"win_rate":0.0,"timestamp":1610169052,"path_taken":["M","?","?","?","?","E","E","E","T","R","?","E","$","M","R","BOSS","M","?","?","$","?","R","E","R","T","E","R","E","E","E","R","BOSS","M","$","?","$","M","E","E","E","T","?","E","?","?","?","R","BOSS"],"items_purchased_type":["Relic","Card","Card"],"build_version":"2020-12-22","purchased_purges":1,"victory":true,"max_hp_per_floor":[75,75,75,75,75,75,75,75,75,75,75,75,75,75,75,75,75,75,75,75,75,75,75,75,75,75,75,75,75,75,75,75,75,75,75,75,71,71,71,71,71,71,71,71,71,71,71,71,71,71],"card_choices":[{"not_picked":["blademaster:Sunder","blademaster:LeechingStrike"],"picked":"blademaster:DeadlyDance","floor":1.0},{"not_picked":["blademaster:ChargingUp","blademaster:ParryingStrike"],"picked":"blademaster:Cut","floor":4.0},{"not_picked":["blademaster:RollingTyphoon","blademaster:Blindside"],"picked":"blademaster:BladeDance","floor":6.0},{"not_picked":["blademaster:FlockOfBlades","blademaster:StanceMastery"],"picked":"blademaster:Empower","floor":7.0},{"not_picked":["blademaster:RollingTyphoon","blademaster:FlockOfBlades"],"picked":"blademaster:Flash","floor":8.0},{"not_picked":["blademaster:UnrelentingWind","blademaster:FuryOfTheElements"],"picked":"blademaster:Empower","floor":11.0},{"not_picked":["blademaster:Blindside","blademaster:UnrelentingWind"],"picked":"blademaster:ColdBlood","floor":12.0},{"not_picked":["blademaster:ChargingUp","blademaster:AncestralHealing","blademaster:BloodyBlow"],"picked":"SKIP","floor":14.0},{"not_picked":["blademaster:LightningDraw","blademaster:FlockOfBlades"],"picked":"blademaster:RagingBlow","floor":16.0},{"not_picked":["blademaster:Bloodbath","blademaster:Hailwind"],"picked":"blademaster:Havoc+1","floor":18.0},{"not_picked":["blademaster:LightningDraw","blademaster:Empower"],"picked":"blademaster:CloudOfSteel","floor":24.0},{"not_picked":["blademaster:Blindside","blademaster:RollingTyphoon"],"picked":"blademaster:ThreePointStrike","floor":27.0},{"not_picked":["blademaster:RagingBlow","blademaster:RollingTyphoon"],"picked":"blademaster:Empower","floor":29.0},{"not_picked":["blademaster:FuryOfTheElements","blademaster:EnchantedCuirass"],"picked":"blademaster:ColdBlood","floor":30.0},{"not_picked":["blademaster:EnchantedCuirass","blademaster:RagingBlow"],"picked":"blademaster:Empower","floor":31.0},{"not_picked":["blademaster:UnrelentingWind","blademaster:Flash"],"picked":"blademaster:ColdBlood","floor":33},{"not_picked":["blademaster:DragonStrike+1","blademaster:AwakeningStrike"],"picked":"blademaster:DaggerAndCloak","floor":35},{"not_picked":["blademaster:DancingEdge","blademaster:Reversal"],"picked":"blademaster:SharpBlades","floor":35},{"not_picked":["blademaster:SlyStabs","blademaster:ThunderSlash","blademaster:AspectOfLightning+1"],"picked":"SKIP","floor":39},{"not_picked":["blademaster:Quickness","blademaster:Sunder+1","blademaster:DaggerAndCloak+1"],"picked":"SKIP","floor":39},{"not_picked":["blademaster:RollingTyphoon","blademaster:Blindside","blademaster:HighVoltage"],"picked":"SKIP","floor":40},{"not_picked":["blademaster:FlockOfBlades","blademaster:StanceMastery"],"picked":"blademaster:FuryOfTheElements","floor":41},{"not_picked":[],"picked":"Bandage Up","floor":42},{"not_picked":["blademaster:EnchantedCuirass","blademaster:RollingTyphoon","blademaster:UnrelentingWind"],"picked":"SKIP","floor":42},{"not_picked":[],"picked":"Panacea","floor":45},{"not_picked":["blademaster:FuryOfTheElements","blademaster:ThreePointStrike","blademaster:Blindside"],"picked":"SKIP","floor":45},{"not_picked":["blademaster:RollingTyphoon","blademaster:HighVoltage","blademaster:StanceMastery"],"picked":"SKIP","floor":46},{"not_picked":["blademaster:SlyStabs","blademaster:DaggerAndCloak","blademaster:ChargingUp"],"picked":"SKIP","floor":47},{"not_picked":["blademaster:ThunderSlash+1","blademaster:Gust+1","blademaster:LeechingStrike"],"picked":"SKIP","floor":47}],"player_experience":207166,"relics_obtained":[{"floor":6.0,"key":"Bird Faced Urn"},{"floor":6.0,"key":"blademaster:RandomBladePerk"},{"floor":7.0,"key":"Thread and Needle"},{"floor":7.0,"key":"blademaster:FuryEveryTurnPerk"},{"floor":8.0,"key":"Boot"},{"floor":8.0,"key":"blademaster:LightningChargePerk"},{"floor":9.0,"key":"Ice Cream"},{"floor":11.0,"key":"HornCleat"},{"floor":11.0,"key":"blademaster:StanceHealPerk"},{"floor":12.0,"key":"qcfpunch:Red_Gi"},{"floor":12.0,"key":"blademaster:BleedingMoreDamagePerk"},{"floor":22.0,"key":"Prayer Wheel"},{"floor":24.0,"key":"Shovel"},{"floor":24.0,"key":"blademaster:ComboEveryTurnPerk"},{"floor":26.0,"key":"Shuriken"},{"floor":27.0,"key":"StoneCalendar"},{"floor":27.0,"key":"blademaster:FinisherDrawCardPerk"},{"floor":29.0,"key":"construct:FoamFinger"},{"floor":29.0,"key":"blademaster:DextrousPerk"},{"floor":30.0,"key":"The Courier"},{"floor":30.0,"key":"blademaster:BonusComboPerk"},{"floor":31.0,"key":"Matryoshka"},{"floor":31.0,"key":"blademaster:BleedingLaceratePerk"},{"floor":40,"key":"StrikeDummy"},{"floor":40,"key":"blademaster:StrongPerk"},{"floor":41,"key":"blademaster:BonusFuryPerk"},{"floor":41,"key":"qcfpunch:Duffel_Bag"},{"floor":42,"key":"InkBottle"},{"floor":42,"key":"blademaster:WindChargePerk"},{"floor":43,"key":"Gremlin Horn"},{"floor":43,"key":"Meat on the Bone"},{"floor":45,"key":"Letter Opener"},{"floor":45,"key":"blademaster:RandomStancePerk"},{"floor":46,"key":"MawBank"},{"floor":46,"key":"blademaster:OnAttackedChargePerk"},{"floor":46,"key":"qcfpunch:Broken_Tusk"},{"floor":47,"key":"Anchor"},{"floor":49,"key":"qcfpunch:Lotus_Statue"}],"event_choices":[{"damage_healed":75.0,"max_hp_gain":0.0,"max_hp_loss":75.0,"gold_gain":0.0,"event_name":"betterThird:BetterShining","player_choice":"Upgrade","floor":2.0,"gold_loss":0.0,"damage_taken":15.0,"cards_upgraded":["blademaster:Stability","blademaster:Vortex"]},{"damage_healed":0.0,"max_hp_gain":0.0,"max_hp_loss":0.0,"gold_gain":0.0,"event_name":"The Cleric","player_choice":"Leave","floor":5.0,"gold_loss":0.0,"damage_taken":0.0},{"damage_healed":0.0,"max_hp_gain":0.0,"max_hp_loss":0.0,"gold_gain":0.0,"event_name":"betterThird:BetterWriting","player_choice":"Insight","floor":19.0,"gold_loss":0.0,"damage_taken":0.0,"cards_obtained":["Insight"]},{"damage_healed":0.0,"max_hp_gain":0.0,"max_hp_loss":0.0,"gold_gain":0.0,"event_name":"Addict","player_choice":"Stole Relic","floor":20.0,"gold_loss":0.0,"damage_taken":0.0,"relics_obtained":["qcfpunch:Unceasing_Flame"],"cards_obtained":["Shame"]},{"damage_healed":0,"gold_gain":0,"player_choice":"Max HP","damage_taken":0,"max_hp_gain":0,"max_hp_loss":4,"event_name":"Winding Halls","floor":37,"gold_loss":0},{"damage_healed":0,"gold_gain":0,"cards_transformed":["Bandage Up"],"player_choice":"Transformed","damage_taken":0,"max_hp_gain":0,"max_hp_loss":0,"event_name":"Transmorgrifier","floor":44,"gold_loss":0,"cards_obtained":["Trip"]},{"damage_healed":0,"gold_gain":0,"player_choice":"Upgraded","damage_taken":0,"max_hp_gain":0,"max_hp_loss":0,"event_name":"Upgrade Shrine","floor":48,"gold_loss":0,"cards_upgraded":["blademaster:SharpBlades"]}],"is_beta":false,"boss_relics":[{"not_picked":["Tiny House","Snecko Eye"],"picked":"construct:WeddingRing"},{"not_picked":["qcfpunch:Killian_Engine_Alpha","qcfpunch:Dark_Gi"],"picked":"Coffee Dripper"}],"items_purged_floors":[21],"is_endless":false,"potions_floor_spawned":[1,7,12,14,18,24,29,33,35,39,45,46],"ascension_level":0}}