{"host":"hyrsuayny3efwwum","time":1610210909,"event":{"mods":["BaseMod","Bestiary","Colored Map","Highlight Path","Minty Spire (QoL Compilation)","Relic Stats","StSLib"],"gold_per_floor":[116,191,204,154,154,154,185,185,263,292,292,305,337,361,373,482,494,524,536,559,107,107,137,137,148,217,249,249,269,305,132,132,240,240,266,284,311,411,432,457,457,488,488,511,547,69,113,128,128,128,128,128,11,48,48],"floor_reached":56,"playtime":4810,"items_purged":["Strike_G+1","Strike_G+1","Strike_G+1"],"score":1991,"play_id":"48ffc8c1-f48d-4441-afd9-412fbfc42d7b","local_time":"20210109114829","is_ascension_mode":true,"campfire_choices":[{"data":"Neutralize","floor":6.0,"key":"SMITH"},{"data":"Poisoned Stab","floor":8.0,"key":"SMITH"},{"data":"Deadly Poison","floor":15.0,"key":"SMITH"},{"data":"RitualDagger","floor":24.0,"key":"SMITH"},{"floor":28.0,"key":"REST"},{"data":"Prepared","floor":32.0,"key":"SMITH"},{"floor":49.0,"key":"RECALL"},{"data":"1","floor":52.0,"key":"LIFT"}],"circlet_count":0,"master_deck":["Strike_G+1","Defend_G+1","Defend_G+1","Defend_G+1","Defend_G+1","Defend_G+1","Survivor","Neutralize+1","Crippling Poison","Masterful Stab","Poisoned Stab+1","PiercingWail","Deadly Poison+1","Acrobatics","Footwork+1","Envenom+1","PiercingWail","Mayhem+1","PiercingWail","RitualDagger+1","Footwork+1","Prepared+1","Escape Plan+1","Bandage Up","Night Terror","Blade Dance+1","Madness","Madness","Terror","Catalyst+1","Dodge and Roll+1","Footwork+1","Noxious Fumes+1","Calculated Gamble","Blur+1","Blind","Blur"],"relics":["Ring of the Snake","NeowsBlessing","MealTicket","White Beast Statue","HornCleat","Frozen Egg 2","MawBank","Runic Pyramid","Strange Spoon","Bag of Marbles","Paper Crane","CeramicFish","Snake Skull","Fusion Hammer","Torii","Pen Nib","Girya","Membership Card","Thread and Needle","Strawberry","Juzu Bracelet","Toy Ornithopter","Vajra"],"acts_visited":["Exordium","TheCity","TheBeyond","TheEnding"],"potions_floor_usage":[55,55],"damage_taken":[{"damage":0.0,"enemies":"Jaw Worm","floor":1.0,"turns":1.0},{"damage":0.0,"enemies":"2 Louse","floor":3.0,"turns":1.0},{"damage":0.0,"enemies":"3 Sentries","floor":7.0,"turns":2.0},{"damage":17.0,"enemies":"Lagavulin","floor":10.0,"turns":6.0},{"damage":1.0,"enemies":"Small Slimes","floor":12.0,"turns":2.0},{"damage":1.0,"enemies":"Gremlin Nob","floor":13.0,"turns":4.0},{"damage":0.0,"enemies":"Blue Slaver","floor":14.0,"turns":3.0},{"damage":0.0,"enemies":"Hexaghost","floor":16.0,"turns":9.0},{"damage":0.0,"enemies":"3 Byrds","floor":18.0,"turns":5.0},{"damage":0.0,"enemies":"Spheric Guardian","floor":20.0,"turns":6.0},{"damage":20.0,"enemies":"Slavers","floor":23.0,"turns":10.0},{"damage":10.0,"enemies":"Snake Plant","floor":25.0,"turns":5.0},{"damage":6.0,"enemies":"Gremlin Leader","floor":27.0,"turns":8.0},{"damage":0.0,"enemies":"Cultist and Chosen","floor":29.0,"turns":8.0},{"damage":0.0,"enemies":"Book of Stabbing","floor":30.0,"turns":7.0},{"damage":6.0,"enemies":"Champ","floor":33.0,"turns":12.0},{"damage":0.0,"enemies":"Orb Walker","floor":35.0,"turns":2.0},{"damage":0.0,"enemies":"3 Darklings","floor":37.0,"turns":2.0},{"damage":5.0,"enemies":"Jaw Worm Horde","floor":39.0,"turns":5.0},{"damage":15.0,"enemies":"Reptomancer","floor":40.0,"turns":6.0},{"damage":0.0,"enemies":"Giant Head","floor":42.0,"turns":5.0},{"damage":4.0,"enemies":"Sphere and 2 Shapes","floor":44.0,"turns":6.0},{"damage":19.0,"enemies":"Reptomancer","floor":45.0,"turns":5.0},{"damage":1.0,"enemies":"Nemesis","floor":47.0,"turns":7.0},{"damage":1.0,"enemies":"Writhing Mass","floor":48.0,"turns":5.0},{"damage":20.0,"enemies":"Awakened One","floor":50.0,"turns":15.0},{"damage":8.0,"enemies":"Shield and Spear","floor":54.0,"turns":4.0},{"damage":22,"enemies":"The Heart","floor":55,"turns":10}],"seed_played":"-2792233015700191258","potions_obtained":[{"floor":10.0,"key":"Poison Potion"},{"floor":12.0,"key":"EssenceOfSteel"},{"floor":13.0,"key":"Energy Potion"},{"floor":14.0,"key":"Fire Potion"},{"floor":16.0,"key":"GamblersBrew"},{"floor":18.0,"key":"Dexterity Potion"},{"floor":23.0,"key":"PowerPotion"},{"floor":25.0,"key":"Weak Potion"},{"floor":27.0,"key":"CunningPotion"},{"floor":29.0,"key":"Poison Potion"},{"floor":30.0,"key":"DistilledChaos"},{"floor":35.0,"key":"Fire Potion"},{"floor":37.0,"key":"LiquidBronze"},{"floor":39.0,"key":"SpeedPotion"},{"floor":40.0,"key":"LiquidMemories"},{"floor":42.0,"key":"Block Potion"},{"floor":45.0,"key":"LiquidMemories"},{"floor":54.0,"key":"SkillPotion"}],"is_trial":false,"path_per_floor":["M","?","M","?","?","R","E","R","T","E","?","M","E","M","R","B",null,"M","?","M","$","?","E","R","M","T","E","R","M","E","$","R","B",null,"M","?","M","?","M","E","?","E","T","M","E","$","E","M","R","B",null,"R","$","E","B",null],"character_chosen":"THE_SILENT","items_purchased":["Mayhem+1","PiercingWail","Strange Spoon","Bandage Up","Membership Card","Noxious Fumes+1","Thread and Needle","Strawberry","Calculated Gamble","Toy Ornithopter","Blind"],"campfire_rested":1,"item_purchase_floors":[21,21,21,31,46,46,46,46,46,53,53],"current_hp_per_floor":[63,52,52,52,52,52,52,52,52,35,28,27,26,26,26,26,59,59,59,59,70,64,44,44,34,34,28,49,49,49,64,64,62,68,70,61,61,61,60,49,49,53,53,53,34,56,59,62,62,46,69,69,77,70,59],"gold":48,"neow_bonus":"THREE_ENEMY_KILL","is_daily":false,"chose_seed":false,"campfire_upgraded":5,"win_rate":0.0,"timestamp":1610210909,"path_taken":["M","?","M","?","?","R","E","R","T","E","?","M","E","?","R","BOSS","M","?","M","$","?","E","R","M","T","E","R","M","E","$","R","BOSS","M","?","M","?","?","E","?","E","T","?","E","$","E","M","R","BOSS","R","$","E","BOSS"],"items_purchased_type":["Card","Card","Relic","Card","Relic","Card","Relic","Relic","Card","Relic","Card"],"build_version":"2020-12-22","purchased_purges":3,"victory":true,"max_hp_per_floor":[70,70,70,70,70,70,70,70,70,70,70,70,70,70,70,70,70,70,70,70,70,70,70,70,70,70,70,70,70,70,70,70,70,70,70,70,70,70,70,70,70,70,70,70,70,77,77,77,77,77,77,77,77,77,77],"relic_stats":{"Strange Spoon":[87],"Torii":27,"counters":[28,161],"CeramicFish":144,"MealTicket":49,"Snake Skull":[168],"Pen Nib":[7],"Juzu Bracelet":0,"MawBank":96,"obtain_stats":[{"Girya":45,"NeowsBlessing":0,"Torii":40,"CeramicFish":27,"Vajra":54,"Thread and Needle":46,"Snake Skull":30,"Pen Nib":42,"Juzu Bracelet":47,"Frozen Egg 2":11,"Paper Crane":26,"MawBank":13,"White Beast Statue":9,"Strange Spoon":21,"HornCleat":10,"Strawberry":46,"MealTicket":7,"Fusion Hammer":34,"Bag of Marbles":23,"Membership Card":46,"Toy Ornithopter":53,"Ring of the Snake":0,"Runic Pyramid":17},{"Girya":23,"NeowsBlessing":0,"Torii":20,"CeramicFish":13,"Vajra":27,"Thread and Needle":23,"Snake Skull":15,"Pen Nib":21,"Juzu Bracelet":24,"Frozen Egg 2":4,"Paper Crane":12,"MawBank":6,"White Beast Statue":3,"Strange Spoon":10,"HornCleat":4,"Strawberry":23,"MealTicket":3,"Fusion Hammer":16,"Bag of Marbles":11,"Membership Card":23,"Toy Ornithopter":26,"Ring of the Snake":0,"Runic Pyramid":8},{"Girya":120,"NeowsBlessing":0,"Torii":104,"CeramicFish":62,"Vajra":151,"Thread and Needle":120,"Snake Skull":77,"Pen Nib":109,"Juzu Bracelet":127,"Frozen Egg 2":10,"Paper Crane":54,"MawBank":16,"White Beast Statue":4,"Strange Spoon":39,"HornCleat":10,"Strawberry":120,"MealTicket":4,"Fusion Hammer":89,"Bag of Marbles":49,"Membership Card":120,"Toy Ornithopter":147,"Ring of the Snake":0,"Runic Pyramid":28}],"Toy Ornithopter":8,"Ring of the Snake":[56]},"card_choices":[{"not_picked":["Blade Dance","Bane"],"picked":"Crippling Poison","floor":1.0},{"not_picked":["Distraction","Choke"],"picked":"Masterful Stab","floor":3.0},{"not_picked":["Escape Plan","Setup"],"picked":"Poisoned Stab","floor":7.0},{"not_picked":["Underhanded Strike","Dagger Throw"],"picked":"PiercingWail","floor":10.0},{"not_picked":["Setup","Eviscerate"],"picked":"Deadly Poison","floor":12.0},{"not_picked":["Blade Dance","Dagger Throw"],"picked":"Acrobatics","floor":13.0},{"not_picked":["Noxious Fumes+1","Crippling Poison"],"picked":"Footwork+1","floor":14.0},{"not_picked":["Burst","Malaise"],"picked":"Envenom+1","floor":16.0},{"not_picked":["Terror","Deadly Poison"],"picked":"PiercingWail","floor":18.0},{"not_picked":["Terror","Well Laid Plans+1","Expertise"],"picked":"SKIP","floor":20.0},{"not_picked":["Acrobatics+1","Terror"],"picked":"Footwork+1","floor":23.0},{"not_picked":["Deadly Poison","Sucker Punch+1","Backflip"],"picked":"SKIP","floor":25.0},{"not_picked":["Dash+1","Reflex+1","Cloak And Dagger"],"picked":"SKIP","floor":27.0},{"not_picked":["Dodge and Roll","Skewer"],"picked":"Prepared","floor":29.0},{"not_picked":["Dodge and Roll","Predator+1"],"picked":"Escape Plan+1","floor":30.0},{"not_picked":["Tools of the Trade+1","Phantasmal Killer"],"picked":"Night Terror","floor":33.0},{"not_picked":["Skewer","Deadly Poison"],"picked":"Blade Dance+1","floor":35.0},{"not_picked":["Eviscerate","Endless Agony"],"picked":"Terror","floor":37.0},{"not_picked":["Footwork+1","Underhanded Strike"],"picked":"Catalyst+1","floor":39.0},{"not_picked":["Quick Slash+1","Acrobatics","Slice"],"picked":"SKIP","floor":40.0},{"not_picked":["Deadly Poison+1","Flying Knee+1","Phantasmal Killer"],"picked":"SKIP","floor":42.0},{"not_picked":["Quick Slash+1","Calculated Gamble"],"picked":"Dodge and Roll+1","floor":44.0},{"not_picked":["Deadly Poison","Backstab"],"picked":"Footwork+1","floor":45.0},{"not_picked":["Dodge and Roll","Dagger Spray+1"],"picked":"Blur+1","floor":47.0},{"not_picked":["Underhanded Strike","Dagger Spray+1","Quick Slash"],"picked":"SKIP","floor":48.0},{"not_picked":["Slice","Underhanded Strike+1"],"picked":"Blur","floor":54.0}],"player_experience":767299,"relics_obtained":[{"floor":7.0,"key":"MealTicket"},{"floor":9.0,"key":"White Beast Statue"},{"floor":10.0,"key":"HornCleat"},{"floor":13.0,"key":"MawBank"},{"floor":23.0,"key":"Bag of Marbles"},{"floor":26.0,"key":"Paper Crane"},{"floor":27.0,"key":"CeramicFish"},{"floor":30.0,"key":"Snake Skull"},{"floor":40.0,"key":"Torii"},{"floor":42.0,"key":"Pen Nib"},{"floor":45.0,"key":"Girya"},{"floor":47.0,"key":"Juzu Bracelet"},{"floor":54.0,"key":"Vajra"}],"event_choices":[{"damage_healed":0.0,"max_hp_gain":0.0,"max_hp_loss":0.0,"gold_gain":75.0,"event_name":"World of Goop","player_choice":"Gather Gold","floor":2.0,"gold_loss":0.0,"damage_taken":11.0},{"cards_removed":["Strike_G"],"damage_healed":0.0,"max_hp_gain":0.0,"max_hp_loss":0.0,"gold_gain":0.0,"event_name":"The Cleric","player_choice":"Card Removal","floor":4.0,"gold_loss":50.0,"damage_taken":0.0},{"damage_healed":0.0,"max_hp_gain":0.0,"max_hp_loss":0.0,"gold_gain":0.0,"event_name":"Liars Game","player_choice":"Ignored","floor":5.0,"gold_loss":0.0,"damage_taken":0.0},{"damage_healed":0.0,"max_hp_gain":0.0,"max_hp_loss":0.0,"gold_gain":0.0,"event_name":"Scrap Ooze","player_choice":"Success","floor":11.0,"gold_loss":0.0,"damage_taken":7.0,"relics_obtained":["Frozen Egg 2"]},{"damage_healed":0.0,"max_hp_gain":0.0,"max_hp_loss":0.0,"gold_gain":0.0,"event_name":"Back to Basics","player_choice":"Simplicity","floor":19.0,"gold_loss":0.0,"damage_taken":0.0,"cards_upgraded":["Strike_G","Strike_G","Strike_G","Strike_G","Defend_G","Defend_G","Defend_G","Defend_G","Defend_G"]},{"damage_healed":0.0,"max_hp_gain":0.0,"max_hp_loss":0.0,"gold_gain":0.0,"event_name":"Nest","player_choice":"Joined the Cult","floor":22.0,"gold_loss":0.0,"damage_taken":6.0,"cards_obtained":["RitualDagger"]},{"damage_healed":0.0,"max_hp_gain":0.0,"max_hp_loss":0.0,"gold_gain":0.0,"event_name":"Winding Halls","player_choice":"Embrace Madness","floor":36.0,"gold_loss":0.0,"damage_taken":9.0,"cards_obtained":["Madness","Madness"]},{"damage_healed":0.0,"max_hp_gain":0.0,"max_hp_loss":0.0,"gold_gain":100.0,"event_name":"Golden Shrine","player_choice":"Pray","floor":38.0,"gold_loss":0.0,"damage_taken":0.0},{"damage_healed":0.0,"max_hp_gain":0.0,"max_hp_loss":0.0,"gold_gain":0.0,"event_name":"SecretPortal","player_choice":"Ignored","floor":41.0,"gold_loss":0.0,"damage_taken":0.0}],"is_beta":false,"boss_relics":[{"not_picked":["Calling Bell","Busted Crown"],"picked":"Runic Pyramid"},{"not_picked":["Ring of the Serpent","Sozu"],"picked":"Fusion Hammer"}],"items_purged_floors":[21,31,46],"is_endless":false,"potions_floor_spawned":[10,12,13,14,16,18,20,23,25,27,29,30,33,35,37,39,40,42,44,45,47,48,54],"ascension_level":9}}