{"host":"36mulxq349byzoa2","time":1610233106,"event":{"mods":["AchievementEnabler","BaseMod","Better Match","Block Reminder","Colored Map","Colored Powertips","Minty Spire (QoL Compilation)","Rare Cards Sparkle","StSLib","SuperFastMode"],"gold_per_floor":[116,41,41,41,55,80,80,107,107,107,107,138,149,159,159,230,230,244,169,125,143,155,155,155],"floor_reached":23,"playtime":403,"items_purged":["Strike_B"],"score":433,"play_id":"9cb721f6-cc12-4c6e-a1c3-0cc5a36e6466","local_time":"20210109175826","is_ascension_mode":true,"campfire_choices":[{"data":"1","floor":7,"key":"LIFT"},{"data":"2","floor":15,"key":"LIFT"}],"circlet_count":0,"master_deck":["AscendersBane","Strike_B","Strike_B","Defend_B","Defend_B","Defend_B","Defend_B","Zap+1","Dualcast+1","Ball Lightning","Ball Lightning","Cold Snap","Leap","Barrage","Self Repair","Creative AI","Storm"],"relics":["Cracked Core","NeowsBlessing","Girya","Akabeko","Peace Pipe","Ancient Tea Set","Sozu"],"acts_visited":["Exordium","TheCity"],"potions_floor_usage":[16,21,21],"damage_taken":[{"damage":0,"enemies":"Jaw Worm","floor":1,"turns":1},{"damage":0,"enemies":"Cultist","floor":5,"turns":1},{"damage":0,"enemies":"3 Sentries","floor":6,"turns":1},{"damage":23,"enemies":"Lagavulin","floor":8,"turns":4},{"damage":10,"enemies":"Gremlin Nob","floor":12,"turns":3},{"damage":0,"enemies":"2 Louse","floor":13,"turns":2},{"damage":0,"enemies":"2 Fungi Beasts","floor":14,"turns":2},{"damage":12,"enemies":"The Guardian","floor":16,"turns":9},{"damage":18,"enemies":"Chosen","floor":18,"turns":5},{"damage":8,"enemies":"3 Byrds","floor":21,"turns":2},{"damage":29,"enemies":"Centurion and Healer","floor":22,"turns":5},{"damage":34,"enemies":"Gremlin Leader","floor":23,"turns":2}],"seed_played":"3865143480901143913","potions_obtained":[{"floor":1,"key":"FocusPotion"},{"floor":5,"key":"PowerPotion"},{"floor":16,"key":"Explosive Potion"}],"is_trial":false,"path_per_floor":["M","$","?","?","M","E","R","E","T","?","?","E","M","M","R","B",null,"M","?","$","M","M","E"],"character_chosen":"DEFECT","items_purchased":["Storm"],"campfire_rested":0,"item_purchase_floors":[20],"current_hp_per_floor":[64,64,64,64,64,64,64,41,41,41,64,54,54,54,54,49,66,55,55,55,47,25,0,0],"gold":155,"neow_bonus":"THREE_ENEMY_KILL","is_daily":false,"chose_seed":false,"campfire_upgraded":0,"win_rate":0.0,"timestamp":1610233106,"path_taken":["M","$","?","?","?","E","R","E","T","?","?","E","?","M","R","BOSS","M","?","$","M","M","E"],"items_purchased_type":["Card"],"build_version":"2020-12-22","purchased_purges":1,"victory":false,"max_hp_per_floor":[71,71,71,71,71,71,71,71,71,71,71,71,71,71,71,71,71,71,71,71,71,71,71,71],"card_choices":[{"not_picked":["Genetic Algorithm","Compile Driver"],"picked":"Ball Lightning","floor":1},{"not_picked":["Compile Driver","Turbo"],"picked":"Ball Lightning","floor":5},{"not_picked":["Fusion","BootSequence"],"picked":"Cold Snap","floor":6},{"not_picked":["Static Discharge","Rebound"],"picked":"Leap","floor":8},{"not_picked":["Steam","Gash","Loop"],"picked":"SKIP","floor":12},{"not_picked":["Go for the Eyes","Biased Cognition"],"picked":"Barrage","floor":13},{"not_picked":["Turbo","Heatsinks"],"picked":"Self Repair","floor":14},{"not_picked":["Rainbow","Hyperbeam"],"picked":"Creative AI","floor":16},{"not_picked":["Cold Snap","Sweeping Beam","Blizzard"],"picked":"SKIP","floor":18},{"not_picked":["Hello World+1","Leap","Redo"],"picked":"SKIP","floor":21},{"not_picked":["Barrage","Lockon","Aggregate"],"picked":"SKIP","floor":22}],"player_experience":1025421,"relics_obtained":[{"floor":6,"key":"Girya"},{"floor":8,"key":"Akabeko"},{"floor":9,"key":"Peace Pipe"},{"floor":12,"key":"Ancient Tea Set"}],"event_choices":[{"damage_healed":0,"gold_gain":0,"player_choice":"Grow","damage_taken":0,"max_hp_gain":0,"max_hp_loss":0,"event_name":"Living Wall","floor":3,"gold_loss":0,"cards_upgraded":["Zap"]},{"damage_healed":0,"gold_gain":0,"player_choice":"Upgraded","damage_taken":0,"max_hp_gain":0,"max_hp_loss":0,"event_name":"Upgrade Shrine","floor":4,"gold_loss":0,"cards_upgraded":["Dualcast"]},{"damage_healed":0,"gold_gain":0,"player_choice":"Searched \u00270\u0027 times","damage_taken":0,"max_hp_gain":0,"max_hp_loss":0,"event_name":"Dead Adventurer","floor":10,"gold_loss":0},{"damage_healed":23,"gold_gain":0,"player_choice":"Banana","damage_taken":0,"max_hp_gain":0,"max_hp_loss":0,"event_name":"Big Fish","floor":11,"gold_loss":0},{"cards_removed":["Strike_B"],"damage_healed":0,"gold_gain":0,"player_choice":"Gave Gold","damage_taken":0,"max_hp_gain":0,"max_hp_loss":0,"event_name":"Beggar","floor":19,"gold_loss":75}],"is_beta":false,"boss_relics":[{"not_picked":["Calling Bell","Velvet Choker"],"picked":"Sozu"}],"items_purged_floors":[2],"is_endless":false,"potions_floor_spawned":[1,5,14,16],"killed_by":"Gremlin Leader","ascension_level":17}}