{"host":"qy4anwei0ctnk0kd","time":1610208449,"event":{"mods":["BaseMod","Minty Spire (QoL Compilation)"],"gold_per_floor":[112,112,132,146,160,160,195,18,18,18,35,45,45,103,103,201,201,214,229,229,328,243,243,86,86,109,141,141,141,141,141,141,239,239,256,272,126,137,137,137,166,166,191,37,57,92,108,108,108,108,108],"floor_reached":50,"playtime":5696,"items_purged":[],"score":567,"play_id":"bbe2a1b8-ba00-49a9-97c5-4738af8a0563","local_time":"20210109110729","is_ascension_mode":true,"campfire_choices":[{"floor":6.0,"key":"REST"},{"floor":10.0,"key":"RECALL"},{"data":"ReachHeaven","floor":13.0,"key":"SMITH"},{"floor":15.0,"key":"REST"},{"floor":23.0,"key":"REST"},{"data":"DevaForm","floor":25.0,"key":"SMITH"},{"data":"ClearTheMind","floor":28.0,"key":"SMITH"},{"data":"Judgement","floor":30.0,"key":"SMITH"},{"data":"Eruption","floor":32.0,"key":"SMITH"},{"floor":40.0,"key":"REST"},{"floor":42.0,"key":"REST"},{"floor":49.0,"key":"REST"}],"circlet_count":0,"master_deck":["Strike_P+1","Strike_P+1","Strike_P+1","Defend_P","Defend_P","Defend_P","Defend_P","Eruption+1","Vigilance","EmptyFist","DevaForm+1","FollowUp","EmptyBody","EmptyFist","ClearTheMind+1","Consecrate","ReachHeaven+1","Judgement+1","BowlingBash+1","SpiritShield","Protect+1","LessonLearned+1","Crescendo","Wallop","SashWhip+1","JustLucky+1","EmptyBody+1","Prostrate","Prostrate+1"],"relics":["PureWater","Art of War","Sling","Eternal Feather","Torii","Runic Pyramid","Anchor","Incense Burner","Whetstone","Frozen Egg 2","SlaversCollar","Mummified Hand","Nunchaku","Orrery","Lantern"],"acts_visited":["TheCity","TheBeyond"],"potions_floor_usage":[50],"damage_taken":[{"damage":2.0,"enemies":"Jaw Worm","floor":1.0,"turns":7.0},{"damage":0.0,"enemies":"2 Louse","floor":3.0,"turns":3.0},{"damage":0.0,"enemies":"Small Slimes","floor":4.0,"turns":4.0},{"damage":29.0,"enemies":"Exordium Thugs","floor":5.0,"turns":6.0},{"damage":11.0,"enemies":"Lagavulin","floor":7.0,"turns":6.0},{"damage":1.0,"enemies":"2 Fungi Beasts","floor":11.0,"turns":4.0},{"damage":3.0,"enemies":"3 Louse","floor":12.0,"turns":4.0},{"damage":35.0,"enemies":"Lagavulin Event","floor":14.0,"turns":6.0},{"damage":31.0,"enemies":"Slime Boss","floor":16.0,"turns":9.0},{"damage":25.0,"enemies":"3 Byrds","floor":18.0,"turns":5.0},{"damage":2.0,"enemies":"Chosen","floor":19.0,"turns":3.0},{"damage":23.0,"enemies":"Slavers","floor":27.0,"turns":5.0},{"damage":60.0,"enemies":"Collector","floor":33.0,"turns":12.0},{"damage":14.0,"enemies":"3 Darklings","floor":35.0,"turns":5.0},{"damage":0.0,"enemies":"Orb Walker","floor":36.0,"turns":2.0},{"damage":67.0,"enemies":"Transient","floor":38.0,"turns":5.0},{"damage":16.0,"enemies":"Nemesis","floor":41.0,"turns":7.0},{"damage":10.0,"enemies":"3 Darklings","floor":45.0,"turns":6.0},{"damage":1.0,"enemies":"Giant Head","floor":46.0,"turns":8.0},{"damage":11.0,"enemies":"Writhing Mass","floor":47.0,"turns":5.0},{"damage":101,"enemies":"Donu and Deca","floor":50,"turns":8}],"seed_played":"2190036898134816415","potions_obtained":[{"floor":3.0,"key":"Dexterity Potion"},{"floor":4.0,"key":"BlessingOfTheForge"},{"floor":11.0,"key":"BlessingOfTheForge"},{"floor":36.0,"key":"ColorlessPotion"},{"floor":38.0,"key":"Explosive Potion"},{"floor":41.0,"key":"StancePotion"},{"floor":47.0,"key":"DistilledChaos"}],"is_trial":false,"path_per_floor":["M","?","M","M","M","R","E","$","T","R","M","M","R","?","R","B",null,"M","M","?","?","?","R","$","R","T","E","R","$","R","?","R","B",null,"M","M","$","M","?","R","E","R","T","$","M","E","M","?","R","B"],"character_chosen":"WATCHER","items_purchased":["Sling","ClearTheMind","Whetstone","LessonLearned","Orrery"],"campfire_rested":6,"item_purchase_floors":[8,8,24,37,44],"current_hp_per_floor":[77,82,82,82,53,78,67,67,67,76,75,72,81,46,80,49,84,59,57,57,57,57,84,84,84,84,61,73,73,84,68,80,20,89,75,75,75,8,8,46,30,68,68,68,58,57,46,46,87,0,0],"gold":108,"neow_bonus":"TEN_PERCENT_HP_BONUS","is_daily":false,"chose_seed":false,"campfire_upgraded":5,"win_rate":0.0,"timestamp":1610208449,"path_taken":["M","?","M","M","M","R","E","$","T","R","M","M","R","?","R","BOSS","M","M","?","?","?","R","$","R","T","E","R","?","R","?","R","BOSS","M","M","$","M","?","R","E","R","T","?","M","E","M","?","R","BOSS"],"items_purchased_type":["Relic","Card","Relic","Card","Relic"],"build_version":"2020-12-22","purchased_purges":0,"victory":false,"max_hp_per_floor":[79,84,84,84,84,84,84,84,84,84,84,84,84,84,84,84,84,84,84,84,84,84,84,84,84,84,84,84,84,84,89,89,89,89,89,89,89,89,89,89,89,89,89,89,89,89,89,89,89,89,89],"card_choices":[{"not_picked":["Indignation","CutThroughFate"],"picked":"EmptyFist","floor":1.0},{"not_picked":["Protect","Vengeance"],"picked":"DevaForm","floor":3.0},{"not_picked":["CrushJoints","WheelKick"],"picked":"FollowUp","floor":4.0},{"not_picked":["WindmillStrike","Wireheading"],"picked":"EmptyBody","floor":5.0},{"not_picked":["MentalFortress","Adaptation"],"picked":"EmptyFist","floor":7.0},{"not_picked":["ClearTheMind","ThirdEye"],"picked":"Consecrate","floor":11.0},{"not_picked":["SashWhip","Perseverance"],"picked":"ReachHeaven","floor":12.0},{"not_picked":["Devotion","Blasphemy"],"picked":"Judgement","floor":16.0},{"not_picked":["Vengeance","Worship","ClearTheMind"],"picked":"SKIP","floor":18.0},{"not_picked":["Prostrate+1","EmptyBody"],"picked":"BowlingBash","floor":19.0},{"not_picked":["Perseverance","FollowUp","DevaForm+1"],"picked":"SKIP","floor":27.0},{"not_picked":["Vault","Alpha"],"picked":"SpiritShield","floor":33.0},{"not_picked":["EmptyFist+1","CutThroughFate+1","Crescendo"],"picked":"SKIP","floor":35.0},{"not_picked":["Evaluate","EmptyBody+1"],"picked":"Protect+1","floor":36.0},{"not_picked":["InnerPeace+1","Wallop","SashWhip"],"picked":"SKIP","floor":38.0},{"not_picked":["CutThroughFate","PathToVictory+1","Weave+1"],"picked":"SKIP","floor":41.0},{"not_picked":["BowlingBash+1","ThirdEye+1"],"picked":"Wallop","floor":44.0},{"not_picked":["EmptyFist+1","Meditate+1"],"picked":"SashWhip+1","floor":44.0},{"not_picked":["EmptyFist","Evaluate"],"picked":"JustLucky+1","floor":44.0},{"not_picked":["ForeignInfluence+1","Adaptation+1"],"picked":"EmptyBody+1","floor":44.0},{"not_picked":["SashWhip+1","PathToVictory+1"],"picked":"Prostrate","floor":45.0},{"not_picked":["Establishment+1","EmptyBody"],"picked":"Prostrate+1","floor":46.0},{"not_picked":["Evaluate+1","Vengeance","BowlingBash"],"picked":"SKIP","floor":47.0}],"player_experience":338212,"relics_obtained":[{"floor":7.0,"key":"Art of War"},{"floor":9.0,"key":"Eternal Feather"},{"floor":14.0,"key":"Torii"},{"floor":27.0,"key":"Frozen Egg 2"},{"floor":41.0,"key":"Mummified Hand"},{"floor":43.0,"key":"Nunchaku"},{"floor":46.0,"key":"Lantern"}],"event_choices":[{"damage_healed":0.0,"max_hp_gain":5.0,"max_hp_loss":0.0,"gold_gain":0.0,"event_name":"Big Fish","player_choice":"Donut","floor":2.0,"gold_loss":0.0,"damage_taken":0.0},{"damage_healed":0.0,"max_hp_gain":0.0,"max_hp_loss":0.0,"gold_gain":0.0,"event_name":"Dead Adventurer","player_choice":"Searched \u00271\u0027 times","floor":14.0,"gold_loss":0.0,"damage_taken":0.0},{"damage_healed":0.0,"max_hp_gain":0.0,"max_hp_loss":0.0,"gold_gain":0.0,"event_name":"The Mausoleum","player_choice":"Opened","floor":20.0,"gold_loss":0.0,"damage_taken":0.0,"relics_obtained":["Anchor"]},{"damage_healed":0.0,"max_hp_gain":0.0,"max_hp_loss":0.0,"gold_gain":99.0,"event_name":"Nest","player_choice":"Stole From Cult","floor":21.0,"gold_loss":0.0,"damage_taken":0.0},{"damage_healed":0.0,"max_hp_gain":0.0,"max_hp_loss":0.0,"gold_gain":0.0,"event_name":"Addict","player_choice":"Obtained Relic","floor":22.0,"gold_loss":85.0,"damage_taken":0.0,"relics_obtained":["Incense Burner"]},{"damage_healed":0.0,"max_hp_gain":5.0,"max_hp_loss":0.0,"gold_gain":0.0,"event_name":"Forgotten Altar","player_choice":"Shed Blood","floor":31.0,"gold_loss":0.0,"damage_taken":21.0},{"damage_healed":0.0,"max_hp_gain":0.0,"max_hp_loss":0.0,"gold_gain":0.0,"cards_transformed":["Strike_P"],"event_name":"Transmorgrifier","player_choice":"Transformed","floor":39.0,"gold_loss":0.0,"damage_taken":0.0,"cards_obtained":["Crescendo"]},{"damage_healed":0.0,"max_hp_gain":0.0,"max_hp_loss":0.0,"gold_gain":0.0,"event_name":"SensoryStone","player_choice":"Memory 1","floor":48.0,"gold_loss":0.0,"damage_taken":0.0}],"is_beta":false,"boss_relics":[{"not_picked":["Fusion Hammer","Astrolabe"],"picked":"Runic Pyramid"},{"not_picked":["Pandora\u0027s Box","Coffee Dripper"],"picked":"SlaversCollar"}],"items_purged_floors":[],"is_endless":false,"potions_floor_spawned":[3,4,11,14,16,27,36,38,41,47],"killed_by":"Donu and Deca","ascension_level":1}}