{"host":"9ndbo4kgsfoemf7y","time":1610193987,"event":{"mods":["AchievementEnabler","BaseMod","Colored Map","DeckTracker","Keyboard Shortcuts","Minty Spire (QoL Compilation)","Permanent Neow","Quick Restart","Relic Stats","StSLib","SuperFastMode"],"gold_per_floor":[118,137,58,58,58,58,75,75,75,75,75,104,104,65,65,65,65],"floor_reached":16,"playtime":395,"items_purged":[],"score":192,"play_id":"ec496033-f27b-47ff-952c-5a13135730b0","local_time":"20210109210627","is_ascension_mode":true,"campfire_choices":[{"data":"Dark Embrace","floor":6.0,"key":"SMITH"},{"data":"Entrench","floor":8.0,"key":"SMITH"},{"data":"Bash","floor":10.0,"key":"SMITH"},{"floor":15.0,"key":"REST"}],"circlet_count":0,"master_deck":["AscendersBane","Strike_R","Strike_R","Defend_R","Defend_R","Defend_R","Defend_R","Bash+1","Iron Wave","Entrench+1","Dropkick","Dark Embrace+1","Dual Wield","Feel No Pain","Blood for Blood"],"relics":["Burning Blood","Strawberry","Paper Frog","Akabeko","Bottled Flame"],"acts_visited":["Exordium"],"potions_floor_usage":[16],"damage_taken":[{"damage":7.0,"enemies":"Small Slimes","floor":1.0,"turns":4.0},{"damage":17.0,"enemies":"Jaw Worm","floor":2.0,"turns":7.0},{"damage":9.0,"enemies":"Cultist","floor":7.0,"turns":4.0},{"damage":26.0,"enemies":"3 Sentries","floor":12.0,"turns":11.0},{"damage":43,"enemies":"Hexaghost","floor":16,"turns":7}],"seed_played":"-1784912878473280713","potions_obtained":[{"floor":7.0,"key":"BlessingOfTheForge"},{"floor":12.0,"key":"Dexterity Potion"}],"is_trial":false,"path_per_floor":["M","M","$","?","?","R","M","R","T","R","T","E","?","$","R","B"],"character_chosen":"IRONCLAD","items_purchased":["Dark Embrace","Blood for Blood"],"campfire_rested":1,"item_purchase_floors":[3,14],"current_hp_per_floor":[67,56,56,45,45,45,42,42,42,42,42,22,15,15,39,0,0],"gold":65,"neow_bonus":"TRANSFORM_TWO_CARDS","is_daily":false,"chose_seed":false,"campfire_upgraded":3,"win_rate":0.0,"timestamp":1610193987,"path_taken":["M","M","$","?","?","R","M","R","T","R","?","E","?","$","R","BOSS"],"items_purchased_type":["Card","Card"],"build_version":"2020-12-22","purchased_purges":0,"victory":false,"max_hp_per_floor":[75,75,75,82,82,82,82,82,82,82,82,82,82,82,82,82,82],"relic_stats":{"counters":[5,33],"obtain_stats":[{"Bottled Flame":12,"Strawberry":4,"Burning Blood":0,"Akabeko":11,"Paper Frog":9},{"Bottled Flame":4,"Strawberry":2,"Burning Blood":0,"Akabeko":3,"Paper Frog":3},{"Bottled Flame":26,"Strawberry":11,"Burning Blood":0,"Akabeko":15,"Paper Frog":15}],"Burning Blood":24},"card_choices":[{"not_picked":["Havoc","Iron Wave"],"picked":"Dropkick","floor":1.0},{"not_picked":["Combust","Clash","Bloodletting"],"picked":"SKIP","floor":2.0},{"not_picked":["Sword Boomerang","Rage"],"picked":"Feel No Pain","floor":7.0},{"not_picked":["Armaments","Clothesline","Flex"],"picked":"SKIP","floor":12.0}],"player_experience":799657,"relics_obtained":[{"floor":9.0,"key":"Paper Frog"},{"floor":11.0,"key":"Akabeko"},{"floor":12.0,"key":"Bottled Flame"}],"event_choices":[{"damage_healed":0.0,"max_hp_gain":0.0,"max_hp_loss":0.0,"gold_gain":0.0,"event_name":"Scrap Ooze","player_choice":"Success","floor":4.0,"gold_loss":0.0,"damage_taken":18.0,"relics_obtained":["Strawberry"]},{"damage_healed":0.0,"max_hp_gain":0.0,"max_hp_loss":0.0,"gold_gain":0.0,"cards_transformed":["Strike_R"],"event_name":"Living Wall","player_choice":"Change","floor":5.0,"gold_loss":0.0,"damage_taken":0.0,"cards_obtained":["Dual Wield"]},{"cards_removed":["Decay"],"damage_healed":0.0,"max_hp_gain":0.0,"max_hp_loss":0.0,"gold_gain":0.0,"event_name":"Golden Wing","player_choice":"Card Removal","floor":13.0,"gold_loss":0.0,"damage_taken":7.0}],"is_beta":false,"boss_relics":[],"items_purged_floors":[],"is_endless":false,"potions_floor_spawned":[7,12],"killed_by":"Hexaghost","ascension_level":20}}