{"host":"kv06jx36eid0zw4n","time":1610233377,"event":{"mods":["AchievementEnabler","Act Like it!","Aspiration","BaseMod","Beaked The Cultist","Better Note","Better Skull","Better Third Choice","BetterRewards","Block Reminder","CCEM","Colored Map","Conspire","Curses Come First","Dota2Spire","Elementarium","Energized Spire","Friendly Minions","Gensokyo","GifTheSpireLib","Glutton Mod","GungeonMod","Halation","Hallownest","Hermit","Hubris","Infinite Spire","Key Reminder","KomeijiMod","Lobotomy","LobotomyExtend","Menagerie","Mimic Mod","Minty Spire (QoL Compilation)","MostiFishMod","Pale of the Ancients","Quarter Circle Forward PUNCH!","Rare Cards Sparkle","Replay The Spire","RumiaBox-????????","Small Relic Pack","Spicy Shops","StSLib","Stuff the Spire","The Blue Laboratory","The Cursed","The Factory","Trackpad","Uncapped","Wandering Minibosses","[IsaacMod]????","vexMod"],"gold_per_floor":[117,162,48,59,96,124,140,216,291,291,317,328,345,359,359,359,359],"floor_reached":16,"playtime":2147,"items_purged":[],"score":162,"play_id":"55cdcd8a-d037-42fe-ae38-151c784d7c2d","local_time":"20210110000257","is_ascension_mode":false,"campfire_choices":[{"data":"EpicFetus","floor":10,"key":"SMITH"},{"floor":15,"key":"RECALL"}],"circlet_count":0,"master_deck":["Strike_P","Strike_P","Strike_P","Strike_P","Defend_P","Defend_P","Defend_P","Defend_P","Eruption","Vigilance","EpicFetus+1","Prostrate","MostiFishMod:LegendTransform","Pain","Consecrate","MostiFishMod:Nomercy","Nirvana","Prostrate","MostiFishMod:StarLaLaLa","DeceiveReality","Indignation","Crescendo"],"relics":["PureWater","DaveBox","HushsDoor","Transparent","GuppysTail","CCEMRelics:PorcelainBowl","DemoMod:GlassGuonStoneRelic","SynthV:TestCard","LetterFromLob","DemoMod:GnawedKey","MealTicket","Dota2Spire:ShadowBlade","PillsDrop","DemoMod:DecoyRelic"],"acts_visited":["Hallownest:Greenpath"],"potions_floor_usage":[6,16,16,16],"damage_taken":[{"damage":14,"enemies":"Hallownest:2_Baldur","floor":1,"turns":2},{"damage":7,"enemies":"Hallownest:monsterHuskGuard","floor":4,"turns":1},{"damage":28,"enemies":"conspire:MimicChest","floor":5,"turns":3},{"damage":26,"enemies":"Hallownest:eliteMossKnight","floor":6,"turns":3},{"damage":11,"enemies":"Hallownest:monsterHuskWarrior","floor":7,"turns":1},{"damage":19,"enemies":"Hallownest:eliteCrystalGuardian","floor":11,"turns":2},{"damage":20,"enemies":"Hallownest:monsterMossCharger","floor":12,"turns":2},{"damage":29,"enemies":"Hallownest:MossCreep_and_Mosskin","floor":13,"turns":4},{"damage":17,"enemies":"Hallownest:1_Baldur_1_Crawlid_1_Warrior","floor":14,"turns":2},{"damage":33,"enemies":"Hallownest:BossHornet","floor":16,"turns":4}],"seed_played":"-4033116549163383673","potions_obtained":[{"floor":1,"key":"PowerPotion"},{"floor":5,"key":"blueLaboratory:EmptyBottle"},{"floor":7,"key":"blueLaboratory:AlphaPotion"},{"floor":11,"key":"StancePotion"}],"is_trial":false,"path_per_floor":["M","?","$","M","?","E","M","T","T","R","E","M","M","M","R","B"],"character_chosen":"WATCHER","items_purchased":["MostiFishMod:LegendTransform","DemoMod:GnawedKey"],"campfire_rested":0,"item_purchase_floors":[3,3],"current_hp_per_floor":[72,72,72,72,72,72,72,72,72,72,72,67,67,67,67,34,34],"gold":359,"neow_bonus":"RANDOM_COMMON_RELIC","is_daily":false,"chose_seed":false,"campfire_upgraded":1,"win_rate":0.0,"timestamp":1610233377,"path_taken":["M","?","$","M","?","E","?","?","T","R","E","M","M","M","R","BOSS"],"items_purchased_type":["Card","Relic"],"build_version":"2020-12-22","purchased_purges":0,"victory":false,"max_hp_per_floor":[72,72,72,72,72,72,72,72,72,72,72,67,67,67,67,67,67],"card_choices":[{"not_picked":[],"picked":"EpicFetus","floor":0},{"not_picked":["JustLucky","MostiFishMod:ScryFuture"],"picked":"Prostrate","floor":1},{"not_picked":["EmptyBody","ThirdEye","Replay:Vibes","PathToVictory"],"picked":"Consecrate","floor":4},{"not_picked":["Replay:Hum","Perseverance","LikeWater","Replay:Anticipation"],"picked":"MostiFishMod:Nomercy","floor":5},{"not_picked":["Protect","EmptyBody","ConjureBlade","EmptyMind"],"picked":"Nirvana","floor":6},{"not_picked":["Replay:BluntJabs","ForeignInfluence","Fasting2","Halt"],"picked":"Prostrate","floor":7},{"not_picked":["Nirvana","WheelKick","Replay:Anticipation","MostiFishMod:PathToVictory"],"picked":"MostiFishMod:StarLaLaLa","floor":11},{"not_picked":["Evaluate","ThirdEye","PathToVictory","EmptyFist"],"picked":"DeceiveReality","floor":12},{"not_picked":["Halt","JustLucky","MostiFishMod:Nomercy","DeceiveReality"],"picked":"Indignation","floor":13},{"not_picked":["BowlingBash","SignatureMove","Evaluate","MostiFishMod:Nomercy"],"picked":"Crescendo","floor":14}],"player_experience":1645458,"relics_obtained":[{"floor":1,"key":"SynthV:TestCard"},{"floor":1,"key":"LetterFromLob"},{"floor":5,"key":"MealTicket"},{"floor":6,"key":"Dota2Spire:ShadowBlade"},{"floor":9,"key":"PillsDrop"},{"floor":11,"key":"DemoMod:DecoyRelic"}],"event_choices":[],"is_beta":false,"boss_relics":[],"items_purged_floors":[],"is_endless":false,"potions_floor_spawned":[1,5,7,11],"killed_by":"Hallownest:BossHornet","ascension_level":0}}