{"host":"mvz90ilxx8epviq1","time":1610167999,"event":{"mods":["2.2 Compatiblity","AchievementEnabler","Act Like it!","Bartender","BaseMod","Better Note","Better Third Choice","Better Vampires","Clockwork Mod","Colored Map","Colored Powertips","Downfall","Gensokyo","Hallownest","Hermit","Hubris","Koishi","Marisa????????","Minty Spire (QoL Compilation)","Replay The Spire","SIMod","Shop Mod","Spicy Shops","StSLib","Td1madao Mod","The Alterego","The Blackbeard","The Bug Knight","The Construct","The Cursed","The Mystic","The Senshi","The Servant 0.9.4","The Wild Card","slay the spire mod where everything is the same but ironclad has a cowboy hat"],"gold_per_floor":[113,33,108,108,108,138,138,165,190,223,35,71,45,73,73,188,188,232,293,293,331,358,419,419,467,467,467,527,0,87,231,231,358,358,409,409,463,463,6,83,83,13,66,66,120,156,66,131,131,193,193,193,33,67,67],"floor_reached":56,"playtime":7774,"items_purged":["Shame","Light Attack+1","Defend_C"],"score":1622,"play_id":"561b6b72-9295-48d2-8ca9-e40bb9e05dbd","local_time":"20210108235319","is_ascension_mode":true,"campfire_choices":[{"floor":7.0,"key":"REST"},{"floor":15.0,"key":"REST"},{"floor":27.0,"key":"REST"},{"data":"Shockwave Tdmadao","floor":32.0,"key":"SMITH"},{"data":"Perfect Defend","floor":41.0,"key":"SMITH"},{"floor":49.0,"key":"RECALL"},{"data":"Oblique Hack","floor":52.0,"key":"SMITH"}],"circlet_count":0,"master_deck":["Strike_C","Strike_C+1","Strike_C+1","Strike_C+1","Defend_C+1","Defend_C+1","Defend_C","Knight Kick+1","Chip+1","Lunge","Preloading+1","Preloading+1","Shockwave Tdmadao+1","Oblique Hack+1","Twin Teeth+1","Here Defend Chip+2","Floating Swing Kick","Here Defend Chip","Pod Fire+1","Black Contract","Provocative","Here Defend Chip+1","Oblique Hack+1","Preparedness+1","Oblique Hack+1","Pod Laser+1","Pod Fire+1","Black Execution+1","Lunge+1","Pod Fire+1","Thunder Jump+1","Lunge+1","Thunder Jump+1","Black Contract+1","Black Contract+1","Reinforcement Parts+1","Gensokyo:Taser","ReplayTheSpireMod:Trickstab+1","Perfect Defend+1","Here Defend Chip","Here Defend Chip","Here Defend Chip","Here Defend Chip+1","Gravity Defend+1","Oblique Hack+1","Oblique Hack+1","Black Spear+1","Reflection Mechanism","Thunder Jump+1"],"relics":["theSenshi:MoonKaleidoScopeRelic","construct:RocketBooster","theSenshi:SuperSailorFukuRelic","Replay:Wax Seal","Sozu","hubris:Icosahedron","Bottled Tornado","Membership Card","Molten Egg 2","Nunchaku","MerchantsRug","theSenshi:SailorFukuRelic","Replay:Bronze Core","Anchor","ClockworkSouvenir","hubris:CuriousFeather","Oddly Smooth Stone","Omamori","Pen Nib","Replay:Rubber Ducky","ReplayTheSpireMod:CursedCoin","Medical Kit","Pantograph","OrangePellets","Pear","ReplayTheSpireMod:Ninjato","Cola","Bottled Flame"],"acts_visited":["Exordium","Gensokyo:Gensokyoer","Gensokyo:Gensokyoest","TheEnding"],"potions_floor_usage":[],"damage_taken":[{"damage":0.0,"enemies":"Cultist","floor":1.0,"turns":4.0},{"damage":32.0,"enemies":"Replay:BlueRogue","floor":6.0,"turns":10.0},{"damage":23.0,"enemies":"3 Sentries","floor":8.0,"turns":9.0},{"damage":0.0,"enemies":"Replay:BlueRogue","floor":10.0,"turns":7.0},{"damage":0.0,"enemies":"Small Slimes","floor":12.0,"turns":4.0},{"damage":0.0,"enemies":"Jaw Worm","floor":14.0,"turns":4.0},{"damage":30.0,"enemies":"The Guardian","floor":16.0,"turns":11.0},{"damage":0.0,"enemies":"Gensokyo:2_Gloops","floor":18.0,"turns":5.0},{"damage":4.0,"enemies":"Gensokyo:3_Dogs","floor":19.0,"turns":5.0},{"damage":0.0,"enemies":"Gensokyo:Wraith","floor":21.0,"turns":4.0},{"damage":15.0,"enemies":"Gensokyo:Tenshi","floor":23.0,"turns":5.0},{"damage":5.0,"enemies":"Gensokyo:Reisen","floor":25.0,"turns":9.0},{"damage":0.0,"enemies":"Gensokyo:Tenshi","floor":28.0,"turns":5.0},{"damage":0.0,"enemies":"Gensokyo:Koishi","floor":30.0,"turns":4.0},{"damage":0.0,"enemies":"Gensokyo:Swordslinger","floor":31.0,"turns":4.0},{"damage":14.0,"enemies":"Gensokyo:Eternal_Rivals","floor":33.0,"turns":9.0},{"damage":0.0,"enemies":"Gensokyo:3_Bats","floor":35.0,"turns":3.0},{"damage":0.0,"enemies":"Gensokyo:3_Boulders","floor":37.0,"turns":4.0},{"damage":0.0,"enemies":"Gensokyo:Kasen","floor":40.0,"turns":4.0},{"damage":7.0,"enemies":"Gensokyo:Rafflesia","floor":45.0,"turns":5.0},{"damage":0.0,"enemies":"Gensokyo:Dusk_and_Dawn","floor":46.0,"turns":2.0},{"damage":0.0,"enemies":"Gensokyo:Marisa","floor":48.0,"turns":3.0},{"damage":0.0,"enemies":"Gensokyo:Yuyuko","floor":50.0,"turns":5.0},{"damage":1,"enemies":"Shield and Spear","floor":54,"turns":5},{"damage":6,"enemies":"The Heart","floor":55,"turns":5}],"seed_played":"4849695224481629467","potions_obtained":[{"floor":1.0,"key":"SteroidPotion"},{"floor":14.0,"key":"LiquidBronze"},{"floor":16.0,"key":"sneckomod:MuddlingPotion"}],"is_trial":false,"path_per_floor":["M","$","?","?","?","E","R","E","T","E","$","M","$","M","R","B",null,"M","M","?","M","?","E","?","E","T","R","E","$","E","M","R","B",null,"M","COS","M","?","$","E","R","$","T","T","M","M","$","E","R","B",null,"R","$","E","B",null],"character_chosen":"TD1MADAO_CLASS","items_purchased":["Preloading","Twin Teeth","Replay:Wax Seal","Here Defend Chip","Here Defend Chip","Membership Card","Molten Egg 2","Nunchaku","Pod Laser+1","Pod Fire+1","MerchantsRug","Black Execution+1","Orrery","ReplayTheSpireMod:Trickstab+1","Anchor","Perfect Defend","ClockworkSouvenir","hubris:CuriousFeather","Here Defend Chip","Here Defend Chip","Here Defend Chip","Here Defend Chip","Oblique Hack+1","Replay:Rubber Ducky","ReplayTheSpireMod:CursedCoin","Medical Kit","Reflection Mechanism","Pantograph","OrangePellets","Pear","ReplayTheSpireMod:Ninjato","Cola","Thunder Jump+1"],"campfire_rested":3,"item_purchase_floors":[2,11,11,11,13,29,29,29,29,29,29,29,29,39,39,39,39,39,39,39,39,39,42,47,47,47,47,47,53,53,53,53,53],"current_hp_per_floor":[70,70,59,59,59,27,48,25,25,25,25,25,25,25,46,16,70,70,66,66,66,49,34,34,29,29,50,50,50,50,50,50,36,70,70,70,70,70,70,70,70,70,70,70,63,63,63,63,63,63,70,70,80,79,74],"gold":67,"neow_bonus":"BOSS_RELIC","is_daily":false,"chose_seed":false,"campfire_upgraded":3,"win_rate":0.0,"timestamp":1610167999,"path_taken":["M","$","?","?","?","E","R","E","T","E","$","M","?","M","R","BOSS","M","M","?","M","?","E","?","E","T","R","E","$","E","M","R","BOSS","M","COS","?","?","?","E","R","$","T","?","?","M","$","E","R","BOSS","R","$","E","BOSS"],"items_purchased_type":["Card","Card","Relic","Card","Card","Relic","Relic","Relic","Card","Card","Relic","Card","Relic","Card","Relic","Card","Relic","Relic","Card","Card","Card","Card","Card","Relic","Relic","Relic","Card","Relic","Relic","Relic","Relic","Relic","Card"],"build_version":"2020-12-22","purchased_purges":3,"victory":true,"max_hp_per_floor":[70,70,70,70,70,70,70,70,70,70,70,70,70,70,70,70,70,70,70,70,70,70,70,70,70,70,70,70,70,70,70,70,70,70,70,70,70,70,70,70,70,70,70,70,70,70,70,70,70,70,70,70,80,80,80],"card_choices":[{"not_picked":["Afterwards","Light Attack"],"picked":"Lunge","floor":1.0},{"not_picked":["Floating Swing Kick","De Ware Chip","EarthLightRay"],"picked":"Shockwave Tdmadao","floor":6.0},{"not_picked":["Thunder Jump","Three Hit","SprinkleStarSeal"],"picked":"Light Attack","floor":8.0},{"not_picked":["Cursed Blade","Fire Up","Occultation"],"picked":"Oblique Hack","floor":10.0},{"not_picked":["New Defend Magic","Fixing","EnergyRecoil"],"picked":"Floating Swing Kick","floor":12.0},{"not_picked":["Gravity Defend","New Defend Magic","WitchLeyline"],"picked":"Pod Fire","floor":14.0},{"not_picked":["Pod Laser","Bursts","BinaryStars"],"picked":"Black Contract","floor":16.0},{"not_picked":["Fire Blade","Bugfix","Break Into","UnstableBomb"],"picked":"SKIP","floor":18.0},{"not_picked":["Afterwards","Perfect Defend","EnergyRecoil"],"picked":"Provocative","floor":19.0},{"not_picked":["Three Hit","Machining","Rupture","GrandCross"],"picked":"SKIP","floor":21.0},{"not_picked":["Black Execution","Three Hit","ShootingEcho"],"picked":"Here Defend Chip","floor":22.0},{"not_picked":["Provocative+1","Floating Swing Kick","AlicesGift"],"picked":"Oblique Hack+1","floor":23.0},{"not_picked":["Black Execution","Floating Swing Kick","UnstableBomb"],"picked":"Preparedness+1","floor":25.0},{"not_picked":["Ruin Defend","Money Cant Rescue","MagicAbsorber"],"picked":"Oblique Hack","floor":28.0},{"not_picked":["Format All Data","Rupture+1","Acceleration"],"picked":"Lunge+1","floor":29.0},{"not_picked":["Lunge+1","White Contract+1","Singularity"],"picked":"Pod Fire+1","floor":29.0},{"not_picked":["White Contract+1","Cooling Song","ChargeUpSpray"],"picked":"Thunder Jump+1","floor":29.0},{"not_picked":["Defend System+1","Black Shadow+1","ShootingEcho"],"picked":"Lunge+1","floor":29.0},{"not_picked":["Coercion+1","Lore+1","DeepEcoloBomb"],"picked":"Thunder Jump+1","floor":29.0},{"not_picked":["Machining","Fire Up","BlazeAway"],"picked":"Black Contract+1","floor":30.0},{"not_picked":["Afterwards","Reinforcement Parts","Preloading","6A"],"picked":"SKIP","floor":31.0},{"not_picked":["Chip Synthesis","Format All Data","FinalSpark"],"picked":"Black Contract+1","floor":33.0},{"not_picked":["Three Hit+1","Machining","WitchOfGreed"],"picked":"Reinforcement Parts+1","floor":35.0},{"not_picked":["Sub Weapons","Three Hit+1","Ruin Defend+1","WitchLeyline"],"picked":"SKIP","floor":37.0},{"not_picked":["Trader","Break Into","StarBarrage"],"picked":"Gravity Defend+1","floor":40.0},{"not_picked":["Black Execution+1","Sudden Beat+1","MeteoricShower"],"picked":"Oblique Hack+1","floor":45.0},{"not_picked":["Defend System","Black Execution+1","BlazeAway"],"picked":"Black Spear+1","floor":46.0},{"not_picked":["Gravity Defend","Resistance+1","Light Attack+1"],"picked":"SKIP","floor":48.0},{"not_picked":["Sudden Beat+1","Pod Fire+1","Reflection Mechanism"],"picked":"SKIP","floor":54}],"player_experience":489031,"relics_obtained":[{"floor":6.0,"key":"construct:RocketBooster"},{"floor":8.0,"key":"theSenshi:SuperSailorFukuRelic"},{"floor":9.0,"key":"Whetstone"},{"floor":10.0,"key":"Replay:Bandana"},{"floor":23.0,"key":"Simple Rune"},{"floor":25.0,"key":"Bottled Tornado"},{"floor":28.0,"key":"The Courier"},{"floor":30.0,"key":"theSenshi:SailorFukuRelic"},{"floor":40.0,"key":"Oddly Smooth Stone"},{"floor":43.0,"key":"Omamori"},{"floor":44.0,"key":"Pen Nib"},{"floor":48.0,"key":"Replay:Bottled Steam"},{"floor":54,"key":"Bottled Flame"}],"event_choices":[{"damage_healed":0.0,"max_hp_gain":0.0,"max_hp_loss":0.0,"gold_gain":75.0,"event_name":"betterThird:BetterGoop","player_choice":"Gold","floor":3.0,"gold_loss":0.0,"damage_taken":11.0}],"is_beta":false,"boss_relics":[{"not_picked":["Replay:Ancient Bell","hubris:VirtuousBlindfold"],"picked":"Sozu"},{"not_picked":["Snecko Eye","Runic Pyramid"],"picked":"Replay:Bronze Core"}],"items_purged_floors":[29,42,47],"is_endless":false,"potions_floor_spawned":[1,14,16,21,28,30,31,37,46],"ascension_level":1}}