{"host":"fnk117zi8wf5078t","time":1610204602,"event":{"mods":["AchievementEnabler","BaseMod","Colored Map","Minty Spire (QoL Compilation)","Rare Cards Sparkle","SuperFastMode","everything is the same but u backflip on backflip"],"gold_per_floor":[18,18,31,46,59,59,209,209,209,224,149,149,149,166,166,166,166],"floor_reached":16,"playtime":555,"items_purged":[],"score":179,"play_id":"03de501f-7135-47bf-8d5d-e33ad9fef9d4","local_time":"20210110000322","is_ascension_mode":true,"campfire_choices":[{"data":"Bloodletting","floor":6,"key":"SMITH"},{"data":"Clothesline","floor":12,"key":"SMITH"},{"data":"Berserk","floor":15,"key":"SMITH"}],"circlet_count":0,"master_deck":["AscendersBane","Strike_R","Strike_R","Strike_R","Strike_R","Strike_R","Defend_R","Defend_R","Defend_R","Defend_R","Bash","Rampage","Battle Trance","Rage","Bloodletting+1","Clothesline+1","Berserk+1"],"relics":["Burning Blood","TungstenRod","Thread and Needle","Question Card","CultistMask"],"acts_visited":["Exordium"],"potions_floor_usage":[10,10,16],"damage_taken":[{"damage":0,"enemies":"2 Louse","floor":1,"turns":3},{"damage":5,"enemies":"Cultist","floor":3,"turns":3},{"damage":9,"enemies":"Small Slimes","floor":4,"turns":3},{"damage":6,"enemies":"3 Louse","floor":5,"turns":5},{"damage":1,"enemies":"Looter","floor":10,"turns":4},{"damage":11,"enemies":"Lots of Slimes","floor":14,"turns":6},{"damage":63,"enemies":"Hexaghost","floor":16,"turns":14}],"seed_played":"6239903580419130479","potions_obtained":[{"floor":4,"key":"SneckoOil"},{"floor":5,"key":"AttackPotion"},{"floor":14,"key":"ColorlessPotion"}],"is_trial":false,"path_per_floor":["M","?","M","M","M","R","?","?","T","M","?","R","?","M","R","B"],"character_chosen":"IRONCLAD","items_purchased":[],"campfire_rested":0,"item_purchase_floors":[],"current_hp_per_floor":[74,75,75,72,72,72,72,57,57,62,62,62,62,57,57,0,0],"gold":166,"neow_bonus":"ONE_RARE_RELIC","is_daily":false,"chose_seed":false,"campfire_upgraded":3,"win_rate":0.0,"timestamp":1610204602,"path_taken":["M","?","M","M","?","R","?","?","T","M","?","R","?","?","R","BOSS"],"items_purchased_type":[],"build_version":"2020-12-22","purchased_purges":0,"victory":false,"max_hp_per_floor":[75,75,75,75,75,75,75,75,75,75,75,75,75,75,75,75,75],"card_choices":[{"not_picked":["Warcry","Blood for Blood"],"picked":"Rampage","floor":1},{"not_picked":["Sentinel","Thunderclap"],"picked":"Battle Trance","floor":3},{"not_picked":["Sword Boomerang","Warcry"],"picked":"Rage","floor":4},{"not_picked":["Pommel Strike","Rampage"],"picked":"Bloodletting","floor":5},{"not_picked":["Anger","Sentinel","Dark Embrace"],"picked":"Clothesline","floor":10},{"not_picked":["Warcry","Thunderclap","Clothesline"],"picked":"Berserk","floor":14}],"player_experience":365927,"relics_obtained":[{"floor":9,"key":"Question Card"}],"event_choices":[{"damage_healed":1,"gold_gain":0,"player_choice":"Full Heal","damage_taken":0,"max_hp_gain":0,"max_hp_loss":0,"event_name":"Wheel of Change","floor":2,"gold_loss":0},{"damage_healed":0,"gold_gain":150,"player_choice":"AGREE","damage_taken":0,"max_hp_gain":0,"max_hp_loss":0,"event_name":"Liars Game","floor":7,"gold_loss":0,"cards_obtained":["Doubt"]},{"damage_healed":0,"gold_gain":0,"player_choice":"Success","damage_taken":18,"relics_obtained":["Thread and Needle"],"max_hp_gain":0,"max_hp_loss":0,"event_name":"Scrap Ooze","floor":8,"gold_loss":0},{"cards_removed":["Doubt"],"damage_healed":0,"gold_gain":0,"player_choice":"Card Removal","damage_taken":0,"max_hp_gain":0,"max_hp_loss":0,"event_name":"The Cleric","floor":11,"gold_loss":75},{"damage_healed":0,"gold_gain":0,"player_choice":"Trade","damage_taken":0,"relics_obtained":["CultistMask"],"max_hp_gain":0,"max_hp_loss":0,"event_name":"FaceTrader","floor":13,"gold_loss":0}],"is_beta":false,"boss_relics":[],"items_purged_floors":[],"is_endless":false,"potions_floor_spawned":[4,5,14],"killed_by":"Hexaghost","ascension_level":19}}