{"host":"kn32u0f2pym5bozc","time":1610181153,"event":{"mods":["2.2 Compatiblity","BaseMod","Better Third Choice","Minty Spire (QoL Compilation)","Permanent Neow","Relic Stats","StSLib","The Animator"],"gold_per_floor":[115,190,162,196,208,208,208],"floor_reached":6,"playtime":265,"items_purged":[],"score":67,"play_id":"5a813a91-8810-4c67-8998-a20b6b2fdb7e","local_time":"20210109033233","is_ascension_mode":true,"campfire_choices":[],"circlet_count":0,"master_deck":["AscendersBane","animator:Strike_Fate","animator:Defend_Fate","animator:Strike","animator:Strike","animator:Strike","animator:Defend","animator:Defend","animator:Defend","animator:Alexander","animator:GuildGirl","animator:Gillette","animator:Berserker","animator:Saber"],"relics":["animator:LivingPicture","animator:TheMissingPiece","animator:PurgingStone"],"acts_visited":["Exordium"],"potions_floor_usage":[6],"damage_taken":[{"damage":5.0,"enemies":"2 Louse","floor":1.0,"turns":4.0},{"damage":7.0,"enemies":"Small Slimes","floor":4.0,"turns":3.0},{"damage":5.0,"enemies":"Cultist","floor":5.0,"turns":3.0},{"damage":32,"enemies":"Lagavulin","floor":6,"turns":5}],"seed_played":"-3610635774067226593","potions_obtained":[{"floor":1.0,"key":"LiquidBronze"}],"is_trial":false,"path_per_floor":["M","?","$","M","M","E"],"character_chosen":"THE_ANIMATOR","items_purchased":["animator:Gillette"],"campfire_rested":0,"item_purchase_floors":[3],"current_hp_per_floor":[49,38,38,31,27,0,0],"gold":208,"neow_bonus":"REMOVE_CARD","is_daily":false,"chose_seed":false,"campfire_upgraded":0,"win_rate":0.0,"timestamp":1610181153,"path_taken":["M","?","$","M","M","E"],"items_purchased_type":["Card"],"build_version":"2020-12-22","purchased_purges":0,"victory":false,"max_hp_per_floor":[60,60,60,60,61,61,61],"relic_stats":{"counters":[4,15],"obtain_stats":[{"animator:PurgingStone":0,"animator:TheMissingPiece":0,"animator:LivingPicture":0},{"animator:PurgingStone":0,"animator:TheMissingPiece":0,"animator:LivingPicture":0},{"animator:PurgingStone":0,"animator:TheMissingPiece":0,"animator:LivingPicture":0}]},"card_choices":[{"not_picked":["animator:Evileye","animator:Azekura"],"picked":"animator:GuildGirl","floor":1.0},{"not_picked":["animator:MetalKnight","animator:GuildGirl"],"picked":"animator:Berserker","floor":4.0},{"not_picked":["animator:ChaikaBohdan","animator:Verdia"],"picked":"animator:Saber","floor":5.0}],"player_experience":811661,"relics_obtained":[],"event_choices":[{"damage_healed":0.0,"max_hp_gain":0.0,"max_hp_loss":0.0,"gold_gain":75.0,"event_name":"betterThird:BetterGoop","player_choice":"Gold","floor":2.0,"gold_loss":0.0,"damage_taken":11.0}],"is_beta":false,"boss_relics":[],"items_purged_floors":[],"is_endless":false,"potions_floor_spawned":[1],"killed_by":"Lagavulin","ascension_level":17}}