{"host":"0tiuc76yumknr6qf","time":1610231155,"event":{"mods":["BaseMod","Colored Map","Highlight Path","Minty Spire (QoL Compilation)","StSLib"],"gold_per_floor":[112,131,56,67,67,67,79,109,109,122,145,145,160,195,195,272,272,232,250,250,250,250,250,275,187,234,264,280,296,296,316,316,316,316],"floor_reached":33,"playtime":2184,"items_purged":[],"score":694,"play_id":"8dbee030-24e3-4955-8f5f-7272b0d96e89","local_time":"20210109162555","is_ascension_mode":true,"campfire_choices":[{"data":"Cloak And Dagger","floor":6,"key":"SMITH"},{"data":"Neutralize","floor":12,"key":"SMITH"},{"data":"Underhanded Strike","floor":15,"key":"SMITH"},{"floor":23,"key":"REST"},{"data":"Dash","floor":30,"key":"SMITH"},{"floor":32,"key":"REST"}],"circlet_count":0,"master_deck":["AscendersBane","Strike_G","Defend_G","Defend_G","Defend_G","Defend_G","Defend_G","Survivor","Neutralize+1","Underhanded Strike+1","Masterful Stab","Cloak And Dagger+1","Dagger Throw","Flying Knee","After Image","Reflex","Well Laid Plans","Necronomicurse","Footwork+1","Dagger Throw","PiercingWail","Dash+1","Blade Dance","Terror"],"relics":["Busted Crown","Bronze Scales","Meat on the Bone","Ancient Tea Set","Peace Pipe","SacredBark","Necronomicon","Darkstone Periapt","Toy Ornithopter","Strawberry"],"acts_visited":["Exordium","TheCity"],"potions_floor_usage":[10,14,16,24,29,33],"damage_taken":[{"damage":2,"enemies":"Jaw Worm","floor":1,"turns":4},{"damage":0,"enemies":"Small Slimes","floor":2,"turns":4},{"damage":1,"enemies":"Cultist","floor":4,"turns":4},{"damage":12,"enemies":"Exordium Thugs","floor":7,"turns":5},{"damage":27,"enemies":"3 Sentries","floor":8,"turns":12},{"damage":0,"enemies":"3 Louse","floor":10,"turns":2},{"damage":0,"enemies":"2 Fungi Beasts","floor":13,"turns":3},{"damage":6,"enemies":"Gremlin Nob","floor":14,"turns":3},{"damage":0,"enemies":"Hexaghost","floor":16,"turns":9},{"damage":15,"enemies":"2 Thieves","floor":18,"turns":5},{"damage":4,"enemies":"3 Byrds","floor":19,"turns":4},{"damage":12,"enemies":"Gremlin Leader","floor":24,"turns":10},{"damage":33,"enemies":"Slavers","floor":27,"turns":7},{"damage":18,"enemies":"Snecko","floor":28,"turns":5},{"damage":18,"enemies":"Shelled Parasite and Fungi","floor":29,"turns":3},{"damage":9,"enemies":"Chosen and Byrds","floor":31,"turns":3},{"damage":71,"enemies":"Collector","floor":33,"turns":14}],"seed_played":"-8182161770088751646","potions_obtained":[{"floor":2,"key":"Block Potion"},{"floor":8,"key":"SteroidPotion"},{"floor":14,"key":"LiquidBronze"},{"floor":19,"key":"CunningPotion"},{"floor":28,"key":"Strength Potion"},{"floor":31,"key":"Energy Potion"}],"is_trial":false,"path_per_floor":["M","M","?","M","?","R","M","E","T","M","T","R","M","E","R","B",null,"M","M","?","?","?","R","E","$","T","E","M","M","R","M","R","B"],"character_chosen":"THE_SILENT","items_purchased":["Dash"],"campfire_rested":2,"item_purchase_floors":[25],"current_hp_per_floor":[57,57,57,56,56,56,44,17,17,29,29,29,41,35,35,35,58,43,39,18,18,18,37,37,37,37,23,17,16,16,19,40,0,0],"gold":316,"neow_bonus":"BOSS_RELIC","is_daily":false,"chose_seed":false,"campfire_upgraded":4,"win_rate":0.0,"timestamp":1610231155,"path_taken":["M","M","?","M","?","R","M","E","T","?","?","R","M","E","R","BOSS","M","M","?","?","?","R","E","$","T","E","M","?","R","M","R","BOSS"],"items_purchased_type":["Card"],"build_version":"2020-12-22","purchased_purges":0,"victory":false,"max_hp_per_floor":[66,66,66,66,66,66,66,66,66,66,66,66,66,66,66,66,66,66,66,66,66,66,66,66,66,66,73,73,73,73,73,73,73,73],"card_choices":[{"not_picked":[],"picked":"Underhanded Strike","floor":1},{"not_picked":[],"picked":"Masterful Stab","floor":2},{"not_picked":[],"picked":"Cloak And Dagger","floor":4},{"not_picked":[],"picked":"Dagger Throw","floor":7},{"not_picked":[],"picked":"Flying Knee","floor":8},{"not_picked":["Outmaneuver"],"picked":"SKIP","floor":10},{"not_picked":["Outmaneuver"],"picked":"SKIP","floor":13},{"not_picked":["Underhanded Strike"],"picked":"SKIP","floor":14},{"not_picked":[],"picked":"After Image","floor":16},{"not_picked":[],"picked":"Reflex","floor":18},{"not_picked":[],"picked":"Well Laid Plans","floor":19},{"not_picked":[],"picked":"PiercingWail","floor":24},{"not_picked":["Masterful Stab"],"picked":"SKIP","floor":27},{"not_picked":[],"picked":"Blade Dance","floor":28},{"not_picked":["Finisher"],"picked":"SKIP","floor":29},{"not_picked":[],"picked":"Terror","floor":31}],"player_experience":1821798,"relics_obtained":[{"floor":8,"key":"Bronze Scales"},{"floor":9,"key":"Meat on the Bone"},{"floor":11,"key":"Ancient Tea Set"},{"floor":14,"key":"Peace Pipe"},{"floor":20,"key":"Necronomicon"},{"floor":24,"key":"Darkstone Periapt"},{"floor":26,"key":"Toy Ornithopter"},{"floor":27,"key":"Strawberry"}],"event_choices":[{"cards_removed":["Strike_G"],"damage_healed":0,"gold_gain":0,"player_choice":"Card Removal","damage_taken":0,"max_hp_gain":0,"max_hp_loss":0,"event_name":"The Cleric","floor":3,"gold_loss":75},{"cards_removed":["Strike_G"],"damage_healed":0,"gold_gain":0,"player_choice":"Card Removal","damage_taken":0,"max_hp_gain":0,"max_hp_loss":0,"event_name":"Wheel of Change","floor":5,"gold_loss":0},{"damage_healed":0,"gold_gain":0,"player_choice":"Obtained Book","damage_taken":21,"max_hp_gain":0,"max_hp_loss":0,"event_name":"Cursed Tome","floor":20,"gold_loss":0},{"damage_healed":0,"gold_gain":0,"cards_transformed":["Strike_G","Strike_G"],"player_choice":"Became Test Subject","damage_taken":0,"max_hp_gain":0,"max_hp_loss":0,"event_name":"Drug Dealer","floor":21,"gold_loss":0,"cards_obtained":["Footwork","Dagger Throw"]},{"damage_healed":0,"gold_gain":0,"player_choice":"Forge","damage_taken":0,"max_hp_gain":0,"max_hp_loss":0,"event_name":"Accursed Blacksmith","floor":22,"gold_loss":0,"cards_upgraded":["Footwork"]}],"is_beta":false,"boss_relics":[{"not_picked":["Empty Cage","Runic Dome"],"picked":"SacredBark"}],"items_purged_floors":[],"is_endless":false,"potions_floor_spawned":[2,8,14,19,28,31],"killed_by":"Collector","ascension_level":20}}