{"host":"fnk117zi8wf5078t","time":1610196446,"event":{"mods":["AchievementEnabler","BaseMod","Colored Map","Minty Spire (QoL Compilation)","Rare Cards Sparkle","SuperFastMode","everything is the same but u backflip on backflip"],"gold_per_floor":[109,128,185,185,22,22,49,49,95,108,33,48,58,58,58,58,58],"floor_reached":16,"playtime":413,"items_purged":["Strike_R"],"score":190,"play_id":"1d4bc052-f4ba-4af8-bad7-86466607c80a","local_time":"20210109214726","is_ascension_mode":true,"campfire_choices":[{"data":"Entrench","floor":6,"key":"SMITH"},{"floor":8,"key":"REST"},{"floor":15,"key":"REST"}],"circlet_count":0,"master_deck":["AscendersBane","Strike_R","Strike_R","Defend_R","Defend_R","Defend_R","Defend_R","Bash","Clothesline","Entrench+1","Reaper","Juggernaut","Bloodletting","Body Slam","Evolve"],"relics":["Burning Blood","Orichalcum","Potion Belt"],"acts_visited":["Exordium"],"potions_floor_usage":[7,12],"damage_taken":[{"damage":5.0,"enemies":"Small Slimes","floor":1.0,"turns":5.0},{"damage":13.0,"enemies":"Jaw Worm","floor":2.0,"turns":5.0},{"damage":48,"enemies":"Gremlin Nob","floor":7,"turns":5},{"damage":5,"enemies":"Cultist","floor":10,"turns":4},{"damage":38,"enemies":"Gremlin Gang","floor":12,"turns":6},{"damage":21,"enemies":"Red Slaver","floor":13,"turns":4},{"damage":47,"enemies":"Slime Boss","floor":16,"turns":6}],"seed_played":"-6432840677624219941","potions_obtained":[{"floor":2.0,"key":"GamblersBrew"},{"floor":7,"key":"DistilledChaos"},{"floor":13,"key":"DuplicationPotion"}],"is_trial":false,"path_per_floor":["M","M","?","?","$","R","E","R","T","M","$","M","M","$","R","B"],"character_chosen":"IRONCLAD","items_purchased":["Reaper"],"campfire_rested":2,"item_purchase_floors":[5],"current_hp_per_floor":[51,44,44,49,49,49,7,31,31,36,36,20,11,11,35,0,0],"gold":58,"neow_bonus":"REMOVE_TWO","is_daily":false,"chose_seed":false,"campfire_upgraded":1,"win_rate":0.0,"timestamp":1610196446,"path_taken":["M","M","?","?","$","R","E","R","T","M","?","?","?","$","R","BOSS"],"items_purchased_type":["Card"],"build_version":"2020-12-22","purchased_purges":1,"victory":false,"max_hp_per_floor":[75,75,75,80,80,80,80,80,80,80,80,80,80,80,80,80,80],"card_choices":[{"not_picked":["Havoc","Clash"],"picked":"Clothesline","floor":1.0},{"not_picked":["Anger","Thunderclap"],"picked":"Entrench","floor":2.0},{"not_picked":["Rupture","Cleave"],"picked":"Juggernaut","floor":7},{"not_picked":["Combust","Thunderclap"],"picked":"Bloodletting","floor":10},{"not_picked":["Feel No Pain","Flex"],"picked":"Body Slam","floor":12},{"not_picked":["Iron Wave","Wild Strike"],"picked":"Evolve","floor":13}],"player_experience":362037,"relics_obtained":[{"floor":7,"key":"Orichalcum"},{"floor":9,"key":"Potion Belt"}],"event_choices":[{"damage_healed":0.0,"max_hp_gain":0.0,"max_hp_loss":0.0,"gold_gain":57.0,"event_name":"Golden Wing","player_choice":"Gained Gold","floor":3.0,"gold_loss":0.0,"damage_taken":0.0},{"damage_healed":0.0,"max_hp_gain":5.0,"max_hp_loss":0.0,"gold_gain":0.0,"event_name":"Big Fish","player_choice":"Donut","floor":4.0,"gold_loss":0.0,"damage_taken":0.0}],"is_beta":false,"boss_relics":[],"items_purged_floors":[11],"is_endless":false,"potions_floor_spawned":[2,7,13],"killed_by":"Slime Boss","ascension_level":18}}