{"host":"474oh00kq6ni8dn3","time":1610209400,"event":{"mods":["AchievementEnabler","Aspiration","BaseMod","Bestiary","Colored Map","Colored Powertips","Conspire","Custom Start","Defuse TimeMaze Blight","Downfall","Duelist Mod","GifTheSpireLib","Googly Eyes","GungeonMod","Halation","Hubris","Infinite Spire","Jedi Mod","Minty Spire (QoL Compilation)","Permanent Neow","Quick Restart","Random Character Button","Replay The Spire","Shop Mod","StSLib","Stuff the Spire","The Construct","The Factory","The Jungle","Trackpad","Unceasing Turn Reminder","vexMod"],"gold_per_floor":[139,151,151,171,3,35,52,52,76,107,135,135,135,135,135,235,235,251,261,261,280,296,331,357,383,406,459,459,459,459,480,480,588,588,608,636,561,561,588,633,674,674,674,674,727,763,791,818,818,830,830,830,417,466,476,476],"floor_reached":55,"playtime":3037,"items_purged":["hubris:Envy"],"score":749,"play_id":"7dbcf446-cf99-4f91-b352-02e858daa1ff","local_time":"20210109162320","is_ascension_mode":false,"campfire_choices":[{"data":"theDuelist:UncommonAttackMetronome","floor":12.0,"key":"SMITH"},{"data":"theDuelist:Metronome","floor":15.0,"key":"SMITH"},{"floor":28.0,"key":"RECALL"},{"floor":30.0,"key":"REST"},{"floor":32.0,"key":"REST"},{"data":"theDuelist:YamiForm","floor":42.0,"key":"SMITH"},{"floor":44.0,"key":"REST"},{"floor":49.0,"key":"REST"},{"floor":52,"key":"REST"}],"circlet_count":0,"master_deck":["theDuelist:SkillMetronome+1","theDuelist:AttackMetronome+1","theDuelist:ArcaneMetronome+1","theDuelist:Metronome+1","theDuelist:BlockMetronome+1","theDuelist:OrbMetronome+1","expansioncontent:DashGenerateEvil+1","theDuelist:AlphaMagnet+1","theDuelist:RareBlockMetronome+1","theDuelist:YamiForm+1","theDuelist:BlockMetronome+1","theDuelist:ValkMagnet+1","theDuelist:UncommonAttackMetronome","theDuelist:MagnetMetronome+1","theDuelist:AttackMetronome+1","theDuelist:TrapMetronome+1","theDuelist:MachineMonsterMetronome+1","theDuelist:UndeadMetronome+1","theDuelist:BlockMetronome+1","theDuelist:GammaMagnet+1","theDuelist:UncommonAttackMetronome+1","theDuelist:BetaMagnet+1","theDuelist:RareAttackMetronome+1","theDuelist:PowerMetronome+1","theDuelist:RareBlockMetronome+1","theDuelist:RockMetronome+1","theDuelist:RareSpireMetronome+1","theDuelist:RareMetronome+1","theDuelist:AttackMetronome+1","theDuelist:SkillMetronome+1","theDuelist:AttackMetronome+1","theDuelist:LegendBlueEyesMetronome+1"],"relics":["theDuelist:MillenniumPuzzle","MerchantsRug","theDuelist:MetronomeRelicB","Toxic Egg 2","conspire:SpecialSausage","Toy Ornithopter","aspiration:FutureDiary","Replay:Bandana","infinitespire:Beetle Shell","jedi:cryingmask","theJungle:WildStrawberry","Busted Crown","halation:KoshaPiece","hubris:ToyBattleship","trackpad:CultistFigurine","theDuelist:MetronomeRelicC","infinitespire:Lucky Rock","Blue Doll"],"acts_visited":["Exordium","Exordium","TheBeyond","TheEnding"],"potions_floor_usage":[55,55,55,55,55],"damage_taken":[{"damage":0.0,"enemies":"2 Louse","floor":1.0,"turns":2.0},{"damage":0.0,"enemies":"Small Slimes","floor":2.0,"turns":4.0},{"damage":1.0,"enemies":"Cultist","floor":4.0,"turns":3.0},{"damage":20.0,"enemies":"Lagavulin","floor":6.0,"turns":5.0},{"damage":5.0,"enemies":"2 Fungi Beasts","floor":7.0,"turns":2.0},{"damage":0.0,"enemies":"3 Sentries","floor":11.0,"turns":5.0},{"damage":0.0,"enemies":"Slime Boss","floor":16.0,"turns":4.0},{"damage":0.0,"enemies":"theJungle:GiantWrat","floor":18.0,"turns":2.0},{"damage":0.0,"enemies":"theJungle:5_Spyders","floor":19.0,"turns":5.0},{"damage":2.0,"enemies":"theJungle:JungleHuntersEncounter","floor":21.0,"turns":8.0},{"damage":0.0,"enemies":"Snake Plant","floor":22.0,"turns":4.0},{"damage":0.0,"enemies":"theJungle:2_Phrogs","floor":23.0,"turns":6.0},{"damage":0.0,"enemies":"theJungle:Lyon","floor":24.0,"turns":1.0},{"damage":6.0,"enemies":"theJungle:JungleHuntersEncounter","floor":25.0,"turns":4.0},{"damage":0.0,"enemies":"theJungle:MamaSnecko","floor":27.0,"turns":6.0},{"damage":18.0,"enemies":"theJungle:2_Flameangoes","floor":31.0,"turns":6.0},{"damage":12.0,"enemies":"theJungle:QueenSpyder","floor":33.0,"turns":8.0},{"damage":16.0,"enemies":"Orb Walker","floor":35.0,"turns":3.0},{"damage":20.0,"enemies":"3 Shapes","floor":36.0,"turns":4.0},{"damage":0.0,"enemies":"3 Darklings","floor":39.0,"turns":2.0},{"damage":17.0,"enemies":"Reptomancer","floor":40.0,"turns":7.0},{"damage":0.0,"enemies":"Transient","floor":41.0,"turns":5.0},{"damage":12.0,"enemies":"Writhing Mass","floor":46.0,"turns":4.0},{"damage":7.0,"enemies":"Sphere and 2 Shapes","floor":47.0,"turns":7.0},{"damage":18,"enemies":"Replay:Hell Engine","floor":50,"turns":12},{"damage":8,"enemies":"Shield and Spear","floor":54,"turns":4},{"damage":82,"enemies":"The Heart","floor":55,"turns":6}],"seed_played":"7994829994607849279","potions_obtained":[{"floor":6.0,"key":"theDuelist:BurningPotion"},{"floor":7.0,"key":"Strength Potion"},{"floor":16.0,"key":"Toxic Potion"},{"floor":19.0,"key":"SteroidPotion"},{"floor":22.0,"key":"SteroidPotion"},{"floor":24.0,"key":"theDuelist:LavaBottle"},{"floor":39.0,"key":"theDuelist:VampireVial"},{"floor":41.0,"key":"theDuelist:BurningPotion"}],"is_trial":false,"path_per_floor":["M","M","?","M","$","E","M","?","T","$","E","R","?","?","R","B",null,"M","M","AVR","M","M","E","M","M","T","E","R","?","R","M","R","B",null,"M","M","$","?","M","E","M","R","T","R","T","M","M","T","R","B",null,"R","$","E","B"],"character_chosen":"THE_DUELIST","items_purchased":["MerchantsRug","theDuelist:MagnetRelic","theDuelist:RareMetronome","theDuelist:MetronomeRelicB","theDuelist:MetronomeRelicC","infinitespire:Lucky Rock","theDuelist:UncommonAttackMetronome","theDuelist:BurningPotion"],"campfire_rested":5,"item_purchase_floors":[5,5,5,10,53,53,53,53],"current_hp_per_floor":[80,80,73,72,70,50,45,45,45,45,53,53,53,53,53,53,70,70,70,70,68,68,68,68,62,62,62,62,55,77,59,77,65,77,61,41,41,77,77,60,60,60,60,77,77,65,58,58,77,59,77,77,77,69,0,0],"gold":476,"neow_bonus":"RANDOM_COLORLESS_2","is_daily":false,"chose_seed":false,"campfire_upgraded":3,"win_rate":0.0,"timestamp":1610209400,"path_taken":["M","M","?","M","$","E","M","?","T","$","E","R","?","?","R","BOSS","M","M","AVR","?","M","E","M","M","T","E","R","?","R","M","R","BOSS","M","M","$","?","?","E","M","R","T","R","?","?","M","?","R","BOSS","R","$","E","BOSS"],"items_purchased_type":["Relic","Relic","Card","Relic","Relic","Relic","Card","Potion"],"build_version":"2020-12-22","purchased_purges":1,"victory":false,"max_hp_per_floor":[80,80,80,80,70,70,70,70,70,70,70,70,70,70,70,70,70,70,70,70,70,70,70,70,70,70,70,70,77,77,77,77,77,77,77,77,77,77,77,77,77,77,77,77,77,77,77,77,77,77,77,77,77,77,77,77],"card_choices":[{"not_picked":["StuffTheSpire:Recharge","ReplayTheSpireMod:Necrogeddon"],"picked":"expansioncontent:DashGenerateEvil","floor":0.0},{"not_picked":["theDuelist:DestroyerGolem","theDuelist:FuryFire","theDuelist:BlackPendant","theDuelist:WeepingIdol","theDuelist:Jinzo"],"picked":"SKIP","floor":1.0},{"not_picked":["theDuelist:EarthquakeGiant","theDuelist:AttackTheMoon","theDuelist:BigKoala","theDuelist:GreyGreedOni","theDuelist:WeepingIdol"],"picked":"SKIP","floor":2.0},{"not_picked":["theDuelist:UndeadMetronome","theDuelist:SpiderMetronome","theDuelist:PredaplantMetronome","theDuelist:CommonSpireMetronome"],"picked":"theDuelist:MagnetMetronome","floor":4.0},{"not_picked":["theDuelist:UncommonSpireMetronome","theDuelist:PotMetronome","theDuelist:MayakashiMetronome","theDuelist:MachineMonsterMetronome"],"picked":"theDuelist:RareBlockMetronome","floor":6.0},{"not_picked":["theDuelist:WyrmMetronome","theDuelist:RecklessMetronome","theDuelist:MonsterMetronome","theDuelist:GemKnightMetronome"],"picked":"theDuelist:UndeadMetronome","floor":7.0},{"not_picked":["theDuelist:SpellcasterMetronome+1","theDuelist:NaturiaMetronome+1","theDuelist:DeskbotMetronome+1","theDuelist:AncientMetronome+1"],"picked":"theDuelist:RockMetronome+1","floor":11.0},{"not_picked":["theDuelist:DinosaurMetronome+1","theDuelist:CyberMetronome+1","theDuelist:AttackTrapMetronome+1","theDuelist:ArcaneMetronome+1"],"picked":"theDuelist:RareSpireMetronome+1","floor":18.0},{"not_picked":["theDuelist:EvilswarmHeliotrope","theDuelist:MillenniumGolem","theDuelist:BlackPendant+1","theDuelist:DestructPotion+1","theDuelist:PurplePainOni+1"],"picked":"SKIP","floor":19.0},{"not_picked":["theDuelist:BattleguardKing","theDuelist:DestroyerGolem","theDuelist:AttackTheMoon+1","theDuelist:SolemnStrike","theDuelist:WormWarlord"],"picked":"SKIP","floor":21.0},{"not_picked":["theDuelist:GaiaMidNightSun","theDuelist:GauntletWarrior","theDuelist:Sangan","theDuelist:ForbiddenLance","theDuelist:SolemnStrike"],"picked":"SKIP","floor":22.0},{"not_picked":["theDuelist:BigFire","theDuelist:DestroyerGolem","theDuelist:GauntletWarrior","theDuelist:FuryFire","theDuelist:GaiaMidNightSun"],"picked":"SKIP","floor":23.0},{"not_picked":["theDuelist:EvilswarmHeliotrope","theDuelist:AttackTheMoon","theDuelist:DarkFactory+1","theDuelist:RedHeadedOni+1","theDuelist:GauntletWarrior+1"],"picked":"SKIP","floor":24.0},{"not_picked":["theDuelist:UncommonAttackMetronome+1","theDuelist:OverflowMetronome+1","theDuelist:NaturiaMetronome+1","theDuelist:DinosaurMetronome+1"],"picked":"theDuelist:RareBlockMetronome+1","floor":25.0},{"not_picked":["theDuelist:SuperheavyMetronome+1","theDuelist:MonsterMetronome+1","theDuelist:GhostrickMetronome+1","theDuelist:GemKnightMetronome+1"],"picked":"theDuelist:MachineMonsterMetronome+1","floor":27.0},{"not_picked":["theDuelist:EvilswarmHeliotrope","theDuelist:GauntletWarrior","theDuelist:FeatherPho+1","theDuelist:GiantSoldierSteel+1","theDuelist:BattleOx"],"picked":"SKIP","floor":31.0},{"not_picked":["theDuelist:WormKing","theDuelist:MagicHoleGolem+1","theDuelist:Raigeki","theDuelist:SolemnStrike"],"picked":"theDuelist:YamiForm","floor":33.0},{"not_picked":["theDuelist:FuryFire+1","theDuelist:BigEye+1","theDuelist:HaneHane+1"],"picked":"SKIP","floor":35.0},{"not_picked":["theDuelist:DestructPotion+1"],"picked":"SKIP","floor":36.0},{"not_picked":["theDuelist:WormWarlord+1"],"picked":"SKIP","floor":39.0},{"not_picked":["theDuelist:WormKing"],"picked":"SKIP","floor":40.0},{"not_picked":[],"picked":"theDuelist:RareAttackMetronome+1","floor":41.0},{"not_picked":[],"picked":"theDuelist:ArcaneMetronome+1","floor":46.0},{"not_picked":[],"picked":"theDuelist:OrbMetronome+1","floor":47.0},{"not_picked":[],"picked":"theDuelist:LegendBlueEyesMetronome+1","floor":54}],"player_experience":101492,"relics_obtained":[{"floor":6.0,"key":"StuffTheSpire:OldFever"},{"floor":9.0,"key":"Potion Belt"},{"floor":11.0,"key":"Toxic Egg 2"},{"floor":23.0,"key":"Replay:Bandana"},{"floor":26.0,"key":"infinitespire:Beetle Shell"},{"floor":27.0,"key":"jedi:cryingmask"},{"floor":40.0,"key":"halation:KoshaPiece"},{"floor":45.0,"key":"hubris:ToyBattleship"},{"floor":48.0,"key":"trackpad:CultistFigurine"},{"floor":54,"key":"Blue Doll"}],"event_choices":[{"damage_healed":0.0,"max_hp_gain":0.0,"max_hp_loss":0.0,"gold_gain":0.0,"event_name":"Scrap Ooze","player_choice":"Success","floor":3.0,"gold_loss":0.0,"damage_taken":7.0,"relics_obtained":["jedi:arcanewood"]},{"total_magic_score":52.0,"gold_gain":0.0,"duelist":true,"damage_taken":0.0,"relics_obtained":[],"points":17.0,"max_hp_gain":0.0,"max_hp_loss":0.0,"spent_points":{"magic":4.0,"greed":0.0,"war":0.0,"power":4.0,"hunger":4.0},"event_name":"Nameless Tomb","floor":13.0,"gold_loss":0.0,"cards_obtained":[]},{"damage_healed":0.0,"max_hp_gain":0.0,"max_hp_loss":0.0,"gold_gain":0.0,"event_name":"Upgrade Shrine","player_choice":"Upgraded","floor":14.0,"gold_loss":0.0,"damage_taken":0.0,"cards_upgraded":["theDuelist:Metronome"]},{"damage_healed":36.0,"max_hp_gain":0.0,"max_hp_loss":0.0,"gold_gain":0.0,"event_name":"Wheel of Change","player_choice":"Full Heal","floor":38.0,"gold_loss":0.0,"damage_taken":0.0}],"is_beta":false,"boss_relics":[{"not_picked":["Honey Jar","infinitespire:Burning Sword"],"picked":"conspire:SpecialSausage"},{"not_picked":["aspiration:WatcherSkillbook","Ring of Chaos"],"picked":"Busted Crown"}],"items_purged_floors":[37],"is_endless":false,"potions_floor_spawned":[6,7,16,19,22,24,25,27,33,35,39,41,47],"killed_by":"The Heart","ascension_level":0}}