{"host":"vhvm1b4sel61ztfv","time":1610187135,"event":{"mods":["BaseMod","BetterRewards","Displayed Cursed Tome","Minty Spire (QoL Compilation)","Replay The Spire","StSLib"],"gold_per_floor":[141,141,192,225,5,110,185,272,272,371,461,71,131,215,215],"floor_reached":14,"playtime":767,"items_purged":[],"score":504,"play_id":"8b9a672f-dac0-4c3e-bd4b-fc1669ca69a8","local_time":"20210109051215","daily_mods":["Draft","Vintage","Heirloom","Time Dilation","Flight","DeadlyEvents","Elite Swarm","Lethality","Midas"],"is_ascension_mode":true,"campfire_choices":[],"circlet_count":0,"master_deck":["AscendersBane","Cold Snap","Go for the Eyes","Compile Driver","ReplayTheSpireMod:Calculation Training+1","Streamline","Gash","Chill","Coolheaded","Cold Snap","Conserve Battery","Redo+1","Ball Lightning","Time Bomb","ReplayTheSpireMod:Repulse","Beam Cell","Static Discharge","Juggernaut","Echo Form","Static Discharge"],"relics":["FossilizedHelix","Iron Core","Vajra","TungstenRod","Bronze Scales","Replay:Bottled Flurry","Omamori","War Paint","Pantograph","Akabeko","ReplayTheSpireMod:Ninjato","Mercury Hourglass","DollysMirror","DataDisk","MawBank"],"acts_visited":["Exordium"],"potions_floor_usage":[],"damage_taken":[{"damage":0,"enemies":"Cultist","floor":1,"turns":2},{"damage":0,"enemies":"Jaw Worm","floor":3,"turns":2},{"damage":0,"enemies":"2 Louse","floor":4,"turns":1},{"damage":0,"enemies":"Lagavulin","floor":6,"turns":3},{"damage":0,"enemies":"Gremlin Nob","floor":7,"turns":3},{"damage":0,"enemies":"Lagavulin","floor":8,"turns":3},{"damage":0,"enemies":"Gremlin Nob","floor":10,"turns":2},{"damage":0,"enemies":"3 Sentries","floor":11,"turns":3},{"damage":0,"enemies":"Large Slime","floor":13,"turns":2},{"damage":0,"enemies":"Lagavulin","floor":14,"turns":3}],"seed_played":"6332848715839234884","potions_obtained":[{"floor":3,"key":"Reflective Coating"},{"floor":6,"key":"BlessingOfTheForge"},{"floor":11,"key":"PotionOfCapacity"}],"is_trial":true,"path_per_floor":["M","?","M","M","$","E","E","E","T","E","E","$","M","E"],"character_chosen":"DEFECT","items_purchased":["Bronze Scales","Static Discharge","Mercury Hourglass","DollysMirror"],"campfire_rested":0,"item_purchase_floors":[5,5,12,12],"current_hp_per_floor":[64,64,64,64,64,64,64,64,64,64,64,64,64,64,64],"gold":215,"neow_bonus":"","is_daily":false,"chose_seed":false,"campfire_upgraded":0,"win_rate":0.0,"timestamp":1610187135,"path_taken":["M","?","M","M","$","E","E","E","T","E","E","$","M","E"],"items_purchased_type":["Relic","Card","Relic","Relic"],"build_version":"2020-12-22","purchased_purges":0,"victory":false,"max_hp_per_floor":[71,71,71,71,71,71,71,71,71,71,71,71,71,71,71],"card_choices":[{"not_picked":["FTL","Streamline"],"picked":"Cold Snap","floor":0},{"not_picked":["BasicCrystalCard","Hologram"],"picked":"Go for the Eyes","floor":0},{"not_picked":["Redo","Turbo"],"picked":"Compile Driver","floor":0},{"not_picked":["Recycle","Force Field"],"picked":"ReplayTheSpireMod:Calculation Training","floor":0},{"not_picked":["Compile Driver","Time Bomb"],"picked":"Streamline","floor":0},{"not_picked":["Stack","Streamline"],"picked":"Gash","floor":0},{"not_picked":["Streamline","Loop"],"picked":"Chill","floor":0},{"not_picked":["Double Energy","Gash"],"picked":"Coolheaded","floor":0},{"not_picked":["Rebound","Steam"],"picked":"Cold Snap","floor":0},{"not_picked":["Cold Snap","Beam Cell"],"picked":"Conserve Battery","floor":0},{"not_picked":["Skim","BasicCrystalCard"],"picked":"Redo","floor":0},{"not_picked":["Rip and Tear","ReplayTheSpireMod:Calculation Training"],"picked":"Ball Lightning","floor":0},{"not_picked":["Go for the Eyes","Turbo"],"picked":"Time Bomb","floor":0},{"not_picked":["ReplayTheSpireMod:GoodbyeWorld","Streamline"],"picked":"ReplayTheSpireMod:Repulse","floor":0},{"not_picked":["Time Bomb","Crystallizer"],"picked":"Beam Cell","floor":0},{"not_picked":["ReplayTheSpireMod:Fabricate Wheel","Limit Break"],"picked":"Juggernaut","floor":6},{"not_picked":["Seek","ReplayTheSpireMod:Fabricate Wheel"],"picked":"Echo Form","floor":7},{"not_picked":["ReplayRNGCard","Double Tap","Juggernaut"],"picked":"SKIP","floor":8},{"not_picked":["Multi-Cast","Core Surge","Reboot"],"picked":"SKIP","floor":10},{"not_picked":["Reboot","Reaper","Firewall"],"picked":"SKIP","floor":11},{"not_picked":["Machine Learning","Thunder Strike","Echo Form"],"picked":"SKIP","floor":14}],"player_experience":127844,"relics_obtained":[{"floor":3,"key":"Vajra"},{"floor":4,"key":"TungstenRod"},{"floor":6,"key":"Replay:Bottled Flurry"},{"floor":7,"key":"Omamori"},{"floor":8,"key":"War Paint"},{"floor":9,"key":"Pantograph"},{"floor":10,"key":"Akabeko"},{"floor":11,"key":"ReplayTheSpireMod:Ninjato"},{"floor":13,"key":"DataDisk"},{"floor":14,"key":"MawBank"}],"event_choices":[],"is_beta":false,"boss_relics":[],"items_purged_floors":[],"is_endless":false,"potions_floor_spawned":[3,6,7,11,13,14],"killed_by":"Lagavulin","ascension_level":15}}