{"host":"yptvp0rjza9g9li7","time":1610211773,"event":{"mods":["AchievementEnabler","BaseMod","Colored Map","Colored Powertips","DeckTracker","Minty Spire (QoL Compilation)","SuperFastMode"],"gold_per_floor":[118,118,118,131,143,143,177,177,177,25,43,56,73,73,73,175,175,193,193,292,93,104,123,23,41,64,81,114,114,129,164,164,266,266,284,85,99,15,31,64,64,79,103,103,119,35,50,66,66,66,66,66,16,46,46,46],"floor_reached":55,"playtime":2319,"items_purged":["Pain","Strike_R","Strike_R","Reckless Charge+1","Parasite"],"score":718,"play_id":"b7fb0ac9-e7f2-443d-823f-1e6a7e45fd26","local_time":"20210110020253","is_ascension_mode":false,"campfire_choices":[{"data":"Blood for Blood","floor":6.0,"key":"SMITH"},{"data":"Brutality","floor":15.0,"key":"SMITH"},{"data":"Burning Pact","floor":29.0,"key":"SMITH"},{"data":"Battle Trance","floor":32.0,"key":"SMITH"},{"floor":44.0,"key":"REST"},{"floor":49.0,"key":"RECALL"},{"data":"Exhume","floor":52.0,"key":"SMITH"}],"circlet_count":0,"master_deck":["Strike_R","Defend_R","Defend_R+1","Bash","Blood for Blood+1","Brutality+1","Headbutt+1","Dropkick","Combust+1","Battle Trance+1","Hemokinesis","Sword Boomerang+1","Necronomicurse","Shrug It Off","Infernal Blade+1","Burning Pact+1","Sentinel+1","Flame Barrier+1","Immolate","Exhume+1","Ghostly Armor+1","Clothesline+1","Searing Blow","Dark Embrace+1","Seeing Red+1","True Grit","Shockwave","Corruption+1","Disarm+1"],"relics":["Burning Blood","Ginger","Bag of Marbles","Frozen Egg 2","Philosopher\u0027s Stone","Necronomicon","Vajra","Toy Ornithopter","Smiling Mask","Charon\u0027s Ashes","Astrolabe","Membership Card","MealTicket","Oddly Smooth Stone"],"acts_visited":["Exordium","TheCity","TheBeyond","TheEnding"],"potions_floor_usage":[55,55,55],"damage_taken":[{"damage":9.0,"enemies":"Cultist","floor":1.0,"turns":3.0},{"damage":9.0,"enemies":"Small Slimes","floor":4.0,"turns":4.0},{"damage":9.0,"enemies":"Jaw Worm","floor":5.0,"turns":4.0},{"damage":18.0,"enemies":"Lagavulin","floor":7.0,"turns":6.0},{"damage":10.0,"enemies":"Large Slime","floor":11.0,"turns":3.0},{"damage":11.0,"enemies":"Red Slaver","floor":12.0,"turns":4.0},{"damage":21.0,"enemies":"Looter","floor":13.0,"turns":3.0},{"damage":60.0,"enemies":"Hexaghost","floor":16.0,"turns":6.0},{"damage":29.0,"enemies":"3 Byrds","floor":18.0,"turns":3.0},{"damage":6.0,"enemies":"Chosen","floor":22.0,"turns":4.0},{"damage":0.0,"enemies":"Snake Plant","floor":23.0,"turns":1.0},{"damage":1.0,"enemies":"Snecko","floor":25.0,"turns":2.0},{"damage":6.0,"enemies":"Cultist and Chosen","floor":27.0,"turns":3.0},{"damage":4.0,"enemies":"Gremlin Leader","floor":28.0,"turns":4.0},{"damage":5.0,"enemies":"Shelled Parasite and Fungi","floor":30.0,"turns":2.0},{"damage":31.0,"enemies":"Slavers","floor":31.0,"turns":3.0},{"damage":55.0,"enemies":"Champ","floor":33.0,"turns":6.0},{"damage":2.0,"enemies":"Orb Walker","floor":35.0,"turns":1.0},{"damage":6.0,"enemies":"3 Shapes","floor":37.0,"turns":1.0},{"damage":23.0,"enemies":"3 Darklings","floor":39.0,"turns":3.0},{"damage":38.0,"enemies":"Nemesis","floor":40.0,"turns":3.0},{"damage":6.0,"enemies":"4 Shapes","floor":42.0,"turns":1.0},{"damage":12.0,"enemies":"Writhing Mass","floor":45.0,"turns":4.0},{"damage":31.0,"enemies":"Maw","floor":47.0,"turns":5.0},{"damage":18.0,"enemies":"Sphere and 2 Shapes","floor":48.0,"turns":3.0},{"damage":32.0,"enemies":"Donu and Deca","floor":50.0,"turns":5.0},{"damage":41,"enemies":"Shield and Spear","floor":54,"turns":4},{"damage":79,"enemies":"The Heart","floor":55,"turns":6}],"seed_played":"-8958892822056240773","potions_obtained":[{"floor":5.0,"key":"Block Potion"},{"floor":7.0,"key":"FearPotion"},{"floor":13.0,"key":"Regen Potion"},{"floor":27.0,"key":"SkillPotion"},{"floor":30.0,"key":"BloodPotion"},{"floor":31.0,"key":"Energy Potion"},{"floor":37.0,"key":"BlessingOfTheForge"},{"floor":42.0,"key":"Block Potion"},{"floor":45.0,"key":"SpeedPotion"},{"floor":48.0,"key":"Fire Potion"},{"floor":54,"key":"SkillPotion"}],"is_trial":false,"path_per_floor":["M","?","?","M","M","R","E","?","T","$","M","M","M","?","R","B",null,"M","?","?","$","M","M","$","M","T","M","E","R","M","E","R","B",null,"M","$","M","$","M","E","?","M","T","R","M","$","M","M","R","B",null,"R","$","E","B"],"character_chosen":"IRONCLAD","items_purchased":["Combust+1","Vajra","Shrug It Off","Membership Card","Dark Embrace+1","Shockwave","BloodPotion","Dexterity Potion"],"campfire_rested":1,"item_purchase_floors":[10,21,21,36,38,46,53,53],"current_hp_per_floor":[77,82,82,79,76,76,64,47,47,47,43,38,23,85,85,31,85,62,46,46,46,58,64,64,69,69,69,76,76,77,52,52,30,85,85,85,85,85,68,36,36,36,36,61,55,70,45,33,33,22,82,82,82,47,0,0],"gold":46,"neow_bonus":"ONE_RARE_RELIC","is_daily":false,"chose_seed":false,"campfire_upgraded":5,"win_rate":0.0,"timestamp":1610211773,"path_taken":["M","?","?","M","M","R","E","?","T","?","M","M","M","?","R","BOSS","M","?","?","?","M","M","$","M","T","M","E","R","M","E","R","BOSS","M","$","M","$","M","E","?","M","T","R","?","$","M","M","R","BOSS","R","$","E","BOSS"],"items_purchased_type":["Card","Relic","Card","Relic","Card","Card","Potion","Potion"],"build_version":"2020-12-22","purchased_purges":5,"victory":false,"max_hp_per_floor":[80,85,85,85,85,85,85,85,85,85,85,85,85,85,85,85,85,85,85,85,85,85,85,85,85,85,85,85,85,85,85,85,85,85,85,85,85,85,85,85,85,85,85,85,85,82,82,82,82,82,82,82,82,82,82,82],"card_choices":[{"not_picked":["Pommel Strike","True Grit"],"picked":"Blood for Blood","floor":1.0},{"not_picked":["Reckless Charge","Clothesline","Dropkick"],"picked":"SKIP","floor":4.0},{"not_picked":["Clash","Perfected Strike"],"picked":"Headbutt","floor":5.0},{"not_picked":["Thunderclap","Carnage"],"picked":"Dropkick","floor":7.0},{"not_picked":["Evolve+1","Headbutt"],"picked":"Whirlwind","floor":11.0},{"not_picked":["Pommel Strike","Flex"],"picked":"Battle Trance","floor":12.0},{"not_picked":["Sentinel","Heavy Blade"],"picked":"Hemokinesis","floor":13.0},{"not_picked":["Evolve+1","Havoc"],"picked":"Sword Boomerang+1","floor":18.0},{"not_picked":["True Grit","Anger"],"picked":"Infernal Blade+1","floor":22.0},{"not_picked":["Clothesline+1","Anger"],"picked":"Burning Pact","floor":23.0},{"not_picked":["Evolve+1","Feel No Pain+1"],"picked":"Sentinel+1","floor":25.0},{"not_picked":["Clothesline","Ghostly Armor"],"picked":"Flame Barrier+1","floor":27.0},{"not_picked":["Clash","Evolve+1"],"picked":"Immolate","floor":28.0},{"not_picked":["Twin Strike","Heavy Blade","Burning Pact"],"picked":"SKIP","floor":30.0},{"not_picked":["Wild Strike+1","Havoc+1","Heavy Blade+1"],"picked":"SKIP","floor":31.0},{"not_picked":["Demon Form+1","Offering"],"picked":"Exhume","floor":33.0},{"not_picked":["Flex+1","Wild Strike+1"],"picked":"Searing Blow","floor":35.0},{"not_picked":["Pummel+1","Anger","Cleave+1"],"picked":"SKIP","floor":37.0},{"not_picked":["Sever Soul","Twin Strike+1"],"picked":"Seeing Red+1","floor":39.0},{"not_picked":["Clash+1","Clothesline"],"picked":"True Grit","floor":40.0},{"not_picked":["Immolate","Armaments","Power Through"],"picked":"SKIP","floor":42.0},{"not_picked":["Immolate","Armaments","Power Through"],"picked":"SKIP","floor":42.0},{"not_picked":["Iron Wave+1","Perfected Strike","Headbutt+1"],"picked":"SKIP","floor":45.0},{"not_picked":["Fire Breathing+1","Armaments"],"picked":"Corruption+1","floor":47.0},{"not_picked":["Inflame+1","Cleave+1","Sword Boomerang"],"picked":"SKIP","floor":48.0},{"not_picked":["Shrug It Off","Intimidate+1"],"picked":"Disarm+1","floor":54}],"player_experience":174730,"relics_obtained":[{"floor":7.0,"key":"Bag of Marbles"},{"floor":9.0,"key":"Frozen Egg 2"},{"floor":19.0,"key":"Necronomicon"},{"floor":26.0,"key":"Toy Ornithopter"},{"floor":28.0,"key":"Smiling Mask"},{"floor":31.0,"key":"Charon\u0027s Ashes"},{"floor":40.0,"key":"MealTicket"},{"floor":54,"key":"Oddly Smooth Stone"}],"event_choices":[{"damage_healed":0.0,"max_hp_gain":5.0,"max_hp_loss":0.0,"gold_gain":0.0,"event_name":"Big Fish","player_choice":"Donut","floor":2.0,"gold_loss":0.0,"damage_taken":0.0},{"damage_healed":0.0,"max_hp_gain":0.0,"max_hp_loss":0.0,"gold_gain":0.0,"cards_transformed":["Strike_R"],"event_name":"Living Wall","player_choice":"Change","floor":3.0,"gold_loss":0.0,"damage_taken":0.0,"cards_obtained":["Brutality"]},{"damage_healed":0.0,"max_hp_gain":0.0,"max_hp_loss":0.0,"gold_gain":0.0,"event_name":"Shining Light","player_choice":"Entered Light","floor":8.0,"gold_loss":0.0,"damage_taken":17.0,"cards_upgraded":["Defend_R","Headbutt"]},{"cards_removed":["Whirlwind"],"damage_healed":62.0,"max_hp_gain":0.0,"max_hp_loss":0.0,"gold_gain":0.0,"event_name":"Bonfire Elementals","player_choice":"Offered Uncommon","floor":14.0,"gold_loss":0.0,"damage_taken":0.0},{"damage_healed":0.0,"max_hp_gain":0.0,"max_hp_loss":0.0,"gold_gain":0.0,"event_name":"Cursed Tome","player_choice":"Obtained Book","floor":19.0,"gold_loss":0.0,"damage_taken":16.0},{"damage_healed":0.0,"max_hp_gain":0.0,"max_hp_loss":0.0,"gold_gain":99.0,"event_name":"Nest","player_choice":"Stole From Cult","floor":20.0,"gold_loss":0.0,"damage_taken":0.0},{"damage_healed":0.0,"max_hp_gain":0.0,"max_hp_loss":0.0,"gold_gain":0.0,"event_name":"SecretPortal","player_choice":"Ignored","floor":41.0,"gold_loss":0.0,"damage_taken":0.0}],"is_beta":false,"boss_relics":[{"not_picked":["Cursed Key","Mark of Pain"],"picked":"Philosopher\u0027s Stone"},{"not_picked":["Runic Dome","Black Blood"],"picked":"Astrolabe"}],"items_purged_floors":[10,24,36,38,46],"is_endless":false,"potions_floor_spawned":[5,7,13,27,30,31,37,42,45,48,54],"killed_by":"The Heart","ascension_level":0}}