{"host":"3icp1y0s51ghu4x2","time":1610161822,"event":{"mods":["AchievementEnabler","BaseMod","Bestiary","Card Forge","ChefMod","Colored Map","Hermit","Infinite Spire","Minty Spire (QoL Compilation)","Relic Filter","Replay The Spire","Shop Mod","StSLib","Td1madao Mod","The Bug Knight","The Hierophant","The Marked"],"gold_per_floor":[2118,2125,928,1187,1187,1374,1374,1374,1374,772,13204,13719,14316,14652,14652,15321,15321,15643,15489,15639,15773,15794,14702,14842,15281,15281,15714,15714,15714,15714,15866,15866,15116,15116,15539,16702,18244,18244,19517,20821,20821,20985,20985,22321,21621,21621,21318,22758,22758,22628],"floor_reached":51,"playtime":5390,"items_purged":["hierophant:Defend_Hierophant"],"score":1231,"play_id":"d5bbcc72-a2ee-4db7-a17d-954a98752d9a","local_time":"20210108191022","is_ascension_mode":false,"campfire_choices":[{"data":"1","floor":15,"key":"LIFT"},{"data":"2","floor":28,"key":"LIFT"},{"data":"3","floor":32,"key":"LIFT"}],"circlet_count":0,"master_deck":["hierophant:Cornucopia+1","hierophant:Determination+1","hierophant:Generosity+1","hierophant:HolyVerse+1","hierophant:MorningPrayer+1","hierophant:Doubloon+1","hierophant:Doubloon+1","hierophant:Doubloon+1","hierophant:RustyCrate+1","hierophant:Doubloon+1","hierophant:Cornucopia+1","hierophant:Doubloon+1","hierophant:HolyVerse+1","hierophant:Doubloon+1","hierophant:RecallFunds+1","hierophant:Doubloon+1","hierophant:Doubloon+1","hierophant:Charity+1","hierophant:Cornucopia+1","hierophant:Doubloon+1","hierophant:Charity+1","hierophant:Repentance+1","hierophant:HolyVerse+1","hierophant:ChurchCoffers+1","hierophant:ChurchCoffers+1","hierophant:ChurchCoffers+1","hierophant:ChurchCoffers+1","hierophant:ChurchCoffers+1","hierophant:ChurchCoffers+1","hierophant:Doubloon+1","hierophant:Doubloon+1","Master of Strategy+1","Impatience+1"],"relics":["hierophant:PropheticMaskRelic","Hammer of Thor","Seething Fire","Anvil of the Gods","NeowsBlessing","Girya","FossilizedHelix","Strange Spoon","Replay:Mystery Machine","infinitespire:Broken Mirror","Nunchaku","Replay:Bandana","DollysMirror","InkBottle","SlaversCollar","Pet Ghost","Lizard Tail","infinitespire:Bottled Soul","Bottled Tornado","Runic Pyramid","infinitespire:EvilPickle","Dream Catcher","Bronze Scales","Ring of Chaos","ReplayTheSpireMod:Ring of Challenge","infinitespire:Joker Card","HollowMod:PaleOreRelic","Incense Burner","Bag of Preparation","MealTicket","ClockworkSouvenir","Centennial Puzzle","Medical Kit"],"acts_visited":["Exordium","TheCity","TheBeyond"],"potions_floor_usage":[],"damage_taken":[{"damage":0.0,"enemies":"Cultist","floor":1.0,"turns":1.0},{"damage":0.0,"enemies":"2 Louse","floor":2.0,"turns":1.0},{"damage":0.0,"enemies":"Small Slimes","floor":4.0,"turns":1.0},{"damage":0.0,"enemies":"HollowMod:MossKnight","floor":6.0,"turns":3.0},{"damage":0.0,"enemies":"Looter","floor":11.0,"turns":1.0},{"damage":0.0,"enemies":"Lagavulin Event","floor":12.0,"turns":1.0},{"damage":12,"enemies":"3 Louse","floor":13,"turns":2},{"damage":0,"enemies":"Large Slime","floor":14,"turns":2},{"damage":0,"enemies":"Hexaghost","floor":16,"turns":1},{"damage":0,"enemies":"3 Byrds","floor":18,"turns":2},{"damage":0,"enemies":"Shell Parasite","floor":20,"turns":2},{"damage":0,"enemies":"Snecko","floor":21,"turns":2},{"damage":18,"enemies":"Gremlin Leader","floor":23,"turns":2},{"damage":35,"enemies":"Snake Plant","floor":24,"turns":4},{"damage":0,"enemies":"Centurion and Healer","floor":25,"turns":1},{"damage":0,"enemies":"Snecko","floor":27,"turns":1},{"damage":0,"enemies":"Shelled Parasite and Fungi","floor":31,"turns":2},{"damage":0,"enemies":"Pondfish","floor":33,"turns":2},{"damage":0,"enemies":"3 Shapes","floor":35,"turns":1},{"damage":0,"enemies":"3 Darklings","floor":36,"turns":2},{"damage":14,"enemies":"Writhing Mass","floor":37,"turns":2},{"damage":0,"enemies":"4 Shapes","floor":39,"turns":2},{"damage":12,"enemies":"Nemesis","floor":40,"turns":2},{"damage":0,"enemies":"2 Orb Walkers","floor":42,"turns":1},{"damage":0,"enemies":"Giant Head","floor":44,"turns":1},{"damage":0,"enemies":"3 Darklings","floor":48,"turns":1},{"damage":0,"enemies":"infinitespire:MassOfShapes","floor":50,"turns":1}],"seed_played":"3983430641553283758","potions_obtained":[{"floor":1.0,"key":"AttackPotion"}],"is_trial":false,"path_per_floor":["M","M","$","M","?","E","?","?","T","$","M","?","M","M","R","B",null,"M","$","M","M","?","E","M","M","T","M","R","?","?","M","R_BF","B",null,"M","M","M","AVR","M","E","?","?","T","E","$","?","$","M","R_BF","B",null],"character_chosen":"HIEROPHANT","items_purchased":["hierophant:Sermon","hierophant:HolyVerse","hierophant:CursedGold","hierophant:CoinFling","hierophant:AuricBeam","Girya","FossilizedHelix","Strange Spoon","DuplicationPotion","Nunchaku","Replay:Bandana","DollysMirror","hierophant:Mercenaries","hierophant:Charity","Pet Ghost","Bag of Preparation","MealTicket","ClockworkSouvenir","Master of Strategy","Impatience","Centennial Puzzle","Medical Kit"],"campfire_rested":0,"item_purchase_floors":[3,3,3,3,3,3,3,3,3,10,10,10,10,10,19,45,45,45,45,45,47,47],"current_hp_per_floor":[475,475,475,475,475,475,475,475,475,475,875,875,868,868,868,868,875,875,875,875,875,525,560,548,591,591,591,591,377,377,398,398,398,880,880,880,880,880,880,880,880,880,880,880,880,880,880,880,880,880],"gold":22628,"neow_bonus":"THREE_ENEMY_KILL","is_daily":false,"chose_seed":false,"campfire_upgraded":0,"win_rate":0.0,"timestamp":1610161822,"path_taken":["M","M","$","M","?","E","?","?","T","$","?","?","M","M","R","BOSS","M","$","M","M","?","E","M","M","T","M","R","?","?","M","R_BF","BOSS","M","M","M","AVR","M","E","?","?","T","E","$","?","$","M","R_BF","BOSS"],"items_purchased_type":["Card","Card","Card","Card","Card","Relic","Relic","Relic","Potion","Relic","Relic","Relic","Card","Card","Relic","Relic","Relic","Relic","Card","Card","Relic","Relic"],"build_version":"2020-12-22","purchased_purges":1,"victory":true,"max_hp_per_floor":[475,475,475,475,475,475,475,475,475,475,875,875,875,875,875,875,875,875,875,875,875,875,875,875,875,875,875,875,880,880,880,880,880,880,880,880,880,880,880,880,880,880,880,880,880,880,880,880,880,880],"card_choices":[{"not_picked":["hierophant:ThreeLashes","hierophant:Martyrdom"],"picked":"hierophant:FlamingChariot","floor":1.0},{"not_picked":["hierophant:Doomsaying","hierophant:MorningPrayer"],"picked":"hierophant:Sermon","floor":2.0},{"not_picked":["hierophant:Upheaval","hierophant:Martyrdom"],"picked":"hierophant:AuricBeam","floor":4.0},{"not_picked":["hierophant:Shelter","hierophant:ConvertCurrency"],"picked":"hierophant:RepressedViolence","floor":6.0},{"not_picked":["hierophant:Charity","hierophant:OrnateBuckler"],"picked":"hierophant:FlamingChariot","floor":11.0},{"not_picked":["hierophant:Embezzle","hierophant:OrnateBuckler","hierophant:Doubloon"],"picked":"SKIP","floor":13},{"not_picked":["hierophant:FieryStrike","hierophant:CoinFling","hierophant:Kindle"],"picked":"SKIP","floor":14},{"not_picked":["hierophant:MintersHammer","hierophant:Anathema"],"picked":"hierophant:AuricForm","floor":16},{"not_picked":["hierophant:Glossolalia+1","hierophant:Empathy","hierophant:Shelter"],"picked":"SKIP","floor":18},{"not_picked":["hierophant:Glossolalia+1","hierophant:Empathy","hierophant:Shelter"],"picked":"SKIP","floor":18},{"not_picked":["hierophant:Embezzle","hierophant:Encroach+1","hierophant:DisplayOfPower+1"],"picked":"SKIP","floor":20},{"not_picked":["hierophant:Rebuild","hierophant:Shelter","hierophant:FieryStrike"],"picked":"SKIP","floor":21},{"not_picked":["hierophant:Zeal","hierophant:MintersHammer","hierophant:Blessing"],"picked":"SKIP","floor":23},{"not_picked":["hierophant:SecretStash+1","hierophant:RecallFunds","hierophant:RustyCrate"],"picked":"SKIP","floor":24},{"not_picked":["hierophant:SealAway","hierophant:DisplayOfPower+1","hierophant:Repentance"],"picked":"SKIP","floor":25},{"not_picked":["hierophant:AuricShield","hierophant:SealAway+1","hierophant:Purify"],"picked":"SKIP","floor":27},{"not_picked":["hierophant:Mercenaries","hierophant:Doubloon+1","hierophant:Empathy"],"picked":"SKIP","floor":31},{"not_picked":["hierophant:Purify","hierophant:AuricBeam+1","hierophant:Zeal+1"],"picked":"SKIP","floor":35},{"not_picked":["hierophant:RecallFunds","hierophant:ThreeLashes+1","hierophant:Rebuild"],"picked":"SKIP","floor":36},{"not_picked":["hierophant:Alms+1","hierophant:Doomsaying","hierophant:HolyVerse+1"],"picked":"SKIP","floor":37},{"not_picked":["hierophant:Racketeering+1","hierophant:SealAway+1","hierophant:Dazzle+1"],"picked":"SKIP","floor":39},{"not_picked":["hierophant:HolyVerse","hierophant:Martyrdom+1","hierophant:Sermon+1"],"picked":"SKIP","floor":40},{"not_picked":["hierophant:Rebuild","hierophant:Glossolalia+1","hierophant:Endure+1"],"picked":"SKIP","floor":44},{"not_picked":["hierophant:Purify+1","hierophant:HammerAndAnvil+1","hierophant:Upheaval+1"],"picked":"SKIP","floor":48}],"player_experience":39049,"relics_obtained":[{"floor":6.0,"key":"Replay:Mystery Machine"},{"floor":9.0,"key":"infinitespire:Broken Mirror"},{"floor":12.0,"key":"InkBottle"},{"floor":22,"key":"Lizard Tail"},{"floor":23,"key":"infinitespire:Bottled Soul"},{"floor":26,"key":"Bottled Tornado"},{"floor":40,"key":"Bronze Scales"},{"floor":41,"key":"Ring of Chaos"},{"floor":41,"key":"ReplayTheSpireMod:Ring of Challenge"},{"floor":42,"key":"infinitespire:Joker Card"},{"floor":43,"key":"HollowMod:PaleOreRelic"},{"floor":44,"key":"Incense Burner"}],"event_choices":[{"damage_healed":0.0,"max_hp_gain":0.0,"max_hp_loss":0.0,"gold_gain":0.0,"event_name":"Shining Light","player_choice":"Ignored","floor":5.0,"gold_loss":0.0,"damage_taken":0.0},{"damage_healed":0.0,"max_hp_gain":0.0,"max_hp_loss":0.0,"gold_gain":0.0,"event_name":"Lab","player_choice":"Got Potions","floor":8.0,"gold_loss":0.0,"damage_taken":0.0},{"damage_healed":0.0,"max_hp_gain":0.0,"max_hp_loss":0.0,"gold_gain":0.0,"event_name":"Dead Adventurer","player_choice":"Searched \u00272\u0027 times","floor":12.0,"gold_loss":0.0,"damage_taken":0.0},{"damage_healed":0,"gold_gain":0,"player_choice":"Shed Blood","damage_taken":219,"max_hp_gain":5,"max_hp_loss":0,"event_name":"Forgotten Altar","floor":29,"gold_loss":0},{"damage_healed":0,"gold_gain":0,"player_choice":"Ignored","damage_taken":0,"max_hp_gain":0,"max_hp_loss":0,"event_name":"Beggar","floor":30,"gold_loss":0},{"damage_healed":0,"gold_gain":0,"player_choice":"Fight","damage_taken":0,"max_hp_gain":0,"max_hp_loss":0,"event_name":"Mysterious Sphere","floor":42,"gold_loss":0},{"damage_healed":0,"gold_gain":0,"player_choice":"Memory 1","damage_taken":0,"max_hp_gain":0,"max_hp_loss":0,"event_name":"SensoryStone","floor":46,"gold_loss":0}],"is_beta":false,"boss_relics":[{"not_picked":["Empty Cage","infinitespire:Cupcake"],"picked":"SlaversCollar"},{"not_picked":["ReplayTheSpireMod:SealedPack","ReplayTheSpireMod:DimensionalGlitch"],"picked":"Runic Pyramid"}],"items_purged_floors":[3],"is_endless":false,"potions_floor_spawned":[1,4,12,14,16,21,27,36,39],"ascension_level":0}}