{"host":"5dk97cf2ubw2v967","time":1610194756,"event":{"mods":["AlwaysNeverKeys","BaseMod","Better Altar","Better Vampires","Block Reminder","Colored Powertips","Downfall","Googly Eyes","Highlight Path","Minty Spire (QoL Compilation)","Permanent Neow","Potion Indicator Mod","Quick Restart","Relic Filter","Relic Stats","Say the Spire","Spicy Shops","StSLib","Waifu the Spire","everything is the same but u backflip on backflip"],"gold_per_floor":[99,116,132,132,42,76,100,119,419,431,15,31,31,31,31,31],"floor_reached":14,"playtime":924,"items_purged":["Guardian:Defend_Guardian"],"score":180,"play_id":"78c8cd5c-975a-42ac-b8f1-813c3bf785ae","local_time":"20210109121916","is_ascension_mode":true,"campfire_choices":[{"floor":1.0,"key":"RECALL"},{"floor":13.0,"key":"REST"}],"circlet_count":0,"master_deck":["AscendersBane","Guardian:Strike_Guardian","Guardian:Strike_Guardian","Guardian:Strike_Guardian","Guardian:Strike_Guardian","Guardian:Defend_Guardian","Guardian:Defend_Guardian","Guardian:CurlUp","Guardian:TwinSlam","Guardian:FloatingOrbs","Guardian:Gem_Blue","Guardian:FloatingOrbs","Guardian:RollAttack","Slimebound:Icky","Slimebound:Icky","Slimebound:Icky","Guardian:Clone","Guardian:FierceBash","Guardian:Gem_Red"],"relics":["Runic Pyramid","Guardian:DefensiveModeMoreBlock","Nunchaku","Toxic Egg 2"],"acts_visited":["Exordium"],"potions_floor_usage":[14],"damage_taken":[{"damage":1.0,"enemies":"Jaw Worm","floor":2.0,"turns":5.0},{"damage":5.0,"enemies":"Small Slimes","floor":3.0,"turns":4.0},{"damage":0.0,"enemies":"downfall:FleeingMerchant","floor":5.0,"turns":4.0},{"damage":19.0,"enemies":"3 Sentries","floor":6.0,"turns":8.0},{"damage":0.0,"enemies":"Cultist","floor":8.0,"turns":4.0},{"damage":13.0,"enemies":"Lots of Slimes","floor":10.0,"turns":3.0},{"damage":0.0,"enemies":"downfall:FleeingMerchant","floor":11.0,"turns":4.0},{"damage":5.0,"enemies":"Large Slime","floor":12.0,"turns":5.0},{"damage":26,"enemies":"Gremlin Nob","floor":14,"turns":4}],"seed_played":"6244281479470389549","potions_obtained":[{"floor":3.0,"key":"FearPotion"},{"floor":6.0,"key":"DuplicationPotion"},{"floor":12.0,"key":"SkillPotion"}],"is_trial":false,"path_per_floor":["R","M","M","?","$","E","T","M","?","M","$","M","R","E"],"character_chosen":"GUARDIAN","items_purchased":["Toxic Egg 2","Guardian:FierceBash"],"campfire_rested":1,"item_purchase_floors":[11,11],"current_hp_per_floor":[65,64,59,59,59,40,40,40,40,27,27,22,43,17,17,17],"gold":31,"neow_bonus":"BOSS_RELIC","is_daily":false,"chose_seed":false,"campfire_upgraded":0,"win_rate":0.0,"timestamp":1610194756,"path_taken":["R","M","M","?","$","E","T","M","?","M","?","M","R","E"],"items_purchased_type":["Relic","Card"],"build_version":"2020-12-22","purchased_purges":1,"victory":false,"max_hp_per_floor":[72,72,72,72,72,72,72,72,72,72,72,72,72,72,72,72],"relic_stats":{"Nunchaku":[4],"counters":[9,41],"obtain_stats":[{"Guardian:DefensiveModeMoreBlock":6,"Nunchaku":7,"Guardian:ModeShifter":0,"Toxic Egg 2":11,"Runic Pyramid":0},{"Guardian:DefensiveModeMoreBlock":4,"Nunchaku":4,"Guardian:ModeShifter":0,"Toxic Egg 2":7,"Runic Pyramid":0},{"Guardian:DefensiveModeMoreBlock":21,"Nunchaku":21,"Guardian:ModeShifter":0,"Toxic Egg 2":32,"Runic Pyramid":0}]},"card_choices":[{"not_picked":["Guardian:ShieldCharger","Guardian:PrimingBeam"],"picked":"Guardian:FloatingOrbs","floor":2.0},{"not_picked":["Guardian:Gem_White","Guardian:TemporalShield"],"picked":"Guardian:Gem_Cyan","floor":3.0},{"not_picked":["Guardian:Incinerate","Guardian:Gem_White"],"picked":"Guardian:Gem_Blue","floor":5.0},{"not_picked":["Guardian:Orbwalk","Guardian:FierceBash"],"picked":"Guardian:FloatingOrbs","floor":6.0},{"not_picked":["Guardian:Incinerate","Guardian:CrystalBeam"],"picked":"Guardian:RollAttack","floor":8.0},{"not_picked":["Guardian:Suspension","Guardian:RollAttack"],"picked":"Guardian:Clone","floor":10.0},{"not_picked":["Guardian:TemporalStrike","Guardian:Incinerate"],"picked":"Guardian:Gem_Lightblue","floor":11.0},{"not_picked":["Guardian:Reroute","Guardian:HyperBeam_Guardian"],"picked":"Guardian:Gem_Red","floor":12.0}],"player_experience":1348328,"relics_obtained":[{"floor":6.0,"key":"Guardian:DefensiveModeMoreBlock"},{"floor":7.0,"key":"Nunchaku"}],"event_choices":[],"is_beta":false,"boss_relics":[],"items_purged_floors":[5],"is_endless":false,"potions_floor_spawned":[3,6,12],"killed_by":"Gremlin Nob","ascension_level":20}}