{"host":"bcmmx0iu5iq38asw","time":1610154375,"event":{"mods":["AchievementEnabler","BaseMod","Colored Map","Minty Spire (QoL Compilation)","Random Character Button","Relic Stats"],"gold_per_floor":[115,130,130,52,52,82,82,99,99,117,117,148,148,183,183,278,278,290,389,408,293,293,323,323,351,351,376,376,396,432,31,31,137,137,152,152,27,47,47,47,60,60,60,60,80,80,93,125,125,125,125,125,25,54,54,54],"floor_reached":55,"playtime":5604,"items_purged":[],"score":1067,"play_id":"d4aacb4f-ec15-4efb-a13a-c029ab809263","local_time":"20210108230615","is_ascension_mode":true,"campfire_choices":[{"data":"CrushJoints","floor":7,"key":"SMITH"},{"data":"Halt","floor":11,"key":"SMITH"},{"data":"Vigilance","floor":13,"key":"SMITH"},{"data":"Meditate","floor":15,"key":"SMITH"},{"data":"Scrawl","floor":24,"key":"SMITH"},{"floor":28,"key":"REST"},{"data":"SashWhip","floor":32,"key":"SMITH"},{"floor":40,"key":"REST"},{"floor":42,"key":"RECALL"},{"data":"Eruption","floor":44,"key":"SMITH"},{"floor":46,"key":"REST"},{"floor":49,"key":"REST"},{"data":"Wallop","floor":52,"key":"SMITH"}],"circlet_count":0,"master_deck":["Strike_P","Strike_P","Defend_P","Defend_P","Defend_P+1","Eruption+1","Vigilance+1","Protect+1","ClearTheMind+1","ReachHeaven+1","FlyingSleeves","CrushJoints+1","LikeWater+1","Halt+1","SashWhip+1","Meditate+1","Scrawl+1","Wireheading+1","SandsOfTime","Wallop+1","Protect+1","MentalFortress+1","Devotion+1","Wallop+1","TalkToTheHand+1"],"relics":["Astrolabe","Omamori","TeardropLocket","Bag of Preparation","Matryoshka","VioletLotus","Frozen Egg 2","CeramicFish","Damaru","Toxic Egg 2","InkBottle","Anchor","Meat on the Bone","SlaversCollar","Vajra","Letter Opener","Orichalcum"],"acts_visited":["Exordium","TheCity","TheBeyond","TheEnding"],"potions_floor_usage":[23,30,30,41,48,48,54,54,55,55],"damage_taken":[{"damage":0,"enemies":"Cultist","floor":1,"turns":3},{"damage":0,"enemies":"Jaw Worm","floor":2,"turns":3},{"damage":5,"enemies":"3 Sentries","floor":6,"turns":8},{"damage":5,"enemies":"Small Slimes","floor":8,"turns":2},{"damage":0,"enemies":"3 Louse","floor":10,"turns":4},{"damage":0,"enemies":"Lagavulin","floor":12,"turns":5},{"damage":0,"enemies":"Gremlin Nob","floor":14,"turns":3},{"damage":8,"enemies":"Hexaghost","floor":16,"turns":6},{"damage":9,"enemies":"3 Byrds","floor":18,"turns":5},{"damage":0,"enemies":"Spheric Guardian","floor":20,"turns":3},{"damage":0,"enemies":"Book of Stabbing","floor":23,"turns":3},{"damage":0,"enemies":"Gremlin Leader","floor":25,"turns":7},{"damage":16,"enemies":"Snake Plant","floor":27,"turns":2},{"damage":0,"enemies":"Centurion and Healer","floor":29,"turns":5},{"damage":2,"enemies":"Slavers","floor":30,"turns":5},{"damage":4,"enemies":"Automaton","floor":33,"turns":9},{"damage":40,"enemies":"3 Darklings","floor":35,"turns":7},{"damage":0,"enemies":"3 Shapes","floor":38,"turns":4},{"damage":22,"enemies":"Writhing Mass","floor":41,"turns":6},{"damage":0,"enemies":"4 Shapes","floor":45,"turns":4},{"damage":11,"enemies":"Spire Growth","floor":47,"turns":3},{"damage":35,"enemies":"Reptomancer","floor":48,"turns":4},{"damage":14,"enemies":"Time Eater","floor":50,"turns":9},{"damage":41,"enemies":"Shield and Spear","floor":54,"turns":6},{"damage":73,"enemies":"The Heart","floor":55,"turns":3}],"seed_played":"4968259095336216458","potions_obtained":[{"floor":8,"key":"SmokeBomb"},{"floor":10,"key":"LiquidMemories"},{"floor":16,"key":"Swift Potion"},{"floor":27,"key":"BlessingOfTheForge"},{"floor":38,"key":"Dexterity Potion"},{"floor":47,"key":"GamblersBrew"},{"floor":54,"key":"Block Potion"}],"is_trial":false,"path_per_floor":["M","M","?","$","?","E","R","M","T","M","R","E","R","E","R","B",null,"M","?","M","$","?","E","R","E","T","M","R","M","E","$","R","B",null,"M","?","$","M","?","R","M","R","T","R","M","R","M","E","R","B",null,"R","$","E","B"],"character_chosen":"WATCHER","items_purchased":["LikeWater","SandsOfTime","EssenceOfSteel","Anchor","Meat on the Bone","Energy Potion","StancePotion","Swift Potion","BottledMiracle"],"campfire_rested":4,"item_purchase_floors":[4,21,21,31,31,37,37,53,53],"current_hp_per_floor":[65,65,65,65,51,46,46,41,41,41,41,41,41,41,41,33,62,53,53,53,53,53,53,53,53,53,37,58,58,56,56,56,52,67,39,39,39,39,39,60,38,38,38,38,38,59,48,25,46,44,65,65,65,36,0,0],"gold":54,"neow_bonus":"BOSS_RELIC","is_daily":false,"chose_seed":false,"campfire_upgraded":8,"win_rate":0.0,"timestamp":1610154375,"path_taken":["M","M","?","?","?","E","R","M","T","M","R","E","R","E","R","BOSS","M","?","M","$","?","E","R","E","T","M","R","M","E","$","R","BOSS","M","?","$","M","?","R","M","R","T","R","M","R","M","E","R","BOSS","R","$","E","BOSS"],"items_purchased_type":["Card","Card","Potion","Relic","Relic","Potion","Potion","Potion","Potion"],"build_version":"2020-12-22","purchased_purges":0,"victory":false,"max_hp_per_floor":[72,72,72,72,72,72,72,72,72,72,72,72,72,72,72,72,72,72,72,72,72,72,72,72,72,72,72,72,72,72,72,72,72,72,72,72,72,72,72,72,72,72,72,72,72,72,72,72,72,72,72,72,72,72,72,72],"relic_stats":{"counters":[25,119],"Astrolabe":["Protect","ClearTheMind","ReachHeaven"],"CeramicFish":45,"VioletLotus":[39],"Bag of Preparation":[38],"Letter Opener":[20],"Orichalcum":[0],"obtain_stats":[{"Astrolabe":0,"CeramicFish":25,"Damaru":26,"Vajra":43,"Omamori":6,"Bag of Preparation":12,"TeardropLocket":9,"Letter Opener":48,"Frozen Egg 2":23,"Orichalcum":54,"SlaversCollar":34,"Anchor":31,"Matryoshka":14,"VioletLotus":17,"PureWater":0,"Toxic Egg 2":26,"InkBottle":30,"Meat on the Bone":31},{"Astrolabe":0,"CeramicFish":12,"Damaru":12,"Vajra":19,"Omamori":3,"Bag of Preparation":6,"TeardropLocket":4,"Letter Opener":22,"Frozen Egg 2":11,"Orichalcum":24,"SlaversCollar":16,"Anchor":15,"Matryoshka":7,"VioletLotus":8,"PureWater":0,"Toxic Egg 2":12,"InkBottle":15,"Meat on the Bone":15},{"Astrolabe":0,"CeramicFish":52,"Damaru":52,"Vajra":90,"Omamori":14,"Bag of Preparation":25,"TeardropLocket":16,"Letter Opener":101,"Frozen Egg 2":45,"Orichalcum":116,"SlaversCollar":73,"Anchor":64,"Matryoshka":28,"VioletLotus":34,"PureWater":0,"Toxic Egg 2":52,"InkBottle":64,"Meat on the Bone":64}],"InkBottle":[18],"Meat on the Bone":48},"card_choices":[{"not_picked":["PathToVictory","Fasting2"],"picked":"FlyingSleeves","floor":1},{"not_picked":["FearNoEvil","EmptyFist"],"picked":"CrushJoints","floor":2},{"not_picked":["Crescendo","JustLucky","Prostrate"],"picked":"SKIP","floor":6},{"not_picked":["ClearTheMind","FlurryOfBlows"],"picked":"Halt","floor":8},{"not_picked":["Consecrate","Fasting2","PathToVictory"],"picked":"SKIP","floor":10},{"not_picked":["Meditate","ThirdEye"],"picked":"SashWhip","floor":12},{"not_picked":["Judgement","Prostrate"],"picked":"Meditate","floor":14},{"not_picked":["DevaForm","Omniscience"],"picked":"Scrawl","floor":16},{"not_picked":["EmptyMind","PathToVictory"],"picked":"Wireheading+1","floor":18},{"not_picked":["Sanctity","CutThroughFate","Prostrate"],"picked":"SKIP","floor":20},{"not_picked":["Evaluate","Meditate+1","ConjureBlade"],"picked":"SKIP","floor":23},{"not_picked":["Halt","PathToVictory","BattleHymn+1"],"picked":"SKIP","floor":25},{"not_picked":["ClearTheMind+1","Weave"],"picked":"Protect+1","floor":27},{"not_picked":["ForeignInfluence+1","CarveReality","Indignation+1"],"picked":"SKIP","floor":29},{"not_picked":["FlurryOfBlows","EmptyBody+1"],"picked":"MentalFortress+1","floor":30},{"not_picked":["Brilliance","Wish+1"],"picked":"Devotion+1","floor":33},{"not_picked":["EmptyBody+1","Vengeance+1","Perseverance+1"],"picked":"SKIP","floor":35},{"not_picked":["CutThroughFate+1","Worship+1"],"picked":"Wallop+1","floor":38},{"not_picked":["JustLucky+1","EmptyFist","Protect+1"],"picked":"SKIP","floor":41},{"not_picked":["Tantrum+1","PathToVictory+1"],"picked":"TalkToTheHand+1","floor":45},{"not_picked":["ThirdEye+1","LessonLearned","ForeignInfluence+1"],"picked":"SKIP","floor":47},{"not_picked":["Halt+1","Wireheading+1","Prostrate+1"],"picked":"SKIP","floor":48},{"not_picked":["Wireheading+1","JustLucky+1","CutThroughFate"],"picked":"SKIP","floor":54}],"player_experience":177609,"relics_obtained":[{"floor":6,"key":"Omamori"},{"floor":9,"key":"TeardropLocket"},{"floor":12,"key":"Bag of Preparation"},{"floor":14,"key":"Matryoshka"},{"floor":23,"key":"Frozen Egg 2"},{"floor":25,"key":"CeramicFish"},{"floor":26,"key":"Damaru"},{"floor":26,"key":"Toxic Egg 2"},{"floor":30,"key":"InkBottle"},{"floor":43,"key":"Vajra"},{"floor":48,"key":"Letter Opener"},{"floor":54,"key":"Orichalcum"}],"event_choices":[{"damage_healed":0,"gold_gain":0,"player_choice":"Ignored","damage_taken":0,"max_hp_gain":0,"max_hp_loss":0,"event_name":"Transmorgrifier","floor":3,"gold_loss":0},{"damage_healed":0,"gold_gain":0,"player_choice":"Entered Light","damage_taken":14,"max_hp_gain":0,"max_hp_loss":0,"event_name":"Shining Light","floor":5,"gold_loss":0,"cards_upgraded":["Defend_P","LikeWater"]},{"damage_healed":0,"gold_gain":99,"player_choice":"Stole From Cult","damage_taken":0,"max_hp_gain":0,"max_hp_loss":0,"event_name":"Nest","floor":19,"gold_loss":0},{"damage_healed":0,"gold_gain":0,"player_choice":"Read","damage_taken":0,"max_hp_gain":0,"max_hp_loss":0,"event_name":"The Library","floor":22,"gold_loss":0,"cards_obtained":["Wallop"]},{"damage_healed":0,"gold_gain":0,"player_choice":"Memory 1","damage_taken":0,"max_hp_gain":0,"max_hp_loss":0,"event_name":"SensoryStone","floor":36,"gold_loss":0},{"damage_healed":0,"gold_gain":0,"player_choice":"Ignored","damage_taken":0,"max_hp_gain":0,"max_hp_loss":0,"event_name":"Transmorgrifier","floor":39,"gold_loss":0}],"is_beta":false,"boss_relics":[{"not_picked":["Runic Dome","Empty Cage"],"picked":"VioletLotus"},{"not_picked":["Tiny House","Velvet Choker"],"picked":"SlaversCollar"}],"items_purged_floors":[],"is_endless":false,"potions_floor_spawned":[8,10,16,27,38,47,54],"killed_by":"The Heart","ascension_level":6}}