{"host":"sav7uxregyirlf69","time":1610194689,"event":{"mods":["AchievementEnabler","BaseMod","Colored Map","DeckTracker","Keyboard Shortcuts","Minty Spire (QoL Compilation)","READ ME - Guardian Mod","StSLib","SuperFastMode"],"gold_per_floor":[16,16,35,55,66,93,93,93,118,134,59,59,74,74,74,74,74],"floor_reached":16,"playtime":238,"items_purged":["Strike_R"],"score":204,"play_id":"c52acee9-1c26-4e27-94aa-f4dc6f7206d0","local_time":"20210109211809","is_ascension_mode":true,"campfire_choices":[{"data":"Evolve","floor":8,"key":"SMITH"},{"data":"Bash","floor":12,"key":"SMITH"},{"data":"Clothesline","floor":15,"key":"SMITH"}],"circlet_count":0,"master_deck":["AscendersBane","Strike_R","Strike_R","Strike_R","Defend_R","Defend_R","Defend_R","Defend_R","Bash+1","Twin Strike","Flame Barrier","Clothesline+1","Iron Wave","Whirlwind","Evolve+1","Dropkick"],"relics":["Burning Blood","Centennial Puzzle","Vajra","Happy Flower"],"acts_visited":["Exordium"],"potions_floor_usage":[6,16],"damage_taken":[{"damage":11,"enemies":"Jaw Worm","floor":1,"turns":6},{"damage":1,"enemies":"Cultist","floor":3,"turns":4},{"damage":8,"enemies":"Small Slimes","floor":4,"turns":4},{"damage":9,"enemies":"Looter","floor":5,"turns":4},{"damage":47,"enemies":"Lagavulin","floor":6,"turns":8},{"damage":5,"enemies":"Red Slaver","floor":10,"turns":3},{"damage":9,"enemies":"Exordium Wildlife","floor":13,"turns":3},{"damage":34,"enemies":"The Guardian","floor":16,"turns":10}],"seed_played":"-5801800173493730086","potions_obtained":[{"floor":3,"key":"EssenceOfSteel"},{"floor":5,"key":"Energy Potion"},{"floor":6,"key":"Explosive Potion"}],"is_trial":false,"path_per_floor":["M","?","M","M","M","E","T","R","T","M","$","R","M","$","R","B"],"character_chosen":"IRONCLAD","items_purchased":[],"campfire_rested":0,"item_purchase_floors":[],"current_hp_per_floor":[77,77,82,80,77,36,36,36,36,37,37,37,34,34,34,0,0],"gold":74,"neow_bonus":"TWENTY_PERCENT_HP_BONUS","is_daily":false,"chose_seed":false,"campfire_upgraded":3,"win_rate":0.0,"timestamp":1610194689,"path_taken":["M","?","M","M","M","E","?","R","T","M","?","R","M","$","R","BOSS"],"items_purchased_type":[],"build_version":"2020-12-22","purchased_purges":1,"victory":false,"max_hp_per_floor":[89,89,89,89,89,89,89,89,89,89,89,89,89,89,89,89,89],"card_choices":[{"not_picked":["Body Slam","Warcry"],"picked":"Twin Strike","floor":1},{"not_picked":["Flame Barrier","Havoc"],"picked":"Clothesline","floor":3},{"not_picked":["Headbutt","Perfected Strike","Iron Wave"],"picked":"SKIP","floor":4},{"not_picked":["Headbutt","Perfected Strike"],"picked":"Iron Wave","floor":4},{"not_picked":["Rage","Power Through"],"picked":"Whirlwind","floor":5},{"not_picked":["Uppercut","Ghostly Armor"],"picked":"Evolve","floor":6},{"not_picked":["Headbutt","Burning Pact","Flame Barrier"],"picked":"SKIP","floor":10},{"not_picked":["Sword Boomerang","Perfected Strike"],"picked":"Dropkick","floor":13}],"player_experience":1211705,"relics_obtained":[{"floor":6,"key":"Centennial Puzzle"},{"floor":7,"key":"Vajra"},{"floor":9,"key":"Happy Flower"}],"event_choices":[{"damage_healed":0,"gold_gain":0,"cards_transformed":["Strike_R"],"player_choice":"Change","damage_taken":0,"max_hp_gain":0,"max_hp_loss":0,"event_name":"Living Wall","floor":2,"gold_loss":0,"cards_obtained":["Flame Barrier"]}],"is_beta":false,"boss_relics":[],"items_purged_floors":[11],"is_endless":false,"potions_floor_spawned":[3,5,6],"killed_by":"The Guardian","ascension_level":20}}