{"host":"qxeepl7ydvsgmfdb","time":1610196423,"event":{"mods":["AchievementEnabler","BaseMod","Colored Powertips","Minty Spire (QoL Compilation)","Quick Restart","slay the spire mod where everything is the same but ironclad has a cowboy hat"],"gold_per_floor":[117,117,127,127,147,176,176,101,101,121,137,151,161,176,176,274,274,284,284,297,308,1,1,16,16,16,16,50,63,63,63,63],"floor_reached":31,"playtime":746,"items_purged":["Strike_G"],"score":325,"play_id":"04e347c6-7212-42ea-8261-9164ab62c62d","local_time":"20210109074703","is_ascension_mode":true,"campfire_choices":[{"data":"A Thousand Cuts","floor":7.0,"key":"SMITH"},{"floor":15.0,"key":"REST"},{"floor":23.0,"key":"REST"},{"floor":27.0,"key":"REST"}],"circlet_count":0,"master_deck":["Strike_G","Strike_G","Strike_G","Defend_G","Defend_G","Defend_G","Defend_G","Defend_G","Survivor","Neutralize","Poisoned Stab","Slice","Blur","Neutralize","Slice","A Thousand Cuts+1","Slice","Deadly Poison","Poisoned Stab","Slice","Die Die Die","Deadly Poison+1","Noxious Fumes","Distraction"],"relics":["Ring of the Snake","NeowsBlessing","Blue Candle","Letter Opener","WristBlade","Incense Burner","Bag of Marbles","Tough Bandages"],"acts_visited":["Exordium","TheCity"],"potions_floor_usage":[31],"damage_taken":[{"damage":0.0,"enemies":"Jaw Worm","floor":1.0,"turns":1.0},{"damage":0.0,"enemies":"Cultist","floor":3.0,"turns":1.0},{"damage":0.0,"enemies":"2 Louse","floor":5.0,"turns":1.0},{"damage":30.0,"enemies":"Lagavulin","floor":6.0,"turns":7.0},{"damage":9.0,"enemies":"Lots of Slimes","floor":10.0,"turns":3.0},{"damage":0.0,"enemies":"2 Fungi Beasts","floor":11.0,"turns":4.0},{"damage":3.0,"enemies":"Red Slaver","floor":12.0,"turns":3.0},{"damage":3.0,"enemies":"Looter","floor":13.0,"turns":3.0},{"damage":9.0,"enemies":"Exordium Thugs","floor":14.0,"turns":4.0},{"damage":28.0,"enemies":"The Guardian","floor":16.0,"turns":10.0},{"damage":16.0,"enemies":"Shell Parasite","floor":18.0,"turns":4.0},{"damage":9.0,"enemies":"2 Thieves","floor":20.0,"turns":3.0},{"damage":46.0,"enemies":"Shelled Parasite and Fungi","floor":21.0,"turns":3.0},{"damage":2.0,"enemies":"Chosen and Byrds","floor":24.0,"turns":5.0},{"damage":9.0,"enemies":"Slavers","floor":28.0,"turns":3.0},{"damage":15.0,"enemies":"Centurion and Healer","floor":29.0,"turns":4.0},{"damage":15,"enemies":"Snecko","floor":31,"turns":3}],"seed_played":"4518453132966493327","potions_obtained":[{"floor":1.0,"key":"LiquidBronze"},{"floor":11.0,"key":"Explosive Potion"},{"floor":13.0,"key":"Fruit Juice"},{"floor":14.0,"key":"FearPotion"},{"floor":16.0,"key":"Poison Potion"},{"floor":28.0,"key":"Ancient Potion"}],"is_trial":false,"path_per_floor":["M","?","M","?","M","E","R","$","T","M","M","M","M","M","R","B",null,"M","?","M","M","$","R","M","?","T","R","E","M","$","M"],"character_chosen":"THE_SILENT","items_purchased":["Incense Burner"],"campfire_rested":3,"item_purchase_floors":[22],"current_hp_per_floor":[70,70,70,70,70,40,40,40,40,31,31,28,30,21,43,15,75,59,59,50,4,4,26,24,10,10,34,25,10,10,0,0],"gold":63,"neow_bonus":"THREE_ENEMY_KILL","is_daily":false,"chose_seed":false,"campfire_upgraded":1,"win_rate":0.0,"timestamp":1610196423,"path_taken":["M","?","?","?","?","E","R","$","T","M","M","M","M","M","R","BOSS","M","?","?","M","$","R","M","?","T","R","E","M","$","M"],"items_purchased_type":["Relic"],"build_version":"2020-12-22","purchased_purges":1,"victory":false,"max_hp_per_floor":[70,70,70,70,70,70,70,70,70,70,70,70,75,75,75,75,75,75,75,75,75,75,75,75,80,80,80,80,80,80,80,80],"card_choices":[{"not_picked":["Dash","Bane"],"picked":"Poisoned Stab","floor":1.0},{"not_picked":["Backflip","Prepared"],"picked":"Slice","floor":3.0},{"not_picked":["Dash","Dagger Throw"],"picked":"Slice","floor":5.0},{"not_picked":["PiercingWail","Expertise"],"picked":"A Thousand Cuts","floor":6.0},{"not_picked":["Outmaneuver","Dodge and Roll"],"picked":"Slice","floor":10.0},{"not_picked":["Outmaneuver","Dagger Throw","Underhanded Strike"],"picked":"SKIP","floor":11.0},{"not_picked":["Blade Dance","PiercingWail"],"picked":"Deadly Poison","floor":12.0},{"not_picked":["Deadly Poison","Malaise"],"picked":"Poisoned Stab","floor":13.0},{"not_picked":["Terror","Sucker Punch"],"picked":"Slice","floor":14.0},{"not_picked":["Unload","Corpse Explosion"],"picked":"Die Die Die","floor":16.0},{"not_picked":["Footwork","Backflip+1"],"picked":"Deadly Poison+1","floor":18.0},{"not_picked":["Quick Slash","Deadly Poison+1"],"picked":"Noxious Fumes","floor":20.0},{"not_picked":["Finisher","Underhanded Strike","Reflex"],"picked":"SKIP","floor":21.0},{"not_picked":["Eviscerate","Slice"],"picked":"Distraction","floor":24.0},{"not_picked":["Caltrops","Bane","Night Terror"],"picked":"SKIP","floor":28.0},{"not_picked":["Bane+1","Setup+1","Quick Slash+1"],"picked":"SKIP","floor":29.0}],"player_experience":158449,"relics_obtained":[{"floor":6.0,"key":"Blue Candle"},{"floor":9.0,"key":"Letter Opener"},{"floor":26.0,"key":"Bag of Marbles"},{"floor":28.0,"key":"Tough Bandages"}],"event_choices":[{"cards_removed":["Strike_G"],"damage_healed":0.0,"max_hp_gain":0.0,"max_hp_loss":0.0,"gold_gain":0.0,"event_name":"Bonfire Elementals","player_choice":"Offered Basic","floor":2.0,"gold_loss":0.0,"damage_taken":0.0},{"damage_healed":0.0,"max_hp_gain":0.0,"max_hp_loss":0.0,"gold_gain":0.0,"event_name":"Match and Keep!","player_choice":"2 cards matched","floor":4.0,"gold_loss":0.0,"damage_taken":0.0,"cards_obtained":["Blur","Neutralize"]},{"damage_healed":0.0,"max_hp_gain":0.0,"max_hp_loss":0.0,"gold_gain":0.0,"event_name":"N\u0027loth","player_choice":"Ignored","floor":19.0,"gold_loss":0.0,"damage_taken":0.0},{"damage_healed":0.0,"max_hp_gain":5.0,"max_hp_loss":0.0,"gold_gain":0.0,"event_name":"Forgotten Altar","player_choice":"Shed Blood","floor":25.0,"gold_loss":0.0,"damage_taken":19.0}],"is_beta":false,"boss_relics":[{"not_picked":["Velvet Choker","Empty Cage"],"picked":"WristBlade"}],"items_purged_floors":[8],"is_endless":false,"potions_floor_spawned":[1,11,13,14,16,18,28],"killed_by":"Snecko","ascension_level":3}}