{"host":"70hw88lpn0qjvurq","time":1610232554,"event":{"mods":["Aspiration","BaseMod","BetterRewards","Colored Map","Colored Powertips","Conspire","Googly Eyes","Infinite Spire","Minty Spire (QoL Compilation)","Replay The Spire","Shop Mod","Spicy Shops","StSLib","The Jungle","[IsaacMod]????"],"gold_per_floor":[116,116,116,135,145,207,207,240,240,259,279,279,279,279,279,375,375,391,391,391,511,526,526,526,526,526],"floor_reached":25,"playtime":701,"items_purged":["Shame"],"score":219,"play_id":"bb78f794-d324-4fba-b3c1-613ecb293055","local_time":"20210109164914","is_ascension_mode":true,"campfire_choices":[{"data":"Zap","floor":7,"key":"SMITH"},{"floor":23,"key":"REST"}],"circlet_count":0,"master_deck":["Strike_B","Strike_B","Strike_B","Defend_B","Defend_B","Defend_B","Defend_B","Zap+1","Dualcast","Coolheaded+1","Rebound","Auto Shields+1","Hologram","FIFO Queue","aspiration:Polymerization","Creative AI","Reinforced Body","Darkness+1"],"relics":["Cracked Core","HushsDoor","D6","NeowsBlessing","Juzu Bracelet","Mercury Hourglass","Nunchaku","Centennial Puzzle","aspiration:FutureDiary","Incubus","theJungle:PaperFaux","Replay:Bottled Flurry"],"acts_visited":["Exordium","theJungle:Jungle"],"potions_floor_usage":[8],"damage_taken":[{"damage":0,"enemies":"2 Louse","floor":1,"turns":1},{"damage":0,"enemies":"Small Slimes","floor":4,"turns":1},{"damage":0,"enemies":"conspire:RoseBush","floor":5,"turns":1},{"damage":9,"enemies":"Replay:BlueRogue","floor":6,"turns":8},{"damage":4,"enemies":"3 Sentries","floor":8,"turns":5},{"damage":2,"enemies":"Blue Slaver","floor":10,"turns":2},{"damage":3,"enemies":"Large Slime","floor":11,"turns":4},{"damage":23,"enemies":"Hexaghost","floor":16,"turns":9},{"damage":20,"enemies":"theJungle:GiantWrat","floor":18,"turns":6},{"damage":0,"enemies":"Shell Parasite","floor":22,"turns":5},{"damage":50,"enemies":"Nightmare","floor":25,"turns":9}],"seed_played":"-3582415174290210756","potions_obtained":[{"floor":6,"key":"Fire Potion"},{"floor":6,"key":"Fire Potion"},{"floor":8,"key":"Dexterity Potion"},{"floor":10,"key":"Venom Potion"}],"is_trial":false,"path_per_floor":["M","$","?","M","M","E","R","E","T","M","M","?","?","?","R_BF","B",null,"M","?","?","?","M","R","AVR","NM"],"character_chosen":"DEFECT","items_purchased":["Incubus"],"campfire_rested":1,"item_purchase_floors":[17],"current_hp_per_floor":[75,75,75,75,75,66,66,62,62,60,57,65,65,65,75,52,55,35,35,35,27,27,43,43,0,0],"gold":526,"neow_bonus":"THREE_ENEMY_KILL","is_daily":false,"chose_seed":false,"campfire_upgraded":1,"win_rate":0.0,"timestamp":1610232554,"path_taken":["M","$","?","M","M","E","R","E","T","M","M","?","?","?","R_BF","BOSS","M","?","?","?","M","R","AVR","NM"],"items_purchased_type":["Relic"],"build_version":"2020-12-22","purchased_purges":1,"victory":false,"max_hp_per_floor":[75,75,75,75,75,75,75,75,75,75,75,75,75,75,75,75,55,55,55,55,55,55,55,55,55,55],"card_choices":[{"not_picked":["Streamline","Beam Cell"],"picked":"Coolheaded","floor":1},{"not_picked":["ReplayTheSpireMod:Repulse","Leap","Bomb"],"picked":"SKIP","floor":4},{"not_picked":["ReplayTheSpireMod:GoodbyeWorld","Bomb"],"picked":"Rebound","floor":5},{"not_picked":["Hologram","Sweeping Beam"],"picked":"Auto Shields","floor":6},{"not_picked":["Sweeping Beam","Steam"],"picked":"Hologram","floor":6},{"not_picked":["Double Energy","Hologram","FTL"],"picked":"SKIP","floor":8},{"not_picked":["Skim","ReplayTheSpireMod:Repulse","Turbo"],"picked":"SKIP","floor":10},{"not_picked":["Distribution","Hologram"],"picked":"FIFO Queue","floor":11},{"not_picked":["Multi-Cast","Buffer"],"picked":"Creative AI","floor":16},{"not_picked":["Beam Cell","White Noise"],"picked":"Reinforced Body","floor":18},{"not_picked":["Reprogram","ReplayTheSpireMod:Repulse+1"],"picked":"Darkness+1","floor":22}],"player_experience":174027,"relics_obtained":[{"floor":3,"key":"Juzu Bracelet"},{"floor":6,"key":"Mercury Hourglass"},{"floor":8,"key":"Nunchaku"},{"floor":9,"key":"Centennial Puzzle"}],"event_choices":[{"damage_healed":0,"gold_gain":0,"cards_transformed":["Strike_B"],"player_choice":"Transformed","damage_taken":0,"max_hp_gain":0,"max_hp_loss":0,"event_name":"Transmorgrifier","floor":13,"gold_loss":0,"cards_obtained":["aspiration:Polymerization"]},{"damage_healed":0,"gold_gain":0,"player_choice":"Grow","damage_taken":0,"max_hp_gain":0,"max_hp_loss":0,"event_name":"Living Wall","floor":14,"gold_loss":0,"cards_upgraded":["Coolheaded"]}],"is_beta":false,"boss_relics":[{"not_picked":["Busted Crown","Snecko Eye"],"picked":"aspiration:FutureDiary"},{"not_picked":[]}],"items_purged_floors":[24],"is_endless":false,"potions_floor_spawned":[6,8,10,16],"killed_by":"Nightmare","ascension_level":1}}