{"host":"Qube","time":1610224945,"event":{"mods":["AchievementEnabler","BaseMod","Colored Map","Colored Powertips","Minty Spire (QoL Compilation)","Quick Restart","Random Character Button","StSLib"],"gold_per_floor":[114,132,149,167,167,167,10,10,10,44,56,56,88,88,88,190,190,190,175,175,175,175,175,175,175,175,175,175,175,175,175,175,175,175,175,175,175,175,175,175,175,175,175,175,175,175,175,175,175,175],"floor_reached":51,"playtime":2241,"items_purged":[],"score":868,"play_id":"bdb967a6-3e9f-44b4-b66d-a015fb236e7d","local_time":"20210109124225","is_ascension_mode":false,"campfire_choices":[{"data":"Zap","floor":6,"key":"SMITH"},{"data":"Dualcast","floor":8,"key":"SMITH"},{"floor":12,"key":"REST"},{"data":"Barrage","floor":15,"key":"SMITH"},{"data":"Glacier","floor":24,"key":"SMITH"},{"data":"Skim","floor":28,"key":"SMITH"},{"data":"Coolheaded","floor":30,"key":"SMITH"},{"data":"Hologram","floor":32,"key":"SMITH"},{"data":"Scrape","floor":41,"key":"SMITH"},{"data":"Strike_B+1","floor":44,"key":"PURGE"},{"floor":49,"key":"REST"}],"circlet_count":0,"master_deck":["Strike_B+1","Strike_B+1","Strike_B+1","Defend_B+1","Defend_B+1","Defend_B+1","Defend_B+1","Zap+1","Dualcast+1","Hologram+1","Cold Snap+1","Cold Snap","Coolheaded+1","Scrape+1","Barrage+1","Electrodynamics+1","Ball Lightning","Gash+1","Glacier+1","Gash+1","Capacitor+1","Skim+1","Gash","Echo Form+1","Gash+1","Chill+1","Ball Lightning+1","White Noise+1"],"relics":["Cracked Core","Dead Branch","Membership Card","Matryoshka","Frozen Egg 2","Bag of Marbles","Boot","Ectoplasm","White Beast Statue","Oddly Smooth Stone","Vajra","Nuclear Battery","Prayer Wheel","Regal Pillow","The Courier","Peace Pipe","Shovel","MealTicket"],"acts_visited":["Exordium","TheCity","TheBeyond"],"potions_floor_usage":[13,16,23,23,29,33,36,42,46,46,47,47,48],"damage_taken":[{"damage":1,"enemies":"Cultist","floor":1,"turns":4},{"damage":5,"enemies":"Small Slimes","floor":2,"turns":4},{"damage":0,"enemies":"2 Louse","floor":3,"turns":2},{"damage":8,"enemies":"Gremlin Gang","floor":4,"turns":7},{"damage":2,"enemies":"3 Sentries","floor":10,"turns":6},{"damage":3,"enemies":"Looter","floor":11,"turns":2},{"damage":0,"enemies":"Lagavulin","floor":13,"turns":7},{"damage":0,"enemies":"Slime Boss","floor":16,"turns":9},{"damage":0,"enemies":"Spheric Guardian","floor":18,"turns":3},{"damage":0,"enemies":"2 Thieves","floor":19,"turns":2},{"damage":0,"enemies":"3 Cultists","floor":20,"turns":3},{"damage":7,"enemies":"Centurion and Healer","floor":21,"turns":4},{"damage":0,"enemies":"Snecko","floor":22,"turns":4},{"damage":3,"enemies":"Gremlin Leader","floor":23,"turns":5},{"damage":3,"enemies":"Sentry and Sphere","floor":27,"turns":5},{"damage":6,"enemies":"Cultist and Chosen","floor":29,"turns":3},{"damage":3,"enemies":"Centurion and Healer","floor":31,"turns":3},{"damage":22,"enemies":"Collector","floor":33,"turns":7},{"damage":0,"enemies":"3 Darklings","floor":35,"turns":4},{"damage":6,"enemies":"2 Orb Walkers","floor":36,"turns":4},{"damage":0,"enemies":"3 Shapes","floor":38,"turns":3},{"damage":5,"enemies":"Spire Growth","floor":39,"turns":3},{"damage":10,"enemies":"Giant Head","floor":40,"turns":9},{"damage":1,"enemies":"Maw","floor":42,"turns":6},{"damage":0,"enemies":"4 Shapes","floor":45,"turns":4},{"damage":16,"enemies":"Transient","floor":46,"turns":5},{"damage":26,"enemies":"Mind Bloom Boss Battle","floor":47,"turns":5},{"damage":0,"enemies":"Nemesis","floor":48,"turns":3},{"damage":59,"enemies":"Time Eater","floor":50,"turns":11}],"seed_played":"5953033542877061528","potions_obtained":[{"floor":3,"key":"PowerPotion"},{"floor":10,"key":"EssenceOfSteel"},{"floor":13,"key":"Explosive Potion"},{"floor":19,"key":"Block Potion"},{"floor":21,"key":"Energy Potion"},{"floor":23,"key":"LiquidMemories"},{"floor":27,"key":"Weak Potion"},{"floor":29,"key":"Block Potion"},{"floor":31,"key":"Ancient Potion"},{"floor":33,"key":"Regen Potion"},{"floor":36,"key":"ColorlessPotion"},{"floor":38,"key":"Energy Potion"},{"floor":42,"key":"Regen Potion"},{"floor":46,"key":"ColorlessPotion"},{"floor":47,"key":"PowerPotion"},{"floor":48,"key":"SteroidPotion"}],"is_trial":false,"path_per_floor":["M","M","M","M","?","R","$","R","T","E","M","R","E","?","R","B",null,"M","M","M","M","M","E","R","?","T","M","R","M","R","M","R","B",null,"M","?","?","M","M","E","R","M","T","R","M","M","?","E","R","B",null],"character_chosen":"DEFECT","items_purchased":["Membership Card"],"campfire_rested":2,"item_purchase_floors":[7],"current_hp_per_floor":[67,62,62,54,40,40,40,40,40,38,35,55,55,55,55,55,68,68,68,68,61,61,58,58,58,58,55,55,49,49,46,46,24,68,68,62,62,62,57,47,47,61,61,61,61,45,33,33,68,9],"gold":175,"neow_bonus":"ONE_RARE_RELIC","is_daily":false,"chose_seed":false,"campfire_upgraded":8,"win_rate":0.0,"timestamp":1610224945,"path_taken":["M","?","?","M","?","R","$","R","T","E","M","R","E","?","R","BOSS","M","M","?","M","M","E","R","?","T","M","R","M","R","M","R","BOSS","M","?","?","M","M","E","R","M","T","R","?","M","?","E","R","BOSS"],"items_purchased_type":["Relic"],"build_version":"2020-12-18","purchased_purges":0,"victory":true,"max_hp_per_floor":[68,68,68,68,68,68,68,68,68,68,68,68,68,68,68,68,68,68,68,68,68,68,68,68,68,68,68,68,68,68,68,68,68,68,68,68,68,68,68,68,68,68,68,68,68,68,68,68,68,68],"card_choices":[{"not_picked":["Rebound","Aggregate"],"picked":"Hologram","floor":1},{"not_picked":["Steam","Coolheaded"],"picked":"Cold Snap","floor":2},{"not_picked":["Consume","Streamline"],"picked":"Cold Snap","floor":3},{"not_picked":["Double Energy","Turbo"],"picked":"Coolheaded","floor":4},{"not_picked":["Undo","Conserve Battery"],"picked":"Lockon","floor":10},{"not_picked":["Hologram","Conserve Battery"],"picked":"Scrape","floor":11},{"not_picked":["Tempest","Darkness"],"picked":"Barrage","floor":13},{"not_picked":["Machine Learning+1","Creative AI+1"],"picked":"Electrodynamics+1","floor":16},{"not_picked":["Go for the Eyes","Steam+1"],"picked":"Ball Lightning","floor":18},{"not_picked":["Darkness","Compile Driver+1","Steam Power"],"picked":"SKIP","floor":19},{"not_picked":["Stack","Steam Power"],"picked":"Gash+1","floor":20},{"not_picked":["Storm+1","Cold Snap"],"picked":"Glacier","floor":21},{"not_picked":["Hologram+1","Force Field"],"picked":"Gash+1","floor":22},{"not_picked":["Auto Shields","Go for the Eyes+1"],"picked":"Capacitor+1","floor":23},{"not_picked":["FTL","Tempest"],"picked":"Skim","floor":27},{"not_picked":["Go for the Eyes","Hologram"],"picked":"Gash","floor":29},{"not_picked":["White Noise","Compile Driver","Skim"],"picked":"SKIP","floor":31},{"not_picked":["Machine Learning+1","Creative AI+1"],"picked":"Echo Form+1","floor":33},{"not_picked":["Darkness","Barrage+1"],"picked":"Gash+1","floor":35},{"not_picked":["Undo","Redo","Compile Driver"],"picked":"SKIP","floor":38},{"not_picked":["Doom and Gloom+1","Sweeping Beam","Auto Shields"],"picked":"SKIP","floor":38},{"not_picked":["Conserve Battery+1","Barrage"],"picked":"Chill+1","floor":39},{"not_picked":["Auto Shields+1","Force Field","Ball Lightning"],"picked":"SKIP","floor":39},{"not_picked":["Lockon","Leap+1","Chill"],"picked":"SKIP","floor":40},{"not_picked":["Hologram+1","Turbo+1","Compile Driver"],"picked":"SKIP","floor":42},{"not_picked":["Beam Cell+1","Melter+1","Rip and Tear+1"],"picked":"SKIP","floor":42},{"not_picked":["Hologram","Turbo+1","Fusion+1"],"picked":"SKIP","floor":45},{"not_picked":["Lockon+1","Rebound","Rainbow"],"picked":"SKIP","floor":45},{"not_picked":["Rebound","Cold Snap"],"picked":"Ball Lightning+1","floor":46},{"not_picked":["BootSequence+1","Steam+1","Leap"],"picked":"SKIP","floor":46},{"not_picked":["Reinforced Body","Cold Snap"],"picked":"White Noise+1","floor":47},{"not_picked":["Rip and Tear","Beam Cell+1","Glacier"],"picked":"SKIP","floor":48}],"player_experience":864299,"relics_obtained":[{"floor":9,"key":"Matryoshka"},{"floor":10,"key":"Frozen Egg 2"},{"floor":13,"key":"Bag of Marbles"},{"floor":23,"key":"White Beast Statue"},{"floor":26,"key":"Oddly Smooth Stone"},{"floor":26,"key":"Vajra"},{"floor":36,"key":"Prayer Wheel"},{"floor":40,"key":"Regal Pillow"},{"floor":43,"key":"The Courier"},{"floor":43,"key":"Peace Pipe"},{"floor":47,"key":"Shovel"},{"floor":48,"key":"MealTicket"}],"event_choices":[{"damage_healed":0,"gold_gain":0,"player_choice":"Entered Light","damage_taken":14,"max_hp_gain":0,"max_hp_loss":0,"event_name":"Shining Light","floor":5,"gold_loss":0,"cards_upgraded":["Cold Snap","Defend_B"]},{"damage_healed":0,"gold_gain":0,"player_choice":"Gave Potion","damage_taken":0,"relics_obtained":["Boot"],"max_hp_gain":0,"max_hp_loss":0,"event_name":"WeMeetAgain","floor":14,"gold_loss":0},{"damage_healed":0,"gold_gain":0,"player_choice":"Simplicity","damage_taken":0,"max_hp_gain":0,"max_hp_loss":0,"event_name":"Back to Basics","floor":25,"gold_loss":0,"cards_upgraded":["Strike_B","Strike_B","Strike_B","Strike_B","Defend_B","Defend_B","Defend_B"]},{"damage_healed":0,"gold_gain":0,"player_choice":"Fight","damage_taken":0,"max_hp_gain":0,"max_hp_loss":0,"event_name":"Mysterious Sphere","floor":36,"gold_loss":0},{"cards_removed":["Lockon"],"damage_healed":0,"gold_gain":0,"player_choice":"Removed Attack","damage_taken":0,"max_hp_gain":0,"max_hp_loss":0,"event_name":"Falling","floor":37,"gold_loss":0},{"damage_healed":0,"gold_gain":0,"player_choice":"Fight","damage_taken":0,"max_hp_gain":0,"max_hp_loss":0,"event_name":"MindBloom","floor":47,"gold_loss":0}],"is_beta":true,"boss_relics":[{"not_picked":["Snecko Eye","Sozu"],"picked":"Ectoplasm"},{"not_picked":["Inserter","FrozenCore"],"picked":"Nuclear Battery"}],"items_purged_floors":[],"is_endless":false,"potions_floor_spawned":[3,10,13,19,21,23,27,29,31,33,35,36,38,39,40,42,45,46,47,48],"ascension_level":0}}