{"host":"0kliq79v4h130vq5","time":1610193358,"event":{"mods":["ATMod(∞¢Ë™Mod)","BaseMod","Minty Spire (QoL Compilation)","Quick Restart","Remilia£®¿Ÿ√◊¿Ú—«£©","StSLib","The Servant 0.9.4","Youmu£®ªÍ∆«—˝√Œ£©","°æ“≈ŒÔø®≈∆°øREMEMod"],"gold_per_floor":[115,40,58,58,58,91,91,121,121,121,21,59,186,261,261,375,375,401,419,419,419],"floor_reached":20,"playtime":1623,"items_purged":["Strike_S","Strike_S"],"score":226,"play_id":"e607dd71-62c3-4661-ad3d-c8d695439b78","local_time":"20210109195558","is_ascension_mode":true,"campfire_choices":[{"data":"AT_FamilyPortrait","floor":7.0,"key":"SMITH"},{"data":"Sunlight","floor":10.0,"key":"SMITH"},{"data":"Sunlight","floor":15.0,"key":"SMITH"}],"circlet_count":0,"master_deck":["Strike_S","Defend_S","Defend_S+1","Defend_S+1","Defend_S","KidneyShot","Exchange","AT_FamilyPortrait+1","Burst","BottledTime","ShiftingGears","Moonlight","Sunlight+1","BestPractice","Sunlight+1","TheWorld"],"relics":["Uniform","AT_ATBox","REME_ComplimentaryCards","NeowsBlessing","HornCleat","Singing Bowl","War Paint","REME_ArchaeologicalTools","Lantern","REME_DuelDisc"],"acts_visited":["Exordium","TheCity"],"potions_floor_usage":[],"damage_taken":[{"damage":0.0,"enemies":"Small Slimes","floor":1.0,"turns":1.0},{"damage":0.0,"enemies":"Jaw Worm","floor":3.0,"turns":1.0},{"damage":0.0,"enemies":"Gremlin Nob","floor":6.0,"turns":1.0},{"damage":16.0,"enemies":"Lagavulin","floor":8.0,"turns":7.0},{"damage":0.0,"enemies":"2 Louse","floor":12.0,"turns":1.0},{"damage":2.0,"enemies":"3 Sentries","floor":13.0,"turns":5.0},{"damage":23,"enemies":"The Guardian","floor":16,"turns":7},{"damage":6,"enemies":"Chosen","floor":18,"turns":2},{"damage":22,"enemies":"Shell Parasite","floor":19,"turns":5}],"seed_played":"-5573903754957874174","potions_obtained":[{"floor":3.0,"key":"Dexterity Potion"},{"floor":13.0,"key":"Dexterity Potion"},{"floor":16,"key":"SteroidPotion"}],"is_trial":false,"path_per_floor":["M","$","M","?","?","E","R","E","T","R","$","M","E","?","R","B",null,"M","M","$"],"character_chosen":"THE_SERVANT","items_purchased":[],"campfire_rested":0,"item_purchase_floors":[],"current_hp_per_floor":[65,65,65,65,58,58,58,44,44,44,44,44,42,31,31,8,67,63,43,43,43],"gold":419,"neow_bonus":"THREE_ENEMY_KILL","is_daily":false,"chose_seed":false,"campfire_upgraded":3,"win_rate":0.0,"timestamp":1610193358,"path_taken":["M","$","M","?","?","E","R","E","T","R","$","M","E","?","R","BOSS","M","M","$"],"items_purchased_type":[],"build_version":"2020-12-22","purchased_purges":2,"victory":false,"max_hp_per_floor":[65,65,65,65,65,65,65,67,67,67,67,67,67,67,67,67,67,69,71,71,71],"card_choices":[{"not_picked":["Ricochet","Spin"],"picked":"BottledTime","floor":1.0},{"not_picked":["Desolation","TimeWarp"],"picked":"ShiftingGears","floor":3.0},{"not_picked":["Moonlight","ShatteredReality"],"picked":"Sunlight","floor":6.0},{"not_picked":["DoubleEdge","Potential","Spin"],"picked":"Singing Bowl","floor":8.0},{"not_picked":["Rewind","TimeWarp"],"picked":"BestPractice","floor":12.0},{"not_picked":["Foresight","MoonPhase"],"picked":"Sunlight","floor":13.0},{"not_picked":["KillingDoll","Sunlight"],"picked":"TheWorld","floor":16},{"not_picked":["Ricochet","Unruled","Alleviate"],"picked":"Singing Bowl","floor":18},{"not_picked":["Manipulate","Replace","Unruled"],"picked":"Singing Bowl","floor":19}],"player_experience":96256,"relics_obtained":[{"floor":6.0,"key":"Singing Bowl"},{"floor":8.0,"key":"War Paint"},{"floor":9.0,"key":"REME_ArchaeologicalTools"},{"floor":13.0,"key":"Lantern"}],"event_choices":[{"damage_healed":0.0,"max_hp_gain":0.0,"max_hp_loss":0.0,"gold_gain":0.0,"cards_transformed":["Strike_S"],"event_name":"Living Wall","player_choice":"Change","floor":4.0,"gold_loss":0.0,"damage_taken":0.0,"cards_obtained":["Moonlight"]},{"damage_healed":0.0,"max_hp_gain":0.0,"max_hp_loss":0.0,"gold_gain":0.0,"event_name":"Scrap Ooze","player_choice":"Success","floor":5.0,"gold_loss":0.0,"damage_taken":7.0,"relics_obtained":["HornCleat"]},{"damage_healed":0.0,"max_hp_gain":0.0,"max_hp_loss":0.0,"gold_gain":75.0,"event_name":"World of Goop","player_choice":"Gather Gold","floor":14.0,"gold_loss":0.0,"damage_taken":11.0}],"is_beta":false,"boss_relics":[{"not_picked":["Tiny House","SacredBark"],"picked":"REME_DuelDisc"}],"items_purged_floors":[2,11],"is_endless":false,"potions_floor_spawned":[3,13,16,18],"ascension_level":1}}