{"host":"49c2zf0lajbcs427","time":1610169813,"event":{"mods":["AchievementEnabler","BaseMod","Colored Map","Colored Powertips","Highlight Path","Key Reminder","Minty Spire (QoL Compilation)","Relic Stats","StSLib"],"gold_per_floor":[112,112,187,14,33,67,67,67,90,117,117,145,170,170,170,265,265,278,278,278,65,65,99,99,130,200,234,253,303,318,243,243,344,344,356,356,372,372,422,455,455,484,511,511,522,541,557,576,576,576,576,576,156,189,189],"floor_reached":56,"playtime":4981,"items_purged":["Strike_G","Strike_G"],"score":1693,"play_id":"5e763ffa-24f1-4c79-adb3-ae0b2194f2d7","local_time":"20210109182332","is_ascension_mode":true,"campfire_choices":[{"floor":7.0,"key":"REST"},{"floor":15.0,"key":"RECALL"},{"floor":24.0,"key":"REST"},{"floor":32.0,"key":"REST"},{"floor":49.0,"key":"REST"},{"floor":52.0,"key":"REST"}],"circlet_count":0,"master_deck":["Strike_G+1","Defend_G","Defend_G","Defend_G","Defend_G","Defend_G+1","Survivor","Neutralize","Crippling Poison","Bouncing Flask","Poisoned Stab","Well Laid Plans+1","Acrobatics","Skewer","Noxious Fumes","Backflip","Acrobatics","Corpse Explosion","Acrobatics+1","Bouncing Flask","Wraith Form v2","PiercingWail","Tactician+1","Deadly Poison","Underhanded Strike+1","After Image","Acrobatics+1","Deadly Poison+1","Leg Sweep","Predator+1","Caltrops+1","Bouncing Flask","Dark Shackles","Wraith Form v2","Footwork"],"relics":["Fusion Hammer","Pear","CaptainsWheel","Juzu Bracelet","Mummified Hand","Odd Mushroom","Vajra","Snecko Eye","Blue Candle","Orichalcum","Shuriken","TungstenRod","Snake Skull","HoveringKite","Du-Vu Doll","Oddly Smooth Stone","Eternal Feather","DollysMirror","Akabeko"],"acts_visited":["Exordium","TheCity","TheBeyond","TheEnding"],"potions_floor_usage":[55,55],"damage_taken":[{"damage":0.0,"enemies":"Small Slimes","floor":1.0,"turns":3.0},{"damage":4.0,"enemies":"Jaw Worm","floor":5.0,"turns":3.0},{"damage":12.0,"enemies":"Lagavulin","floor":6.0,"turns":4.0},{"damage":13.0,"enemies":"Gremlin Nob","floor":10.0,"turns":4.0},{"damage":3.0,"enemies":"The Mushroom Lair","floor":12.0,"turns":4.0},{"damage":5.0,"enemies":"Lagavulin","floor":13.0,"turns":5.0},{"damage":0.0,"enemies":"Hexaghost","floor":16.0,"turns":8.0},{"damage":0.0,"enemies":"Chosen","floor":18.0,"turns":5.0},{"damage":10.0,"enemies":"Gremlin Leader","floor":23.0,"turns":4.0},{"damage":11.0,"enemies":"Slavers","floor":25.0,"turns":4.0},{"damage":0.0,"enemies":"Gremlin Leader","floor":27.0,"turns":5.0},{"damage":0.0,"enemies":"Spheric Guardian","floor":28.0,"turns":3.0},{"damage":4.0,"enemies":"Snake Plant","floor":30.0,"turns":3.0},{"damage":18.0,"enemies":"Champ","floor":33.0,"turns":8.0},{"damage":0.0,"enemies":"3 Shapes","floor":35.0,"turns":3.0},{"damage":0.0,"enemies":"Orb Walker","floor":37.0,"turns":3.0},{"damage":0.0,"enemies":"Mind Bloom Boss Battle","floor":39.0,"turns":5.0},{"damage":14.0,"enemies":"Nemesis","floor":40.0,"turns":5.0},{"damage":4.0,"enemies":"Giant Head","floor":42.0,"turns":6.0},{"damage":4.0,"enemies":"Sphere and 2 Shapes","floor":45.0,"turns":3.0},{"damage":4.0,"enemies":"Jaw Worm Horde","floor":46.0,"turns":4.0},{"damage":0.0,"enemies":"Maw","floor":47.0,"turns":4.0},{"damage":12.0,"enemies":"3 Darklings","floor":48.0,"turns":3.0},{"damage":7.0,"enemies":"Time Eater","floor":50.0,"turns":8.0},{"damage":5,"enemies":"Shield and Spear","floor":54,"turns":4},{"damage":23,"enemies":"The Heart","floor":55,"turns":8}],"seed_played":"153902537698653153","potions_obtained":[{"floor":5.0,"key":"DuplicationPotion"},{"floor":6.0,"key":"Fire Potion"},{"floor":12.0,"key":"Explosive Potion"},{"floor":18.0,"key":"Explosive Potion"},{"floor":30.0,"key":"AttackPotion"},{"floor":33.0,"key":"BlessingOfTheForge"},{"floor":39.0,"key":"Swift Potion"},{"floor":42.0,"key":"ColorlessPotion"},{"floor":45.0,"key":"LiquidMemories"},{"floor":48.0,"key":"EssenceOfSteel"}],"is_trial":false,"path_per_floor":["M","?","?","$","M","E","R","?","T","E","?","?","E","?","R","B",null,"M","?","?","$","$","E","R","E","T","E","M","T","M","?","R","B",null,"M","?","M","?","?","E","?","E","T","?","M","M","M","M","R","B",null,"R","$","E","B",null],"character_chosen":"THE_SILENT","items_purchased":["Bouncing Flask","Poisoned Stab","Well Laid Plans","Wraith Form v2","Dark Shackles","DollysMirror","Regen Potion"],"campfire_rested":5,"item_purchase_floors":[4,4,4,21,53,53,53],"current_hp_per_floor":[63,66,55,55,51,39,63,63,63,50,50,47,42,26,26,26,67,67,67,67,67,67,57,80,69,69,69,69,69,65,65,80,62,76,76,76,76,76,76,62,62,58,58,58,54,50,50,38,76,69,74,76,76,71,48],"gold":189,"neow_bonus":"BOSS_RELIC","is_daily":false,"chose_seed":false,"campfire_upgraded":0,"win_rate":0.0,"timestamp":1610169812,"path_taken":["M","?","?","?","M","E","R","?","T","E","?","?","E","?","R","BOSS","M","?","?","?","$","E","R","E","T","E","M","?","M","?","R","BOSS","M","?","M","?","?","E","?","E","T","?","M","M","M","M","R","BOSS","R","$","E","BOSS"],"items_purchased_type":["Card","Card","Card","Card","Card","Relic","Potion"],"build_version":"2020-12-22","purchased_purges":2,"victory":true,"max_hp_per_floor":[70,80,80,80,80,80,80,80,80,80,80,80,80,80,80,80,80,80,80,80,80,80,80,80,80,80,80,80,80,80,80,80,80,80,80,80,80,80,80,80,80,80,80,76,76,76,76,76,76,76,76,76,76,76,76],"relic_stats":{"counters":[26,119],"Mummified Hand":[120],"Shuriken":[15],"Blue Candle":[0],"Snecko Eye":[200,198,209,218],"HoveringKite":[41],"Eternal Feather":20,"Snake Skull":[249],"Juzu Bracelet":3,"Orichalcum":[114],"obtain_stats":[{"Pear":2,"Blue Candle":23,"Vajra":13,"HoveringKite":34,"Oddly Smooth Stone":40,"Eternal Feather":42,"Snake Skull":29,"Juzu Bracelet":9,"Odd Mushroom":12,"Orichalcum":25,"Akabeko":54,"keyreminder:keyreminder":13,"Du-Vu Doll":39,"CaptainsWheel":6,"Mummified Hand":10,"Shuriken":26,"DollysMirror":53,"Snecko Eye":17,"Fusion Hammer":0,"TungstenRod":27,"Ring of the Snake":0},{"Pear":1,"Blue Candle":9,"Vajra":6,"HoveringKite":14,"Oddly Smooth Stone":18,"Eternal Feather":19,"Snake Skull":12,"Juzu Bracelet":3,"Odd Mushroom":5,"Orichalcum":10,"Akabeko":25,"keyreminder:keyreminder":6,"Du-Vu Doll":17,"CaptainsWheel":3,"Mummified Hand":4,"Shuriken":10,"DollysMirror":24,"Snecko Eye":7,"Fusion Hammer":0,"TungstenRod":11,"Ring of the Snake":0},{"Pear":3,"Blue Candle":40,"Vajra":23,"HoveringKite":63,"Oddly Smooth Stone":79,"Eternal Feather":85,"Snake Skull":52,"Juzu Bracelet":10,"Odd Mushroom":18,"Orichalcum":44,"Akabeko":111,"keyreminder:keyreminder":23,"Du-Vu Doll":74,"CaptainsWheel":10,"Mummified Hand":14,"Shuriken":44,"DollysMirror":107,"Snecko Eye":31,"Fusion Hammer":0,"TungstenRod":49,"Ring of the Snake":0}],"TungstenRod":33},"card_choices":[{"not_picked":["PiercingWail","Escape Plan"],"picked":"Crippling Poison","floor":1.0},{"not_picked":["Blade Dance","Infinite Blades"],"picked":"Acrobatics","floor":5.0},{"not_picked":["Cloak And Dagger","Underhanded Strike"],"picked":"Skewer","floor":6.0},{"not_picked":["Endless Agony","Sucker Punch"],"picked":"Noxious Fumes","floor":10.0},{"not_picked":["Sucker Punch","Flying Knee"],"picked":"Backflip","floor":12.0},{"not_picked":["Quick Slash","Distraction"],"picked":"Acrobatics","floor":13.0},{"not_picked":["A Thousand Cuts","Glass Knife"],"picked":"Corpse Explosion","floor":16.0},{"not_picked":["Terror","Noxious Fumes"],"picked":"Acrobatics+1","floor":18.0},{"not_picked":["Caltrops","Poisoned Stab"],"picked":"PiercingWail","floor":23.0},{"not_picked":["Caltrops","Skewer","Dagger Spray+1"],"picked":"SKIP","floor":25.0},{"not_picked":["Poisoned Stab","Backflip+1"],"picked":"Tactician+1","floor":27.0},{"not_picked":["Deflect","Caltrops"],"picked":"Deadly Poison","floor":28.0},{"not_picked":["Terror+1","Dodge and Roll"],"picked":"Underhanded Strike+1","floor":30.0},{"not_picked":["Corpse Explosion","Malaise"],"picked":"After Image","floor":33.0},{"not_picked":["Poisoned Stab","Choke+1"],"picked":"Acrobatics+1","floor":35.0},{"not_picked":["PiercingWail+1","Deadly Poison","Sucker Punch+1"],"picked":"SKIP","floor":37.0},{"not_picked":["Dash+1","Poisoned Stab+1"],"picked":"Deadly Poison+1","floor":39.0},{"not_picked":["Sucker Punch","Flechettes"],"picked":"Leg Sweep","floor":40.0},{"not_picked":["PiercingWail+1","Underhanded Strike"],"picked":"Predator+1","floor":42.0},{"not_picked":["Deflect+1","Leg Sweep","Riddle With Holes"],"picked":"SKIP","floor":45.0},{"not_picked":["All Out Attack","Blade Dance"],"picked":"Caltrops+1","floor":46.0},{"not_picked":["Bane+1","Predator+1"],"picked":"Bouncing Flask","floor":47.0},{"not_picked":["Prepared+1","Slice","Dagger Spray"],"picked":"SKIP","floor":48.0},{"not_picked":["Sucker Punch+1","Concentrate+1"],"picked":"Footwork","floor":54}],"player_experience":2265376,"relics_obtained":[{"floor":6.0,"key":"CaptainsWheel"},{"floor":9.0,"key":"Juzu Bracelet"},{"floor":10.0,"key":"Mummified Hand"},{"floor":12.0,"key":"Odd Mushroom"},{"floor":13.0,"key":"Vajra"},{"floor":23.0,"key":"Blue Candle"},{"floor":25.0,"key":"Orichalcum"},{"floor":26.0,"key":"Shuriken"},{"floor":27.0,"key":"TungstenRod"},{"floor":29.0,"key":"Snake Skull"},{"floor":39.0,"key":"Du-Vu Doll"},{"floor":40.0,"key":"Oddly Smooth Stone"},{"floor":42.0,"key":"Eternal Feather"},{"floor":54,"key":"Akabeko"}],"event_choices":[{"damage_healed":0.0,"max_hp_gain":0.0,"max_hp_loss":0.0,"gold_gain":0.0,"event_name":"Scrap Ooze","player_choice":"Success","floor":2.0,"gold_loss":0.0,"damage_taken":7.0,"relics_obtained":["Pear"]},{"damage_healed":0.0,"max_hp_gain":0.0,"max_hp_loss":0.0,"gold_gain":75.0,"event_name":"World of Goop","player_choice":"Gather Gold","floor":3.0,"gold_loss":0.0,"damage_taken":11.0},{"damage_healed":0.0,"max_hp_gain":0.0,"max_hp_loss":0.0,"gold_gain":0.0,"event_name":"Living Wall","player_choice":"Grow","floor":8.0,"gold_loss":0.0,"damage_taken":0.0,"cards_upgraded":["Well Laid Plans"]},{"damage_healed":0.0,"max_hp_gain":0.0,"max_hp_loss":0.0,"gold_gain":0.0,"event_name":"NoteForYourself","player_choice":"Ignored","floor":11.0,"gold_loss":0.0,"damage_taken":0.0},{"damage_healed":0.0,"max_hp_gain":0.0,"max_hp_loss":0.0,"gold_gain":0.0,"event_name":"Mushrooms","player_choice":"Fought Mushrooms","floor":12.0,"gold_loss":0.0,"damage_taken":0.0},{"damage_healed":0.0,"max_hp_gain":0.0,"max_hp_loss":0.0,"gold_gain":0.0,"event_name":"Shining Light","player_choice":"Entered Light","floor":14.0,"gold_loss":0.0,"damage_taken":16.0,"cards_upgraded":["Defend_G","Strike_G"]},{"damage_healed":0.0,"max_hp_gain":0.0,"max_hp_loss":0.0,"gold_gain":0.0,"event_name":"The Library","player_choice":"Read","floor":19.0,"gold_loss":0.0,"damage_taken":0.0,"cards_obtained":["Bouncing Flask"]},{"damage_healed":0.0,"max_hp_gain":0.0,"max_hp_loss":0.0,"gold_gain":0.0,"event_name":"Ghosts","player_choice":"Ignored","floor":20.0,"gold_loss":0.0,"damage_taken":0.0},{"cards_removed":["Strike_G"],"damage_healed":0.0,"max_hp_gain":0.0,"max_hp_loss":0.0,"gold_gain":0.0,"event_name":"Beggar","player_choice":"Gave Gold","floor":31.0,"gold_loss":75.0,"damage_taken":0.0},{"cards_removed":["Strike_G"],"damage_healed":0.0,"max_hp_gain":0.0,"max_hp_loss":0.0,"gold_gain":0.0,"event_name":"Purifier","player_choice":"Purged","floor":36.0,"gold_loss":0.0,"damage_taken":0.0},{"damage_healed":0.0,"max_hp_gain":0.0,"max_hp_loss":0.0,"gold_gain":0.0,"event_name":"Tomb of Lord Red Mask","player_choice":"Ignored","floor":38.0,"gold_loss":0.0,"damage_taken":0.0},{"damage_healed":0.0,"max_hp_gain":0.0,"max_hp_loss":0.0,"gold_gain":0.0,"event_name":"MindBloom","player_choice":"Fight","floor":39.0,"gold_loss":0.0,"damage_taken":0.0},{"damage_healed":0.0,"max_hp_gain":0.0,"max_hp_loss":0.0,"gold_gain":0.0,"event_name":"SensoryStone","player_choice":"Memory 1","floor":41.0,"gold_loss":0.0,"damage_taken":0.0},{"damage_healed":0.0,"max_hp_gain":0.0,"max_hp_loss":4.0,"gold_gain":0.0,"event_name":"Winding Halls","player_choice":"Max HP","floor":44.0,"gold_loss":0.0,"damage_taken":0.0}],"is_beta":false,"boss_relics":[{"not_picked":["SlaversCollar","WristBlade"],"picked":"Snecko Eye"},{"not_picked":["Velvet Choker","SacredBark"],"picked":"HoveringKite"}],"items_purged_floors":[21,53],"is_endless":false,"potions_floor_spawned":[5,6,12,18,30,33,39,42,45,47,48],"ascension_level":6}}