{"host":"sav7uxregyirlf69","time":1610199659,"event":{"mods":["AchievementEnabler","BaseMod","Colored Map","DeckTracker","Keyboard Shortcuts","Minty Spire (QoL Compilation)","READ ME - Guardian Mod","StSLib","SuperFastMode"],"gold_per_floor":[18,35,35,48,48,48,82,82,82,82,102,102,102],"floor_reached":12,"playtime":176,"items_purged":[],"score":156,"play_id":"3a7366f8-7114-473c-b7b7-223c71359c7b","local_time":"20210109224059","is_ascension_mode":true,"campfire_choices":[{"data":"Perfected Strike","floor":6,"key":"SMITH"},{"data":"Offering","floor":8,"key":"SMITH"}],"circlet_count":0,"master_deck":["AscendersBane","Strike_R","Strike_R","Strike_R","Strike_R","Strike_R","Defend_R","Defend_R","Defend_R","Bash","Perfected Strike+1","Pommel Strike","Offering+1","Pommel Strike"],"relics":["Burning Blood","Gambling Chip","InkBottle","Nunchaku","Toxic Egg 2"],"acts_visited":["Exordium"],"potions_floor_usage":[11],"damage_taken":[{"damage":2,"enemies":"2 Louse","floor":1,"turns":4},{"damage":9,"enemies":"Jaw Worm","floor":2,"turns":4},{"damage":6,"enemies":"Small Slimes","floor":4,"turns":3},{"damage":8,"enemies":"Gremlin Nob","floor":7,"turns":3},{"damage":27,"enemies":"Exordium Thugs","floor":11,"turns":3},{"damage":16,"enemies":"3 Sentries","floor":12,"turns":4}],"seed_played":"-4546300778404784834","potions_obtained":[{"floor":1,"key":"CultistPotion"},{"floor":2,"key":"SneckoOil"}],"is_trial":false,"path_per_floor":["M","M","?","M","?","R","E","R","T","?","M","E"],"character_chosen":"IRONCLAD","items_purchased":[],"campfire_rested":0,"item_purchase_floors":[],"current_hp_per_floor":[72,69,34,34,39,39,37,37,37,37,16,0,0],"gold":102,"neow_bonus":"ONE_RARE_RELIC","is_daily":false,"chose_seed":false,"campfire_upgraded":2,"win_rate":0.0,"timestamp":1610199659,"path_taken":["M","M","?","M","?","R","E","R","T","?","?","E"],"items_purchased_type":[],"build_version":"2020-12-22","purchased_purges":0,"victory":false,"max_hp_per_floor":[75,75,75,75,80,80,80,80,80,80,80,80,80],"card_choices":[{"not_picked":["Havoc","Clash"],"picked":"Perfected Strike","floor":1},{"not_picked":["Hemokinesis","True Grit","Rampage"],"picked":"SKIP","floor":2},{"not_picked":["Body Slam","Dark Embrace"],"picked":"Pommel Strike","floor":4},{"not_picked":["Anger","Thunderclap"],"picked":"Offering","floor":7},{"not_picked":["Warcry+1","True Grit+1"],"picked":"Pommel Strike","floor":11}],"player_experience":1213708,"relics_obtained":[{"floor":7,"key":"Nunchaku"},{"floor":9,"key":"Toxic Egg 2"}],"event_choices":[{"damage_healed":0,"gold_gain":0,"player_choice":"Success","damage_taken":35,"relics_obtained":["InkBottle"],"max_hp_gain":0,"max_hp_loss":0,"event_name":"Scrap Ooze","floor":3,"gold_loss":0},{"damage_healed":0,"gold_gain":0,"player_choice":"Donut","damage_taken":0,"max_hp_gain":5,"max_hp_loss":0,"event_name":"Big Fish","floor":5,"gold_loss":0},{"cards_removed":["Defend_R"],"damage_healed":0,"gold_gain":0,"player_choice":"Purged","damage_taken":0,"max_hp_gain":0,"max_hp_loss":0,"event_name":"Purifier","floor":10,"gold_loss":0}],"is_beta":false,"boss_relics":[],"items_purged_floors":[],"is_endless":false,"potions_floor_spawned":[1,2],"killed_by":"3 Sentries","ascension_level":20}}