{"host":"m9b9nkcj1hzhp9h6","time":1610219855,"event":{"mods":["100% Spire Juice","AchievementEnabler","Act Like it!","AlwaysNeverKeys","Aspiration","BaseMod","Better Altar","Better Match","Better Note","Better Sensory Stone","Better Silent Start","Better Skull","Better Third Choice","Better Vampires","BetterRewards","Booster Modes","Colored Map","Colored Powertips","Colorless Booster Pack","Conspire","Custom Start","Dark Map","Defective Defect","Dio Mod","Displayed Cursed Tome","Dota2Spire","Downfall","Elementarium","Emptier Cage","Energized Spire","Fox Events","Friendly Minions","Gensokyo","GifTheSpireLib","Halation","HexUI Lib","Hubris","Infinite Spire","Ironclad Rager","Jedi Mod","Mari Mod (Legacy)","Mari\u0027s V1 Patch","Marked Mod","Menagerie","Mimic Mod","Minty Spire (QoL Compilation)","Pale of the Ancients","Permanent Neow","Poor People Problems","Prisma Mod","RRrroohrrRGHHhhh!!","Random Character Button","Random Character Mod","Relic Sorter","Relic Stats","Remilia??????","Replay The Spire","Reworked Bosses","Robot Space Explorer","RumiaBox-????????","SCP261 Mod","SacredBarkPlus","Small Relic Pack","Spikes Relics","StSLib","Stuff the Spire","The Animator","The Blue Laboratory","The Factory","The IronCluck","The Jungle","Trackpad","Transform Curses","Useless Jewels Mod","Virulent Crown","Waifu the Spire","Wandering Minibosses","Yohane!","Yuri Mod","egg","slay the spire mod where everything is the same but ironclad has a cowboy hat","thorton","vexMod"],"gold_per_floor":[118,118,118,128,147,147,190,190,221,232,258,183,108,8,8,110,135,211,211,86,86,152,152,220,281,387,447,550,550,550,256,256,431,506,567,637,637,704,854,960,1044,1044,1068,1120,187,264,348,148,148,198,198,198,642,642,642],"floor_reached":54,"playtime":2310,"items_purged":["animator:Strike","animator:Strike","animator:Defend","Elementarium:StickyTar","Amnesia","rorgmod:Fever"],"score":870,"play_id":"51d4d533-a9a6-4a0f-b93f-06886d8e7319","local_time":"20210109211735","is_ascension_mode":false,"campfire_choices":[{"floor":6,"key":"REST"},{"floor":15,"key":"REST"},{"data":"animator:MetalKnight","floor":23,"key":"SMITH"},{"floor":29,"key":"REST"},{"data":"animator:Gilgamesh+17","floor":32,"key":"SMITH"},{"floor":49,"key":"RECALL"},{"data":"StuffTheSpire:BrainWave","floor":52,"key":"SMITH"}],"circlet_count":0,"master_deck":["animator:Strike_OnePunchMan","animator:Genos","animator:MumenRider","animator:Benimaru","animator:MetalKnight","animator:SilverFang","animator:Archer","animator:Gilgamesh","animator:Sonic","animator:Melzalgald","animator:Tatsumaki","animator:Shiro","animator:HigakiRinne","animator:DolaRiku+1","animator:Viivi+1"],"relics":["animator:TheEgnaroPiece"],"acts_visited":["Gensokyo:Gensokyo","Elementarium:Elementarium","Gensokyo:Gensokyoest","TheEnding","EYB:TheUnnamedReign"],"potions_floor_usage":[4,25,27,47],"damage_taken":[{"damage":5,"enemies":"Gensokyo:Python","floor":1,"turns":3},{"damage":5,"enemies":"Gensokyo:Gryphon","floor":4,"turns":3},{"damage":6,"enemies":"Gensokyo:2_Kodama","floor":5,"turns":3},{"damage":11,"enemies":"Gensokyo:Mamizou","floor":7,"turns":7},{"damage":3,"enemies":"Gensokyo:Gryphon_and_Rabbit","floor":9,"turns":4},{"damage":21,"enemies":"Gensokyo:Gryphon_and_Rabbit","floor":10,"turns":6},{"damage":15,"enemies":"Gensokyo:Aya","floor":11,"turns":5},{"damage":10,"enemies":"Gensokyo:Reimu","floor":16,"turns":5},{"damage":3,"enemies":"Elementarium:MUD_AND_TAR_GOLEMS","floor":18,"turns":3},{"damage":4,"enemies":"Elementarium:2_ELEMENTALS","floor":22,"turns":3},{"damage":17,"enemies":"Elementarium:STONE_GOLEMS","floor":24,"turns":4},{"damage":18,"enemies":"Elementarium:3_ELEMENTALS","floor":25,"turns":3},{"damage":0,"enemies":"Elementarium:VOID_CORRUPTION_AND_TAR_GOLEM","floor":26,"turns":5},{"damage":14,"enemies":"Elementarium:VOID_CORRUPTION_AND_TAR_GOLEM","floor":27,"turns":3},{"damage":0,"enemies":"Elementarium:FIRE_NOBILITY","floor":28,"turns":4},{"damage":42,"enemies":"Elementarium:PHOENIXES","floor":33,"turns":7},{"damage":0,"enemies":"Gensokyo:3_Bats","floor":35,"turns":2},{"damage":3,"enemies":"Gensokyo:3_Boulders","floor":36,"turns":4},{"damage":0,"enemies":"Gensokyo:AtlasGolem","floor":38,"turns":2},{"damage":0,"enemies":"Gensokyo:Doremy","floor":40,"turns":2},{"damage":0,"enemies":"Gensokyo:SeedOfUnknown","floor":41,"turns":2},{"damage":27,"enemies":"Gensokyo:Sharpion","floor":46,"turns":3},{"damage":12,"enemies":"Gensokyo:4_Bats","floor":47,"turns":2},{"damage":0,"enemies":"Gensokyo:Scarlet_Devils","floor":50,"turns":3},{"damage":100,"enemies":"animator:TRIPLE_SHAPES_WEAK","floor":54,"turns":4}],"seed_played":"5972721475491249385","potions_obtained":[{"floor":1,"key":"Adrenaline Potion"},{"floor":4,"key":"blueLaboratory:HorrorPotion"},{"floor":10,"key":"Dota2Spire:Clarity"},{"floor":11,"key":"Adrenaline Potion"},{"floor":25,"key":"Dota2Spire:Clarity"},{"floor":47,"key":"Dota2Spire:Clarity"}],"is_trial":false,"path_per_floor":["M","?","?","M","M","R","E","?","MIM","M","E","$","?","$","R","B",null,"M","?","$","?","M","R","M","M","MIM","M","E","R","?","$","R","B",null,"M","M","?","M","?","E","M","?","T","T","$","M","M","$","R_BF","B",null,"R","??","M"],"character_chosen":"THE_ANIMATOR","items_purchased":["aspiration:Lifesprig","animator:Shiro+1","halation:LostSnail","Charon\u0027s Ashes","Replay:Kaleidoscope"],"campfire_rested":3,"item_purchase_floors":[31,45,45,45,45],"current_hp_per_floor":[55,20,20,15,9,27,49,49,47,26,11,11,11,11,29,19,61,58,58,58,61,57,57,40,22,22,8,8,26,47,47,47,5,75,76,73,73,73,73,73,73,73,73,73,73,46,34,34,34,34,76,76,98,0,0],"gold":642,"neow_bonus":"REMOVE_TWO","is_daily":false,"chose_seed":false,"campfire_upgraded":3,"win_rate":0.0,"timestamp":1610219855,"path_taken":["M","?","?","M","?","R","E","?","MIM","?","E","$","?","?","R","BOSS","M","?","$","?","M","R","M","M","MIM","?","E","R","?","?","R","BOSS","M","M","?","M","?","E","?","?","T","?","?","M","M","?","R_BF","BOSS","R","??","M"],"items_purchased_type":["Relic","Card","Relic","Relic","Relic"],"build_version":"2020-12-22","purchased_purges":6,"victory":false,"max_hp_per_floor":[60,60,60,60,60,60,60,60,61,61,61,61,61,61,61,61,61,61,61,61,61,61,61,61,61,61,61,61,61,61,61,61,61,75,76,76,76,76,76,76,76,76,76,76,76,76,76,76,76,76,76,76,98,98,98],"relic_stats":{"counters":[25,91],"obtain_stats":[{"vexMod:MemoryStick":41,"ShockBauble":11,"Dota2Spire:RefresherOrb":17,"StuffTheSpire:BottledEssence":28,"trackpad:WondrousWand":35,"trackpad:SneckoScepter":16,"Replay:Ringing Soul":25,"Centennial Puzzle":47,"halation:VictoryRuler":36,"Prayer Wheel":27,"jedi:ashlotus":16,"Replay:Wax Seal":9,"wanderingMiniBosses:ThiefScarf":10,"trackpad:SappingStone":26,"animator:BattleDrones":28,"hubris:SphereOfDissonance":41,"Charon\u0027s Ashes":45,"Letter Opener":35,"Replay:Kaleidoscope":45,"Dota2Spire:AghanimScepter":33,"Elementarium:ElementariumTrophy":33,"Simple Rune":28,"Dota2Spire:PhaseBoots":44,"Lantern":11,"Regal Pillow":24,"hubris:Metronome":26,"aspiration:Lifesprig":31,"relicPack:DSword":2,"animator:TheMissingPiece":0,"Mango":34,"Blue Doll":39,"BrokenLever":46,"SecretRecord":38,"jedi:Pinwheel":24,"Smiling Mask":33,"halation:Pancakes":7,"StuffTheSpire:Experiment12":22,"Frozen Eye":36,"trackpad:RapidFire":47,"StuffTheSpire:HeavyRock":18,"Ring of Peace":39,"trackpad:Compendium":46,"hubris:CuriousFeather":50,"aspiration:ChemicalBlood":11,"hubris:GlazedTorus":27,"trackpad:HandOfMidas":26,"aspiration:RunicSpoon":18,"halation:IllGainedPizza":39,"StuffTheSpire:Saxophone":40,"infinitespire:FocusingShard":40,"Ring of Greed":39,"Calling Bell":34,"animator:TheEgnaroPiece":53,"animator:LivingPicture":0,"Membership Card":25,"halation:LostSnail":45,"halation:PinkSoulGem":3,"jedi:arcanewood":34,"TungstenRod":22,"infinitespire:Midas Blood":40},{"vexMod:MemoryStick":20,"ShockBauble":6,"Dota2Spire:RefresherOrb":8,"StuffTheSpire:BottledEssence":14,"trackpad:WondrousWand":16,"trackpad:SneckoScepter":7,"Replay:Ringing Soul":11,"Centennial Puzzle":22,"halation:VictoryRuler":17,"Prayer Wheel":13,"jedi:ashlotus":7,"Replay:Wax Seal":5,"wanderingMiniBosses:ThiefScarf":6,"trackpad:SappingStone":12,"animator:BattleDrones":14,"hubris:SphereOfDissonance":20,"Charon\u0027s Ashes":21,"Letter Opener":16,"Replay:Kaleidoscope":21,"Dota2Spire:AghanimScepter":15,"Elementarium:ElementariumTrophy":16,"Simple Rune":15,"Dota2Spire:PhaseBoots":21,"Lantern":6,"Regal Pillow":10,"hubris:Metronome":13,"aspiration:Lifesprig":15,"relicPack:DSword":1,"animator:TheMissingPiece":0,"Mango":16,"Blue Doll":19,"BrokenLever":21,"SecretRecord":18,"jedi:Pinwheel":10,"Smiling Mask":15,"halation:Pancakes":4,"StuffTheSpire:Experiment12":9,"Frozen Eye":17,"trackpad:RapidFire":22,"StuffTheSpire:HeavyRock":8,"Ring of Peace":19,"trackpad:Compendium":21,"hubris:CuriousFeather":23,"aspiration:ChemicalBlood":7,"hubris:GlazedTorus":13,"trackpad:HandOfMidas":12,"aspiration:RunicSpoon":8,"halation:IllGainedPizza":19,"StuffTheSpire:Saxophone":19,"infinitespire:FocusingShard":19,"Ring of Greed":19,"Calling Bell":16,"animator:TheEgnaroPiece":24,"animator:LivingPicture":0,"Membership Card":11,"halation:LostSnail":21,"halation:PinkSoulGem":1,"jedi:arcanewood":16,"TungstenRod":9,"infinitespire:Midas Blood":20},{"vexMod:MemoryStick":78,"ShockBauble":26,"Dota2Spire:RefresherOrb":36,"StuffTheSpire:BottledEssence":57,"trackpad:WondrousWand":68,"trackpad:SneckoScepter":31,"Replay:Ringing Soul":46,"Centennial Puzzle":82,"halation:VictoryRuler":70,"Prayer Wheel":54,"jedi:ashlotus":31,"Replay:Wax Seal":20,"wanderingMiniBosses:ThiefScarf":26,"trackpad:SappingStone":49,"animator:BattleDrones":57,"hubris:SphereOfDissonance":78,"Charon\u0027s Ashes":80,"Letter Opener":68,"Replay:Kaleidoscope":80,"Dota2Spire:AghanimScepter":61,"Elementarium:ElementariumTrophy":68,"Simple Rune":61,"Dota2Spire:PhaseBoots":80,"Lantern":26,"Regal Pillow":42,"hubris:Metronome":54,"aspiration:Lifesprig":61,"relicPack:DSword":3,"animator:TheMissingPiece":0,"Mango":68,"Blue Doll":76,"BrokenLever":80,"SecretRecord":74,"jedi:Pinwheel":42,"Smiling Mask":61,"halation:Pancakes":16,"StuffTheSpire:Experiment12":39,"Frozen Eye":70,"trackpad:RapidFire":82,"StuffTheSpire:HeavyRock":36,"Ring of Peace":76,"trackpad:Compendium":80,"hubris:CuriousFeather":84,"aspiration:ChemicalBlood":31,"hubris:GlazedTorus":54,"trackpad:HandOfMidas":49,"aspiration:RunicSpoon":36,"halation:IllGainedPizza":76,"StuffTheSpire:Saxophone":76,"infinitespire:FocusingShard":76,"Ring of Greed":76,"Calling Bell":68,"animator:TheEgnaroPiece":87,"animator:LivingPicture":0,"Membership Card":46,"halation:LostSnail":80,"halation:PinkSoulGem":3,"jedi:arcanewood":68,"TungstenRod":39,"infinitespire:Midas Blood":78}]},"card_choices":[{"not_picked":["animator:SakuraMatou","animator:Shion"],"picked":"animator:Benimaru","floor":1},{"not_picked":["animator:DolaRiku","animator:Fredrika","animator:SakuraMatou"],"picked":"SKIP","floor":4},{"not_picked":["animator:Benimaru","animator:AcuraAkari","animator:GuildGirl"],"picked":"SKIP","floor":5},{"not_picked":["animator:SilverFang","animator:Genos"],"picked":"animator:MetalKnight","floor":7},{"not_picked":["animator:Assassin","animator:Shion"],"picked":"animator:SilverFang","floor":9},{"not_picked":["animator:Jibril","animator:FielNirvalen","animator:ChaikaBohdan"],"picked":"SKIP","floor":10},{"not_picked":["animator:Benimaru","animator:ShinjiMatou","animator:LizardPriest"],"picked":"SKIP","floor":11},{"not_picked":["animator:Tet+1","animator:Lancer+1"],"picked":"animator:Archer+1","floor":13},{"not_picked":["animator:Wiz","animator:AcuraShin"],"picked":"animator:Gilgamesh","floor":16},{"not_picked":["animator:Geryuganshoop","animator:SilverFang"],"picked":"animator:Sonic","floor":18},{"not_picked":["animator:Verdia","animator:Vanir","animator:ChaikaBohdan"],"picked":"SKIP","floor":22},{"not_picked":["animator:Layla","animator:Vesta","animator:DolaRiku+1"],"picked":"SKIP","floor":24},{"not_picked":["animator:Berserker","animator:Verdia","animator:RinTohsaka"],"picked":"SKIP","floor":25},{"not_picked":["animator:Vanir","animator:Guy+1","animator:SwordMaiden"],"picked":"SKIP","floor":27},{"not_picked":["animator:Verdia","animator:ChaikaBohdan"],"picked":"animator:MumenRider","floor":28},{"not_picked":["animator:ChaikaTrabant","animator:Boros"],"picked":"animator:Gilgamesh","floor":33},{"not_picked":["animator:Sonic","animator:Genos"],"picked":"animator:Melzalgald","floor":35},{"not_picked":["animator:Assassin+1","animator:Kazuma","animator:GazelDwargon"],"picked":"SKIP","floor":36},{"not_picked":["animator:Jibril","animator:Shizu","animator:YunYun"],"picked":"SKIP","floor":38},{"not_picked":["animator:AcuraTooru+1","animator:Caster","animator:ChaikaBohdan"],"picked":"SKIP","floor":40},{"not_picked":["animator:SilverFang","animator:MumenRider"],"picked":"animator:Tatsumaki","floor":41},{"not_picked":["animator:Verdia+1","animator:Souei+1","animator:Kazuma+1"],"picked":"SKIP","floor":46},{"not_picked":["animator:Millim","animator:Alexander","animator:DolaRiku+1"],"picked":"SKIP","floor":47}],"player_experience":1402241,"relics_obtained":[{"floor":7,"key":"halation:Pancakes"},{"floor":9,"key":"Replay:Wax Seal"},{"floor":10,"key":"wanderingMiniBosses:ThiefScarf"},{"floor":10,"key":"halation:PinkSoulGem"},{"floor":11,"key":"aspiration:ChemicalBlood"},{"floor":26,"key":"hubris:Metronome"},{"floor":28,"key":"Simple Rune"},{"floor":34,"key":"jedi:arcanewood"},{"floor":34,"key":"Mango"},{"floor":39,"key":"Ring of Peace"},{"floor":39,"key":"Ring of Greed"},{"floor":39,"key":"halation:IllGainedPizza"},{"floor":39,"key":"Blue Doll"},{"floor":40,"key":"infinitespire:Midas Blood"},{"floor":44,"key":"Dota2Spire:PhaseBoots"},{"floor":53,"key":"animator:TheEgnaroPiece"}],"event_choices":[{"damage_healed":0,"gold_gain":0,"player_choice":"2","damage_taken":0,"max_hp_gain":0,"max_hp_loss":0,"event_name":"betterMatch:BetterMatch","floor":13,"gold_loss":0,"cards_obtained":["betterMatch:UncommonCard","betterMatch:CommonCard"]},{"damage_healed":0,"gold_gain":0,"player_choice":"Ignored","damage_taken":0,"max_hp_gain":0,"max_hp_loss":0,"event_name":"Elementarium:ElementalBlades","floor":19,"gold_loss":0},{"damage_healed":3,"gold_gain":0,"player_choice":"LEAVE ","damage_taken":0,"relics_obtained":[],"max_hp_gain":0,"max_hp_loss":0,"event_name":"betterSkull:BetterSkull","floor":21,"gold_loss":0,"cards_upgraded":[]},{"damage_healed":21,"gold_gain":0,"player_choice":"Drink","damage_taken":0,"max_hp_gain":0,"max_hp_loss":0,"event_name":"Elementarium:StickySituation","floor":30,"gold_loss":0,"cards_obtained":["Elementarium:StickyTar"]}],"is_beta":false,"boss_relics":[{"not_picked":["vexMod:MegatonBomb","vexMod:CursedCompass"],"picked":"Dota2Spire:RefresherOrb"},{"not_picked":["halation:HeavySnake","aspiration:DefectSkillbook"],"picked":"Calling Bell"}],"items_purged_floors":[12,14,20,31,45,48],"is_endless":false,"potions_floor_spawned":[1,4,10,11,25,27,28,33,36,47],"killed_by":"animator:TRIPLE_SHAPES_WEAK","ascension_level":0}}