{"host":"82ztocp0hmggul0m","time":1610170416,"event":{"mods":["BaseMod","Minty Spire (QoL Compilation)","Replay The Spire","StSLib","UnlockEverythingMod"],"gold_per_floor":[118,133,151,151,151,186,186,200,200,200,44,44,62,81,81,81,81],"floor_reached":16,"playtime":1874,"items_purged":["Defend_P"],"score":102,"play_id":"6d5cab51-d110-4d47-b53c-67cb5a0a3b25","local_time":"20210108213336","is_ascension_mode":false,"campfire_choices":[{"floor":7.0,"key":"RECALL"},{"data":"BattleHymn","floor":12.0,"key":"SMITH"},{"floor":15.0,"key":"REST"}],"circlet_count":0,"master_deck":["Strike_P","Strike_P","Defend_P","Eruption","Vigilance","CutThroughFate","Evaluate","Consecrate","ForeignInfluence","Steam","BattleHymn+1","FlurryOfBlows","Iron Wave","Conclude","WindmillStrike","FollowUp"],"relics":["PureWater","ReplayTheSpireMod:TigerMarble"],"acts_visited":[],"potions_floor_usage":[],"damage_taken":[{"damage":8.0,"enemies":"Jaw Worm","floor":1.0,"turns":5.0},{"damage":0.0,"enemies":"Small Slimes","floor":2.0,"turns":2.0},{"damage":6.0,"enemies":"Cultist","floor":3.0,"turns":3.0},{"damage":30.0,"enemies":"Lagavulin","floor":6.0,"turns":9.0},{"damage":0.0,"enemies":"Large Slime","floor":8.0,"turns":2.0},{"damage":6.0,"enemies":"Gremlin Gang","floor":13.0,"turns":2.0},{"damage":2.0,"enemies":"Looter","floor":14.0,"turns":2.0},{"damage":51,"enemies":"The Guardian","floor":16,"turns":6}],"seed_played":"1395392969309053292","potions_obtained":[{"floor":2.0,"key":"Languid Potion"},{"floor":3.0,"key":"Elixir"}],"is_trial":false,"path_per_floor":["M","M","M","?","?","E","R","M","T","?","$","R","M","M","R","B"],"character_chosen":"WATCHER","items_purchased":["Conclude"],"campfire_rested":1,"item_purchase_floors":[11],"current_hp_per_floor":[71,71,65,65,65,35,35,35,35,35,35,35,29,27,50,0,0],"gold":81,"neow_bonus":"TEN_PERCENT_HP_BONUS","is_daily":false,"chose_seed":false,"campfire_upgraded":1,"win_rate":0.0,"timestamp":1610170416,"path_taken":["M","M","M","?","?","E","R","?","T","?","$","R","M","M","R","BOSS"],"items_purchased_type":["Card"],"build_version":"2020-12-22","purchased_purges":1,"victory":false,"max_hp_per_floor":[79,79,79,79,79,79,79,79,79,79,79,79,79,79,79,79,79],"card_choices":[{"not_picked":["BowlingBash","Replay:DivineShield"],"picked":"CutThroughFate","floor":1.0},{"not_picked":["CutThroughFate","Replay:AllIn"],"picked":"Evaluate","floor":2.0},{"not_picked":["BowlingBash","SashWhip"],"picked":"Consecrate","floor":3.0},{"not_picked":["EmptyBody","FollowUp"],"picked":"BattleHymn","floor":6.0},{"not_picked":["Vengeance","WheelKick"],"picked":"FlurryOfBlows","floor":8.0},{"not_picked":["ReachHeaven","Study"],"picked":"WindmillStrike","floor":13.0},{"not_picked":["WaveOfTheHand","InnerPeace"],"picked":"FollowUp","floor":14.0}],"player_experience":382,"relics_obtained":[{"floor":6.0,"key":"ReplayTheSpireMod:TigerMarble"}],"event_choices":[{"cards_removed":["Strike_P"],"damage_healed":0.0,"max_hp_gain":0.0,"max_hp_loss":0.0,"gold_gain":0.0,"event_name":"Purifier","player_choice":"Purged","floor":5.0,"gold_loss":0.0,"damage_taken":0.0},{"cards_removed":["Defend_P"],"damage_healed":0.0,"max_hp_gain":0.0,"max_hp_loss":0.0,"gold_gain":0.0,"event_name":"NoteForYourself","player_choice":"Took Card","floor":10.0,"gold_loss":0.0,"damage_taken":0.0,"cards_obtained":["Iron Wave"]}],"is_beta":false,"boss_relics":[],"items_purged_floors":[11],"is_endless":false,"potions_floor_spawned":[2,3],"killed_by":"The Guardian","ascension_level":0}}