{"host":"oy4pyvr762z5n0bb","time":1610153257,"event":{"mods":["AchievementEnabler","BaseMod","Colored Map","Colored Powertips","Googly Eyes","Key Reminder","Minty Spire (QoL Compilation)","Quick Restart","Relic Sorter","Slay the Relics Exporter","StSLib","SuperFastMode","Unceasing Turn Reminder","slay the spire mod where everything is the same but ironclad has a cowboy hat"],"gold_per_floor":[110,129,143,0,0,26,73,107,189,49,65,65,90,90,90,211,211,225,245,49,49,49,49,87,105,151,0,33,33,33,33,33,33,33],"floor_reached":33,"playtime":630,"items_purged":["Strike_R","Perfected Strike"],"score":442,"play_id":"5f3173d2-886a-4191-9f6c-b0ac2b0df6b6","local_time":"20210108164737","is_ascension_mode":true,"campfire_choices":[{"data":"Rupture","floor":15,"key":"SMITH"},{"floor":23,"key":"REST"},{"floor":29,"key":"REST"},{"floor":32,"key":"REST"}],"circlet_count":0,"master_deck":["Strike_R","Strike_R","Strike_R","Strike_R","Defend_R","Defend_R","Defend_R","Defend_R","Bash","Pummel","Dropkick","Immolate+1","Rupture+1","Heavy Blade","Combust+1","Armaments","Iron Wave","Parasite","Double Tap","Shockwave+1"],"relics":["Burning Blood","Juzu Bracelet","Smiling Mask","InkBottle","Frozen Egg 2","Golden Idol","Busted Crown","Medical Kit","Oddly Smooth Stone","Mango","Bag of Marbles","Sling","Toy Ornithopter","Nilry\u0027s Codex"],"acts_visited":["Exordium","TheCity"],"potions_floor_usage":[13,16,24,28,28,33,33],"damage_taken":[{"damage":12,"enemies":"Jaw Worm","floor":1,"turns":3},{"damage":1,"enemies":"Cultist","floor":2,"turns":3},{"damage":10,"enemies":"Small Slimes","floor":3,"turns":3},{"damage":20,"enemies":"Gremlin Nob","floor":6,"turns":4},{"damage":10,"enemies":"3 Sentries","floor":8,"turns":3},{"damage":13,"enemies":"Exordium Wildlife","floor":11,"turns":3},{"damage":17,"enemies":"Lots of Slimes","floor":13,"turns":2},{"damage":47,"enemies":"The Guardian","floor":16,"turns":10},{"damage":15,"enemies":"Chosen","floor":18,"turns":4},{"damage":28,"enemies":"Shell Parasite","floor":19,"turns":4},{"damage":0,"enemies":"Slavers","floor":24,"turns":1},{"damage":25,"enemies":"Centurion and Healer","floor":25,"turns":5},{"damage":32,"enemies":"Gremlin Leader","floor":28,"turns":5},{"damage":72,"enemies":"Automaton","floor":33,"turns":6}],"seed_played":"-4615757461166491885","potions_obtained":[{"floor":1,"key":"Dexterity Potion"},{"floor":2,"key":"PowerPotion"},{"floor":3,"key":"SpeedPotion"},{"floor":16,"key":"Fire Potion"},{"floor":24,"key":"SpeedPotion"},{"floor":25,"key":"BlessingOfTheForge"},{"floor":28,"key":"Dexterity Potion"}],"is_trial":false,"path_per_floor":["M","M","M","$","?","E","T","E","T","$","M","?","M","?","R","B",null,"M","M","$","?","?","R","E","M","T","$","E","R","$","?","R","B"],"character_chosen":"IRONCLAD","items_purchased":["Immolate","Combust+1","Armaments","Medical Kit","Sling"],"campfire_rested":3,"item_purchase_floors":[4,10,10,20,27],"current_hp_per_floor":[66,71,67,67,67,53,53,49,49,49,42,42,31,49,49,8,58,49,27,27,21,21,43,63,44,44,44,18,44,44,28,54,0,0],"gold":33,"neow_bonus":"THREE_CARDS","is_daily":false,"chose_seed":false,"campfire_upgraded":1,"win_rate":0.0,"timestamp":1610153257,"path_taken":["M","M","M","$","?","E","?","E","T","$","M","?","M","?","R","BOSS","M","M","$","?","?","R","E","M","T","$","E","R","?","?","R","BOSS"],"items_purchased_type":["Card","Card","Card","Relic","Relic"],"build_version":"2020-12-22","purchased_purges":2,"victory":false,"max_hp_per_floor":[80,80,80,80,80,80,80,80,80,80,80,74,74,74,74,74,74,74,74,74,74,74,74,88,88,88,88,88,88,88,88,88,88,88],"card_choices":[{"not_picked":["Burning Pact","Headbutt"],"picked":"Perfected Strike","floor":0},{"not_picked":["Intimidate","Warcry"],"picked":"Pummel","floor":1},{"not_picked":["Sword Boomerang","Thunderclap"],"picked":"Dropkick","floor":2},{"not_picked":["Ghostly Armor","Armaments"],"picked":"Cleave","floor":3},{"not_picked":["Sword Boomerang","Flame Barrier"],"picked":"Rupture","floor":6},{"not_picked":["Sever Soul","Dropkick"],"picked":"Heavy Blade","floor":8},{"not_picked":["Barricade+1","Perfected Strike","Carnage"],"picked":"SKIP","floor":11},{"not_picked":["Warcry","Wild Strike"],"picked":"Iron Wave","floor":13},{"not_picked":["Demon Form+1","Juggernaut+1"],"picked":"Double Tap","floor":16},{"not_picked":["Intimidate+1"],"picked":"SKIP","floor":18},{"not_picked":["Wild Strike+1"],"picked":"SKIP","floor":19},{"not_picked":["Clothesline"],"picked":"SKIP","floor":24},{"not_picked":[],"picked":"Shockwave+1","floor":25},{"not_picked":["Dual Wield"],"picked":"SKIP","floor":28}],"player_experience":723298,"relics_obtained":[{"floor":6,"key":"Juzu Bracelet"},{"floor":7,"key":"Smiling Mask"},{"floor":8,"key":"InkBottle"},{"floor":9,"key":"Frozen Egg 2"},{"floor":24,"key":"Mango"},{"floor":26,"key":"Bag of Marbles"},{"floor":28,"key":"Toy Ornithopter"},{"floor":31,"key":"Nilry\u0027s Codex"}],"event_choices":[{"damage_healed":0,"gold_gain":0,"player_choice":"Grow","damage_taken":0,"max_hp_gain":0,"max_hp_loss":0,"event_name":"Living Wall","floor":5,"gold_loss":0,"cards_upgraded":["Immolate"]},{"damage_healed":0,"gold_gain":0,"player_choice":"Lose Max HP","damage_taken":0,"relics_obtained":["Golden Idol"],"max_hp_gain":0,"max_hp_loss":6,"event_name":"Golden Idol","floor":12,"gold_loss":0},{"damage_healed":18,"gold_gain":0,"player_choice":"Healed and dodged fight","damage_taken":0,"max_hp_gain":0,"max_hp_loss":0,"event_name":"Mushrooms","floor":14,"gold_loss":0,"cards_obtained":["Parasite"]},{"damage_healed":0,"gold_gain":0,"player_choice":"","damage_taken":6,"max_hp_gain":0,"max_hp_loss":0,"event_name":"Knowing Skull","floor":21,"potions_obtained":[],"gold_loss":0,"cards_obtained":[]},{"cards_removed":["Cleave"],"damage_healed":0,"gold_gain":0,"player_choice":"Gave Card","damage_taken":0,"relics_obtained":["Oddly Smooth Stone"],"max_hp_gain":0,"max_hp_loss":0,"event_name":"WeMeetAgain","floor":22,"gold_loss":0},{"damage_healed":0,"gold_gain":0,"player_choice":"Obtained Book","damage_taken":16,"max_hp_gain":0,"max_hp_loss":0,"event_name":"Cursed Tome","floor":31,"gold_loss":0}],"is_beta":false,"boss_relics":[{"not_picked":["Velvet Choker","Empty Cage"],"picked":"Busted Crown"}],"items_purged_floors":[10,20],"is_endless":false,"potions_floor_spawned":[1,2,3,16,24,25,28],"killed_by":"Automaton","ascension_level":8}}