{"host":"cv77zuuuekizn3ic","time":1610167647,"event":{"mods":["AchievementEnabler","BaseMod","Marisa£®ÏF”Í°°ƒß¿Ì…≥£©","Minty Spire (QoL Compilation)","StSLib","Waifu the Spire","everything is the same but u backflip on backflip","slay the spire mod where everything is the same but ironclad has a cowboy hat"],"gold_per_floor":[110,160,177,193,35,35,45,58,58,84,84,96,96,110,110,185,185,196,216,116,128,128,157,169,94,174,207,46,59,59,86,86,165,165,182,194,194,194,239,239,270,270,295,343,354,383,383,402,402,402,402,402,402,11,43,43],"floor_reached":57,"playtime":5664,"items_purged":["Strike_R","Strike_R","Defend_R"],"score":2944,"play_id":"0da06317-4c8d-4e7c-ae12-df9249a1322f","local_time":"20210109124727","is_ascension_mode":true,"campfire_choices":[{"data":"Evolve","floor":6.0,"key":"SMITH"},{"data":"Pommel Strike","floor":11.0,"key":"SMITH"},{"data":"Second Wind","floor":15.0,"key":"SMITH"},{"data":"Offering","floor":30.0,"key":"SMITH"},{"data":"Armaments","floor":32.0,"key":"SMITH"},{"data":"Defend_R","floor":40.0,"key":"PURGE"},{"data":"Defend_R","floor":47.0,"key":"PURGE"},{"floor":49.0,"key":"RECALL"},{"data":"Barricade","floor":53,"key":"SMITH"}],"circlet_count":0,"master_deck":["AscendersBane","Bash","Pommel Strike+1","Rampage","Evolve+1","Second Wind+1","Seeing Red","Offering+1","Burning Pact","RitualDagger","Power Through","Pommel Strike+1","Armaments+1","Barricade+1","Blind+1"],"relics":["Burning Blood","White Beast Statue","Letter Opener","Philosopher\u0027s Stone","Paper Frog","Ornamental Fan","Art of War","DollysMirror","Peace Pipe","Busted Crown","Ginger","HornCleat","CatCart","Toxic Egg 2","Vajra","Orichalcum"],"acts_visited":["Exordium","TheCity","TheBeyond","TheEnding"],"potions_floor_usage":[56,56],"damage_taken":[{"damage":6.0,"enemies":"Cultist","floor":1.0,"turns":3.0},{"damage":4.0,"enemies":"Small Slimes","floor":3.0,"turns":4.0},{"damage":10.0,"enemies":"2 Louse","floor":4.0,"turns":4.0},{"damage":22.0,"enemies":"Looter","floor":7.0,"turns":3.0},{"damage":12.0,"enemies":"3 Louse","floor":8.0,"turns":5.0},{"damage":10.0,"enemies":"3 Sentries","floor":10.0,"turns":5.0},{"damage":3.0,"enemies":"Large Slime","floor":12.0,"turns":4.0},{"damage":6.0,"enemies":"Blue Slaver","floor":14.0,"turns":4.0},{"damage":0.0,"enemies":"Slime Boss","floor":16.0,"turns":6.0},{"damage":22.0,"enemies":"2 Thieves","floor":18.0,"turns":4.0},{"damage":14.0,"enemies":"Spheric Guardian","floor":19.0,"turns":4.0},{"damage":6.0,"enemies":"Centurion and Healer","floor":21.0,"turns":5.0},{"damage":24.0,"enemies":"Book of Stabbing","floor":23.0,"turns":4.0},{"damage":6.0,"enemies":"Snake Plant","floor":24.0,"turns":2.0},{"damage":19.0,"enemies":"Gremlin Leader","floor":27.0,"turns":4.0},{"damage":7.0,"enemies":"3 Cultists","floor":29.0,"turns":4.0},{"damage":8.0,"enemies":"Slavers","floor":31.0,"turns":5.0},{"damage":47.0,"enemies":"Collector","floor":33.0,"turns":15.0},{"damage":6.0,"enemies":"3 Darklings","floor":35.0,"turns":4.0},{"damage":6.0,"enemies":"3 Shapes","floor":36.0,"turns":4.0},{"damage":12.0,"enemies":"2 Orb Walkers","floor":39.0,"turns":5.0},{"damage":6.0,"enemies":"Giant Head","floor":41.0,"turns":7.0},{"damage":6.0,"enemies":"Orin","floor":44.0,"turns":6.0},{"damage":6.0,"enemies":"Spire Growth","floor":45.0,"turns":4.0},{"damage":6.0,"enemies":"Reptomancer","floor":46.0,"turns":4.0},{"damage":29.0,"enemies":"Transient","floor":48.0,"turns":6.0},{"damage":24.0,"enemies":"Time Eater","floor":50.0,"turns":10.0},{"damage":9,"enemies":"Donu and Deca","floor":51,"turns":8},{"damage":6,"enemies":"Shield and Spear","floor":55,"turns":6},{"damage":49,"enemies":"The Heart","floor":56,"turns":8}],"seed_played":"-4764048128178660952","potions_obtained":[{"floor":3.0,"key":"PowerPotion"},{"floor":8.0,"key":"Swift Potion"},{"floor":10.0,"key":"Swift Potion"},{"floor":12.0,"key":"EntropicBrew"},{"floor":18.0,"key":"Fruit Juice"},{"floor":19.0,"key":"Regen Potion"},{"floor":21.0,"key":"Energy Potion"},{"floor":23.0,"key":"LiquidMemories"},{"floor":24.0,"key":"SkillPotion"},{"floor":27.0,"key":"DuplicationPotion"},{"floor":31.0,"key":"ColorlessPotion"},{"floor":33.0,"key":"BloodPotion"},{"floor":35.0,"key":"Regen Potion"},{"floor":36.0,"key":"PowerPotion"},{"floor":41.0,"key":"SteroidPotion"},{"floor":46.0,"key":"DuplicationPotion"}],"is_trial":false,"path_per_floor":["M","?","M","M","$","R","M","M","T","E","R","M","?","M","R","B",null,"M","M","$","M","?","E","M","?","T","E","$","M","R","E","R","B",null,"M","M","$","?","?","R","E","?","T","?","M","E","R","M","R","B","B",null,"R","$","E","B",null],"character_chosen":"IRONCLAD","items_purchased":["Evolve","DollysMirror","Vajra","Blind+1"],"campfire_rested":0,"item_purchase_floors":[5,28,54,54],"current_hp_per_floor":[68,62,64,60,60,60,44,38,38,34,34,37,37,37,37,43,62,46,43,43,57,51,33,33,33,33,20,20,19,19,17,17,20,60,60,73,73,73,67,67,73,73,73,73,73,73,73,50,50,32,29,62,62,62,62,19],"gold":43,"neow_bonus":"REMOVE_TWO","is_daily":false,"chose_seed":false,"campfire_upgraded":6,"win_rate":0.0,"timestamp":1610167647,"path_taken":["M","?","M","M","$","R","?","M","T","E","R","M","?","M","R","BOSS","M","M","$","M","?","E","M","?","T","E","$","M","R","E","R","BOSS","M","M","$","?","?","R","E","?","T","?","?","E","R","M","R","BOSS","BOSS","R","$","E","BOSS"],"items_purchased_type":["Card","Relic","Relic","Card"],"build_version":"2020-12-22","purchased_purges":3,"victory":true,"max_hp_per_floor":[68,68,68,68,68,68,68,68,68,68,68,68,68,68,68,68,68,68,73,73,73,73,73,73,73,73,73,73,73,73,73,73,73,73,73,73,73,73,73,73,73,73,73,73,73,73,73,73,73,73,73,73,73,73,73,73],"card_choices":[{"not_picked":["Clothesline","Havoc"],"picked":"Pommel Strike","floor":1.0},{"not_picked":["Heavy Blade","Sentinel"],"picked":"Rampage","floor":3.0},{"not_picked":["Rupture","Pummel"],"picked":"Inflame","floor":4.0},{"not_picked":["Pommel Strike","Heavy Blade"],"picked":"Second Wind","floor":7.0},{"not_picked":["Sever Soul","Iron Wave","Havoc"],"picked":"SKIP","floor":8.0},{"not_picked":["Intimidate","Limit Break","Heavy Blade"],"picked":"SKIP","floor":10.0},{"not_picked":["Flex","True Grit","Whirlwind"],"picked":"SKIP","floor":12.0},{"not_picked":["Body Slam","Armaments","Seeing Red"],"picked":"SKIP","floor":14.0},{"not_picked":["Body Slam","Armaments"],"picked":"Seeing Red","floor":14.0},{"not_picked":["Exhume","Immolate"],"picked":"Offering","floor":16.0},{"not_picked":["Wild Strike","Body Slam","Headbutt"],"picked":"SKIP","floor":18.0},{"not_picked":["True Grit","Twin Strike","Combust"],"picked":"SKIP","floor":19.0},{"not_picked":["Rampage","Reaper"],"picked":"Burning Pact","floor":21.0},{"not_picked":["Burning Pact","Metallicize","Cleave"],"picked":"SKIP","floor":23.0},{"not_picked":["Blood for Blood","Spot Weakness","Shrug It Off"],"picked":"SKIP","floor":24.0},{"not_picked":["Havoc","Shrug It Off"],"picked":"Power Through","floor":27.0},{"not_picked":["Perfected Strike","Warcry","Shrug It Off+1"],"picked":"SKIP","floor":29.0},{"not_picked":["Uppercut+1","Evolve"],"picked":"Armaments","floor":31.0},{"not_picked":["Fiend Fire","Feed"],"picked":"Barricade","floor":33.0},{"not_picked":["Pommel Strike"],"picked":"SKIP","floor":35.0},{"not_picked":["Perfected Strike"],"picked":"SKIP","floor":36.0},{"not_picked":["Armaments"],"picked":"SKIP","floor":41.0},{"not_picked":["Clothesline"],"picked":"SKIP","floor":45.0},{"not_picked":["Clash"],"picked":"SKIP","floor":46.0},{"not_picked":["Rampage"],"picked":"SKIP","floor":48.0},{"not_picked":["Whirlwind"],"picked":"SKIP","floor":55}],"player_experience":801587,"relics_obtained":[{"floor":9.0,"key":"White Beast Statue"},{"floor":10.0,"key":"Letter Opener"},{"floor":23.0,"key":"Paper Frog"},{"floor":26.0,"key":"Ornamental Fan"},{"floor":27.0,"key":"Art of War"},{"floor":31.0,"key":"Peace Pipe"},{"floor":39.0,"key":"Ginger"},{"floor":41.0,"key":"HornCleat"},{"floor":44.0,"key":"CatCart"},{"floor":46.0,"key":"Toxic Egg 2"},{"floor":55,"key":"Orichalcum"}],"event_choices":[{"damage_healed":0.0,"max_hp_gain":0.0,"max_hp_loss":0.0,"gold_gain":50.0,"event_name":"FaceTrader","player_choice":"Touch","floor":2.0,"gold_loss":0.0,"damage_taken":6.0},{"cards_removed":["Strike_R"],"damage_healed":0.0,"max_hp_gain":0.0,"max_hp_loss":0.0,"gold_gain":0.0,"event_name":"Purifier","player_choice":"Purged","floor":13.0,"gold_loss":0.0,"damage_taken":0.0},{"damage_healed":0.0,"max_hp_gain":0.0,"max_hp_loss":0.0,"gold_gain":0.0,"event_name":"Nest","player_choice":"Joined the Cult","floor":22.0,"gold_loss":0.0,"damage_taken":6.0,"cards_obtained":["RitualDagger"]},{"cards_removed":["Defend_R"],"damage_healed":0.0,"max_hp_gain":0.0,"max_hp_loss":0.0,"gold_gain":0.0,"event_name":"Beggar","player_choice":"Gave Gold","floor":25.0,"gold_loss":75.0,"damage_taken":0.0},{"damage_healed":0.0,"max_hp_gain":0.0,"max_hp_loss":0.0,"gold_gain":0.0,"event_name":"SensoryStone","player_choice":"Memory 1","floor":38.0,"gold_loss":0.0,"damage_taken":0.0},{"damage_healed":0.0,"max_hp_gain":0.0,"max_hp_loss":0.0,"gold_gain":0.0,"event_name":"Mysterious Sphere","player_choice":"Fight","floor":39.0,"gold_loss":0.0,"damage_taken":0.0},{"cards_removed":["Inflame"],"damage_healed":0.0,"max_hp_gain":0.0,"max_hp_loss":0.0,"gold_gain":0.0,"event_name":"Falling","player_choice":"Removed Power","floor":42.0,"gold_loss":0.0,"damage_taken":0.0},{"damage_healed":0.0,"max_hp_gain":0.0,"max_hp_loss":0.0,"gold_gain":0.0,"event_name":"OrinTheCat","player_choice":"Fight","floor":44.0,"gold_loss":0.0,"damage_taken":0.0}],"is_beta":false,"boss_relics":[{"not_picked":["Tiny House","Pandora\u0027s Box"],"picked":"Philosopher\u0027s Stone"},{"not_picked":["Black Star","Runic Pyramid"],"picked":"Busted Crown"}],"items_purged_floors":[5,20,54],"is_endless":false,"potions_floor_spawned":[3,8,10,12,14,16,18,19,21,23,24,27,29,31,33,35,36,39,41,44,45,46,48,55],"ascension_level":20}}