{"host":"e5u7qs1emxzejr12","time":1610213254,"event":{"mods":["2.2 Compatiblity","Act Like it!","Arknights The Spire","BaseMod","CapriCore","Card Forge","Custom Start","Highlight Path","Luminous","Marisa£®ÏF”Í°°ƒß¿Ì…≥£©","Minty Spire (QoL Compilation)","Quick Restart","Replay The Spire","StSLib","SuperFastMode","The Immortal","The Servant 0.9.4","UnlockEverythingMod","°æ“≈ŒÔø®≈∆°øREMEMod"],"gold_per_floor":[138,138,164,323,95,197,239,332,385,475,556,643,733,823,823,1051,1051,1084,1084,374,479,479,566,641,716,716,797,872,241,322,397,397,619,619,652,652,652,757,802,889,973,1069,1069,1092,1104,1164,1292,981,981,981,981,981,981,702,801,801],"floor_reached":57,"playtime":3564,"items_purged":[],"score":4279,"play_id":"01c2af1b-4d00-4b4f-994f-293f0c71ffe4","local_time":"20210110012734","daily_mods":["Heirloom","Flight","DeadlyEvents","Elite Swarm","Midas"],"is_ascension_mode":true,"campfire_choices":[{"floor":15.0,"key":"RECALL"},{"floor":45,"key":"REST"},{"floor":49,"key":"REST"},{"floor":53,"key":"DIG"}],"circlet_count":0,"master_deck":["AscendersBane","ats:Armor Crushing Shot+1","ats:Emotion Absorption+1","ForeignInfluence+1","ats:Sword Rain+1","ats:Calcification+1","ats:Charging Defense+1","ats:Calcification+1","ats:Echo Reverb+1","ats:Dogmatic Field+1","ats:Apocalypse+1","ats:Wolf Pack+1","Pot Of Greed+1","Pot Of Greed+1","ats:Roar Of Ursus+1","ats:Sword Rain+1","Pot Of Greed+1","ReplayUltimateDefense+1","ats:Poison Spread+1","ats:Ambush+1","ats:Assault Order+1","REME_MagicPocketWatch+1","ats:Calcification+1"],"relics":["ats:Sanity","Hammer of Thor","Seething Fire","Anvil of the Gods","REME_ComplimentaryCards","Torii","Dream Catcher","Bag of Preparation","ClockworkSouvenir","ats:Originium","Replay:Wax Seal","Ice Cream","Happy Flower","Pondfish Scales","Orichalcum","Replay:Bottled Eggs","Ornamental Fan","White Beast Statue","Sozu","TungstenRod","Dead Branch","Lantern","WarpedTongs","ats:Hidden Killer","Replay:Rubber Ducky","Grinning Jar","Matryoshka","Peace Pipe","Shuriken","DollysMirror","Question Card","Toxic Egg 2","Cursed Key","ats:Military Tradition","Gremlin Food","ats:Bonebreaker","ReplayTheSpireMod:TigerMarble","Durian","StoneCalendar","PreservedInsect","Chameleon Ring","MawBank","Replay:Multitool","Boot","Strawberry","Replay:Ringing Soul","ReplayFunnel","Du-Vu Doll"],"acts_visited":["Exordium","TheCity","TheBeyond","TheEnding"],"potions_floor_usage":[],"damage_taken":[{"damage":0.0,"enemies":"2 Louse","floor":1.0,"turns":3.0},{"damage":20.0,"enemies":"Lagavulin","floor":6.0,"turns":3.0},{"damage":0.0,"enemies":"Jaw Worm","floor":7.0,"turns":4.0},{"damage":10.0,"enemies":"Gremlin Nob","floor":8.0,"turns":3.0},{"damage":1.0,"enemies":"Lagavulin","floor":10.0,"turns":5.0},{"damage":10.0,"enemies":"3 Sentries","floor":11.0,"turns":3.0},{"damage":0.0,"enemies":"Lagavulin","floor":12.0,"turns":3.0},{"damage":0.0,"enemies":"Gremlin Nob","floor":13.0,"turns":2.0},{"damage":1.0,"enemies":"Lagavulin","floor":14.0,"turns":5.0},{"damage":0.0,"enemies":"Slime Boss","floor":16.0,"turns":3.0},{"damage":32.0,"enemies":"3 Byrds","floor":18.0,"turns":6.0},{"damage":17.0,"enemies":"REME_1_Revenger","floor":21.0,"turns":5.0},{"damage":0.0,"enemies":"Book of Stabbing","floor":23.0,"turns":5.0},{"damage":20.0,"enemies":"Gremlin Leader","floor":24.0,"turns":6.0},{"damage":0.0,"enemies":"REME_1_Revenger","floor":25.0,"turns":5.0},{"damage":0.0,"enemies":"Replay:Snechameleon","floor":27.0,"turns":2.0},{"damage":0.0,"enemies":"Book of Stabbing","floor":28.0,"turns":3.0},{"damage":1,"enemies":"Replay:Snechameleon","floor":30,"turns":4},{"damage":19,"enemies":"Slavers","floor":31,"turns":5},{"damage":9,"enemies":"Champ","floor":33,"turns":12},{"damage":0,"enemies":"3 Shapes","floor":35,"turns":2},{"damage":0,"enemies":"Reptomancer","floor":38,"turns":3},{"damage":0,"enemies":"Orb Walker","floor":39,"turns":3},{"damage":0,"enemies":"Nemesis","floor":40,"turns":4},{"damage":0,"enemies":"Giant Head","floor":41,"turns":6},{"damage":6,"enemies":"Nemesis","floor":42,"turns":5},{"damage":10,"enemies":"Transient","floor":46,"turns":6},{"damage":0,"enemies":"Giant Head","floor":47,"turns":5},{"damage":82,"enemies":"Donu and Deca","floor":50,"turns":9},{"damage":10,"enemies":"Awakened One","floor":51,"turns":11},{"damage":0,"enemies":"Shield and Spear","floor":55,"turns":2},{"damage":93,"enemies":"The Heart","floor":56,"turns":8}],"seed_played":"-8996180254290401059","potions_obtained":[{"floor":4.0,"key":"LiquidBronze"},{"floor":4.0,"key":"ats:Top Emergency Sanity Potion"}],"is_trial":true,"path_per_floor":["M","?","T","?","$","E","M","E","T","E","E","E","E","E","R","B",null,"M","?","$","E","?","E","E","E","T","E","E","$","E","E","R","B",null,"M","?","T","E","M","E","E","E","T","T","R","M","E","$","R","B","B",null,"R","$","E","B",null],"character_chosen":"DOCTOR_CLASS","items_purchased":["ClockworkSouvenir","ats:Very Hot Blade+1","TungstenRod","ats:Apocalypse","Dead Branch","Shuriken","DollysMirror","ReplayUltimateDefense","Boot","Strawberry","REME_MagicPocketWatch+1","ReplayFunnel"],"campfire_rested":2,"item_purchase_floors":[5,5,20,20,20,29,29,29,48,48,54,54],"current_hp_per_floor":[65,65,65,65,65,45,46,37,37,37,27,30,31,72,72,72,72,72,72,72,66,66,72,58,72,72,72,72,72,72,61,61,72,72,72,72,72,72,72,72,77,72,72,72,77,77,77,84,84,29,84,84,84,87,90,3],"gold":801,"neow_bonus":"","is_daily":false,"chose_seed":false,"campfire_upgraded":0,"win_rate":0.0,"timestamp":1610213254,"path_taken":["M","?","?","?","?","E","?","E","T","E","E","?","E","E","R","BOSS","M","?","$","?","?","E","?","E","T","E","E","$","E","E","R","BOSS","M","?","?","?","?","E","?","E","T","?","R","?","E","$","R","BOSS","BOSS","R","$","E","BOSS"],"items_purchased_type":["Relic","Card","Relic","Card","Relic","Relic","Relic","Card","Relic","Relic","Card","Relic"],"build_version":"2020-12-22","purchased_purges":0,"victory":true,"max_hp_per_floor":[72,72,72,72,72,72,72,72,72,72,72,72,72,72,72,72,72,72,72,72,72,72,72,72,72,72,72,72,72,72,72,72,72,72,72,72,72,72,72,72,77,77,77,77,77,77,77,84,84,84,84,84,84,87,90,90],"card_choices":[{"not_picked":["ats:Collapsing Strike","ats:Directed Diagnosis","ats:Hammer On"],"picked":"SKIP","floor":1.0},{"not_picked":["ats:Cat Scratch","ats:Hammer On"],"picked":"ats:Sword Rain","floor":4.0},{"not_picked":["ats:Shadow Assault","ats:True Silver Slash"],"picked":"ats:Calcification","floor":6.0},{"not_picked":["ats:Assault Order","ats:Thorns"],"picked":"ats:Charging Defense","floor":7.0},{"not_picked":["ats:Disruption Kick","ats:Ambush","ats:Volcano"],"picked":"SKIP","floor":8.0},{"not_picked":["ats:Nebulous Foxfire","ats:Durian","ats:Soul Rend"],"picked":"SKIP","floor":10.0},{"not_picked":["ats:Volcano","ats:Ambush"],"picked":"ats:Calcification","floor":11.0},{"not_picked":["ats:Soul Rend","ats:Roar Of Ursus"],"picked":"ats:Echo Reverb","floor":12.0},{"not_picked":["ats:Shadow Assault","ats:Soul Rend"],"picked":"ats:Dogmatic Field","floor":13.0},{"not_picked":["ats:Disruption Kick","ats:Echo Reverb","ats:Soul Rend"],"picked":"SKIP","floor":14.0},{"not_picked":["ats:LN2 Cannon","ats:Ignite","ats:Powerful Strike"],"picked":"SKIP","floor":18.0},{"not_picked":["ats:Nebulous Foxfire","ats:Ambush","ats:Durian"],"picked":"SKIP","floor":21.0},{"not_picked":["ats:Volcano","ats:Fractured Body"],"picked":"ats:Wolf Pack","floor":23.0},{"not_picked":["ats:Soul Rend","ats:Durian"],"picked":"ats:Roar Of Ursus","floor":24.0},{"not_picked":["ats:Dogmatic Field","ats:True Silver Slash","ats:Volcano"],"picked":"SKIP","floor":25.0},{"not_picked":["ats:Rat Pack","ats:Fractured Body"],"picked":"ats:Roar Of Ursus","floor":27.0},{"not_picked":["ats:Calcification","ats:Durian"],"picked":"ats:Roar Of Ursus","floor":28.0},{"not_picked":["ats:Roar Of Ursus","ats:Ambush"],"picked":"ats:Calcification","floor":30},{"not_picked":["ats:Volcano","ats:Nebulous Foxfire+1","ats:True Silver Slash","ats:Ambush"],"picked":"SKIP","floor":31},{"not_picked":["ats:Revitalization+1","ats:Very Hot Blade","ats:Rapid Magazine+1"],"picked":"ats:Poison Spread+1","floor":35},{"not_picked":["ats:Wolf Pack","ats:Roar Of Ursus","ats:Rat Pack+1"],"picked":"ats:Ambush","floor":38},{"not_picked":["ats:Shell Defense+1","ats:Ignite","ats:Powerful Strike","ats:Revitalization+1"],"picked":"SKIP","floor":39},{"not_picked":["ats:Nebulous Foxfire+1","ats:True Silver Slash","ats:Soul Rend","ats:Roar Of Ursus"],"picked":"SKIP","floor":40},{"not_picked":["ats:Dogmatic Field","ats:Nebulous Foxfire+1","ats:Echo Reverb+1","ats:Durian+1"],"picked":"SKIP","floor":41},{"not_picked":["ats:Rat Pack+1","ats:Ambush","ats:True Silver Slash","ats:Echo Reverb+1"],"picked":"SKIP","floor":42},{"not_picked":["ats:Support Order+1","ats:Explosion Area Strengthen+1","ats:Childhood Dance+1"],"picked":"ats:Assault Order+1","floor":45},{"not_picked":["ats:LN2 Cannon+1","ats:Childhood Dance+1","ats:Closed Bolt Burst Fire","ats:Automatic Cover+1"],"picked":"SKIP","floor":46},{"not_picked":["ats:Dogmatic Field","ats:Volcano","ats:Durian+1","ats:Disruption Kick"],"picked":"SKIP","floor":47},{"not_picked":["ats:Rat Pack+1","ats:Volcano","ats:Echo Reverb+1"],"picked":"ats:Calcification+1","floor":55}],"player_experience":57234,"relics_obtained":[{"floor":3.0,"key":"Dream Catcher"},{"floor":4.0,"key":"Bag of Preparation"},{"floor":6.0,"key":"ats:Originium"},{"floor":6.0,"key":"Replay:Wax Seal"},{"floor":8.0,"key":"ats:Originium"},{"floor":8.0,"key":"Ice Cream"},{"floor":9.0,"key":"Happy Flower"},{"floor":10.0,"key":"ats:Originium"},{"floor":10.0,"key":"Pondfish Scales"},{"floor":11.0,"key":"Orichalcum"},{"floor":12.0,"key":"Replay:Bottled Eggs"},{"floor":13.0,"key":"Ornamental Fan"},{"floor":14.0,"key":"White Beast Statue"},{"floor":21.0,"key":"Lantern"},{"floor":23.0,"key":"ats:Hidden Killer"},{"floor":24.0,"key":"Replay:Rubber Ducky"},{"floor":25.0,"key":"Grinning Jar"},{"floor":27.0,"key":"Matryoshka"},{"floor":28.0,"key":"Peace Pipe"},{"floor":30,"key":"Question Card"},{"floor":31,"key":"Toxic Egg 2"},{"floor":37,"key":"ats:Military Tradition"},{"floor":37,"key":"Gremlin Food"},{"floor":38,"key":"ats:Bonebreaker"},{"floor":40,"key":"ReplayTheSpireMod:TigerMarble"},{"floor":41,"key":"Durian"},{"floor":42,"key":"StoneCalendar"},{"floor":43,"key":"PreservedInsect"},{"floor":43,"key":"Chameleon Ring"},{"floor":44,"key":"MawBank"},{"floor":47,"key":"Replay:Multitool"},{"floor":53,"key":"Replay:Ringing Soul"},{"floor":55,"key":"Du-Vu Doll"}],"event_choices":[{"damage_healed":0.0,"max_hp_gain":0.0,"max_hp_loss":0.0,"gold_gain":0.0,"event_name":"Golden Wing","player_choice":"Ignored","floor":2.0,"gold_loss":0.0,"damage_taken":0.0},{"cards_removed":["ats:Defend"],"damage_healed":0.0,"max_hp_gain":0.0,"max_hp_loss":0.0,"gold_gain":0.0,"event_name":"Wheel of Change","player_choice":"Card Removal","floor":19.0,"gold_loss":0.0,"damage_taken":0.0},{"damage_healed":0.0,"max_hp_gain":0.0,"max_hp_loss":0.0,"gold_gain":0.0,"event_name":"Accursed Blacksmith","player_choice":"Rummage","floor":22.0,"gold_loss":0.0,"damage_taken":0.0,"relics_obtained":["WarpedTongs"],"cards_obtained":["Pain"]},{"damage_healed":0,"gold_gain":0,"player_choice":"Ignored","damage_taken":0,"max_hp_gain":0,"max_hp_loss":0,"event_name":"Vampires","floor":32,"gold_loss":0},{"damage_healed":0,"gold_gain":0,"player_choice":"Ignored","damage_taken":0,"max_hp_gain":0,"max_hp_loss":0,"event_name":"OrinTheCat","floor":36,"gold_loss":0}],"is_beta":false,"boss_relics":[{"not_picked":["Ectoplasm","Empty Cage"],"picked":"Sozu"},{"not_picked":["Runic Pyramid","REME_DemonsWealth"],"picked":"Cursed Key"}],"items_purged_floors":[],"is_endless":false,"potions_floor_spawned":[8,10,11,13,16,18,21,23,24,25,27,28,30,31,33,35,38,39,40,41,42,46,47,55],"ascension_level":20}}