{"host":"jqln3q8z91cyrmpl","time":1610210014,"event":{"mods":["AchievementEnabler","BaseMod","Colored Map","DeckTracker","Keyboard Shortcuts","Minty Spire (QoL Compilation)","SuperFastMode"],"gold_per_floor":[219,233,233,233,81,93,120,131,201,230,230,258,258,293,293,394,394,411,435,448,460,460,489,489,27,51,78,108,123,149,149,149,250,250,262,281,59,72,0,26,26,52,52,52,70,7,23,23,23,23,23,23,5,34,34,34],"floor_reached":55,"playtime":2350,"items_purged":["Strike_G","Strike_G","Defend_G"],"score":1293,"play_id":"45177123-3f7b-4a28-8191-6017623b2937","local_time":"20210110013334","is_ascension_mode":true,"campfire_choices":[{"data":"Eviscerate","floor":11.0,"key":"SMITH"},{"data":"Prepared","floor":13.0,"key":"SMITH"},{"data":"Reflex","floor":15.0,"key":"SMITH"},{"data":"Tools of the Trade","floor":24.0,"key":"SMITH"},{"floor":32.0,"key":"RECALL"},{"data":"Envenom","floor":44.0,"key":"SMITH"},{"data":"Adrenaline","floor":49.0,"key":"SMITH"},{"data":"Phantasmal Killer","floor":52.0,"key":"SMITH"}],"circlet_count":0,"master_deck":["Strike_G+1","Defend_G","Defend_G+1","Defend_G","Defend_G","Survivor","Neutralize+1","Deadly Poison","Eviscerate+1","Prepared+1","Backflip","Adrenaline+1","Backstab","Dagger Throw","Poisoned Stab","Reflex+1","Underhanded Strike","Tools of the Trade+1","Blade Dance","Backstab+1","Phantasmal Killer+1","Reflex","Blade Dance+1","Backstab","Noxious Fumes+1","Adrenaline+1","Accuracy","Envenom+1","Backstab+1","Terror","Prepared+1"],"relics":["Ring of the Snake","Orrery","WingedGreaves","HornCleat","Dream Catcher","Gremlin Horn","Thread and Needle","WristBlade","Bag of Preparation","Vajra","Incense Burner","Strawberry","Toy Ornithopter","Pear","MealTicket","Philosopher\u0027s Stone","Membership Card","Red Mask","Juzu Bracelet","War Paint","Sundial"],"acts_visited":["Exordium","TheCity","TheBeyond","TheEnding"],"potions_floor_usage":[54,55],"damage_taken":[{"damage":0.0,"enemies":"2 Louse","floor":1.0,"turns":3.0},{"damage":0.0,"enemies":"Cultist","floor":2.0,"turns":4.0},{"damage":0.0,"enemies":"Small Slimes","floor":6.0,"turns":2.0},{"damage":6.0,"enemies":"Gremlin Nob","floor":7.0,"turns":3.0},{"damage":3.0,"enemies":"Exordium Thugs","floor":8.0,"turns":4.0},{"damage":4.0,"enemies":"Lagavulin","floor":10.0,"turns":5.0},{"damage":5.0,"enemies":"3 Sentries","floor":12.0,"turns":7.0},{"damage":0.0,"enemies":"Gremlin Nob","floor":14.0,"turns":3.0},{"damage":13.0,"enemies":"The Guardian","floor":16.0,"turns":10.0},{"damage":0.0,"enemies":"3 Byrds","floor":18.0,"turns":4.0},{"damage":0.0,"enemies":"Chosen","floor":20.0,"turns":3.0},{"damage":0.0,"enemies":"Centurion and Healer","floor":21.0,"turns":3.0},{"damage":0.0,"enemies":"Gremlin Leader","floor":23.0,"turns":3.0},{"damage":0.0,"enemies":"Slavers","floor":27.0,"turns":4.0},{"damage":0.0,"enemies":"Book of Stabbing","floor":28.0,"turns":3.0},{"damage":0.0,"enemies":"3 Cultists","floor":29.0,"turns":2.0},{"damage":0.0,"enemies":"Gremlin Leader","floor":30.0,"turns":3.0},{"damage":17.0,"enemies":"Collector","floor":33.0,"turns":5.0},{"damage":0.0,"enemies":"3 Darklings","floor":35.0,"turns":2.0},{"damage":0.0,"enemies":"Orb Walker","floor":36.0,"turns":2.0},{"damage":0.0,"enemies":"Jaw Worm Horde","floor":38.0,"turns":2.0},{"damage":0.0,"enemies":"Reptomancer","floor":40.0,"turns":3.0},{"damage":0.0,"enemies":"Giant Head","floor":42.0,"turns":4.0},{"damage":0.0,"enemies":"3 Darklings","floor":45.0,"turns":2.0},{"damage":16.0,"enemies":"Sphere and 2 Shapes","floor":47.0,"turns":4.0},{"damage":16.0,"enemies":"Time Eater","floor":50.0,"turns":7.0},{"damage":2,"enemies":"Shield and Spear","floor":54,"turns":4},{"damage":117,"enemies":"The Heart","floor":55,"turns":3}],"seed_played":"8498823942744541741","potions_obtained":[{"floor":4.0,"key":"GhostInAJar"},{"floor":4.0,"key":"CunningPotion"},{"floor":4.0,"key":"DuplicationPotion"},{"floor":6.0,"key":"Block Potion"},{"floor":8.0,"key":"CunningPotion"},{"floor":10.0,"key":"Block Potion"},{"floor":12.0,"key":"Poison Potion"},{"floor":16.0,"key":"DistilledChaos"},{"floor":20.0,"key":"Explosive Potion"},{"floor":30.0,"key":"GhostInAJar"},{"floor":33.0,"key":"Poison Potion"},{"floor":35.0,"key":"Swift Potion"},{"floor":38.0,"key":"FairyPotion"},{"floor":40.0,"key":"CultistPotion"},{"floor":54,"key":"EntropicBrew"}],"is_trial":false,"path_per_floor":["M","M","?","?","$","M","E","M","T","E","R","E","R","E","R","B",null,"M","T","M","M","?","E","R","$","T","E","E","M","E","?","R","B",null,"M","M","$","M","?","E","?","E","T","R","M","$","M","?","R","B",null,"R","$","E","B"],"character_chosen":"THE_SILENT","items_purchased":["Orrery","Reflex","Incense Burner","Membership Card","Accuracy","Terror"],"campfire_rested":0,"item_purchase_floors":[5,25,25,37,37,53],"current_hp_per_floor":[63,63,49,49,49,49,43,40,40,36,36,31,31,31,31,18,57,57,57,57,57,57,57,57,57,64,64,74,74,74,74,74,62,81,81,81,87,87,87,87,87,87,87,87,87,87,71,71,71,55,79,79,87,87,0,0],"gold":34,"neow_bonus":"HUNDRED_GOLD","is_daily":false,"chose_seed":false,"campfire_upgraded":7,"win_rate":0.0,"timestamp":1610210014,"path_taken":["M","M","?","?","$","M","E","M","T","E","R","E","R","E","R","BOSS","M","?","M","M","?","E","R","$","T","E","E","M","E","?","R","BOSS","M","M","$","M","?","E","?","E","T","R","M","$","M","?","R","BOSS","R","$","E","BOSS"],"items_purchased_type":["Relic","Card","Relic","Relic","Card","Card"],"build_version":"2020-12-22","purchased_purges":3,"victory":false,"max_hp_per_floor":[70,70,70,70,70,70,70,70,70,70,70,70,70,70,70,70,70,70,70,70,70,70,70,70,70,77,77,87,87,87,87,87,87,87,87,87,87,87,87,87,87,87,87,87,87,87,87,87,87,87,87,87,87,87,87,87],"card_choices":[{"not_picked":["Bane","Endless Agony"],"picked":"Deadly Poison","floor":1.0},{"not_picked":["PiercingWail","Escape Plan"],"picked":"Eviscerate","floor":2.0},{"not_picked":["Skewer","Caltrops"],"picked":"Prepared","floor":5.0},{"not_picked":["Quick Slash","Flechettes"],"picked":"Backflip","floor":5.0},{"not_picked":["Slice","Infinite Blades"],"picked":"Adrenaline","floor":5.0},{"not_picked":["Blade Dance","Outmaneuver"],"picked":"Backstab","floor":5.0},{"not_picked":["Noxious Fumes","Deadly Poison"],"picked":"Dagger Throw","floor":5.0},{"not_picked":["Riddle With Holes","Endless Agony","Distraction"],"picked":"SKIP","floor":6.0},{"not_picked":["Footwork","Choke"],"picked":"Poisoned Stab","floor":7.0},{"not_picked":["Underhanded Strike","Skewer"],"picked":"Reflex","floor":8.0},{"not_picked":["Predator","Flying Knee","Leg Sweep"],"picked":"SKIP","floor":10.0},{"not_picked":["Poisoned Stab","Deflect"],"picked":"Underhanded Strike","floor":12.0},{"not_picked":["Cloak And Dagger","Dagger Spray","Poisoned Stab"],"picked":"SKIP","floor":14.0},{"not_picked":["Glass Knife","Phantasmal Killer"],"picked":"Tools of the Trade","floor":16.0},{"not_picked":["Flechettes","Flying Knee+1"],"picked":"Blade Dance","floor":18.0},{"not_picked":["Footwork+1","Poisoned Stab"],"picked":"Backstab+1","floor":20.0},{"not_picked":["Bane","Backflip","Poisoned Stab"],"picked":"SKIP","floor":21.0},{"not_picked":["Noxious Fumes","Terror"],"picked":"Phantasmal Killer","floor":23.0},{"not_picked":["Crippling Poison","Deadly Poison"],"picked":"Blade Dance+1","floor":27.0},{"not_picked":["Deflect","Deadly Poison+1"],"picked":"Backstab","floor":28.0},{"not_picked":["Poisoned Stab+1","Backflip"],"picked":"Noxious Fumes+1","floor":29.0},{"not_picked":["Quick Slash","Flying Knee+1"],"picked":"Dagger Throw","floor":30.0},{"not_picked":["Die Die Die","Storm of Steel"],"picked":"Adrenaline","floor":33.0},{"not_picked":["Footwork","Crippling Poison+1","Cloak And Dagger"],"picked":"SKIP","floor":35.0},{"not_picked":["Bane","Sucker Punch","Caltrops"],"picked":"SKIP","floor":36.0},{"not_picked":["Slice+1","Escape Plan+1","PiercingWail"],"picked":"SKIP","floor":38.0},{"not_picked":["All Out Attack","Expertise","Skewer"],"picked":"SKIP","floor":40.0},{"not_picked":["Setup","Outmaneuver"],"picked":"Envenom","floor":42.0},{"not_picked":["Bouncing Flask+1","Backflip"],"picked":"Backstab+1","floor":45.0},{"not_picked":["Slice","PiercingWail+1","Dash"],"picked":"SKIP","floor":47.0},{"not_picked":["Flechettes+1","Skewer"],"picked":"Prepared+1","floor":54}],"player_experience":367448,"relics_obtained":[{"floor":7.0,"key":"WingedGreaves"},{"floor":9.0,"key":"HornCleat"},{"floor":10.0,"key":"Dream Catcher"},{"floor":12.0,"key":"Gremlin Horn"},{"floor":14.0,"key":"Thread and Needle"},{"floor":19.0,"key":"Bag of Preparation"},{"floor":23.0,"key":"Vajra"},{"floor":26.0,"key":"Strawberry"},{"floor":27.0,"key":"Toy Ornithopter"},{"floor":28.0,"key":"Pear"},{"floor":30.0,"key":"MealTicket"},{"floor":40.0,"key":"Juzu Bracelet"},{"floor":42.0,"key":"War Paint"},{"floor":54,"key":"Sundial"}],"event_choices":[{"damage_healed":0.0,"max_hp_gain":0.0,"max_hp_loss":0.0,"gold_gain":0.0,"event_name":"Shining Light","player_choice":"Entered Light","floor":3.0,"gold_loss":0.0,"damage_taken":14.0,"cards_upgraded":["Neutralize","Strike_G"]},{"damage_healed":0.0,"max_hp_gain":0.0,"max_hp_loss":0.0,"gold_gain":0.0,"event_name":"Lab","player_choice":"Got Potions","floor":4.0,"gold_loss":0.0,"damage_taken":0.0},{"damage_healed":0.0,"max_hp_gain":0.0,"max_hp_loss":0.0,"gold_gain":0.0,"event_name":"Cursed Tome","player_choice":"Ignored","floor":22.0,"gold_loss":0.0,"damage_taken":0.0},{"cards_removed":["Strike_G"],"damage_healed":0.0,"max_hp_gain":0.0,"max_hp_loss":0.0,"gold_gain":0.0,"event_name":"Purifier","player_choice":"Purged","floor":31.0,"gold_loss":0.0,"damage_taken":0.0},{"damage_healed":0.0,"max_hp_gain":0.0,"max_hp_loss":0.0,"gold_gain":0.0,"event_name":"Tomb of Lord Red Mask","player_choice":"Paid","floor":39.0,"gold_loss":72.0,"damage_taken":0.0,"relics_obtained":["Red Mask"]},{"cards_removed":["Strike_G"],"damage_healed":0.0,"max_hp_gain":0.0,"max_hp_loss":0.0,"gold_gain":0.0,"event_name":"Purifier","player_choice":"Purged","floor":41.0,"gold_loss":0.0,"damage_taken":0.0},{"cards_removed":["Dagger Throw"],"damage_healed":0.0,"max_hp_gain":0.0,"max_hp_loss":0.0,"gold_gain":0.0,"event_name":"Falling","player_choice":"Removed Attack","floor":48.0,"gold_loss":0.0,"damage_taken":0.0}],"is_beta":false,"boss_relics":[{"not_picked":["Runic Dome","Coffee Dripper"],"picked":"WristBlade"},{"not_picked":["Tiny House","Busted Crown"],"picked":"Philosopher\u0027s Stone"}],"items_purged_floors":[25,37,46],"is_endless":false,"potions_floor_spawned":[6,8,10,12,16,20,28,30,33,35,38,40,42,45,54],"killed_by":"The Heart","ascension_level":6}}