{"host":"480qzmvu0s2e3e6w","time":1610168130,"event":{"mods":["BaseMod","Colored Map","DeckTracker","Lobotomy","Minty Spire (QoL Compilation)","StSLib","SuperFastMode"],"gold_per_floor":[367,385,94,94,114,114,139,139,166,43,43,76,76,90,90,189,189,202,217,71,95,95,95,95,119,119,132,153,191,391,26,26,125,125,138,60,60,60,85,85,99,124,124,158,174,193,207,227,227,227,227],"floor_reached":50,"playtime":2516,"items_purged":["Strike_P","Strike_P"],"score":937,"play_id":"3d19e8ea-f332-4e31-a62a-5663a2607ba1","local_time":"20210109135530","is_ascension_mode":true,"campfire_choices":[{"data":"Apotheosis","floor":6.0,"key":"SMITH"},{"data":"Eruption","floor":8.0,"key":"SMITH"},{"floor":13.0,"key":"REST"},{"floor":15.0,"key":"REST"},{"floor":23.0,"key":"REST"},{"floor":32.0,"key":"REST"},{"floor":40,"key":"REST"},{"floor":49,"key":"RECALL"}],"circlet_count":0,"master_deck":["AscendersBane","Strike_P","Defend_P","Eruption+1","Vigilance","EmptyFist","EmptyBody","Apotheosis+1","FlurryOfBlows","CutThroughFate","DeceiveReality","ClearTheMind+1","BowlingBash","CrushJoints","Scrawl","Halt+1","WindmillStrike+1","Judgement","SpiritShield","Indignation","MentalFortress"],"relics":["PureWater","Golden Idol","Tiny Chest","Lantern","VioletLotus","Medical Kit","Nunchaku","War Paint","HornCleat","ClockworkSouvenir","Potion Belt","Empty Cage","Question Card","Ancient Tea Set"],"acts_visited":["Exordium","TheCity","TheBeyond"],"potions_floor_usage":[45,48,50],"damage_taken":[{"damage":11.0,"enemies":"Small Slimes","floor":1.0,"turns":6.0},{"damage":4.0,"enemies":"Jaw Worm","floor":2.0,"turns":4.0},{"damage":0.0,"enemies":"2 Louse","floor":5.0,"turns":3.0},{"damage":4.0,"enemies":"Looter","floor":7.0,"turns":3.0},{"damage":2.0,"enemies":"Lagavulin","floor":12.0,"turns":6.0},{"damage":0.0,"enemies":"Red Slaver","floor":14.0,"turns":1.0},{"damage":20.0,"enemies":"The Guardian","floor":16.0,"turns":9.0},{"damage":6.0,"enemies":"3 Byrds","floor":18.0,"turns":4.0},{"damage":6.0,"enemies":"Shell Parasite","floor":19.0,"turns":4.0},{"damage":16.0,"enemies":"Snecko","floor":21.0,"turns":4.0},{"damage":4.0,"enemies":"Cultist and Chosen","floor":27.0,"turns":4.0},{"damage":11.0,"enemies":"Centurion and Healer","floor":28.0,"turns":6.0},{"damage":9.0,"enemies":"Gremlin Leader","floor":29.0,"turns":3.0},{"damage":8.0,"enemies":"Champ","floor":33.0,"turns":8.0},{"damage":17,"enemies":"3 Shapes","floor":35,"turns":2},{"damage":6,"enemies":"3 Darklings","floor":39,"turns":4},{"damage":0,"enemies":"Sphere and 2 Shapes","floor":41,"turns":2},{"damage":1,"enemies":"Jaw Worm Horde","floor":42,"turns":4},{"damage":14,"enemies":"Giant Head","floor":44,"turns":6},{"damage":0,"enemies":"Spire Growth","floor":45,"turns":3},{"damage":0,"enemies":"4 Shapes","floor":46,"turns":3},{"damage":0,"enemies":"Maw","floor":47,"turns":5},{"damage":2,"enemies":"Transient","floor":48,"turns":5},{"damage":48,"enemies":"Time Eater","floor":50,"turns":7}],"seed_played":"-6779689062137680929","potions_obtained":[{"floor":2.0,"key":"Weak Potion"},{"floor":12.0,"key":"Explosive Potion"},{"floor":16.0,"key":"SkillPotion"},{"floor":18.0,"key":"ColorlessPotion"},{"floor":21.0,"key":"StancePotion"},{"floor":28.0,"key":"PowerPotion"},{"floor":35,"key":"Ancient Potion"},{"floor":39,"key":"BlessingOfTheForge"},{"floor":44,"key":"PowerPotion"},{"floor":46,"key":"DistilledChaos"}],"is_trial":false,"path_per_floor":["M","M","$","?","M","R","M","R","T","$","?","E","R","M","R","B",null,"M","M","$","M","?","R","?","T","T","M","M","E","?","$","R","B",null,"M","$","T","?","M","R","M","M","T","E","M","M","M","M","R","B"],"character_chosen":"WATCHER","items_purchased":["Apotheosis","FlurryOfBlows","ClearTheMind","Medical Kit","ClockworkSouvenir","Potion Belt","DistilledChaos","Indignation"],"campfire_rested":5,"item_purchase_floors":[3,3,10,20,31,31,31,36],"current_hp_per_floor":[50,46,46,25,25,25,21,21,21,21,21,19,37,37,55,35,55,49,43,43,27,27,45,45,45,45,41,30,21,21,21,39,31,54,37,37,37,37,31,49,49,48,48,34,34,34,34,32,32,0,0],"gold":227,"neow_bonus":"TWO_FIFTY_GOLD","is_daily":false,"chose_seed":false,"campfire_upgraded":2,"win_rate":0.0,"timestamp":1610168130,"path_taken":["M","M","$","?","M","R","M","R","T","$","?","E","R","M","R","BOSS","M","M","$","M","?","R","?","?","T","M","?","E","?","?","R","BOSS","M","$","?","?","M","R","M","M","T","E","M","M","M","M","R","BOSS"],"items_purchased_type":["Card","Card","Card","Relic","Relic","Relic","Potion","Card"],"build_version":"2020-12-22","purchased_purges":2,"victory":false,"max_hp_per_floor":[62,62,62,62,62,62,62,62,62,62,62,62,62,62,62,62,62,62,62,62,62,62,62,62,62,62,62,62,62,62,62,62,62,62,62,62,62,62,62,62,62,62,62,62,62,62,62,62,62,62,62],"card_choices":[{"not_picked":["Prostrate","Weave"],"picked":"EmptyFist","floor":1.0},{"not_picked":["SashWhip","Study"],"picked":"EmptyBody","floor":2.0},{"not_picked":["Vengeance","ThirdEye"],"picked":"CutThroughFate","floor":5.0},{"not_picked":["FlyingSleeves","EmptyFist"],"picked":"DeceiveReality","floor":7.0},{"not_picked":["Brilliance","FlurryOfBlows"],"picked":"CrushJoints","floor":12.0},{"not_picked":["Wireheading","LikeWater","EmptyBody"],"picked":"SKIP","floor":14.0},{"not_picked":["Establishment","Blasphemy"],"picked":"Scrawl","floor":16.0},{"not_picked":["BowlingBash","Worship"],"picked":"Halt","floor":18.0},{"not_picked":["FollowUp","CutThroughFate"],"picked":"WindmillStrike+1","floor":19.0},{"not_picked":["JustLucky","SandsOfTime","CrushJoints"],"picked":"SKIP","floor":21.0},{"not_picked":["Weave","ForeignInfluence"],"picked":"Judgement","floor":27.0},{"not_picked":["ThirdEye","WheelKick","FollowUp"],"picked":"SKIP","floor":28.0},{"not_picked":["BowlingBash","Halt","EmptyFist"],"picked":"SKIP","floor":29.0},{"not_picked":["MasterReality","Scrawl"],"picked":"SpiritShield","floor":33.0},{"not_picked":["Prostrate+1","Collect+1","Consecrate"],"picked":"SKIP","floor":35},{"not_picked":["FlurryOfBlows","Sanctity","BowlingBash","Evaluate"],"picked":"SKIP","floor":39},{"not_picked":["Consecrate","SandsOfTime","FlyingSleeves","BowlingBash+1"],"picked":"SKIP","floor":41},{"not_picked":["Brilliance","Swivel","Sanctity","ClearTheMind"],"picked":"SKIP","floor":42},{"not_picked":["Prostrate","Scrawl","EmptyMind"],"picked":"MentalFortress","floor":44},{"not_picked":["Evaluate","FlurryOfBlows+1","FlyingSleeves","Swivel"],"picked":"SKIP","floor":45},{"not_picked":["Prostrate+1","Fasting2+1","FlyingSleeves","PathToVictory"],"picked":"SKIP","floor":46},{"not_picked":["DeceiveReality+1","Protect","WindmillStrike","ReachHeaven+1"],"picked":"SKIP","floor":47},{"not_picked":["BowlingBash","FollowUp","CrushJoints","SignatureMove"],"picked":"SKIP","floor":48}],"player_experience":675254,"relics_obtained":[{"floor":9.0,"key":"Tiny Chest"},{"floor":12.0,"key":"Lantern"},{"floor":25.0,"key":"Nunchaku"},{"floor":26.0,"key":"War Paint"},{"floor":29.0,"key":"HornCleat"},{"floor":37,"key":"Question Card"},{"floor":44,"key":"Ancient Tea Set"}],"event_choices":[{"damage_healed":0.0,"max_hp_gain":0.0,"max_hp_loss":0.0,"gold_gain":0.0,"event_name":"Golden Idol","player_choice":"Take Damage","floor":4.0,"gold_loss":0.0,"damage_taken":21.0,"relics_obtained":["Golden Idol"]},{"damage_healed":0.0,"max_hp_gain":0.0,"max_hp_loss":0.0,"gold_gain":0.0,"cards_transformed":["Defend_P"],"event_name":"Living Wall","player_choice":"Change","floor":11.0,"gold_loss":0.0,"damage_taken":0.0,"cards_obtained":["BowlingBash"]},{"cards_removed":["Defend_P"],"damage_healed":0.0,"max_hp_gain":0.0,"max_hp_loss":0.0,"gold_gain":0.0,"event_name":"Back to Basics","player_choice":"Elegance","floor":22.0,"gold_loss":0.0,"damage_taken":0.0},{"damage_healed":0.0,"max_hp_gain":0.0,"max_hp_loss":0.0,"gold_gain":0.0,"event_name":"The Mausoleum","player_choice":"Ignored","floor":24.0,"gold_loss":0.0,"damage_taken":0.0},{"damage_healed":0.0,"max_hp_gain":0.0,"max_hp_loss":0.0,"gold_gain":200.0,"event_name":"Wheel of Change","player_choice":"Gold","floor":30.0,"gold_loss":0.0,"damage_taken":0.0},{"damage_healed":0,"gold_gain":0,"player_choice":"Ignored","damage_taken":0,"max_hp_gain":0,"max_hp_loss":0,"event_name":"Mysterious Sphere","floor":38,"gold_loss":0}],"is_beta":false,"boss_relics":[{"not_picked":["Coffee Dripper","Black Star"],"picked":"VioletLotus"},{"not_picked":["Pandora\u0027s Box","Sozu"],"picked":"Empty Cage"}],"items_purged_floors":[3,10],"is_endless":false,"potions_floor_spawned":[2,12,14,16,18,21,28,35,39,44,46],"killed_by":"Time Eater","ascension_level":15}}