{"host":"yvgpnpeu9jrd0c1w","time":1610220876,"event":{"mods":["AchievementEnabler","BaseMod","Colored Powertips","Minty Spire (QoL Compilation)","StSLib","The Runesmith","The Senshi"],"gold_per_floor":[117,32,43,60,135,153,153,168,237,237,254,265,279,299,299,401,401,417,433,393,406,423,423,441,441,441,441,474,573,573,606,606,706,706,723,723,739,2,19,19,36,36,62,62,412,412,467,487,487,487],"floor_reached":51,"playtime":6548,"items_purged":[],"score":708,"play_id":"066ab23c-16ec-491e-9da6-4deb5a559a3b","local_time":"20210109143436","is_ascension_mode":false,"campfire_choices":[{"floor":7,"key":"REST"},{"floor":15,"key":"REST"},{"floor":23,"key":"REST"},{"data":"LikeWater","floor":25,"key":"SMITH"},{"floor":27,"key":"REST"},{"data":"Eruption","floor":30,"key":"SMITH"},{"floor":32,"key":"REST"},{"floor":40,"key":"REST"},{"data":"SashWhip","floor":42,"key":"SMITH"},{"floor":49,"key":"REST"}],"circlet_count":0,"master_deck":["Strike_P","Strike_P","Strike_P","Strike_P","Defend_P","Defend_P","Defend_P+1","Defend_P","Eruption+1","Vigilance","FollowUp","Consecrate","LikeWater+1","SashWhip+1","ThirdEye","JustLucky+1","WaveOfTheHand","WheelKick+1","EmptyFist+1","JustLucky+1","FearNoEvil+1","Ragnarok+1","EmptyBody+1","FlurryOfBlows+1","SashWhip+1","BowlingBash+1","FollowUp+1","FearNoEvil+1","SandsOfTime+1","Brilliance+1","Swivel","SandsOfTime+1","LessonLearned+1","InnerPeace","Meditate+1","Swift Strike+1","Secret Weapon","Halt","ClearTheMind+1","Tantrum+1"],"relics":["HolyWater","Pantograph","Molten Egg 2","White Beast Statue","Incense Burner","Bronze Scales","VioletLotus","Kunai","Ice Cream","Matryoshka","Juzu Bracelet","Boot","Old Coin","Mango"],"acts_visited":["Exordium","TheCity","TheBeyond"],"potions_floor_usage":[28,28,31,31,37,41,45,50,50,50],"damage_taken":[{"damage":12,"enemies":"Cultist","floor":1,"turns":3},{"damage":3,"enemies":"2 Louse","floor":3,"turns":2},{"damage":3,"enemies":"Jaw Worm","floor":4,"turns":2},{"damage":0,"enemies":"2 Fungi Beasts","floor":6,"turns":3},{"damage":0,"enemies":"Red Slaver","floor":8,"turns":3},{"damage":21,"enemies":"Large Slime","floor":11,"turns":5},{"damage":7,"enemies":"Looter","floor":12,"turns":3},{"damage":7,"enemies":"Lots of Slimes","floor":13,"turns":4},{"damage":19,"enemies":"Blue Slaver","floor":14,"turns":3},{"damage":64,"enemies":"The Guardian","floor":16,"turns":9},{"damage":8,"enemies":"Shell Parasite","floor":18,"turns":3},{"damage":0,"enemies":"Chosen","floor":19,"turns":2},{"damage":17,"enemies":"Shelled Parasite and Fungi","floor":21,"turns":4},{"damage":14,"enemies":"Centurion and Healer","floor":22,"turns":7},{"damage":8,"enemies":"Sentry and Sphere","floor":24,"turns":5},{"damage":2,"enemies":"Book of Stabbing","floor":28,"turns":2},{"damage":21,"enemies":"Slavers","floor":31,"turns":4},{"damage":49,"enemies":"Collector","floor":33,"turns":6},{"damage":2,"enemies":"Orb Walker","floor":35,"turns":3},{"damage":32,"enemies":"3 Darklings","floor":37,"turns":3},{"damage":6,"enemies":"Spire Growth","floor":39,"turns":3},{"damage":0,"enemies":"Transient","floor":41,"turns":5},{"damage":15,"enemies":"Mind Bloom Boss Battle","floor":45,"turns":4},{"damage":37,"enemies":"2 Orb Walkers","floor":47,"turns":5},{"damage":38,"enemies":"Maw","floor":48,"turns":7},{"damage":40,"enemies":"Donu and Deca","floor":50,"turns":7}],"seed_played":"4854288457134923282","potions_obtained":[{"floor":4,"key":"SpeedPotion"},{"floor":12,"key":"SpeedPotion"},{"floor":16,"key":"BottledMiracle"},{"floor":21,"key":"FearPotion"},{"floor":22,"key":"StancePotion"},{"floor":28,"key":"EssenceOfSteel"},{"floor":31,"key":"GamblersBrew"},{"floor":33,"key":"Dexterity Potion"},{"floor":35,"key":"ColorlessPotion"},{"floor":37,"key":"Fruit Juice"},{"floor":39,"key":"Regen Potion"},{"floor":41,"key":"SpeedPotion"},{"floor":45,"key":"LiquidMemories"},{"floor":47,"key":"Block Potion"},{"floor":48,"key":"LiquidBronze"}],"is_trial":false,"path_per_floor":["M","$","M","M","?","M","R","M","T","T","M","M","M","M","R","B",null,"M","M","?","M","M","R","M","R","T","R","E","?","R","E","R","B",null,"M","?","M","$","M","R","M","R","T","?","?","?","?","M","R","B",null],"character_chosen":"WATCHER","items_purchased":["Consecrate","LikeWater","Ice Cream","Matryoshka","LessonLearned+1","SkillPotion"],"campfire_rested":7,"item_purchase_floors":[2,2,38,38,38,38],"current_hp_per_floor":[67,67,64,61,50,50,73,73,73,73,52,45,38,19,42,3,79,71,71,71,54,40,63,55,55,55,78,76,76,76,55,78,30,79,77,77,45,45,39,62,67,67,67,62,74,74,51,13,42,27],"gold":487,"neow_bonus":"TEN_PERCENT_HP_BONUS","is_daily":false,"chose_seed":false,"campfire_upgraded":3,"win_rate":0.0,"timestamp":1610220876,"path_taken":["M","?","M","M","?","M","R","M","T","?","M","M","M","M","R","BOSS","M","M","?","M","M","R","?","R","T","R","E","?","R","E","R","BOSS","M","?","M","$","M","R","M","R","T","?","?","?","?","M","R","BOSS"],"items_purchased_type":["Card","Card","Relic","Relic","Card","Potion"],"build_version":"2020-12-22","purchased_purges":0,"victory":true,"max_hp_per_floor":[79,79,79,79,79,79,79,79,79,79,79,79,79,79,79,79,79,79,79,79,79,79,79,79,79,79,79,79,79,79,79,79,79,79,79,79,79,79,79,79,84,84,84,84,84,84,98,98,98,98],"card_choices":[{"not_picked":["SashWhip","EmptyMind"],"picked":"FollowUp","floor":1},{"not_picked":["CutThroughFate","PathToVictory"],"picked":"SashWhip","floor":3},{"not_picked":["EmptyBody","Vengeance"],"picked":"ThirdEye","floor":4},{"not_picked":["EmptyMind","FollowUp"],"picked":"JustLucky","floor":6},{"not_picked":["FlyingSleeves","Consecrate"],"picked":"WaveOfTheHand","floor":8},{"not_picked":["DeusExMachina","Study"],"picked":"WheelKick+1","floor":11},{"not_picked":["DeceiveReality","Crescendo"],"picked":"EmptyFist+1","floor":12},{"not_picked":["Crescendo","ThirdEye"],"picked":"JustLucky+1","floor":13},{"not_picked":["Crescendo","Pray"],"picked":"FearNoEvil+1","floor":14},{"not_picked":["DeusExMachina","ConjureBlade"],"picked":"Ragnarok+1","floor":16},{"not_picked":["Protect","Evaluate"],"picked":"EmptyBody+1","floor":18},{"not_picked":["MasterReality","ClearTheMind"],"picked":"FlurryOfBlows+1","floor":19},{"not_picked":["PathToVictory+1","Crescendo"],"picked":"SashWhip+1","floor":21},{"not_picked":["Consecrate+1","ClearTheMind+1"],"picked":"BowlingBash+1","floor":22},{"not_picked":["Protect","CutThroughFate+1"],"picked":"FollowUp+1","floor":24},{"not_picked":["EmptyBody","Establishment"],"picked":"FearNoEvil+1","floor":28},{"not_picked":["TalkToTheHand+1","Vengeance+1"],"picked":"SandsOfTime+1","floor":31},{"not_picked":["Vault","Ragnarok+1"],"picked":"Brilliance+1","floor":33},{"not_picked":["CutThroughFate+1","SashWhip+1"],"picked":"Swivel","floor":35},{"not_picked":["WreathOfFlame","Sanctity+1"],"picked":"SandsOfTime+1","floor":37},{"not_picked":["FollowUp+1","Crescendo"],"picked":"InnerPeace","floor":39},{"not_picked":["JustLucky+1","CrushJoints+1"],"picked":"Meditate+1","floor":41},{"not_picked":["Forethought","Panacea"],"picked":"Swift Strike+1","floor":44},{"not_picked":["Panacea","Chrysalis"],"picked":"Secret Weapon","floor":44},{"not_picked":["JustLucky+1","CutThroughFate+1"],"picked":"Halt","floor":45},{"not_picked":["EmptyFist+1","Consecrate+1"],"picked":"ClearTheMind+1","floor":47},{"not_picked":["WheelKick+1","BowlingBash+1"],"picked":"Tantrum+1","floor":48}],"player_experience":38180,"relics_obtained":[{"floor":9,"key":"Pantograph"},{"floor":10,"key":"Molten Egg 2"},{"floor":26,"key":"White Beast Statue"},{"floor":28,"key":"Incense Burner"},{"floor":31,"key":"Bronze Scales"},{"floor":43,"key":"Juzu Bracelet"},{"floor":43,"key":"Boot"},{"floor":45,"key":"Old Coin"},{"floor":47,"key":"Mango"}],"event_choices":[{"damage_healed":0,"gold_gain":75,"player_choice":"Gather Gold","damage_taken":11,"max_hp_gain":0,"max_hp_loss":0,"event_name":"World of Goop","floor":5,"gold_loss":0},{"damage_healed":0,"gold_gain":0,"player_choice":"Upgraded Two","damage_taken":0,"max_hp_gain":0,"max_hp_loss":0,"event_name":"Designer","floor":20,"gold_loss":40,"cards_upgraded":["JustLucky","Defend_P"]},{"damage_healed":0,"gold_gain":99,"player_choice":"Stole From Cult","damage_taken":0,"max_hp_gain":0,"max_hp_loss":0,"event_name":"Nest","floor":29,"gold_loss":0},{"damage_healed":0,"gold_gain":0,"player_choice":"Gave Potion","damage_taken":0,"relics_obtained":["Kunai"],"max_hp_gain":0,"max_hp_loss":0,"event_name":"WeMeetAgain","floor":36,"gold_loss":0},{"damage_healed":0,"gold_gain":0,"player_choice":"Memory 2","damage_taken":5,"max_hp_gain":0,"max_hp_loss":0,"event_name":"SensoryStone","floor":44,"gold_loss":0},{"damage_healed":0,"gold_gain":0,"player_choice":"Fight","damage_taken":0,"max_hp_gain":0,"max_hp_loss":0,"event_name":"MindBloom","floor":45,"gold_loss":0},{"damage_healed":0,"gold_gain":0,"player_choice":"Ignored","damage_taken":0,"max_hp_gain":0,"max_hp_loss":0,"event_name":"SecretPortal","floor":46,"gold_loss":0},{"damage_healed":0,"gold_gain":0,"player_choice":"Fight","damage_taken":0,"max_hp_gain":0,"max_hp_loss":0,"event_name":"Mysterious Sphere","floor":47,"gold_loss":0}],"is_beta":false,"boss_relics":[{"not_picked":["Runesmith:UraniumAnvil","Ectoplasm"],"picked":"HolyWater"},{"not_picked":["Philosopher\u0027s Stone","Sozu"],"picked":"VioletLotus"}],"items_purged_floors":[],"is_endless":false,"potions_floor_spawned":[4,12,16,21,22,28,31,33,35,37,39,41,45,47,48],"ascension_level":0}}