{"host":"ylxam20yo7j5dy26","time":1610177682,"event":{"mods":["ATMod(°¢èªMod)","Act Like it!","BaseMod","Conspire","Defuse TimeMaze Blight","Downfall","Gensokyo","Hallownest","Hubris","Infinite Spire","Lobotomy","Minty Spire (QoL Compilation)","Quick Restart","Replay The Spire","Spicy Shops","StSLib","The Cursed","UnlockEverythingMod","vexMod","¡¾ÒÅÎï¿¨ÅÆ¡¿REMEMod"],"gold_per_floor":[109,126,146,146,161,161,172,188,188,201,125,125,138,138,138,242,242,242,242],"floor_reached":18,"playtime":1229,"items_purged":[],"score":231,"play_id":"35977cc9-4934-4a37-ae0f-1a3efc1d6858","local_time":"20210109153442","is_ascension_mode":false,"campfire_choices":[{"floor":15,"key":"REST"}],"circlet_count":0,"master_deck":["Apo_SoulSlash","Apo_Charge","Apo_Charge","Apo_Charge","Apo_Charge","Apo_Beam","Apo_Beam","Apo_Beam","Apo_Execute","Apo_Slash","Apo_Slash","Apo_SoulSlash","SnowQueen","TheCursedMod:Stigma","NothingThere","TheCursedMod:Torture","TheCursedMod:TacticalStrike","Yin","TheCursedMod:WearCloak","TheCursedMod:CursedRelics"],"relics":["TheCursedMod:BlackMagic101","AT_ATBox","REME_ComplimentaryCards","CogitoBucket","ApostleMask","SkinProphecy","REME_HandOfSuture","ReplayTheSpireMod:TigerMarble","AT_SpeedBoots","Yang_Lob","AT_TrinityForce"],"acts_visited":["Exordium","TheCity"],"potions_floor_usage":[],"damage_taken":[{"damage":15.0,"enemies":"Cultist","floor":1.0,"turns":4.0},{"damage":0.0,"enemies":"Small Slimes","floor":2.0,"turns":3.0},{"damage":4.0,"enemies":"Jaw Worm","floor":3.0,"turns":4.0},{"damage":24.0,"enemies":"Large Slime","floor":5.0,"turns":8.0},{"damage":0.0,"enemies":"3 Louse","floor":7.0,"turns":1.0},{"damage":18.0,"enemies":"Exordium Wildlife","floor":8.0,"turns":3.0},{"damage":10.0,"enemies":"Looter","floor":10.0,"turns":2.0},{"damage":5,"enemies":"3 Louse","floor":13,"turns":2},{"damage":0,"enemies":"Slime Boss","floor":16,"turns":3},{"damage":30,"enemies":"Spheric Guardian","floor":18,"turns":1}],"seed_played":"759346171608710879","potions_obtained":[{"floor":5.0,"key":"infinitespire:BlackPotion"},{"floor":7.0,"key":"Elixir"},{"floor":10.0,"key":"Fire Potion"},{"floor":16,"key":"Regen Potion"}],"is_trial":false,"path_per_floor":["M","M","M","?","M","E","M","M","T","M","$","?","M","?","R","B",null,"M"],"character_chosen":"THE_CURSED","items_purchased":["ReplayTheSpireMod:TigerMarble"],"campfire_rested":1,"item_purchase_floors":[11],"current_hp_per_floor":[64,64,60,60,50,50,50,77,77,63,63,63,54,29,29,25,25,0,0],"gold":242,"neow_bonus":"","is_daily":false,"chose_seed":false,"campfire_upgraded":0,"win_rate":0.0,"timestamp":1610177682,"path_taken":["M","?","M","?","M","E","M","M","T","M","$","?","M","?","R","BOSS","M"],"items_purchased_type":["Relic"],"build_version":"2020-12-22","purchased_purges":0,"victory":false,"max_hp_per_floor":[75,75,75,75,75,75,75,77,77,79,79,79,81,81,81,83,83,87,87],"card_choices":[{"not_picked":["MeatLantern","SpiderBud"],"picked":"HappyTeddy","floor":1.0},{"not_picked":["TheCursedMod:TroublousMinions","TheCursedMod:CircleOfBlood"],"picked":"TheCursedMod:CursedBlade","floor":1.0},{"not_picked":["CherryBlossoms","Scorched"],"picked":"Rudolta","floor":2.0},{"not_picked":["TheCursedMod:CircleOfCorruption","TheCursedMod:Torture"],"picked":"TheCursedMod:RapidMovement","floor":2.0},{"not_picked":["Wellcheers","FieryBird"],"picked":"PlagueDoctor","floor":3.0},{"not_picked":["TheCursedMod:CircleOfCorruption","TheCursedMod:CircleOfAmplification"],"picked":"TheCursedMod:Torture","floor":3.0},{"not_picked":["TheCursedMod:CursedAmulet","TheCursedMod:CircleOfAmplification"],"picked":"TheCursedMod:SpitefulStrike","floor":5.0},{"not_picked":["SingingMachine","BeautyBeast"],"picked":"SnowQueen","floor":5.0},{"not_picked":["FairyFestival","SpiderBud"],"picked":"SnowQueen","floor":7.0},{"not_picked":["TheCursedMod:SurpriseAttack","TheCursedMod:CursedShiv"],"picked":"TheCursedMod:Stigma","floor":7.0},{"not_picked":["FairyFestival","Mercenary"],"picked":"NothingThere","floor":8.0},{"not_picked":["TheCursedMod:CircleOfWindfury","TheCursedMod:PrepareRite"],"picked":"TheCursedMod:Torture","floor":8.0},{"not_picked":["TheCursedMod:CursedMace","TheCursedMod:EmpowerCircles"],"picked":"TheCursedMod:TacticalStrike","floor":10.0},{"not_picked":["RedShoes","CherryBlossoms"],"picked":"Yin","floor":13},{"not_picked":["TheCursedMod:BloodBarrier","TheCursedMod:CursedStaff"],"picked":"TheCursedMod:WearCloak","floor":13},{"not_picked":["TheCursedMod:ForbiddenAlchemy","TheCursedMod:OutForBlood"],"picked":"TheCursedMod:CursedRelics","floor":16}],"player_experience":108071,"relics_obtained":[{"floor":9.0,"key":"REME_HandOfSuture"}],"event_choices":[{"damage_healed":0,"gold_gain":0,"player_choice":"Success","damage_taken":25,"relics_obtained":["AT_SpeedBoots"],"max_hp_gain":0,"max_hp_loss":0,"event_name":"Scrap Ooze","floor":14,"gold_loss":0}],"is_beta":false,"boss_relics":[{"not_picked":["vexMod:FluxCapacitor","Replay:Drink Me"],"picked":"AT_TrinityForce"}],"items_purged_floors":[],"is_endless":false,"potions_floor_spawned":[5,7,10,13,16],"killed_by":"Spheric Guardian","ascension_level":0}}