{"host":"ij84le5dz5iaw1mq","time":1610184949,"event":{"mods":["AchievementEnabler","BaseMod","Better Altar","Better Match","Better Note","Better Sensory Stone","Better Skull","Better Third Choice","BetterRewards","Colored Map","Colored Powertips","DeckTracker","Downfall","Hermit","Hubris","Infinite Spire","Minty Spire (QoL Compilation)","Permanent Neow","Quick Restart","Rare Cards Sparkle","Replay The Spire","Shop Mod","StSLib","The Cursed","The Disciple","The Elementalist","The Runesmith","The Spell Scribe"],"gold_per_floor":[109,122,137,149,165,193,211,62,62,62,80,99,99,109,109,214,214,232,232,232,232,252,252,271,271,271,296,325,325,342,362,362,460,460,500,722,784,784,852,852,924,924,924,924,924],"floor_reached":44,"playtime":3717,"items_purged":["Runesmith:Strike_RS","Runesmith:WhiteBalance+1","Runesmith:Strike_RS"],"score":661,"play_id":"c4cbc907-cffb-44ee-bb32-f2e3bfd80da2","local_time":"20210109043549","is_ascension_mode":false,"campfire_choices":[{"data":"Runesmith:Permafrost","floor":10.0,"key":"SMITH"},{"data":"Runesmith:ElementalConversion","floor":15.0,"key":"SMITH"},{"data":"Runesmith:Terraform","floor":23.0,"key":"SMITH"},{"floor":29.0,"key":"REST"},{"data":"Runesmith:CraftFirestone","floor":32.0,"key":"SMITH"},{"floor":40.0,"key":"REST"}],"circlet_count":0,"master_deck":["Runesmith:Defend_RS","Runesmith:CraftFirestone+1","Runesmith:Fortify","Runesmith:EarthShield","Runesmith:PerfectChisel+1","Runesmith:CraftMagma","Runesmith:CraftIncendium","Runesmith:ChiselStab","Runesmith:RuneHurl","Runesmith:EarthShield","Runesmith:Permafrost+1","Runesmith:ElementalConversion+1","Runesmith:ChiselStab","Runesmith:Supernova+1","Runesmith:ElementalConversion+1","Runesmith:CraftPrismatica+1","Runesmith:CraftMagma","Runesmith:Terraform+1","Runesmith:Prism","Runesmith:EnergizedChisel+1","Runesmith:EarthShield","Runesmith:EnergizedChisel+1","Runesmith:CraftMedicinae","Runesmith:Empowerment+1","Runesmith:MakeshiftArmor+1"],"relics":["Runesmith:BrokenRuby","Mercury Hourglass","Chameleon Ring","Astrolabe","Cursed Key","Red Mask","hubris:TinFlute","Empty Cage","infinitespire:EvilPickle"],"acts_visited":["Exordium","TheCity","TheBeyond"],"potions_floor_usage":[],"damage_taken":[{"damage":0.0,"enemies":"Small Slimes","floor":1.0,"turns":5.0},{"damage":0.0,"enemies":"2 Louse","floor":2.0,"turns":3.0},{"damage":0.0,"enemies":"Jaw Worm","floor":3.0,"turns":4.0},{"damage":7.0,"enemies":"Looter","floor":4.0,"turns":4.0},{"damage":9.0,"enemies":"Lots of Slimes","floor":5.0,"turns":5.0},{"damage":11.0,"enemies":"Gremlin Nob","floor":6.0,"turns":4.0},{"damage":7.0,"enemies":"Large Slime","floor":7.0,"turns":4.0},{"damage":4.0,"enemies":"3 Louse","floor":11.0,"turns":3.0},{"damage":3.0,"enemies":"2 Fungi Beasts","floor":12.0,"turns":3.0},{"damage":0.0,"enemies":"Looter","floor":14.0,"turns":3.0},{"damage":0.0,"enemies":"Fading Forest","floor":16.0,"turns":11.0},{"damage":12.0,"enemies":"3 Byrds","floor":18.0,"turns":4.0},{"damage":10.0,"enemies":"Chosen","floor":22.0,"turns":5.0},{"damage":19.0,"enemies":"Snake Plant","floor":24.0,"turns":3.0},{"damage":10.0,"enemies":"Masked Bandits","floor":27.0,"turns":3.0},{"damage":5.0,"enemies":"Book of Stabbing","floor":28.0,"turns":6.0},{"damage":1.0,"enemies":"Centurion and Healer","floor":30.0,"turns":7.0},{"damage":2.0,"enemies":"Shelled Parasite and Fungi","floor":31.0,"turns":7.0},{"damage":34.0,"enemies":"Pondfish","floor":33.0,"turns":13.0},{"damage":36.0,"enemies":"3 Darklings","floor":35.0,"turns":6.0},{"damage":4.0,"enemies":"Orb Walker","floor":37.0,"turns":3.0},{"damage":26.0,"enemies":"Spire Growth","floor":39.0,"turns":6.0},{"damage":7.0,"enemies":"Maw","floor":41.0,"turns":11.0},{"damage":30,"enemies":"Jaw Worm Horde","floor":44,"turns":2}],"seed_played":"-5789501121710406964","potions_obtained":[{"floor":1.0,"key":"Weak Potion"},{"floor":2.0,"key":"AttackPotion"},{"floor":11.0,"key":"Adrenaline Potion"},{"floor":12.0,"key":"champ:CounterPotion"},{"floor":14.0,"key":"Fire Potion"},{"floor":19.0,"key":"DuplicationPotion"},{"floor":19.0,"key":"Weak Potion"},{"floor":19.0,"key":"Regen Potion"},{"floor":22.0,"key":"EssenceOfSteel"},{"floor":37.0,"key":"BlessingOfTheForge"}],"is_trial":false,"path_per_floor":["M","M","M","M","M","E","M","$","T","R","M","M","$","M","R","B",null,"M","?","?","AVR","M","R","M","?","T","?","E","R","M","M","R","B",null,"M","?","M","AVR","M","R","M","?","T","M"],"character_chosen":"RUNESMITH_CLASS","items_purchased":["Runesmith:Permafrost"],"campfire_rested":2,"item_purchase_floors":[8],"current_hp_per_floor":[70,70,70,63,54,43,36,36,36,36,32,29,29,29,29,39,70,58,58,58,58,48,48,29,29,29,19,27,48,47,45,45,11,70,34,34,32,32,9,30,25,25,25,0,0],"gold":924,"neow_bonus":"THREE_CARDS","is_daily":false,"chose_seed":false,"campfire_upgraded":4,"win_rate":0.0,"timestamp":1610184949,"path_taken":["M","M","M","M","M","E","M","$","T","R","M","M","$","M","R","BOSS","M","?","?","AVR","M","R","?","?","T","?","E","R","M","M","R","BOSS","M","?","M","AVR","M","R","M","?","T","M"],"items_purchased_type":["Card"],"build_version":"2020-12-22","purchased_purges":3,"victory":false,"max_hp_per_floor":[70,70,70,70,70,70,70,70,70,70,70,70,70,70,70,70,70,70,70,70,70,70,70,70,70,70,70,70,70,70,70,70,70,70,70,70,70,70,70,70,70,66,66,66,66],"card_choices":[{"not_picked":["Runesmith:CraftProtectio","Runesmith:ShiftingStrike"],"picked":"Runesmith:EarthShield","floor":0.0},{"not_picked":["Runesmith:HammerThrow","Runesmith:Overpower"],"picked":"Runesmith:PerfectChisel","floor":1.0},{"not_picked":["Runesmith:ShiftingStrike","Runesmith:ChiselStab"],"picked":"Runesmith:CraftMagma","floor":2.0},{"not_picked":["Runesmith:EarthShield","Runesmith:LithiumIon"],"picked":"Runesmith:CraftIncendium","floor":3.0},{"not_picked":["Runesmith:RuneHurl","Runesmith:RunicBlueprint"],"picked":"Runesmith:ChiselStab","floor":4.0},{"not_picked":["Runesmith:Malloc","Runesmith:NegativeSpace","Runesmith:Superposition"],"picked":"SKIP","floor":5.0},{"not_picked":["Runesmith:CraftVitae","Runesmith:NanitesCloud"],"picked":"Runesmith:RuneHurl","floor":6.0},{"not_picked":["Runesmith:HeatExchange","Runesmith:LightningRod"],"picked":"Runesmith:EarthShield","floor":7.0},{"not_picked":["Runesmith:NanitesCloud","Runesmith:Discharge","Runesmith:Permafrost"],"picked":"SKIP","floor":11.0},{"not_picked":["Runesmith:Overpower","Runesmith:HeatExchange"],"picked":"Runesmith:ElementalConversion","floor":12.0},{"not_picked":["Runesmith:HeatExchange","Runesmith:Grindstone"],"picked":"Runesmith:ChiselStab","floor":14.0},{"not_picked":["Runesmith:CraftMedicinae","Runesmith:CraftPrismatica"],"picked":"Runesmith:Supernova","floor":16.0},{"not_picked":["Runesmith:ShiftingStrike","Runesmith:ChiselStab"],"picked":"Runesmith:CraftMagma","floor":18.0},{"not_picked":["Runesmith:HammerThrow+1","Runesmith:NegativeSpace"],"picked":"Runesmith:Terraform","floor":22.0},{"not_picked":["Runesmith:UnstableHammer","Runesmith:Reinforce","Runesmith:Grindstone"],"picked":"SKIP","floor":24.0},{"not_picked":["Runesmith:UnstableHammer","Runesmith:StaticCage"],"picked":"Runesmith:Prism","floor":27.0},{"not_picked":["Runesmith:Grindstone","Runesmith:DoubleUp"],"picked":"Runesmith:EnergizedChisel+1","floor":28.0},{"not_picked":["Runesmith:NegativeSpace+1","Runesmith:UnstableHammer+1"],"picked":"Runesmith:EarthShield","floor":30.0},{"not_picked":["Runesmith:BackupBattery","Runesmith:MakeshiftArmor"],"picked":"Runesmith:EnergizedChisel+1","floor":31.0},{"not_picked":["Runesmith:DuctTape","Runesmith:FissionHammer"],"picked":"Runesmith:CraftMedicinae","floor":33.0},{"not_picked":["Runesmith:StaticCage+1","Runesmith:BackupBattery+1","Runesmith:HeatExchange"],"picked":"SKIP","floor":35.0},{"not_picked":["Runesmith:StaticCage","Runesmith:Grindstone"],"picked":"Runesmith:Empowerment+1","floor":37.0},{"not_picked":["Runesmith:ChiselStab+1","Runesmith:PerfectChisel+1","Runesmith:UnlimitedPower"],"picked":"SKIP","floor":39.0},{"not_picked":["Runesmith:ChiselStab+1","Runesmith:PerfectChisel+1","Runesmith:UnlimitedPower"],"picked":"SKIP","floor":39.0},{"not_picked":["Runesmith:Refine+1","Runesmith:BackupBattery"],"picked":"Runesmith:MakeshiftArmor+1","floor":41.0}],"player_experience":136658,"relics_obtained":[{"floor":6.0,"key":"Mercury Hourglass"},{"floor":9.0,"key":"Chameleon Ring"},{"floor":27.0,"key":"Red Mask"},{"floor":28.0,"key":"hubris:TinFlute"}],"event_choices":[{"damage_healed":0.0,"max_hp_gain":0.0,"max_hp_loss":0.0,"gold_gain":0.0,"event_name":"Lab","player_choice":"Got Potions","floor":19.0,"gold_loss":0.0,"damage_taken":0.0},{"damage_healed":0.0,"max_hp_gain":0.0,"max_hp_loss":0.0,"gold_gain":0.0,"event_name":"Accursed Blacksmith","player_choice":"Forge","floor":20.0,"gold_loss":0.0,"damage_taken":0.0,"cards_upgraded":["Runesmith:Supernova"]},{"damage_healed":0.0,"max_hp_gain":0.0,"max_hp_loss":0.0,"gold_gain":0.0,"event_name":"Upgrade Shrine","player_choice":"Upgraded","floor":25.0,"gold_loss":0.0,"damage_taken":0.0,"cards_upgraded":["Runesmith:PerfectChisel"]},{"damage_healed":0.0,"max_hp_gain":0.0,"max_hp_loss":0.0,"gold_gain":0.0,"event_name":"Masked Bandits","player_choice":"Fought Bandits","floor":27.0,"gold_loss":0.0,"damage_taken":0.0},{"damage_healed":0.0,"max_hp_gain":0.0,"max_hp_loss":0.0,"gold_gain":222.0,"event_name":"Tomb of Lord Red Mask","player_choice":"Wore Mask","floor":36.0,"gold_loss":0.0,"damage_taken":0.0},{"damage_healed":0.0,"max_hp_gain":0.0,"max_hp_loss":4.0,"gold_gain":0.0,"event_name":"Winding Halls","player_choice":"Max HP","floor":42.0,"gold_loss":0.0,"damage_taken":0.0}],"is_beta":false,"boss_relics":[{"not_picked":["SlaversCollar","infinitespire:Cupcake"],"picked":"Astrolabe"},{"not_picked":["Calling Bell","Runic Dome"],"picked":"Empty Cage"}],"items_purged_floors":[8,21,38],"is_endless":false,"potions_floor_spawned":[1,2,11,12,14,22,24,27,37],"killed_by":"Jaw Worm Horde","ascension_level":0}}