{"host":"q8niu1x2pgv94o1d","time":1610229078,"event":{"mods":["AchievementEnabler","BaseMod","Colored Map","Colored Powertips","Minty Spire (QoL Compilation)","StSLib"],"gold_per_floor":[112,112,287,237,237,277,296,2,2,27,77,86,86,114,114,247,247,276,308,668,686,317,364,364,378,429,461,46,146,146,174,174,312,312,335,335,360,378,400,400,135,178,203,239,248,268,296,315,315,315],"floor_reached":51,"playtime":3856,"items_purged":["Strike_B","Defend_B"],"score":796,"play_id":"0a659588-87f6-4d1f-9e6b-106ea59940ae","local_time":"20210109225118","is_ascension_mode":true,"campfire_choices":[{"data":"Sunder","floor":15,"key":"SMITH"},{"data":"Capacitor","floor":24,"key":"SMITH"},{"data":"Capacitor","floor":30,"key":"SMITH"},{"data":"Dualcast","floor":32,"key":"SMITH"},{"data":"Machine Learning","floor":40,"key":"SMITH"},{"data":"Zap","floor":49,"key":"SMITH"}],"circlet_count":0,"master_deck":["Strike_B","Strike_B+1","Strike_B+1","Defend_B+1","Defend_B","Zap+1","Dualcast+1","BootSequence+1","Consume+1","Sunder+1","Hologram+1","Ball Lightning","Steam+1","Chaos+1","Steam Power+1","Rainbow+1","Capacitor+1","Genetic Algorithm+1","Coolheaded+1","Skim+1","Capacitor+1","Coolheaded+1","Redo+1","Machine Learning+1","FTL+1","Finesse+1","Chrysalis+1","Compile Driver+1","Hologram+1","Cold Snap+1","Genetic Algorithm+1","Coolheaded+1"],"relics":["Cracked Core","Pen Nib","Toxic Egg 2","Golden Idol","Meat on the Bone","Gremlin Horn","InkBottle","CeramicFish","Cables","Coffee Dripper","ClockworkSouvenir","Whetstone","The Courier","Potion Belt","Bag of Preparation","Emotion Chip","SacredBark","PreservedInsect","War Paint","HornCleat","Omamori","Smiling Mask"],"acts_visited":["Exordium","TheCity","TheBeyond"],"potions_floor_usage":[33,50,50,50],"damage_taken":[{"damage":1.0,"enemies":"Cultist","floor":1.0,"turns":3.0},{"damage":27.0,"enemies":"3 Sentries","floor":6.0,"turns":11.0},{"damage":25.0,"enemies":"Small Slimes","floor":7.0,"turns":27.0},{"damage":1.0,"enemies":"Jaw Worm","floor":10.0,"turns":3.0},{"damage":21,"enemies":"Lagavulin","floor":11,"turns":6},{"damage":0,"enemies":"Large Slime","floor":14,"turns":4},{"damage":27,"enemies":"Slime Boss","floor":16,"turns":5},{"damage":0,"enemies":"2 Thieves","floor":18,"turns":3},{"damage":0,"enemies":"3 Byrds","floor":19,"turns":3},{"damage":5,"enemies":"Snecko","floor":21,"turns":5},{"damage":10,"enemies":"Slavers","floor":23,"turns":5},{"damage":0,"enemies":"Chosen and Byrds","floor":25,"turns":4},{"damage":0,"enemies":"Sentry and Sphere","floor":27,"turns":3},{"damage":8,"enemies":"Snake Plant","floor":31,"turns":5},{"damage":7,"enemies":"Automaton","floor":33,"turns":6},{"damage":0,"enemies":"3 Shapes","floor":35,"turns":2},{"damage":2,"enemies":"3 Darklings","floor":39,"turns":6},{"damage":18,"enemies":"Nemesis","floor":42,"turns":5},{"damage":5,"enemies":"Reptomancer","floor":44,"turns":6},{"damage":0,"enemies":"4 Shapes","floor":46,"turns":6},{"damage":0,"enemies":"Jaw Worm Horde","floor":47,"turns":4},{"damage":0,"enemies":"Writhing Mass","floor":48,"turns":3},{"damage":6,"enemies":"Donu and Deca","floor":50,"turns":5}],"seed_played":"-5600023898698404473","potions_obtained":[{"floor":1.0,"key":"DuplicationPotion"},{"floor":10.0,"key":"Energy Potion"},{"floor":14,"key":"FocusPotion"},{"floor":31,"key":"Swift Potion"},{"floor":33,"key":"LiquidBronze"}],"is_trial":false,"path_per_floor":["M","T","?","?","?","E","M","$","T","M","E","?","T","M","R","B",null,"M","M","?","M","$","E","R","M","T","M","$","?","R","M","R","B",null,"M","?","T","?","M","R","$","E","T","E","?","M","M","M","R","B",null],"character_chosen":"DEFECT","items_purchased":["Gremlin Horn","Hologram+1","ClockworkSouvenir","Whetstone","Capacitor","Bag of Preparation","Emotion Chip","Coolheaded+1","War Paint","Hologram+1","SteroidPotion"],"campfire_rested":0,"item_purchase_floors":[8,8,22,22,28,28,28,28,41,41,41],"current_hp_per_floor":[74,74,74,74,69,42,29,29,29,40,31,31,31,43,43,28,69,69,69,33,40,40,42,42,42,42,42,42,42,42,46,46,39,69,69,69,69,59,57,57,57,39,39,46,46,46,46,46,46,40],"gold":315,"neow_bonus":"RANDOM_COMMON_RELIC","is_daily":false,"chose_seed":false,"campfire_upgraded":6,"win_rate":0.0,"timestamp":1610229078,"path_taken":["M","?","?","?","?","E","M","$","T","?","E","?","?","M","R","BOSS","M","?","?","M","$","E","R","?","T","M","?","?","R","M","R","BOSS","M","?","?","?","M","R","$","E","T","E","?","M","M","?","R","BOSS"],"items_purchased_type":["Relic","Card","Relic","Relic","Card","Relic","Relic","Card","Relic","Card","Potion"],"build_version":"2020-12-22","purchased_purges":2,"victory":true,"max_hp_per_floor":[75,75,75,75,69,69,69,69,69,69,69,69,69,69,69,69,69,69,69,69,69,69,69,69,69,69,69,69,69,69,69,69,69,69,69,69,69,69,69,69,69,69,69,69,69,69,69,69,69,69],"card_choices":[{"not_picked":["Heatsinks","Beam Cell"],"picked":"BootSequence","floor":1.0},{"not_picked":["Scrape","Ball Lightning"],"picked":"Consume+1","floor":6.0},{"not_picked":["Streamline","Stack+1"],"picked":"Sunder","floor":7.0},{"not_picked":["Loop","Leap+1"],"picked":"Ball Lightning","floor":10.0},{"not_picked":["Turbo+1","Heatsinks"],"picked":"Steam+1","floor":11},{"not_picked":["Rip and Tear","Leap+1"],"picked":"Steam Power+1","floor":14},{"not_picked":["Reboot+1","Multi-Cast+1"],"picked":"Rainbow+1","floor":16},{"not_picked":["Hologram+1","Gash"],"picked":"Capacitor","floor":18},{"not_picked":["Barrage+1","Steam Power+1"],"picked":"Genetic Algorithm+1","floor":19},{"not_picked":["Stack+1","Steam+1","Leap+1"],"picked":"SKIP","floor":21},{"not_picked":["Rebound","Hello World"],"picked":"Coolheaded+1","floor":23},{"not_picked":["Reprogram+1","Stack+1","Cold Snap"],"picked":"SKIP","floor":25},{"not_picked":["Conserve Battery+1","Cold Snap"],"picked":"Skim+1","floor":27},{"not_picked":["Stack+1","Conserve Battery+1"],"picked":"Redo+1","floor":31},{"not_picked":["Buffer","Reboot+1"],"picked":"Machine Learning","floor":33},{"not_picked":["Leap+1","Steam+1"],"picked":"FTL+1","floor":35},{"not_picked":["Forethought+1","Bandage Up+1"],"picked":"Finesse+1","floor":38},{"not_picked":["Deep Breath+1","Discovery+1"],"picked":"Chrysalis+1","floor":38},{"not_picked":["Cold Snap","Chaos+1"],"picked":"Compile Driver+1","floor":39},{"not_picked":["Steam Power+1","Reinforced Body+1"],"picked":"Cold Snap+1","floor":42},{"not_picked":["Hologram+1","Coolheaded+1","All For One"],"picked":"SKIP","floor":44},{"not_picked":["Stack+1","Tempest+1","Steam+1"],"picked":"SKIP","floor":46},{"not_picked":["Streamline","Barrage"],"picked":"Coolheaded+1","floor":47},{"not_picked":["Hologram+1","Compile Driver","Stack+1"],"picked":"SKIP","floor":48}],"player_experience":1780156,"relics_obtained":[{"floor":2.0,"key":"Toxic Egg 2"},{"floor":6.0,"key":"Meat on the Bone"},{"floor":9.0,"key":"InkBottle"},{"floor":11,"key":"CeramicFish"},{"floor":13,"key":"Cables"},{"floor":23,"key":"The Courier"},{"floor":26,"key":"Potion Belt"},{"floor":37,"key":"PreservedInsect"},{"floor":42,"key":"HornCleat"},{"floor":43,"key":"Omamori"},{"floor":44,"key":"Smiling Mask"}],"event_choices":[{"damage_healed":0.0,"max_hp_gain":0.0,"max_hp_loss":0.0,"gold_gain":175.0,"event_name":"Liars Game","player_choice":"AGREE","floor":3.0,"gold_loss":0.0,"damage_taken":0.0,"cards_obtained":["Doubt"]},{"cards_removed":["Doubt"],"damage_healed":0.0,"max_hp_gain":0.0,"max_hp_loss":0.0,"gold_gain":0.0,"event_name":"The Cleric","player_choice":"Card Removal","floor":4.0,"gold_loss":50.0,"damage_taken":0.0},{"damage_healed":0.0,"max_hp_gain":0.0,"max_hp_loss":6.0,"gold_gain":0.0,"event_name":"Golden Idol","player_choice":"Lose Max HP","floor":5.0,"gold_loss":0.0,"damage_taken":0.0,"relics_obtained":["Golden Idol"]},{"damage_healed":0,"gold_gain":0,"cards_transformed":["Defend_B"],"player_choice":"Change","damage_taken":0,"max_hp_gain":0,"max_hp_loss":0,"event_name":"Living Wall","floor":12,"gold_loss":0,"cards_obtained":["Chaos"]},{"damage_healed":0,"gold_gain":360,"player_choice":"GOLD GOLD GOLD GOLD ","damage_taken":36,"max_hp_gain":0,"max_hp_loss":0,"event_name":"Knowing Skull","floor":20,"potions_obtained":[],"gold_loss":0,"cards_obtained":[]},{"damage_healed":0,"gold_gain":100,"player_choice":"Pray","damage_taken":0,"max_hp_gain":0,"max_hp_loss":0,"event_name":"Golden Shrine","floor":29,"gold_loss":0},{"damage_healed":0,"gold_gain":0,"player_choice":"Ignored","damage_taken":0,"max_hp_gain":0,"max_hp_loss":0,"event_name":"Tomb of Lord Red Mask","floor":36,"gold_loss":0},{"damage_healed":0,"gold_gain":0,"player_choice":"Memory 3","damage_taken":10,"max_hp_gain":0,"max_hp_loss":0,"event_name":"SensoryStone","floor":38,"gold_loss":0},{"damage_healed":0,"gold_gain":0,"player_choice":"Copied","damage_taken":0,"max_hp_gain":0,"max_hp_loss":0,"event_name":"Duplicator","floor":45,"gold_loss":0,"cards_obtained":["Genetic Algorithm"]}],"is_beta":false,"boss_relics":[{"not_picked":["Fusion Hammer","Runic Dome"],"picked":"Coffee Dripper"},{"not_picked":["Empty Cage","Philosopher\u0027s Stone"],"picked":"SacredBark"}],"items_purged_floors":[22,41],"is_endless":false,"potions_floor_spawned":[1,10,14,16,18,19,31,33,42,47,48],"ascension_level":1}}