{"host":"8pjvbxl6xo882v42","time":1610220408,"event":{"mods":["AchievementEnabler","BaseMod","Minty Spire (QoL Compilation)","Replay The Spire","StSLib","The Cursed"],"gold_per_floor":[117,135,135,148,164,164,192,7,32,51,51,81,81,46,46,143,143,161,161],"floor_reached":18,"playtime":1339,"items_purged":[],"score":305,"play_id":"0db72c93-0fc8-48e7-a387-c1984d039bfa","local_time":"20210109202648","is_ascension_mode":true,"campfire_choices":[{"data":"Double Tap","floor":6,"key":"SMITH"},{"data":"Apotheosis","floor":11,"key":"SMITH"},{"floor":13,"key":"REST"}],"circlet_count":0,"master_deck":["AscendersBane","Strike_R","Strike_R","Strike_R","Strike_R","Strike_R","Defend_R","Defend_R","Defend_R","Defend_R","Bash","Perfected Strike","Seeing Red+1","Double Tap+1","ReplayTheSpireMod:Muscle Training","Armaments","Apotheosis+1","Infernal Blade","Berserk","Flex+1"],"relics":["ReplayTheSpireMod:DimensionalGlitch","Toy Ornithopter","Replay:Baseball","Smiling Mask","Pocketwatch","Replay:Grab Bag","Busted Crown","Ooze Armor","Black Star"],"acts_visited":["Exordium","TheCity"],"potions_floor_usage":[7,16,16],"damage_taken":[{"damage":5.0,"enemies":"Small Slimes","floor":1.0,"turns":4.0},{"damage":0.0,"enemies":"Cultist","floor":2.0,"turns":2.0},{"damage":8.0,"enemies":"2 Louse","floor":4.0,"turns":3.0},{"damage":13,"enemies":"Blue Slaver","floor":5,"turns":3},{"damage":2,"enemies":"Lagavulin","floor":7,"turns":4},{"damage":13,"enemies":"Exordium Thugs","floor":10,"turns":4},{"damage":12,"enemies":"3 Sentries","floor":12,"turns":7},{"damage":49,"enemies":"Hexaghost","floor":16,"turns":5},{"damage":41,"enemies":"Chosen","floor":18,"turns":5}],"seed_played":"6189745997780988728","potions_obtained":[{"floor":4.0,"key":"SteroidPotion"},{"floor":5,"key":"Flashbang"},{"floor":12,"key":"Strength Potion"}],"is_trial":false,"path_per_floor":["M","M","?","M","M","R","E","$","T","M","R","E","R","?","R","B",null,"M"],"character_chosen":"IRONCLAD","items_purchased":["Apotheosis"],"campfire_rested":1,"item_purchase_floors":[8],"current_hp_per_floor":[67,67,67,59,46,46,47,47,47,34,34,22,46,66,80,31,68,27,27],"gold":161,"neow_bonus":"BOSS_RELIC","is_daily":false,"chose_seed":false,"campfire_upgraded":2,"win_rate":0.0,"timestamp":1610220408,"path_taken":["M","M","?","M","M","R","E","?","T","M","R","E","R","?","R","BOSS","M"],"items_purchased_type":["Card"],"build_version":"2020-12-22","purchased_purges":0,"victory":false,"max_hp_per_floor":[80,80,80,80,80,80,80,80,80,80,80,80,80,80,80,80,80,80,80],"card_choices":[{"not_picked":["Clothesline","Dark Embrace"],"picked":"Perfected Strike","floor":1.0},{"not_picked":["Flex","Shrug It Off"],"picked":"Seeing Red","floor":2.0},{"not_picked":["Spot Weakness","Flex"],"picked":"Double Tap","floor":4.0},{"not_picked":["Headbutt","Anger"],"picked":"ReplayTheSpireMod:Muscle Training","floor":5},{"not_picked":["Pommel Strike","Sword Boomerang"],"picked":"Armaments","floor":7},{"not_picked":["Sword Boomerang","Wild Strike"],"picked":"Infernal Blade","floor":10},{"not_picked":["Fiend Fire","Sever Soul","Havoc"],"picked":"SKIP","floor":12},{"not_picked":["Offering","Brutality"],"picked":"Berserk","floor":16},{"not_picked":[],"picked":"Flex+1","floor":18}],"player_experience":292432,"relics_obtained":[{"floor":3.0,"key":"Toy Ornithopter"},{"floor":7,"key":"Replay:Baseball"},{"floor":9,"key":"Smiling Mask"},{"floor":12,"key":"Pocketwatch"}],"event_choices":[{"damage_healed":0.0,"max_hp_gain":0.0,"max_hp_loss":0.0,"gold_gain":0.0,"event_name":"Wheel of Change","player_choice":"Relic","floor":3.0,"gold_loss":0.0,"damage_taken":0.0},{"damage_healed":20,"gold_gain":0,"player_choice":"Healed","damage_taken":0,"max_hp_gain":0,"max_hp_loss":0,"event_name":"The Cleric","floor":14,"gold_loss":35}],"is_beta":false,"boss_relics":[{"not_picked":["SlaversCollar","Runic Dome"],"picked":"Replay:Grab Bag"},{"not_picked":["Sozu","Coffee Dripper"],"picked":"Busted Crown"},{"not_picked":["Philosopher\u0027s Stone","Ectoplasm"],"picked":"Ooze Armor"},{"not_picked":["Astrolabe","Calling Bell"],"picked":"Black Star"}],"items_purged_floors":[],"is_endless":false,"potions_floor_spawned":[4,5,12],"killed_by":"Chosen","ascension_level":11}}