{"host":"wghdsg8ym2wc7ov9","time":1610182456,"event":{"mods":["AchievementEnabler","Astrologer","BaseMod","Beaked The Cultist","Better Altar","Better Note","Colored Map","Downfall","Hermit","Highlight Path","Jorbs\u0027s Wanderer Trilogy","KinomotoSakuraMod(????)","Minty Spire (QoL Compilation)","Random Character Button","Relic Stats","SIMod","Shop Mod","StSLib","The Blackbeard","The Bladedancer","The Construct","The Cursed","The Death Knight","The Gatherer","The Hierophant","The Marked","The Mystic","The Necromancer","The Runesmith","The Senshi","The Servant 0.9.4"],"gold_per_floor":[99,119,129,142,142,142,217,247,260,276,293,30,39,59,85,85,85,85],"floor_reached":16,"playtime":2038,"items_purged":[],"score":106,"play_id":"bdb01340-5c70-4799-b30b-bdeefc69a83c","local_time":"20210109005416","is_ascension_mode":false,"campfire_choices":[{"floor":1,"key":"RECALL"},{"floor":13,"key":"REST"}],"circlet_count":0,"master_deck":["hexamod:Strike","hexamod:Strike","hexamod:Strike","hexamod:Strike","hexamod:Defend","hexamod:Defend","hexamod:Defend","hexamod:Defend","hexamod:Sear","hexamod:Float","hexamod:DynamicBlow","hexamod:PhantomFireball","hexamod:InspiringFlames","hexamod:ExtraCrispy","hexamod:NecessarySacrifice","hexamod:RadiantFlame","hexamod:TimeWarp","hexamod:SwordOfDarkness","hexamod:RadiantFlame","hexamod:SoulSteal","hexamod:GhostShield","hexamod:SpectersWail"],"relics":["hexamod:SpiritBrand","downfall:ShatteredFragment","The Courier","Girya","Dream Catcher","CeramicFish"],"acts_visited":["Exordium"],"potions_floor_usage":[12],"damage_taken":[{"damage":0,"enemies":"Small Slimes","floor":2,"turns":3},{"damage":1,"enemies":"Jaw Worm","floor":3,"turns":3},{"damage":0,"enemies":"Cultist","floor":4,"turns":3},{"damage":16,"enemies":"3 Sentries","floor":8,"turns":7},{"damage":0,"enemies":"2 Fungi Beasts","floor":9,"turns":4},{"damage":0,"enemies":"Large Slime","floor":10,"turns":3},{"damage":0,"enemies":"Exordium Wildlife","floor":11,"turns":3},{"damage":4,"enemies":"downfall:FleeingMerchant","floor":12,"turns":4},{"damage":2,"enemies":"Red Slaver","floor":14,"turns":3},{"damage":2,"enemies":"Exordium Wildlife","floor":15,"turns":4},{"damage":46,"enemies":"downfall:Defect","floor":16,"turns":5}],"seed_played":"7437054740178129920","potions_obtained":[{"floor":3,"key":"FearPotion"},{"floor":9,"key":"Fire Potion"},{"floor":11,"key":"sneckomod:MuddlingPotion"},{"floor":15,"key":"CultistPotion"}],"is_trial":false,"path_per_floor":["R","M","M","M","?","T","T","E","M","M","M","$","R","M","M","B"],"character_chosen":"THE_SPIRIT","items_purchased":["Dream Catcher","CeramicFish"],"campfire_rested":1,"item_purchase_floors":[12,12],"current_hp_per_floor":[70,70,69,69,48,48,48,32,32,32,32,28,49,47,45,0,0,0],"gold":85,"neow_bonus":"THREE_CARDS","is_daily":false,"chose_seed":false,"campfire_upgraded":0,"win_rate":0.0,"timestamp":1610182456,"path_taken":["R","M","M","M","?","?","T","E","M","M","?","$","R","M","M","BOSS"],"items_purchased_type":["Relic","Relic"],"build_version":"2020-12-22","purchased_purges":0,"victory":false,"max_hp_per_floor":[70,70,70,70,70,70,70,70,70,70,70,70,70,70,70,70,70,70],"relic_stats":{"Dream Catcher":1,"counters":[11,42],"CeramicFish":27,"obtain_stats":[{"Girya":8,"Dream Catcher":12,"downfall:ShatteredFragment":5,"CeramicFish":12,"The Courier":6,"hexamod:SpiritBrand":0},{"Girya":4,"Dream Catcher":8,"downfall:ShatteredFragment":3,"CeramicFish":8,"The Courier":3,"hexamod:SpiritBrand":0},{"Girya":16,"Dream Catcher":30,"downfall:ShatteredFragment":9,"CeramicFish":30,"The Courier":9,"hexamod:SpiritBrand":0}]},"card_choices":[{"not_picked":["hexamod:Firestarter","hexamod:Incineration"],"picked":"hexamod:DynamicBlow","floor":0},{"not_picked":["hexamod:NightmareStrike","hexamod:RainOfEmbers"],"picked":"hexamod:PhantomFireball","floor":2},{"not_picked":["hexamod:NightmareStrike","hexamod:RecurringNightmare"],"picked":"hexamod:InspiringFlames","floor":3},{"not_picked":["hexamod:RainOfEmbers","hexamod:InspiringFlames"],"picked":"hexamod:ExtraCrispy","floor":4},{"not_picked":["hexamod:ShieldOfDarkness","hexamod:InspiringFlames"],"picked":"hexamod:NecessarySacrifice","floor":8},{"not_picked":["hexamod:SpectersWail","hexamod:Firestarter"],"picked":"hexamod:RadiantFlame","floor":9},{"not_picked":["hexamod:FastForward","hexamod:Haunt"],"picked":"hexamod:TimeWarp","floor":10},{"not_picked":["hexamod:BacktrackSmack","hexamod:NightmareGuise"],"picked":"hexamod:SwordOfDarkness","floor":11},{"not_picked":["hexamod:InspiringFlames","hexamod:ThermalTransfer"],"picked":"hexamod:RadiantFlame","floor":12},{"not_picked":["hexamod:ExtraCrispy","hexamod:AdvancingGuard"],"picked":"hexamod:SoulSteal","floor":13},{"not_picked":["hexamod:PowerFromBeyond","hexamod:SpectersWail"],"picked":"hexamod:GhostShield","floor":14},{"not_picked":["hexamod:AdvancingGuard","hexamod:RainOfEmbers"],"picked":"hexamod:SpectersWail","floor":15}],"player_experience":647570,"relics_obtained":[{"floor":6,"key":"The Courier"},{"floor":8,"key":"Girya"}],"event_choices":[],"is_beta":false,"boss_relics":[],"items_purged_floors":[],"is_endless":false,"potions_floor_spawned":[3,9,11,15],"killed_by":"downfall:Defect","ascension_level":0}}