{"host":"j4g6ia6asvpyu2b0","time":1610202925,"event":{"mods":["BaseMod","Colored Map","Minty Spire (QoL Compilation)","Permanent Neow","Quick Restart","Relic Stats","StSLib","Unceasing Turn Reminder"],"gold_per_floor":[15,35,110,120,120,120,134,166,166,166,166,178,211,224,224,324,324,339,359,359,284,284,313,47,72,72,72,72,72],"floor_reached":28,"playtime":629,"items_purged":[],"score":494,"play_id":"4df1f384-ebfe-4fc8-9d60-c7e01c938c04","local_time":"20210109073525","is_ascension_mode":true,"campfire_choices":[{"data":"Defragment","floor":6,"key":"SMITH"},{"data":"Zap","floor":10,"key":"SMITH"},{"data":"Defragment","floor":15,"key":"SMITH"},{"data":"Biased Cognition","floor":27,"key":"SMITH"}],"circlet_count":0,"master_deck":["Strike_B","Defend_B","Defend_B","Defend_B","Defend_B","Zap+1","Dualcast","Defragment+1","Rip and Tear+1","Conserve Battery","Auto Shields","Hologram","Ball Lightning","Defragment+1","Biased Cognition+1","Consume","Electrodynamics","Static Discharge","Compile Driver","Melter","Core Surge","Coolheaded","Compile Driver"],"relics":["Cracked Core","Lantern","Anchor","Meat on the Bone","Black Star","Thread and Needle","Ancient Tea Set","DataDisk","Pantograph","Smiling Mask","Matryoshka"],"acts_visited":["Exordium","TheCity"],"potions_floor_usage":[8,23,23,25],"damage_taken":[{"damage":4,"enemies":"2 Louse","floor":1,"turns":4},{"damage":9,"enemies":"Jaw Worm","floor":2,"turns":3},{"damage":1,"enemies":"Cultist","floor":4,"turns":3},{"damage":0,"enemies":"Exordium Wildlife","floor":7,"turns":3},{"damage":23,"enemies":"3 Sentries","floor":8,"turns":7},{"damage":0,"enemies":"Looter","floor":12,"turns":2},{"damage":10,"enemies":"Lagavulin","floor":13,"turns":4},{"damage":0,"enemies":"3 Louse","floor":14,"turns":2},{"damage":0,"enemies":"Slime Boss","floor":16,"turns":5},{"damage":0,"enemies":"Spheric Guardian","floor":18,"turns":3},{"damage":7,"enemies":"Shell Parasite","floor":19,"turns":4},{"damage":22,"enemies":"Book of Stabbing","floor":23,"turns":4},{"damage":0,"enemies":"Slavers","floor":25,"turns":2},{"damage":56,"enemies":"Gremlin Leader","floor":28,"turns":4}],"seed_played":"-8329396367400816200","potions_obtained":[{"floor":1,"key":"SneckoOil"},{"floor":2,"key":"SkillPotion"},{"floor":8,"key":"GamblersBrew"},{"floor":18,"key":"SkillPotion"}],"is_trial":false,"path_per_floor":["M","M","?","M","?","R","M","E","T","R","?","M","E","M","R","B",null,"M","M","?","?","?","E","$","E","T","R","E"],"character_chosen":"DEFECT","items_purchased":["DataDisk","Core Surge","Coolheaded"],"campfire_rested":0,"item_purchase_floors":[24,24,24],"current_hp_per_floor":[64,55,44,43,75,75,75,52,52,52,52,52,42,42,42,42,67,67,60,60,60,46,36,36,48,48,48,0,0],"gold":72,"neow_bonus":"TRANSFORM_TWO_CARDS","is_daily":false,"chose_seed":false,"campfire_upgraded":4,"win_rate":0.0,"timestamp":1610202925,"path_taken":["M","M","?","M","?","R","?","E","T","R","?","M","E","M","R","BOSS","M","M","?","?","?","E","$","E","T","R","E"],"items_purchased_type":["Relic","Card","Card"],"build_version":"2020-12-22","purchased_purges":0,"victory":false,"max_hp_per_floor":[75,75,75,75,75,75,75,75,75,75,75,75,75,75,75,75,75,75,75,75,75,80,80,80,80,80,80,80,80],"relic_stats":{"counters":[14,50],"Pantograph":0,"Black Star":2,"Smiling Mask":0,"obtain_stats":[{"Lantern":8,"Anchor":9,"DataDisk":24,"Matryoshka":26,"Pantograph":25,"Thread and Needle":23,"Black Star":17,"Cracked Core":0,"Ancient Tea Set":23,"Smiling Mask":25,"Meat on the Bone":13},{"Lantern":5,"Anchor":5,"DataDisk":12,"Matryoshka":13,"Pantograph":13,"Thread and Needle":12,"Black Star":9,"Cracked Core":0,"Ancient Tea Set":12,"Smiling Mask":13,"Meat on the Bone":7},{"Lantern":20,"Anchor":20,"DataDisk":44,"Matryoshka":46,"Pantograph":46,"Thread and Needle":44,"Black Star":33,"Cracked Core":0,"Ancient Tea Set":44,"Smiling Mask":46,"Meat on the Bone":26}],"Meat on the Bone":24},"card_choices":[{"not_picked":["Chaos","Recycle"],"picked":"Rip and Tear","floor":1},{"not_picked":["Coolheaded","Hologram"],"picked":"Conserve Battery","floor":2},{"not_picked":["Reinforced Body","Barrage"],"picked":"Auto Shields","floor":4},{"not_picked":["Multi-Cast","Steam Power"],"picked":"Hologram","floor":7},{"not_picked":["Double Energy","Hologram"],"picked":"Ball Lightning","floor":8},{"not_picked":["Ball Lightning","Melter"],"picked":"Defragment","floor":12},{"not_picked":["Stack","Hello World"],"picked":"Biased Cognition","floor":13},{"not_picked":["Streamline","Sunder"],"picked":"Consume","floor":14},{"not_picked":["Echo Form","Fission"],"picked":"Electrodynamics","floor":16},{"not_picked":["Streamline+1","Sweeping Beam+1"],"picked":"Static Discharge","floor":18},{"not_picked":["Hello World+1","Auto Shields"],"picked":"Compile Driver","floor":19},{"not_picked":["Stack+1","Turbo+1"],"picked":"Melter","floor":23},{"not_picked":["Stack","Sweeping Beam"],"picked":"Compile Driver","floor":25}],"player_experience":773262,"relics_obtained":[{"floor":8,"key":"Lantern"},{"floor":9,"key":"Anchor"},{"floor":13,"key":"Meat on the Bone"},{"floor":23,"key":"Thread and Needle"},{"floor":23,"key":"Ancient Tea Set"},{"floor":25,"key":"Pantograph"},{"floor":25,"key":"Smiling Mask"},{"floor":26,"key":"Matryoshka"}],"event_choices":[{"damage_healed":0,"gold_gain":75,"player_choice":"Gather Gold","damage_taken":11,"max_hp_gain":0,"max_hp_loss":0,"event_name":"World of Goop","floor":3,"gold_loss":0},{"cards_removed":["Recycle"],"damage_healed":32,"gold_gain":0,"player_choice":"Offered Uncommon","damage_taken":0,"max_hp_gain":0,"max_hp_loss":0,"event_name":"Bonfire Elementals","floor":5,"gold_loss":0},{"damage_healed":0,"gold_gain":0,"player_choice":"Grow","damage_taken":0,"max_hp_gain":0,"max_hp_loss":0,"event_name":"Living Wall","floor":11,"gold_loss":0,"cards_upgraded":["Rip and Tear"]},{"damage_healed":0,"gold_gain":0,"player_choice":"Ignored","damage_taken":0,"max_hp_gain":0,"max_hp_loss":0,"event_name":"Vampires","floor":20,"gold_loss":0},{"cards_removed":["Strike_B"],"damage_healed":0,"gold_gain":0,"player_choice":"Gave Gold","damage_taken":0,"max_hp_gain":0,"max_hp_loss":0,"event_name":"Beggar","floor":21,"gold_loss":75},{"damage_healed":0,"gold_gain":0,"player_choice":"Shed Blood","damage_taken":19,"max_hp_gain":5,"max_hp_loss":0,"event_name":"Forgotten Altar","floor":22,"gold_loss":0}],"is_beta":false,"boss_relics":[{"not_picked":["SlaversCollar","Snecko Eye"],"picked":"Black Star"}],"items_purged_floors":[],"is_endless":false,"potions_floor_spawned":[1,2,8,18],"killed_by":"Gremlin Leader","ascension_level":9}}