{"host":"2lo6hma6kymb0g9i","time":1610176152,"event":{"mods":["BaseMod","Colored Map","DeckTracker","Minty Spire (QoL Compilation)"],"gold_per_floor":[112,125,125,125,143,143,157,157,157,192,210,210,245,259,259,387,450,465,465,477,417,428,428,428,428],"floor_reached":24,"playtime":1510,"items_purged":[],"score":335,"play_id":"60a4a4c7-3d49-4422-8cd9-db5eb9961a77","local_time":"20210109160912","is_ascension_mode":true,"campfire_choices":[{"data":"Rip and Tear","floor":6,"key":"SMITH"},{"data":"Strike_B","floor":12,"key":"PURGE"},{"floor":15,"key":"REST"},{"data":"Dualcast","floor":23,"key":"PURGE"}],"circlet_count":0,"master_deck":["Strike_B","Defend_B","Defend_B","Defend_B","Defend_B","Zap+1","Leap","Auto Shields","Rip and Tear+1","Go for the Eyes","Undo","Hologram","Machine Learning","Genetic Algorithm","Melter","Biased Cognition","Stack","Hyperbeam"],"relics":["Cracked Core","NeowsBlessing","Bloody Idol","Peace Pipe","Odd Mushroom","FossilizedHelix","Tiny House"],"acts_visited":["Exordium","TheCity"],"potions_floor_usage":[16,20],"damage_taken":[{"damage":0,"enemies":"Cultist","floor":1,"turns":1},{"damage":0,"enemies":"Small Slimes","floor":2,"turns":1},{"damage":0,"enemies":"2 Louse","floor":5,"turns":1},{"damage":17,"enemies":"Exordium Thugs","floor":7,"turns":5},{"damage":6,"enemies":"The Mushroom Lair","floor":10,"turns":3},{"damage":6,"enemies":"Looter","floor":11,"turns":2},{"damage":20,"enemies":"3 Sentries","floor":13,"turns":8},{"damage":15,"enemies":"Gremlin Gang","floor":14,"turns":6},{"damage":0,"enemies":"The Guardian","floor":16,"turns":13},{"damage":32,"enemies":"Spheric Guardian","floor":18,"turns":6},{"damage":32,"enemies":"2 Thieves","floor":20,"turns":4},{"damage":13,"enemies":"Sentry and Sphere","floor":22,"turns":4},{"damage":52,"enemies":"Book of Stabbing","floor":24,"turns":7}],"seed_played":"-6889398342639848830","potions_obtained":[{"floor":5,"key":"FearPotion"},{"floor":11,"key":"FairyPotion"},{"floor":14,"key":"PowerPotion"},{"floor":17,"key":"FairyPotion"}],"is_trial":false,"path_per_floor":["M","M","?","$","M","R","M","?","T","?","M","R","E","M","R","B",null,"M","?","M","?","M","R","E"],"character_chosen":"DEFECT","items_purchased":[],"campfire_rested":1,"item_purchase_floors":[],"current_hp_per_floor":[68,68,68,68,68,68,51,51,51,45,39,39,19,4,24,24,63,31,31,32,32,24,24,0,0],"gold":428,"neow_bonus":"THREE_ENEMY_KILL","is_daily":false,"chose_seed":false,"campfire_upgraded":1,"win_rate":0.0,"timestamp":1610176152,"path_taken":["M","?","?","$","M","R","?","?","T","?","M","R","E","M","R","BOSS","M","?","M","?","M","R","E"],"items_purchased_type":[],"build_version":"2020-12-22","purchased_purges":0,"victory":false,"max_hp_per_floor":[75,75,75,75,75,75,75,69,69,69,69,69,69,69,69,69,74,74,74,74,74,74,74,74,74],"card_choices":[{"not_picked":["Darkness","Steam"],"picked":"Leap","floor":1},{"not_picked":["Beam Cell","Blizzard"],"picked":"Auto Shields","floor":2},{"not_picked":["Barrage","Redo"],"picked":"Rip and Tear","floor":5},{"not_picked":["Steam Power","White Noise"],"picked":"Go for the Eyes","floor":7},{"not_picked":["Go for the Eyes","Turbo"],"picked":"Undo","floor":10},{"not_picked":["Rebound","Blizzard","Sweeping Beam"],"picked":"SKIP","floor":11},{"not_picked":["Turbo","Sweeping Beam","Multi-Cast"],"picked":"SKIP","floor":13},{"not_picked":["Compile Driver","Storm"],"picked":"Hologram","floor":14},{"not_picked":["Thunder Strike","Biased Cognition"],"picked":"Machine Learning","floor":16},{"not_picked":["Cold Snap","White Noise"],"picked":"Genetic Algorithm","floor":17},{"not_picked":["Gash","Fusion"],"picked":"Melter","floor":18},{"not_picked":["Go for the Eyes+1","Blizzard","Sweeping Beam"],"picked":"SKIP","floor":20},{"not_picked":["Go for the Eyes","Redo"],"picked":"Hyperbeam","floor":22}],"player_experience":989346,"relics_obtained":[{"floor":9,"key":"Peace Pipe"},{"floor":10,"key":"Odd Mushroom"},{"floor":13,"key":"FossilizedHelix"}],"event_choices":[{"damage_healed":0,"gold_gain":0,"player_choice":"Bought 0 Potions","damage_taken":0,"max_hp_gain":0,"max_hp_loss":0,"event_name":"The Woman in Blue","floor":3,"gold_loss":0},{"damage_healed":0,"gold_gain":0,"player_choice":"Lose Max HP","damage_taken":0,"relics_obtained":["Golden Idol"],"max_hp_gain":0,"max_hp_loss":6,"event_name":"Golden Idol","floor":8,"gold_loss":0},{"damage_healed":0,"gold_gain":0,"player_choice":"Fought Mushrooms","damage_taken":0,"max_hp_gain":0,"max_hp_loss":0,"event_name":"Mushrooms","floor":10,"gold_loss":0},{"damage_healed":0,"gold_gain":0,"player_choice":"Gave Idol","damage_taken":0,"relics_obtained":["Bloody Idol"],"max_hp_gain":0,"max_hp_loss":0,"event_name":"Forgotten Altar","floor":19,"relics_lost":["Golden Idol"],"gold_loss":0},{"damage_healed":0,"gold_gain":0,"cards_transformed":["Strike_B","Strike_B"],"player_choice":"Transformed Cards","damage_taken":0,"max_hp_gain":0,"max_hp_loss":0,"event_name":"Designer","floor":21,"gold_loss":60,"cards_obtained":["Biased Cognition","Stack"]}],"is_beta":false,"boss_relics":[{"not_picked":["Coffee Dripper","Busted Crown"],"picked":"Tiny House"}],"items_purged_floors":[],"is_endless":false,"potions_floor_spawned":[5,11,14],"killed_by":"Book of Stabbing","ascension_level":7}}