{"host":"6wux4armhsntp4yb","time":1610212956,"event":{"mods":["BaseMod","Colored Map","DeckTracker","Minty Spire (QoL Compilation)","Relic Stats"],"gold_per_floor":[214,214,214,214,228,76,76,92,171,171,207,207,233,233,233],"floor_reached":14,"playtime":690,"items_purged":["Strike_G"],"score":172,"play_id":"3914441d-d1a3-442c-b71e-2ce2dd9bed9c","local_time":"20210110022236","is_ascension_mode":true,"campfire_choices":[{"data":"Neutralize","floor":7,"key":"SMITH"},{"data":"Deadly Poison","floor":10,"key":"SMITH"},{"data":"Acrobatics","floor":12,"key":"SMITH"}],"circlet_count":0,"master_deck":["AscendersBane","Strike_G","Strike_G","Strike_G","Defend_G","Defend_G","Defend_G","Defend_G","Defend_G","Survivor","Neutralize+1","Deadly Poison+1","Infinite Blades","Infinite Blades","Acrobatics+1"],"relics":["Ring of the Snake","Golden Idol","Gremlin Horn","StoneCalendar"],"acts_visited":["Exordium"],"potions_floor_usage":[11],"damage_taken":[{"damage":4,"enemies":"Small Slimes","floor":1,"turns":3},{"damage":0,"enemies":"2 Louse","floor":5,"turns":5},{"damage":0,"enemies":"Cultist","floor":8,"turns":4},{"damage":20,"enemies":"3 Sentries","floor":11,"turns":10},{"damage":40,"enemies":"Gremlin Nob","floor":14,"turns":4}],"seed_played":"8877578798756457490","potions_obtained":[{"floor":5,"key":"Dexterity Potion"}],"is_trial":false,"path_per_floor":["M","?","?","?","M","$","R","M","T","R","E","R","T","E"],"character_chosen":"THE_SILENT","items_purchased":["Infinite Blades"],"campfire_rested":0,"item_purchase_floors":[6],"current_hp_per_floor":[55,60,53,53,53,53,53,53,53,53,33,33,33,0,0],"gold":233,"neow_bonus":"HUNDRED_GOLD","is_daily":false,"chose_seed":false,"campfire_upgraded":3,"win_rate":0.0,"timestamp":1610212956,"path_taken":["M","?","?","?","M","$","R","M","T","R","E","R","?","E"],"items_purchased_type":["Card"],"build_version":"2020-12-22","purchased_purges":1,"victory":false,"max_hp_per_floor":[66,71,71,64,64,64,64,64,64,64,64,64,64,64,64],"relic_stats":{"Gremlin Horn":[2,2],"counters":[5,26],"Golden Idol":13,"StoneCalendar":[0],"obtain_stats":[{"Gremlin Horn":9,"Golden Idol":4,"StoneCalendar":11,"Ring of the Snake":0},{"Gremlin Horn":3,"Golden Idol":1,"StoneCalendar":4,"Ring of the Snake":0},{"Gremlin Horn":12,"Golden Idol":3,"StoneCalendar":22,"Ring of the Snake":0}],"Ring of the Snake":[10]},"card_choices":[{"not_picked":["Bane","All Out Attack"],"picked":"Deadly Poison","floor":1},{"not_picked":["Dodge and Roll","Underhanded Strike"],"picked":"Infinite Blades","floor":5},{"not_picked":["Prepared","Poisoned Stab","Acrobatics"],"picked":"SKIP","floor":8},{"not_picked":["Dagger Throw","Poisoned Stab"],"picked":"Acrobatics","floor":11}],"player_experience":5761123,"relics_obtained":[{"floor":9,"key":"Gremlin Horn"},{"floor":11,"key":"StoneCalendar"}],"event_choices":[{"damage_healed":0,"gold_gain":0,"player_choice":"Donut","damage_taken":0,"max_hp_gain":5,"max_hp_loss":0,"event_name":"Big Fish","floor":2,"gold_loss":0},{"cards_removed":["Strike_G"],"damage_healed":0,"gold_gain":0,"player_choice":"Card Removal","damage_taken":7,"max_hp_gain":0,"max_hp_loss":0,"event_name":"Golden Wing","floor":3,"gold_loss":0},{"damage_healed":0,"gold_gain":0,"player_choice":"Lose Max HP","damage_taken":0,"relics_obtained":["Golden Idol"],"max_hp_gain":0,"max_hp_loss":7,"event_name":"Golden Idol","floor":4,"gold_loss":0}],"is_beta":false,"boss_relics":[],"items_purged_floors":[6],"is_endless":false,"potions_floor_spawned":[5],"killed_by":"Gremlin Nob","ascension_level":20}}