{"host":"rolltorest","time":1610177584,"event":{"mods":["BaseMod","Minty Spire (QoL Compilation)","Relic Stats","Robot Space Explorer","Slay the Relics Exporter","StSLib"],"gold_per_floor":[111,33,33,53,203,229,229,33,33,50,100,132,142,162,162,238,238,258,63,63,63,74,107,2,2,2,2,22,22,22,22],"floor_reached":30,"playtime":1149,"items_purged":["Doubt"],"score":486,"play_id":"88462338-4b40-48d8-b6d6-82de7ec21c0d","local_time":"20210108233304","is_ascension_mode":true,"campfire_choices":[{"data":"RobotSpaceExplorer:MiniLasers","floor":7,"key":"SMITH"},{"data":"RobotSpaceExplorer:Blitz","floor":15,"key":"SMITH"},{"floor":27,"key":"REST"},{"floor":29,"key":"REST"}],"circlet_count":0,"master_deck":["AscendersBane","RobotSpaceExplorer:Strike","RobotSpaceExplorer:Strike","RobotSpaceExplorer:Strike","RobotSpaceExplorer:Strike","RobotSpaceExplorer:Defend","RobotSpaceExplorer:Defend","RobotSpaceExplorer:Defend","RobotSpaceExplorer:Defend","RobotSpaceExplorer:Scan","RobotSpaceExplorer:MiniLasers+1","RobotSpaceExplorer:FranticSearch+1","RobotSpaceExplorer:FrostMissile","RobotSpaceExplorer:ShovelStrike","RobotSpaceExplorer:ScrapMissile","RobotSpaceExplorer:MetalStrike","RobotSpaceExplorer:FrostMissile","RobotSpaceExplorer:RigExplosive","RobotSpaceExplorer:Pulsar","RobotSpaceExplorer:Blitz+1","RobotSpaceExplorer:TrailblazerForm","RobotSpaceExplorer:DualCore","RobotSpaceExplorer:Electropulse","RitualDagger","RobotSpaceExplorer:SurgingStrike","Decay","Decay"],"relics":["Busted Crown","RobotSpaceExplorer:FoglandsKnife","Lee\u0027s Waffle","Sundial","Oddly Smooth Stone","Cursed Key","Happy Flower"],"acts_visited":["Exordium","TheCity"],"potions_floor_usage":[12,16,18,22,23,23,23,30,30],"damage_taken":[{"damage":0,"enemies":"Cultist","floor":1,"turns":4},{"damage":4,"enemies":"Jaw Worm","floor":4,"turns":2},{"damage":27,"enemies":"Gremlin Nob","floor":6,"turns":4},{"damage":4,"enemies":"Small Slimes","floor":10,"turns":3},{"damage":29,"enemies":"Lagavulin","floor":12,"turns":8},{"damage":3,"enemies":"Exordium Wildlife","floor":13,"turns":2},{"damage":0,"enemies":"Blue Slaver","floor":14,"turns":4},{"damage":13,"enemies":"The Guardian","floor":16,"turns":16},{"damage":3,"enemies":"Shell Parasite","floor":18,"turns":6},{"damage":0,"enemies":"Spheric Guardian","floor":22,"turns":3},{"damage":38,"enemies":"Book of Stabbing","floor":23,"turns":6},{"damage":8,"enemies":"Snecko","floor":28,"turns":5},{"damage":59,"enemies":"Gremlin Leader","floor":30,"turns":6}],"seed_played":"4484884110338463101","potions_obtained":[{"floor":10,"key":"SteroidPotion"},{"floor":12,"key":"LiquidMemories"},{"floor":16,"key":"Swift Potion"},{"floor":28,"key":"RobotSpaceExplorer:PlasmaFlask"}],"is_trial":false,"path_per_floor":["M","$","?","M","?","E","R","$","T","M","?","E","M","M","R","B",null,"M","$","?","?","M","E","$","?","T","R","M","R","E"],"character_chosen":"RobotSpaceExplorer","items_purchased":["RobotSpaceExplorer:FrostMissile","RobotSpaceExplorer:ShovelStrike","Lee\u0027s Waffle","RobotSpaceExplorer:FrostMissile","RobotSpaceExplorer:DualCore","RobotSpaceExplorer:Electropulse","RobotSpaceExplorer:LiquidFusion"],"campfire_rested":2,"item_purchase_floors":[2,2,8,8,19,19,24],"current_hp_per_floor":[64,64,64,60,60,33,33,78,78,74,74,45,42,42,42,29,66,63,63,57,57,57,19,19,19,19,42,34,57,0,0],"gold":22,"neow_bonus":"BOSS_RELIC","is_daily":false,"chose_seed":false,"campfire_upgraded":2,"win_rate":0.0,"timestamp":1610177584,"path_taken":["M","$","?","M","?","E","R","$","T","M","?","E","?","M","R","BOSS","M","$","?","?","?","E","$","?","T","R","M","R","E"],"items_purchased_type":["Card","Card","Relic","Card","Card","Card","Potion"],"build_version":"2020-12-18","purchased_purges":1,"victory":false,"max_hp_per_floor":[71,71,71,71,71,71,71,78,78,78,78,78,78,78,78,78,78,78,78,78,78,78,78,78,78,78,78,78,78,78,78],"relic_stats":{"Lee\u0027s Waffle":45,"Busted Crown":24,"Happy Flower":[3],"counters":[13,69],"Sundial":[8],"Cursed Key":1,"obtain_stats":[{"RobotSpaceExplorer:FoglandsKnife":6,"Lee\u0027s Waffle":8,"Busted Crown":0,"Happy Flower":23,"Sundial":9,"Oddly Smooth Stone":12,"RobotSpaceExplorer:RoboCore":0,"Cursed Key":17},{"RobotSpaceExplorer:FoglandsKnife":3,"Lee\u0027s Waffle":3,"Busted Crown":0,"Happy Flower":11,"Sundial":3,"Oddly Smooth Stone":5,"RobotSpaceExplorer:RoboCore":0,"Cursed Key":8},{"RobotSpaceExplorer:FoglandsKnife":10,"Lee\u0027s Waffle":10,"Busted Crown":0,"Happy Flower":58,"Sundial":10,"Oddly Smooth Stone":21,"RobotSpaceExplorer:RoboCore":0,"Cursed Key":43}]},"card_choices":[{"not_picked":[],"picked":"RobotSpaceExplorer:FranticSearch","floor":1},{"not_picked":[],"picked":"RobotSpaceExplorer:ScrapMissile","floor":4},{"not_picked":[],"picked":"RobotSpaceExplorer:MetalStrike","floor":6},{"not_picked":[],"picked":"RobotSpaceExplorer:RigExplosive","floor":10},{"not_picked":[],"picked":"RobotSpaceExplorer:Pulsar","floor":12},{"not_picked":[],"picked":"RobotSpaceExplorer:Blitz","floor":13},{"not_picked":["RobotSpaceExplorer:ImprovisedAttack"],"picked":"SKIP","floor":14},{"not_picked":[],"picked":"RobotSpaceExplorer:TrailblazerForm","floor":16},{"not_picked":["RobotSpaceExplorer:ShovelStrike"],"picked":"SKIP","floor":18},{"not_picked":[],"picked":"RobotSpaceExplorer:SurgingStrike","floor":22},{"not_picked":["RobotSpaceExplorer:MiniDrones"],"picked":"SKIP","floor":23},{"not_picked":["RobotSpaceExplorer:Ammunition"],"picked":"SKIP","floor":28}],"player_experience":1811152,"relics_obtained":[{"floor":6,"key":"RobotSpaceExplorer:FoglandsKnife"},{"floor":9,"key":"Sundial"},{"floor":12,"key":"Oddly Smooth Stone"},{"floor":23,"key":"Happy Flower"}],"event_choices":[{"damage_healed":0,"gold_gain":0,"player_choice":"Grow","damage_taken":0,"max_hp_gain":0,"max_hp_loss":0,"event_name":"Living Wall","floor":3,"gold_loss":0,"cards_upgraded":["RobotSpaceExplorer:FranticSearch"]},{"damage_healed":0,"gold_gain":150,"player_choice":"AGREE","damage_taken":0,"max_hp_gain":0,"max_hp_loss":0,"event_name":"Liars Game","floor":5,"gold_loss":0,"cards_obtained":["Doubt"]},{"damage_healed":0,"gold_gain":50,"player_choice":"Pray","damage_taken":0,"max_hp_gain":0,"max_hp_loss":0,"event_name":"Golden Shrine","floor":11,"gold_loss":0},{"damage_healed":0,"gold_gain":0,"player_choice":"Joined the Cult","damage_taken":6,"max_hp_gain":0,"max_hp_loss":0,"event_name":"Nest","floor":20,"gold_loss":0,"cards_obtained":["RitualDagger"]},{"damage_healed":0,"gold_gain":0,"player_choice":"0 cards matched","damage_taken":0,"max_hp_gain":0,"max_hp_loss":0,"event_name":"Match and Keep!","floor":21,"gold_loss":0,"cards_obtained":[]},{"damage_healed":0,"gold_gain":0,"player_choice":"Smashed Altar","damage_taken":0,"max_hp_gain":0,"max_hp_loss":0,"event_name":"Forgotten Altar","floor":25,"gold_loss":0,"cards_obtained":["Decay"]}],"is_beta":true,"boss_relics":[{"not_picked":["Ectoplasm","Pandora\u0027s Box"],"picked":"Cursed Key"}],"items_purged_floors":[19],"is_endless":false,"potions_floor_spawned":[10,12,14,16,28],"killed_by":"Gremlin Leader","ascension_level":18}}