{"host":"2se5dq1do2gp0x9k","time":1610235661,"event":{"mods":["AchievementEnabler","BaseMod","Block Reminder","Colored Map","Colored Powertips","Minty Spire (QoL Compilation)","Relic Stats","StSLib","SuperFastMode"],"gold_per_floor":[118,131,143,143,65,65,92,105,105,105,116,151,151,164,164,164,164],"floor_reached":16,"playtime":637,"items_purged":[],"score":196,"play_id":"bcf02817-7f42-425e-b3f5-66141cd24646","local_time":"20210109154101","is_ascension_mode":true,"campfire_choices":[{"data":"Halt","floor":6.0,"key":"SMITH"},{"data":"Adaptation","floor":10.0,"key":"SMITH"},{"floor":13.0,"key":"REST"},{"data":"Tantrum","floor":15.0,"key":"SMITH"}],"circlet_count":0,"master_deck":["AscendersBane","Strike_P","Strike_P","Strike_P","Defend_P","Defend_P","Defend_P","Defend_P","Eruption","Vigilance","Halt+1","FlurryOfBlows","Vengeance","ClearTheMind","Tantrum","ThirdEye","Adaptation+1","Meditate","ThirdEye","Tantrum+1","Nirvana","CutThroughFate"],"relics":["PureWater","NeowsBlessing","Prayer Wheel","Pear","Mummified Hand"],"acts_visited":["Exordium"],"potions_floor_usage":[],"damage_taken":[{"damage":0.0,"enemies":"Small Slimes","floor":1.0,"turns":1.0},{"damage":0.0,"enemies":"2 Louse","floor":2.0,"turns":1.0},{"damage":0.0,"enemies":"Jaw Worm","floor":3.0,"turns":1.0},{"damage":20.0,"enemies":"3 Sentries","floor":7.0,"turns":6.0},{"damage":23.0,"enemies":"Gremlin Gang","floor":8.0,"turns":5.0},{"damage":4.0,"enemies":"Large Slime","floor":11.0,"turns":5.0},{"damage":16.0,"enemies":"Gremlin Nob","floor":12.0,"turns":4.0},{"damage":11.0,"enemies":"2 Fungi Beasts","floor":14.0,"turns":3.0},{"damage":24,"enemies":"Hexaghost","floor":16,"turns":9}],"seed_played":"-1960893382432429548","potions_obtained":[{"floor":8.0,"key":"Weak Potion"},{"floor":11.0,"key":"ColorlessPotion"}],"is_trial":false,"path_per_floor":["M","M","M","?","$","R","E","M","T","R","M","E","R","M","R","B"],"character_chosen":"WATCHER","items_purchased":["Tantrum"],"campfire_rested":1,"item_purchase_floors":[5],"current_hp_per_floor":[61,61,61,61,61,61,41,18,28,28,24,8,31,20,20,0,0],"gold":164,"neow_bonus":"THREE_ENEMY_KILL","is_daily":false,"chose_seed":false,"campfire_upgraded":3,"win_rate":0.0,"timestamp":1610235661,"path_taken":["M","M","M","?","$","R","E","M","T","R","M","E","R","M","R","BOSS"],"items_purchased_type":["Card"],"build_version":"2020-12-22","purchased_purges":0,"victory":false,"max_hp_per_floor":[68,68,68,68,68,68,68,68,78,78,78,78,78,78,78,78,78],"relic_stats":{"counters":[9,35],"Mummified Hand":[4],"Prayer Wheel":3,"obtain_stats":[{"Pear":9,"NeowsBlessing":0,"Mummified Hand":12,"Prayer Wheel":7,"PureWater":0},{"Pear":5,"NeowsBlessing":0,"Mummified Hand":7,"Prayer Wheel":4,"PureWater":0},{"Pear":14,"NeowsBlessing":0,"Mummified Hand":23,"Prayer Wheel":9,"PureWater":0}]},"card_choices":[{"not_picked":["ClearTheMind","Evaluate"],"picked":"Halt","floor":1.0},{"not_picked":["Worship","ClearTheMind"],"picked":"FlurryOfBlows","floor":2.0},{"not_picked":["EmptyBody","FollowUp"],"picked":"Vengeance","floor":3.0},{"not_picked":["Worship","Pray"],"picked":"ThirdEye","floor":7.0},{"not_picked":["Sanctity","PathToVictory"],"picked":"Adaptation","floor":8.0},{"not_picked":["Sanctity","DeceiveReality"],"picked":"Meditate","floor":8.0},{"not_picked":["Evaluate","WheelKick"],"picked":"ThirdEye","floor":11.0},{"not_picked":["Vengeance","WindmillStrike","CarveReality"],"picked":"SKIP","floor":11.0},{"not_picked":["Protect","BattleHymn"],"picked":"Tantrum","floor":12.0},{"not_picked":["Scrawl","WheelKick"],"picked":"Nirvana","floor":14.0},{"not_picked":["WreathOfFlame","ClearTheMind"],"picked":"CutThroughFate","floor":14.0}],"player_experience":3822474,"relics_obtained":[{"floor":7.0,"key":"Prayer Wheel"},{"floor":9.0,"key":"Pear"},{"floor":12.0,"key":"Mummified Hand"}],"event_choices":[{"damage_healed":0.0,"max_hp_gain":0.0,"max_hp_loss":0.0,"gold_gain":0.0,"cards_transformed":["Strike_P"],"event_name":"Living Wall","player_choice":"Change","floor":4.0,"gold_loss":0.0,"damage_taken":0.0,"cards_obtained":["ClearTheMind"]}],"is_beta":false,"boss_relics":[],"items_purged_floors":[],"is_endless":false,"potions_floor_spawned":[8,11],"killed_by":"Hexaghost","ascension_level":15}}