{"host":"4rvakrj1idbgia3f","time":1610163190,"event":{"mods":["BaseMod","Colored Map","Colored Powertips","DeckTracker","Highlight Path","Minty Spire (QoL Compilation)","Random Character Button","StSLib"],"gold_per_floor":[119,132,132,132,156,156,189,189,212,212,230,230,249,93,93,93,93],"floor_reached":16,"playtime":455,"items_purged":["Strike_P"],"score":200,"play_id":"b98021a6-1030-4198-8c8a-50f356842940","local_time":"20210109123310","is_ascension_mode":true,"campfire_choices":[{"data":"Eruption","floor":6.0,"key":"SMITH"},{"data":"FlurryOfBlows","floor":10.0,"key":"SMITH"},{"data":"BowlingBash","floor":12.0,"key":"SMITH"},{"data":"FlurryOfBlows","floor":15,"key":"SMITH"}],"circlet_count":0,"master_deck":["AscendersBane","Strike_P","Strike_P","Strike_P+1","Defend_P","Defend_P","Defend_P","Defend_P","Eruption+1","Vigilance+1","Consecrate","FlurryOfBlows+1","DeusExMachina","CarveReality+1","BowlingBash+1","EmptyFist","FlurryOfBlows+1","Evaluate"],"relics":["PureWater","Golden Idol","Smiling Mask","Centennial Puzzle"],"acts_visited":["Exordium"],"potions_floor_usage":[],"damage_taken":[{"damage":1.0,"enemies":"2 Louse","floor":1.0,"turns":4.0},{"damage":0.0,"enemies":"Cultist","floor":2.0,"turns":2.0},{"damage":0.0,"enemies":"Small Slimes","floor":5.0,"turns":2.0},{"damage":20.0,"enemies":"3 Sentries","floor":7.0,"turns":11.0},{"damage":9.0,"enemies":"Red Slaver","floor":11.0,"turns":2.0},{"damage":2,"enemies":"Gremlin Gang","floor":13,"turns":3},{"damage":12,"enemies":"The Guardian","floor":16,"turns":4}],"seed_played":"8529786955882146252","potions_obtained":[{"floor":0.0,"key":"DistilledChaos"},{"floor":0.0,"key":"Ancient Potion"},{"floor":11.0,"key":"Dexterity Potion"}],"is_trial":false,"path_per_floor":["M","M","?","?","M","R","E","?","T","R","M","R","M","$","R","B"],"character_chosen":"WATCHER","items_purchased":["FlurryOfBlows","Evaluate"],"campfire_rested":0,"item_purchase_floors":[14,14],"current_hp_per_floor":[60,60,40,40,40,40,20,20,20,20,11,11,9,9,9,0,0],"gold":93,"neow_bonus":"THREE_SMALL_POTIONS","is_daily":false,"chose_seed":false,"campfire_upgraded":4,"win_rate":0.0,"timestamp":1610163190,"path_taken":["M","M","?","?","M","R","E","?","T","R","M","R","M","$","R","BOSS"],"items_purchased_type":["Card","Card"],"build_version":"2020-12-22","purchased_purges":1,"victory":false,"max_hp_per_floor":[68,68,68,62,62,62,62,62,62,62,62,62,62,62,62,62,62],"card_choices":[{"not_picked":["Collect","Evaluate"],"picked":"Consecrate","floor":1.0},{"not_picked":["ThirdEye","WreathOfFlame"],"picked":"FlurryOfBlows","floor":2.0},{"not_picked":["BattleHymn","Meditate"],"picked":"DeusExMachina","floor":5.0},{"not_picked":["JustLucky","Conclude"],"picked":"CarveReality","floor":7.0},{"not_picked":["JustLucky","WindmillStrike"],"picked":"BowlingBash","floor":11.0},{"not_picked":["WindmillStrike","WreathOfFlame"],"picked":"EmptyFist","floor":13}],"player_experience":1975749,"relics_obtained":[{"floor":7.0,"key":"Smiling Mask"},{"floor":9.0,"key":"Centennial Puzzle"}],"event_choices":[{"damage_healed":0.0,"max_hp_gain":0.0,"max_hp_loss":0.0,"gold_gain":0.0,"event_name":"Shining Light","player_choice":"Entered Light","floor":3.0,"gold_loss":0.0,"damage_taken":20.0,"cards_upgraded":["Vigilance","Strike_P"]},{"damage_healed":0.0,"max_hp_gain":0.0,"max_hp_loss":6.0,"gold_gain":0.0,"event_name":"Golden Idol","player_choice":"Lose Max HP","floor":4.0,"gold_loss":0.0,"damage_taken":0.0,"relics_obtained":["Golden Idol"]},{"damage_healed":0.0,"max_hp_gain":0.0,"max_hp_loss":0.0,"gold_gain":0.0,"event_name":"Upgrade Shrine","player_choice":"Upgraded","floor":8.0,"gold_loss":0.0,"damage_taken":0.0,"cards_upgraded":["CarveReality"]}],"is_beta":false,"boss_relics":[],"items_purged_floors":[14],"is_endless":false,"potions_floor_spawned":[2,11],"killed_by":"The Guardian","ascension_level":20}}