{"host":"on8rz1ayhhz269sg","time":1610177189,"event":{"mods":["BaseMod","Hermit","Minty Spire (QoL Compilation)","StSLib","The Alterego","The Cursed"],"gold_per_floor":[117,136,147,222,60,60,37,70,97,112,112,130,146,163,163,163,163],"floor_reached":16,"playtime":1252,"items_purged":[],"score":104,"play_id":"ba84dc20-6a27-47a8-b0d8-fa79d36d16a9","local_time":"20210109152629","is_ascension_mode":false,"campfire_choices":[{"data":"alterego_mod:Mirror","floor":6,"key":"SMITH"},{"floor":15,"key":"REST"}],"circlet_count":0,"master_deck":["alterego_mod:Strike","alterego_mod:Strike","alterego_mod:Strike","alterego_mod:Strike","alterego_mod:Defend","alterego_mod:Defend","alterego_mod:Defend","alterego_mod:Defend","alterego_mod:Impale","alterego_mod:BigMeatyClaws","alterego_mod:BrynhildrsRune","alterego_mod:Exercise","alterego_mod:Mirror+1","alterego_mod:BiFurious","alterego_mod:Valentines","alterego_mod:MaintainEyeContact","alterego_mod:Complex","alterego_mod:Pet","alterego_mod:SakuraFive","alterego_mod:Birthday","alterego_mod:GoddessCore","alterego_mod:Undulate","alterego_mod:MagicResistance"],"relics":["alterego_mod:MasochisticConstitution","NeowsBlessing","Smiling Mask","Nunchaku"],"acts_visited":["Exordium"],"potions_floor_usage":[14,16,16],"damage_taken":[{"damage":0,"enemies":"2 Louse","floor":1,"turns":1},{"damage":0,"enemies":"Small Slimes","floor":2,"turns":1},{"damage":0,"enemies":"Jaw Worm","floor":3,"turns":1},{"damage":42,"enemies":"Lagavulin","floor":8,"turns":10},{"damage":10,"enemies":"3 Louse","floor":10,"turns":2},{"damage":3,"enemies":"Looter","floor":12,"turns":3},{"damage":6,"enemies":"Large Slime","floor":13,"turns":6},{"damage":9,"enemies":"Lots of Slimes","floor":14,"turns":5},{"damage":75,"enemies":"The Guardian","floor":16,"turns":10}],"seed_played":"-3471034656411917544","potions_obtained":[{"floor":2,"key":"Dexterity Potion"},{"floor":3,"key":"FearPotion"},{"floor":13,"key":"PowerPotion"},{"floor":14,"key":"SkillPotion"}],"is_trial":false,"path_per_floor":["M","M","M","?","$","R","$","E","T","M","?","M","M","M","R","B"],"character_chosen":"The_Alterego","items_purchased":["alterego_mod:Valentines","alterego_mod:MaintainEyeContact","alterego_mod:Complex","alterego_mod:Pet"],"campfire_rested":1,"item_purchase_floors":[5,5,5,7],"current_hp_per_floor":[70,70,70,59,59,59,59,18,18,9,9,9,20,49,71,0,0],"gold":163,"neow_bonus":"THREE_ENEMY_KILL","is_daily":false,"chose_seed":false,"campfire_upgraded":1,"win_rate":0.0,"timestamp":1610177189,"path_taken":["M","M","M","?","$","R","$","E","T","M","?","M","M","M","R","BOSS"],"items_purchased_type":["Card","Card","Card","Card"],"build_version":"2020-12-22","purchased_purges":0,"victory":false,"max_hp_per_floor":[70,70,70,70,70,70,70,71,71,72,72,73,74,75,75,75,75],"card_choices":[{"not_picked":["alterego_mod:Pet","alterego_mod:Lingerie"],"picked":"alterego_mod:Exercise","floor":1},{"not_picked":["alterego_mod:DestructionOfProperty","alterego_mod:HighServant"],"picked":"alterego_mod:Mirror","floor":2},{"not_picked":["alterego_mod:Complex","alterego_mod:Pet"],"picked":"alterego_mod:BiFurious","floor":3},{"not_picked":["alterego_mod:Lift","alterego_mod:PerceptionDisorder"],"picked":"alterego_mod:SakuraFive","floor":8},{"not_picked":["alterego_mod:DeftHands","alterego_mod:Lingerie"],"picked":"alterego_mod:Birthday","floor":10},{"not_picked":["alterego_mod:DustData","alterego_mod:Bounce"],"picked":"alterego_mod:GoddessCore","floor":12},{"not_picked":["alterego_mod:Exercise","alterego_mod:Bounce"],"picked":"alterego_mod:Undulate","floor":13},{"not_picked":["alterego_mod:DestructionOfProperty","alterego_mod:Santa"],"picked":"alterego_mod:MagicResistance","floor":14}],"player_experience":145534,"relics_obtained":[{"floor":8,"key":"Smiling Mask"},{"floor":9,"key":"Nunchaku"}],"event_choices":[{"damage_healed":0,"gold_gain":75,"player_choice":"Gather Gold","damage_taken":11,"max_hp_gain":0,"max_hp_loss":0,"event_name":"World of Goop","floor":4,"gold_loss":0},{"damage_healed":0,"gold_gain":0,"player_choice":"Fled","damage_taken":0,"max_hp_gain":0,"max_hp_loss":0,"event_name":"Scrap Ooze","floor":11,"gold_loss":0}],"is_beta":false,"boss_relics":[],"items_purged_floors":[],"is_endless":false,"potions_floor_spawned":[2,3,13,14],"killed_by":"The Guardian","ascension_level":0}}