{"host":"kn32u0f2pym5bozc","time":1610180542,"event":{"mods":["2.2 Compatiblity","BaseMod","Better Third Choice","Minty Spire (QoL Compilation)","Permanent Neow","Relic Stats","StSLib","The Animator"],"gold_per_floor":[116,136,162,162,174,174,217,217,217,217,229,229,264,288,288,362,362,382,41,51,68,0,0,10,35,35,35,64,74,74,74,74],"floor_reached":31,"playtime":2052,"items_purged":["animator:Strike"],"score":531,"play_id":"45ade412-97c2-40bf-97a3-6561edfda6a3","local_time":"20210109032222","is_ascension_mode":true,"campfire_choices":[{"data":"animator:Demiurge","floor":6,"key":"SMITH"},{"floor":8,"key":"REST"},{"floor":12,"key":"REST"},{"data":"animator:Shalltear","floor":15,"key":"SMITH"},{"data":"animator:Kuroyukihime","floor":23,"key":"SMITH"},{"data":"animator:Berserker","floor":30,"key":"SMITH"}],"circlet_count":0,"master_deck":["AscendersBane","animator:Strike_AccelWorld","animator:Defend_AccelWorld","animator:Strike","animator:Strike","animator:Defend","animator:Defend","animator:Defend","animator:Kuroyukihime+1","animator:LimeBell","animator:Shizu","animator:Berserker+1","animator:IzunaHatsuse","animator:Demiurge+1","animator:Cocytus","animator:TukaLunaMarceau","animator:LizardPriest","animator:Shuna","animator:Shalltear+1","animator:Eris","animator:MetalKnight+1","animator:Mitsurugi","animator:Azekura","animator:PandorasActor","animator:GazelDwargon+1","Writhe","animator:Shinoa","animator:Gillette"],"relics":["animator:LivingPicture","animator:TheMissingPiece","animator:PurgingStone","animator:HallowedScabbard","Akabeko","White Beast Statue","Pantograph","Coffee Dripper","Frozen Egg 2","Toy Ornithopter","Matryoshka","Nunchaku","Girya"],"acts_visited":["Exordium","TheCity"],"potions_floor_usage":[5,14,16,18,21,24,25,25,28,31],"damage_taken":[{"damage":1,"enemies":"Small Slimes","floor":1,"turns":4},{"damage":2,"enemies":"Jaw Worm","floor":2,"turns":5},{"damage":0,"enemies":"2 Louse","floor":3,"turns":3},{"damage":11,"enemies":"Large Slime","floor":5,"turns":4},{"damage":24,"enemies":"Gremlin Nob","floor":7,"turns":4},{"damage":11,"enemies":"Blue Slaver","floor":11,"turns":4},{"damage":27,"enemies":"Lagavulin","floor":13,"turns":6},{"damage":2,"enemies":"Exordium Wildlife","floor":14,"turns":2},{"damage":14,"enemies":"The Guardian","floor":16,"turns":12},{"damage":22,"enemies":"Chosen","floor":18,"turns":5},{"damage":0,"enemies":"Spheric Guardian","floor":20,"turns":4},{"damage":0,"enemies":"Snecko","floor":21,"turns":5},{"damage":10,"enemies":"Centurion and Healer","floor":24,"turns":8},{"damage":20,"enemies":"Slavers","floor":25,"turns":6},{"damage":28,"enemies":"Book of Stabbing","floor":28,"turns":6},{"damage":9,"enemies":"3 Cultists","floor":29,"turns":7},{"damage":24,"enemies":"Cultist and Chosen","floor":31,"turns":6}],"seed_played":"-1422960585680881791","potions_obtained":[{"floor":1,"key":"AttackPotion"},{"floor":11,"key":"Strength Potion"},{"floor":13,"key":"ColorlessPotion"},{"floor":14,"key":"Fire Potion"},{"floor":16,"key":"AttackPotion"},{"floor":18,"key":"Explosive Potion"},{"floor":21,"key":"ColorlessPotion"},{"floor":24,"key":"ColorlessPotion"},{"floor":25,"key":"LiquidBronze"},{"floor":28,"key":"SteroidPotion"},{"floor":29,"key":"BlessingOfTheForge"}],"is_trial":false,"path_per_floor":["M","M","M","?","M","R","E","R","T","?","M","R","E","M","R","B",null,"M","$","M","M","?","R","M","E","T","?","E","M","R","M"],"character_chosen":"THE_ANIMATOR","items_purchased":["Frozen Egg 2"],"campfire_rested":2,"item_purchase_floors":[19],"current_hp_per_floor":[53,51,51,40,30,30,14,32,32,32,21,39,22,20,20,35,55,40,40,43,46,46,46,40,30,30,30,17,11,11,0,0],"gold":74,"neow_bonus":"ONE_RANDOM_RARE_CARD","is_daily":false,"chose_seed":false,"campfire_upgraded":4,"win_rate":0.0,"timestamp":1610180542,"path_taken":["M","M","M","?","M","R","E","R","T","?","M","R","E","M","R","BOSS","M","$","M","M","?","R","M","E","T","?","E","M","R","M"],"items_purchased_type":["Relic"],"build_version":"2020-12-22","purchased_purges":1,"victory":false,"max_hp_per_floor":[60,60,60,60,61,61,61,61,61,61,61,61,61,61,61,61,61,61,61,61,61,61,61,62,62,62,62,62,62,62,62,62],"relic_stats":{"Nunchaku":[2],"counters":[17,91],"Pantograph":25,"obtain_stats":[{"Girya":28,"animator:TheMissingPiece":0,"Frozen Egg 2":19,"Akabeko":7,"White Beast Statue":9,"Nunchaku":27,"Matryoshka":26,"animator:PurgingStone":0,"Pantograph":13,"animator:LivingPicture":0,"Coffee Dripper":17,"animator:HallowedScabbard":4,"Toy Ornithopter":25},{"Girya":15,"animator:TheMissingPiece":0,"Frozen Egg 2":10,"Akabeko":5,"White Beast Statue":5,"Nunchaku":14,"Matryoshka":14,"animator:PurgingStone":0,"Pantograph":7,"animator:LivingPicture":0,"Coffee Dripper":9,"animator:HallowedScabbard":3,"Toy Ornithopter":14},{"Girya":78,"animator:TheMissingPiece":0,"Frozen Egg 2":49,"Akabeko":20,"White Beast Statue":20,"Nunchaku":72,"Matryoshka":72,"animator:PurgingStone":0,"Pantograph":30,"animator:LivingPicture":0,"Coffee Dripper":44,"animator:HallowedScabbard":12,"Toy Ornithopter":72}],"Toy Ornithopter":10},"card_choices":[{"not_picked":["animator:Rider","animator:Raven"],"picked":"animator:Berserker","floor":1},{"not_picked":["animator:Berserker","animator:Tet"],"picked":"animator:IzunaHatsuse","floor":2},{"not_picked":["animator:WinryRockbell","animator:FielNirvalen"],"picked":"animator:Demiurge","floor":3},{"not_picked":["animator:Demiurge","animator:Evileye"],"picked":"animator:Cocytus","floor":5},{"not_picked":["animator:LeleiLaLalena","animator:Togame"],"picked":"animator:TukaLunaMarceau","floor":7},{"not_picked":["animator:Spearman","animator:PandorasActor"],"picked":"animator:LizardPriest","floor":11},{"not_picked":["animator:ItamiYouji","animator:ElricEdward"],"picked":"animator:Shuna","floor":13},{"not_picked":["animator:PandorasActor","animator:NarberalGamma"],"picked":"animator:Shalltear","floor":14},{"not_picked":["animator:HigakiRinne","animator:AcuraShin"],"picked":"animator:Eris","floor":16},{"not_picked":["animator:TsurugaMeisai","animator:Demiurge+1"],"picked":"animator:MetalKnight+1","floor":18},{"not_picked":["animator:Cocytus","animator:Shalltear"],"picked":"animator:Mitsurugi","floor":20},{"not_picked":["animator:PandorasActor","animator:Souei"],"picked":"animator:Azekura","floor":21},{"not_picked":["animator:Demiurge","animator:NarberalGamma"],"picked":"animator:PandorasActor","floor":24},{"not_picked":["animator:Lancer","animator:Togame"],"picked":"animator:GazelDwargon+1","floor":25},{"not_picked":["animator:LeleiLaLalena","animator:Emonzaemon"],"picked":"animator:Shinoa","floor":28},{"not_picked":["animator:Guy","animator:RinTohsaka"],"picked":"animator:Gillette","floor":29}],"player_experience":809609,"relics_obtained":[{"floor":7,"key":"Akabeko"},{"floor":9,"key":"White Beast Statue"},{"floor":13,"key":"Pantograph"},{"floor":25,"key":"Toy Ornithopter"},{"floor":26,"key":"Matryoshka"},{"floor":28,"key":"Girya"}],"event_choices":[{"damage_healed":0,"gold_gain":0,"player_choice":"Relic ","damage_taken":11,"max_hp_gain":0,"max_hp_loss":0,"event_name":"betterThird:BetterScrap","floor":4,"gold_loss":0,"cards_obtained":["Burst"]},{"damage_healed":0,"gold_gain":0,"player_choice":"Searched \u00271\u0027 times","damage_taken":0,"max_hp_gain":0,"max_hp_loss":0,"event_name":"Dead Adventurer","floor":10,"gold_loss":0},{"damage_healed":0,"gold_gain":0,"player_choice":"Paid Fearfully","damage_taken":0,"max_hp_gain":0,"max_hp_loss":0,"event_name":"Masked Bandits","floor":22,"gold_loss":68},{"damage_healed":0,"gold_gain":0,"player_choice":"Opened","damage_taken":0,"relics_obtained":["Nunchaku"],"max_hp_gain":0,"max_hp_loss":0,"event_name":"The Mausoleum","floor":27,"gold_loss":0,"cards_obtained":["Writhe"]}],"is_beta":false,"boss_relics":[{"not_picked":["Empty Cage","Velvet Choker"],"picked":"Coffee Dripper"}],"items_purged_floors":[19],"is_endless":false,"potions_floor_spawned":[1,11,13,14,16,18,20,21,24,25,28,29],"killed_by":"Cultist and Chosen","ascension_level":17}}