{"host":"vrl5neme3baqibjn","time":1610218861,"event":{"mods":["Act Like it!","Aspiration","BaseMod","Conspire","Dota2Spire","Gensokyo","GungeonMod","Hallownest","Hermit","HololiveMod","LagranYue(拉格朗・月)","Lobotomy","Marisa（F雨　魔理沙）","Minty Spire (QoL Compilation)","Pale of the Ancients","Prisma Mod","Reimu（博丽灵梦）","Replay The Spire","SOS（斯巴达之子）","Spicy Shops","StSLib","The Animator","The Construct","The Exalted","The Hierophant","The Servant 0.9.4","TheHero","TheWitcher","WarShipGirlsR/战舰少女R mod","Yakumo Yukari mod","Youmu（魂魄妖梦）","Yuyuko","vexMod","【功能Mod】聪明的最终Boss","【遗物卡牌】REMEMod"],"gold_per_floor":[224,224,224,224,24,73,73,387,437,437,651,651,738,312,312,422,422,422,422],"floor_reached":18,"playtime":1110,"items_purged":["Defend_Dante"],"score":173,"play_id":"dd0c22a2-ae90-4aae-9080-204cb6b19208","local_time":"20210110030101","is_ascension_mode":true,"campfire_choices":[{"floor":7,"key":"REST"},{"floor":12,"key":"RECALL"},{"floor":15,"key":"REST"}],"circlet_count":0,"master_deck":["Attack_a","Attack_a","Provocation","Defend_Dante","Defend_Dante","Redorb","Gilgamesh","Atom Bomb","Predator","PiercingWail","Millionkick","SnafuTest:AssassinOfKings","Dash2","Injury","LucifercomboC","Stylechange","Panache","Dramatic Entrance","REME_FirmDetermination","Airtrick"],"relics":["SSS","Combocheck","REME_ComplimentaryCards","LagranYue:RandomDrawCardRelic","Happy Flower","LagranYue:NewUniverseRelic","conspire:DecoderRing","DemoMod:ClearGuonStone","Dota2Spire:CrimsonGuard","ReplayTheSpireMod:ShopPack","DemoMod:WhiteGuonStone","DemoMod:GlassGuonStoneRelic","aspiration:FutureDiary"],"acts_visited":["Exordium","Gensokyo:Gensokyo"],"potions_floor_usage":[8],"damage_taken":[{"damage":7,"enemies":"Gensokyo:Python","floor":1,"turns":5},{"damage":47,"enemies":"Gensokyo:Aya","floor":6,"turns":7},{"damage":3,"enemies":"Gensokyo:3_Fairies","floor":8,"turns":5},{"damage":0,"enemies":"Gensokyo:Gryphon","floor":11,"turns":3},{"damage":26,"enemies":"Gensokyo:Cirno","floor":13,"turns":7},{"damage":4,"enemies":"Gensokyo:Kokoro","floor":16,"turns":6},{"damage":0,"enemies":"Gensokyo:Chomper","floor":18,"turns":5}],"seed_played":"7636102456420011696","potions_obtained":[{"floor":1,"key":"Explosive Potion"},{"floor":6,"key":"Swift Potion"},{"floor":16,"key":"construct:ShiftPotion"}],"is_trial":false,"path_per_floor":["M","?","?","?","COS","E","R","M","T","?","M","R","E","$","R","B",null,"M"],"character_chosen":"DANTE","items_purchased":["ReplayTheSpireMod:ShopPack","DemoMod:WhiteGuonStone","Stylechange"],"campfire_rested":2,"item_purchase_floors":[14,14,14],"current_hp_per_floor":[73,73,73,73,73,26,50,47,47,47,47,47,21,21,45,41,80,80,80],"gold":422,"neow_bonus":"HUNDRED_GOLD","is_daily":false,"chose_seed":false,"campfire_upgraded":0,"win_rate":0.0,"timestamp":1610218861,"path_taken":["M","?","?","?","COS","E","R","?","T","?","M","R","E","$","R","BOSS","M"],"items_purchased_type":["Relic","Relic","Card"],"build_version":"2020-12-22","purchased_purges":1,"victory":false,"max_hp_per_floor":[80,80,80,80,80,80,80,80,80,80,80,80,80,80,80,80,80,80,80],"card_choices":[{"not_picked":["VitalstarM","Fullhouse"],"picked":"Gilgamesh","floor":1},{"not_picked":["LucifercomboA","Doubleshoot"],"picked":"Millionkick","floor":6},{"not_picked":["LucifercomboA","Gunslinger"],"picked":"Dash2","floor":8},{"not_picked":["Doubleshoot","Chargeshoot2"],"picked":"LucifercomboC","floor":11},{"not_picked":["VitalstarS","Chargeshoot","Gunslinger"],"picked":"SKIP","floor":13},{"not_picked":["Violence","Sadistic Nature"],"picked":"Panache","floor":14},{"not_picked":["Mayhem","vexMod:EmailVexCard"],"picked":"Dramatic Entrance","floor":14},{"not_picked":["ReplayTheSpireMod:Uncanny Aura","Purity"],"picked":"REME_FirmDetermination","floor":14},{"not_picked":["Darkslayer","Royalguard"],"picked":"Airtrick","floor":16}],"player_experience":204713,"relics_obtained":[{"floor":6,"key":"conspire:DecoderRing"},{"floor":13,"key":"Dota2Spire:CrimsonGuard"}],"event_choices":[],"is_beta":false,"boss_relics":[{"not_picked":["REME_LowDesire","REME_DuelDisc"],"picked":"aspiration:FutureDiary"}],"items_purged_floors":[14],"is_endless":false,"potions_floor_spawned":[1,6,16],"killed_by":"Gensokyo:Chomper","ascension_level":1}}