{"host":"htqwg582tjjtn9p7","time":1610221154,"event":{"mods":["2.2 Compatiblity","AchievementEnabler","Act Like it!","Aspiration","BaseMod","Better Third Choice","Colored Map","Conspire","Curses Come First","Displayed Cursed Tome","Energized Spire","Force Act Four","GifTheSpireLib","Hermit","Highlight Path","JesterMod","Mad Scientist","Minty Spire (QoL Compilation)","Pale of the Ancients","Permanent Neow","Random Character Button","Relic Stats","Replay The Spire","Robot Space Explorer","Somnambulant","Spicy Shops","Spikes Relics","StSLib","Stuff the Spire","The Blue Laboratory","The Bug Knight","The Forsaken","The Gatherer","The Judge","The Jungle","The Marked","The Runesmith","The Servant 0.9.4","Uncapped"],"gold_per_floor":[109,129,129,144,160,188,188,208,208,208,220,247,70,81,81,158,158,171,157,157,175,25,25,56,56,56,18,18,18,18],"floor_reached":29,"playtime":1422,"items_purged":["Strike_R"],"score":446,"play_id":"da6f2c5f-edde-4f42-bb64-e2529716e07d","local_time":"20210109203914","is_ascension_mode":true,"campfire_choices":[{"data":"Armaments","floor":7,"key":"SMITH"},{"floor":10,"key":"REST"},{"floor":15,"key":"REST"},{"floor":23,"key":"REST"},{"floor":28,"key":"REST"}],"circlet_count":0,"master_deck":["AscendersBane","Strike_R","Strike_R","Strike_R","Strike_R","Defend_R","Defend_R","Defend_R","Defend_R+1","Bash","True Grit","Armaments+1","Anger","Ghostly Armor","Sword Boomerang","True Grit+1","Shockwave","Offering","ReplayTheSpireMod:Brewmster","Flame Barrier","Berserk","Sword Boomerang+1","theForsaken:DivineGuidance"],"relics":["Burning Blood","aspiration:Lifesprig","Replay:Bottled Flurry","War Paint","energizedSpire:EnergizedDie","PrismaticShard","Membership Card","StuffTheSpire:Gunfinga","Girya","StuffTheSpire:ForceGauntlet"],"acts_visited":["Exordium","TheCity"],"potions_floor_usage":[6,6,12,14,14,14,16,16,16,16,16,16,16,16,16,16,18,18,18,18,19,21,21,24],"damage_taken":[{"damage":18,"enemies":"Jaw Worm","floor":1,"turns":4},{"damage":1,"enemies":"Cultist","floor":2,"turns":4},{"damage":2,"enemies":"conspire:RoseBush","floor":4,"turns":8},{"damage":15,"enemies":"Blue Slaver","floor":5,"turns":5},{"damage":1,"enemies":"3 Sentries","floor":6,"turns":12},{"damage":29,"enemies":"Exordium Wildlife","floor":8,"turns":8},{"damage":6,"enemies":"Looter","floor":11,"turns":3},{"damage":17,"enemies":"Lagavulin","floor":12,"turns":10},{"damage":6,"enemies":"Red Slaver","floor":14,"turns":6},{"damage":58,"enemies":"Slime Boss","floor":16,"turns":18},{"damage":12,"enemies":"Spheric Guardian","floor":18,"turns":7},{"damage":16,"enemies":"2 Thieves","floor":19,"turns":4},{"damage":8,"enemies":"Shelled Parasite and Fungi","floor":21,"turns":8},{"damage":43,"enemies":"conspire:Head Lice","floor":24,"turns":13},{"damage":45,"enemies":"Book of Stabbing","floor":29,"turns":4}],"seed_played":"-1716518800653283358","potions_obtained":[{"floor":2,"key":"Toxic Potion"},{"floor":3,"key":"HeartOfIron"},{"floor":3,"key":"LifebloodPotion"},{"floor":8,"key":"blueLaboratory:RememoryPotion"},{"floor":11,"key":"blueLaboratory:BottleOfVodka"},{"floor":16,"key":"PowerPotion"}],"is_trial":false,"path_per_floor":["M","M","?","M","M","E","R","M","T","R","M","E","$","M","R","B",null,"M","M","?","M","$","R","E","T","T","$","R","E"],"character_chosen":"IRONCLAD","items_purchased":["ReplayTheSpireMod:Brewmster","Membership Card"],"campfire_rested":4,"item_purchase_floors":[13,22],"current_hp_per_floor":[52,57,57,61,52,57,57,34,34,60,60,49,49,49,75,23,73,67,57,45,43,43,69,32,32,32,32,58,13,13],"gold":18,"neow_bonus":"TWENTY_PERCENT_HP_BONUS","is_daily":false,"chose_seed":false,"campfire_upgraded":1,"win_rate":0.0,"timestamp":1610221154,"path_taken":["M","M","?","M","M","E","R","M","T","R","?","E","$","M","R","BOSS","M","?","?","M","$","R","E","?","T","$","R","E"],"items_purchased_type":["Card","Relic"],"build_version":"2020-12-22","purchased_purges":1,"victory":false,"max_hp_per_floor":[89,89,89,89,89,89,89,89,89,89,89,89,89,89,89,89,89,89,89,89,89,89,89,89,89,89,89,89,89,89],"relic_stats":{"counters":[15,114],"War Paint":["Defend_R","True Grit"],"obtain_stats":[{"Girya":25,"aspiration:Lifesprig":6,"StuffTheSpire:Gunfinga":24,"StuffTheSpire:ForceGauntlet":26,"energizedSpire:EnergizedDie":17,"Replay:Bottled Flurry":9,"Membership Card":22,"War Paint":12,"PrismaticShard":20,"Burning Blood":0},{"Girya":14,"aspiration:Lifesprig":5,"StuffTheSpire:Gunfinga":14,"StuffTheSpire:ForceGauntlet":14,"energizedSpire:EnergizedDie":10,"Replay:Bottled Flurry":6,"Membership Card":13,"War Paint":8,"PrismaticShard":12,"Burning Blood":0},{"Girya":110,"aspiration:Lifesprig":33,"StuffTheSpire:Gunfinga":110,"StuffTheSpire:ForceGauntlet":110,"energizedSpire:EnergizedDie":78,"Replay:Bottled Flurry":41,"Membership Card":97,"War Paint":54,"PrismaticShard":89,"Burning Blood":0}],"Burning Blood":84},"card_choices":[{"not_picked":["Anger","Ghostly Armor"],"picked":"True Grit","floor":1},{"not_picked":["Pummel","StuffTheSpire:Incineration"],"picked":"Armaments","floor":2},{"not_picked":["Shrug It Off","Berserk"],"picked":"Anger","floor":4},{"not_picked":["Replay:Undeath\u0027s Touch","Run Through"],"picked":"Ghostly Armor","floor":5},{"not_picked":["StuffTheSpire:Incineration","Clothesline"],"picked":"Sword Boomerang","floor":6},{"not_picked":["ReplayTheSpireMod:Muscle Training","Anger"],"picked":"True Grit","floor":8},{"not_picked":["Wild Strike","Pommel Strike"],"picked":"Shockwave","floor":11},{"not_picked":["Warcry","Carnage"],"picked":"Offering","floor":12},{"not_picked":["Absolvement","Shrug It Off"],"picked":"Flame Barrier","floor":14},{"not_picked":["StuffTheSpire:TitanForm","Hemogenesis"],"picked":"Berserk","floor":16},{"not_picked":["Clash","ReplayTheSpireMod:Strike From Hell","conspire:ExplosiveBarrier"],"picked":"SKIP","floor":18},{"not_picked":["Havoc","BarbarianYell"],"picked":"Sword Boomerang+1","floor":19},{"not_picked":["Discovery","MadScienceMod:FlameCannon","Halt"],"picked":"SKIP","floor":21},{"not_picked":["RobotSpaceExplorer:ShovelStrike","Streamline"],"picked":"theForsaken:DivineGuidance","floor":24}],"player_experience":1913212,"relics_obtained":[{"floor":6,"key":"aspiration:Lifesprig"},{"floor":9,"key":"Replay:Bottled Flurry"},{"floor":12,"key":"War Paint"},{"floor":20,"key":"PrismaticShard"},{"floor":24,"key":"StuffTheSpire:Gunfinga"},{"floor":25,"key":"Girya"},{"floor":26,"key":"StuffTheSpire:ForceGauntlet"}],"event_choices":[{"damage_healed":0,"gold_gain":0,"player_choice":"Got Potions","damage_taken":0,"max_hp_gain":0,"max_hp_loss":0,"event_name":"Lab","floor":3,"gold_loss":0}],"is_beta":false,"boss_relics":[{"not_picked":["Runesmith:UraniumAnvil","aspiration:FutureDiary"],"picked":"energizedSpire:EnergizedDie"}],"items_purged_floors":[27],"is_endless":false,"potions_floor_spawned":[2,8,11,14,16],"killed_by":"Book of Stabbing","ascension_level":15}}