{"host":"xpk7f5wncxr280f7","time":1610163171,"event":{"mods":["AchievementEnabler","Astrologer","BaseMod","Colored Map","Colored Powertips","Highlight Path","Hubris","Ironclad Rager","Luminous","Minty Spire (QoL Compilation)","Permanent Neow","Quick Restart","Rare Cards Sparkle","Relic Stats","Remove Card Discount Mod","Reorder Act Four","StSLib","The Senshi","TheArtist"],"gold_per_floor":[17,28,28,28,46,46,74,86,86,96,96,126,126,161,161,260,260,270,289,306,325,325,353,363,363,386,421,421,448,415,415,415,515,515,531,551,551,472,482,482,403,403,403,423,198,209,209,221,221,221,221],"floor_reached":50,"playtime":2591,"items_purged":["Zap","Dualcast","Leap"],"score":640,"play_id":"1d318eee-6e56-4099-897d-5ad92fa1a472","local_time":"20210108193250","is_ascension_mode":true,"campfire_choices":[{"data":"Hologram","floor":6,"key":"SMITH"},{"data":"Recycle","floor":11,"key":"SMITH"},{"floor":13,"key":"REST"},{"data":"Machine Learning","floor":15,"key":"SMITH"},{"data":"Defragment","floor":25,"key":"SMITH"},{"floor":28,"key":"REST"},{"data":"Self Repair","floor":32,"key":"SMITH"},{"data":"Static Discharge","floor":40,"key":"SMITH"},{"data":"Self Repair","floor":42,"key":"SMITH"},{"floor":47,"key":"RECALL"},{"data":"hubris:PowerSurge","floor":49,"key":"SMITH"}],"circlet_count":0,"master_deck":["Ball Lightning","Cold Snap","Ball Lightning","Cold Snap","Leap","Leap","Leap","Leap","Recycle+1","Hologram+1","Conserve Battery","Machine Learning+1","Self Repair+1","Compile Driver+1","Anger","Defragment+1","hubris:PowerSurge+1","Force Field+1","Hologram+1","Static Discharge+1","Defragment+1","Self Repair+1","Hello World","hubris:SpecializedCircuitry","Self Repair","Self Repair","Defragment+1","Rebound+1","Coolheaded+1"],"relics":["Cracked Core","Spirit Poop","Kunai","Unceasing Top","Toxic Egg 2","hubris:VirtuousBlindfold","hubris:Teleporter","Bag of Marbles","hubris:BallOfYels","hubris:BlackHole","White Beast Statue","DollysMirror"],"acts_visited":["Exordium","TheCity","TheBeyond"],"potions_floor_usage":[23,27,27],"damage_taken":[{"damage":0,"enemies":"Jaw Worm","floor":1,"turns":2},{"damage":0,"enemies":"Cultist","floor":2,"turns":3},{"damage":0,"enemies":"Small Slimes","floor":5,"turns":2},{"damage":15,"enemies":"Gremlin Nob","floor":7,"turns":4},{"damage":0,"enemies":"Blue Slaver","floor":8,"turns":3},{"damage":0,"enemies":"Large Slime","floor":10,"turns":6},{"damage":0,"enemies":"3 Sentries","floor":14,"turns":8},{"damage":10,"enemies":"The Guardian","floor":16,"turns":9},{"damage":1,"enemies":"3 Byrds","floor":18,"turns":5},{"damage":0,"enemies":"Spheric Guardian","floor":19,"turns":4},{"damage":0,"enemies":"Centurion and Healer","floor":20,"turns":8},{"damage":8,"enemies":"Chosen and Byrds","floor":21,"turns":6},{"damage":5,"enemies":"Book of Stabbing","floor":23,"turns":9},{"damage":10,"enemies":"Shelled Parasite and Fungi","floor":24,"turns":6},{"damage":32,"enemies":"Slavers","floor":27,"turns":5},{"damage":0,"enemies":"Gremlin Leader","floor":29,"turns":7},{"damage":21,"enemies":"Champ","floor":33,"turns":11},{"damage":0,"enemies":"Orb Walker","floor":35,"turns":1},{"damage":0,"enemies":"3 Shapes","floor":36,"turns":2},{"damage":9,"enemies":"Jaw Worm Horde","floor":39,"turns":3},{"damage":29,"enemies":"Maw","floor":44,"turns":3},{"damage":12,"enemies":"Writhing Mass","floor":46,"turns":3},{"damage":0,"enemies":"4 Shapes","floor":48,"turns":4},{"damage":0,"enemies":"Awakened One","floor":50,"turns":1}],"seed_played":"-7451152165016457263","potions_obtained":[{"floor":5,"key":"Weak Potion"},{"floor":8,"key":"DistilledChaos"},{"floor":14,"key":"FocusPotion"},{"floor":20,"key":"Regen Potion"},{"floor":29,"key":"EssenceOfSteel"},{"floor":33,"key":"Explosive Potion"},{"floor":36,"key":"Energy Potion"},{"floor":46,"key":"Fruit Juice"},{"floor":48,"key":"AttackPotion"}],"is_trial":false,"path_per_floor":["M","M","?","?","M","R","E","M","T","M","R","?","R","E","R","B",null,"M","M","M","M","?","E","M","R","T","E","R","E","$","?","R","B",null,"M","M","?","$","M","R","$","R","T","M","$","M","R","M","R","B"],"character_chosen":"DEFECT","items_purchased":["Hologram+1","Self Repair","hubris:SpecializedCircuitry","Self Repair","DollysMirror"],"campfire_rested":2,"item_purchase_floors":[30,38,41,45,45],"current_hp_per_floor":[50,50,50,50,50,50,35,35,35,35,35,35,55,55,55,45,68,67,68,68,67,67,68,65,65,65,45,65,68,68,68,68,57,68,68,68,68,68,68,68,68,68,68,59,59,68,68,68,68,68,68],"gold":221,"neow_bonus":"DEFECT_STORMLORD","is_daily":false,"chose_seed":false,"campfire_upgraded":8,"win_rate":0.0,"timestamp":1610163170,"path_taken":["M","M","?","?","?","R","E","M","T","M","R","?","R","E","R","BOSS","M","M","M","M","?","E","M","R","T","E","R","E","$","?","R","BOSS","M","M","?","$","M","R","$","R","T","?","$","M","R","M","R","BOSS"],"items_purchased_type":["Card","Card","Card","Card","Relic"],"build_version":"2020-12-22","purchased_purges":3,"victory":false,"max_hp_per_floor":[68,68,68,68,68,68,68,68,68,68,68,68,68,68,68,68,68,68,68,68,68,68,68,68,68,68,68,68,68,68,68,68,68,68,68,68,68,68,68,68,68,68,68,68,68,68,68,68,68,68,68],"relic_stats":{"counters":[24,115],"Kunai":[42],"obtain_stats":[{"hubris:BlackHole":34,"hubris:BallOfYels":29,"hubris:Teleporter":23,"DollysMirror":45,"Spirit Poop":4,"hubris:VirtuousBlindfold":17,"Bag of Marbles":27,"Kunai":7,"Toxic Egg 2":14,"Cracked Core":0,"Unceasing Top":9,"White Beast Statue":43},{"hubris:BlackHole":17,"hubris:BallOfYels":16,"hubris:Teleporter":13,"DollysMirror":21,"Spirit Poop":2,"hubris:VirtuousBlindfold":8,"Bag of Marbles":15,"Kunai":4,"Toxic Egg 2":7,"Cracked Core":0,"Unceasing Top":5,"White Beast Statue":20},{"hubris:BlackHole":98,"hubris:BallOfYels":87,"hubris:Teleporter":69,"DollysMirror":107,"Spirit Poop":5,"hubris:VirtuousBlindfold":37,"Bag of Marbles":80,"Kunai":11,"Toxic Egg 2":28,"Cracked Core":0,"Unceasing Top":14,"White Beast Statue":104}],"Unceasing Top":[144]},"card_choices":[{"not_picked":["Cold Snap","Beam Cell"],"picked":"Leap","floor":1},{"not_picked":["Blizzard","Rebound"],"picked":"Recycle","floor":2},{"not_picked":["Stack","Leap"],"picked":"Hologram","floor":5},{"not_picked":["Barrage","Blizzard"],"picked":"Conserve Battery","floor":7},{"not_picked":["Sunder","Stack","Heatsinks"],"picked":"SKIP","floor":8},{"not_picked":["Streamline","Aggregate","Fusion"],"picked":"SKIP","floor":10},{"not_picked":["Coolheaded+1","Beam Cell"],"picked":"Machine Learning","floor":14},{"not_picked":["Sweeping Beam","Hologram+1"],"picked":"Self Repair","floor":18},{"not_picked":["Streamline","ICR:ChainLightning+1","Melter"],"picked":"SKIP","floor":19},{"not_picked":["Turbo+1","Chaos+1"],"picked":"Compile Driver+1","floor":20},{"not_picked":["Stack+1","Steam+1","Rebound"],"picked":"SKIP","floor":21},{"not_picked":["Gash+1","Leap+1"],"picked":"Defragment","floor":23},{"not_picked":["Coolheaded+1","Cold Snap"],"picked":"hubris:PowerSurge","floor":24},{"not_picked":["Barrage","Storm","FTL"],"picked":"SKIP","floor":27},{"not_picked":["Stack+1","Electrodynamics"],"picked":"Force Field+1","floor":29},{"not_picked":["Conserve Battery+1","BootSequence+1"],"picked":"Static Discharge","floor":35},{"not_picked":["Undo+1","Stack+1","Turbo+1"],"picked":"SKIP","floor":36},{"not_picked":["Turbo+1","Compile Driver"],"picked":"Hello World","floor":39},{"not_picked":["Cold Snap","Turbo+1"],"picked":"Self Repair","floor":44},{"not_picked":["FTL","Barrage+1"],"picked":"Rebound+1","floor":46},{"not_picked":["Redo+1","Beam Cell+1"],"picked":"Coolheaded+1","floor":48}],"player_experience":256907,"relics_obtained":[{"floor":7,"key":"Kunai"},{"floor":9,"key":"Unceasing Top"},{"floor":14,"key":"Toxic Egg 2"},{"floor":23,"key":"hubris:Teleporter"},{"floor":27,"key":"Bag of Marbles"},{"floor":29,"key":"hubris:BallOfYels"},{"floor":43,"key":"White Beast Statue"}],"event_choices":[{"cards_removed":["hubris:Compulsion"],"damage_healed":0,"gold_gain":0,"player_choice":"Offered Curse","damage_taken":0,"relics_obtained":["Spirit Poop"],"max_hp_gain":0,"max_hp_loss":0,"event_name":"Bonfire Elementals","floor":4,"gold_loss":0},{"damage_healed":0,"gold_gain":30,"player_choice":"Searched \u00271\u0027 times","damage_taken":0,"max_hp_gain":0,"max_hp_loss":0,"event_name":"Dead Adventurer","floor":12,"gold_loss":0},{"damage_healed":0,"gold_gain":0,"player_choice":"Read","damage_taken":0,"max_hp_gain":0,"max_hp_loss":0,"event_name":"The Library","floor":22,"gold_loss":0,"cards_obtained":["Anger"]},{"damage_healed":0,"gold_gain":0,"player_choice":"Ignored","damage_taken":0,"max_hp_gain":0,"max_hp_loss":0,"event_name":"Ghosts","floor":31,"gold_loss":0},{"damage_healed":0,"gold_gain":0,"player_choice":"Copied","damage_taken":0,"max_hp_gain":0,"max_hp_loss":0,"event_name":"Duplicator","floor":37,"gold_loss":0,"cards_obtained":["Defragment"]}],"is_beta":false,"boss_relics":[{"not_picked":["Calling Bell","Pandora\u0027s Box"],"picked":"hubris:VirtuousBlindfold"},{"not_picked":["Inserter","hubris:CrackedHourglass"],"picked":"hubris:BlackHole"}],"items_purged_floors":[30,30,30],"is_endless":false,"potions_floor_spawned":[5,8,14,20,29,33,36,44,46,48],"killed_by":"Awakened One","ascension_level":1}}