{"host":"3l94tha3a4jgu0q4","time":1610194259,"event":{"mods":["2.2 Compatiblity","AchievementEnabler","BaseMod","Colored Map","Colored Powertips","Highlight Path","Minty Spire (QoL Compilation)","Permanent Neow","StSLib","SuperFastMode"],"gold_per_floor":[113,113,128,146,164,164,197,210,233,245,266,266,266,285,285,285,285],"floor_reached":16,"playtime":283,"items_purged":[],"score":104,"play_id":"88510a72-9e47-4600-a836-098ff4afc09e","local_time":"20210109041059","is_ascension_mode":false,"campfire_choices":[{"data":"Neutralize","floor":6,"key":"SMITH"},{"data":"Quick Slash","floor":13,"key":"SMITH"},{"data":"Dodge and Roll","floor":15,"key":"SMITH"}],"circlet_count":0,"master_deck":["Strike_G","Strike_G","Strike_G","Strike_G","Strike_G","Defend_G","Defend_G","Defend_G","Defend_G","Defend_G","Survivor","Neutralize+1","Quick Slash+1","Pain","Flying Knee","Dodge and Roll+1","Heel Hook","PiercingWail"],"relics":["Busted Crown","WarpedTongs","Omamori","Bag of Marbles","Odd Mushroom"],"acts_visited":["Exordium"],"potions_floor_usage":[7,7,11],"damage_taken":[{"damage":0,"enemies":"Small Slimes","floor":1,"turns":4},{"damage":5,"enemies":"Cultist","floor":3,"turns":4},{"damage":3,"enemies":"2 Louse","floor":4,"turns":2},{"damage":8,"enemies":"Gremlin Gang","floor":5,"turns":6},{"damage":17,"enemies":"3 Sentries","floor":7,"turns":9},{"damage":2,"enemies":"Looter","floor":8,"turns":3},{"damage":3,"enemies":"Red Slaver","floor":10,"turns":2},{"damage":9,"enemies":"The Mushroom Lair","floor":11,"turns":4},{"damage":8,"enemies":"3 Louse","floor":14,"turns":4},{"damage":39,"enemies":"Slime Boss","floor":16,"turns":5}],"seed_played":"-836918385535265512","potions_obtained":[{"floor":1,"key":"EssenceOfSteel"},{"floor":5,"key":"Swift Potion"},{"floor":8,"key":"Strength Potion"}],"is_trial":false,"path_per_floor":["M","?","M","M","M","R","E","M","T","M","?","?","R","M","R","B"],"character_chosen":"THE_SILENT","items_purchased":[],"campfire_rested":0,"item_purchase_floors":[],"current_hp_per_floor":[70,70,65,62,54,54,37,35,35,32,23,46,46,38,38,0,0],"gold":285,"neow_bonus":"BOSS_RELIC","is_daily":false,"chose_seed":false,"campfire_upgraded":3,"win_rate":0.0,"timestamp":1610194259,"path_taken":["M","?","M","M","?","R","E","M","T","M","?","?","R","M","R","BOSS"],"items_purchased_type":[],"build_version":"2020-12-22","purchased_purges":0,"victory":false,"max_hp_per_floor":[70,70,70,70,70,70,70,70,70,70,70,70,70,70,70,70,70],"card_choices":[{"not_picked":[],"picked":"Quick Slash","floor":1},{"not_picked":[],"picked":"Flying Knee","floor":3},{"not_picked":["Acrobatics"],"picked":"SKIP","floor":4},{"not_picked":["Blade Dance"],"picked":"SKIP","floor":5},{"not_picked":["All Out Attack"],"picked":"SKIP","floor":7},{"not_picked":["Flechettes"],"picked":"SKIP","floor":8},{"not_picked":[],"picked":"Dodge and Roll","floor":10},{"not_picked":[],"picked":"Heel Hook","floor":11},{"not_picked":[],"picked":"PiercingWail","floor":14}],"player_experience":1912608,"relics_obtained":[{"floor":7,"key":"Omamori"},{"floor":9,"key":"Bag of Marbles"},{"floor":11,"key":"Odd Mushroom"}],"event_choices":[{"damage_healed":0,"gold_gain":0,"player_choice":"Rummage","damage_taken":0,"relics_obtained":["WarpedTongs"],"max_hp_gain":0,"max_hp_loss":0,"event_name":"Accursed Blacksmith","floor":2,"gold_loss":0,"cards_obtained":["Pain"]},{"damage_healed":0,"gold_gain":0,"player_choice":"Fought Mushrooms","damage_taken":0,"max_hp_gain":0,"max_hp_loss":0,"event_name":"Mushrooms","floor":11,"gold_loss":0},{"damage_healed":23,"gold_gain":0,"player_choice":"Banana","damage_taken":0,"max_hp_gain":0,"max_hp_loss":0,"event_name":"Big Fish","floor":12,"gold_loss":0}],"is_beta":false,"boss_relics":[],"items_purged_floors":[],"is_endless":false,"potions_floor_spawned":[1,5,8],"killed_by":"Slime Boss","ascension_level":0}}