{"host":"tgr1xoidyjfo4u0n","time":1610227107,"event":{"mods":["Act Like it!","BaseMod","Better Vampires","CapriCore","Colored Powertips","GifTheSpireLib","Highlight Path","Minty Spire (QoL Compilation)","StSLib"],"gold_per_floor":[113,126,126,138,154,154,186,186,186,186,44,44,9,9,9,109,109,129,140,340,360,53,53,87,87,87,87,87],"floor_reached":27,"playtime":1207,"items_purged":["Strike_B","Strike_B"],"score":240,"play_id":"6ade45b2-1fd6-4ccc-9529-84e1f5bd0b2a","local_time":"20210110051827","is_ascension_mode":true,"campfire_choices":[{"data":"Heatsinks","floor":6.0,"key":"SMITH"},{"data":"Heatsinks","floor":8.0,"key":"SMITH"},{"data":"Turbo","floor":10.0,"key":"SMITH"},{"data":"Zap","floor":12.0,"key":"SMITH"},{"data":"Dualcast","floor":15.0,"key":"SMITH"},{"data":"Hologram","floor":23.0,"key":"SMITH"},{"data":"Chrysalis","floor":25,"key":"SMITH"}],"circlet_count":0,"master_deck":["Strike_B","Defend_B","Defend_B","Defend_B","Defend_B","Zap+1","Dualcast+1","Chrysalis+1","Ball Lightning","Heatsinks+1","Static Discharge","Heatsinks+1","Turbo+1","Conserve Battery","Hello World","Echo Form","Hologram+1","Steam"],"relics":["Cracked Core","InkBottle","HornCleat","Coffee Dripper","Art of War","Potion Belt"],"acts_visited":["Exordium","TheCity"],"potions_floor_usage":[27],"damage_taken":[{"damage":1.0,"enemies":"Cultist","floor":1.0,"turns":3.0},{"damage":0.0,"enemies":"Small Slimes","floor":2.0,"turns":2.0},{"damage":8.0,"enemies":"Jaw Worm","floor":4.0,"turns":4.0},{"damage":15.0,"enemies":"Gremlin Gang","floor":5.0,"turns":3.0},{"damage":5.0,"enemies":"Lagavulin","floor":7.0,"turns":7.0},{"damage":35.0,"enemies":"Slime Boss","floor":16.0,"turns":7.0},{"damage":10.0,"enemies":"Chosen","floor":18.0,"turns":5.0},{"damage":0.0,"enemies":"Spheric Guardian","floor":19.0,"turns":3.0},{"damage":16.0,"enemies":"Snake Plant","floor":21.0,"turns":3.0},{"damage":43,"enemies":"Slavers","floor":24,"turns":5},{"damage":11,"enemies":"Chosen and Byrds","floor":27,"turns":4}],"seed_played":"-2875926362924869099","potions_obtained":[{"floor":2.0,"key":"Fire Potion"},{"floor":4.0,"key":"Swift Potion"},{"floor":19.0,"key":"PowerPotion"},{"floor":24,"key":"Dexterity Potion"}],"is_trial":false,"path_per_floor":["M","M","?","M","M","R","E","R","T","R","$","R","?","?","R","B",null,"M","M","?","M","$","R","E","R","T","M"],"character_chosen":"DEFECT","items_purchased":["Hello World","Art of War","Weak Potion"],"campfire_rested":0,"item_purchase_floors":[11,22,22],"current_hp_per_floor":[53,53,53,45,30,30,25,25,25,25,25,25,43,43,43,8,75,65,65,65,49,49,49,6,6,6,0,0],"gold":87,"neow_bonus":"RANDOM_COLORLESS_2","is_daily":false,"chose_seed":false,"campfire_upgraded":7,"win_rate":0.0,"timestamp":1610227107,"path_taken":["M","M","?","M","M","R","E","R","T","R","$","R","?","?","R","BOSS","M","M","?","M","$","R","E","R","T","M"],"items_purchased_type":["Card","Relic","Potion"],"build_version":"2020-12-22","purchased_purges":2,"victory":false,"max_hp_per_floor":[75,75,75,75,75,75,75,75,75,75,75,75,75,75,75,75,75,75,75,75,75,75,75,75,75,75,75,75],"card_choices":[{"not_picked":["Sadistic Nature","Thinking Ahead"],"picked":"Chrysalis","floor":0.0},{"not_picked":["Rebound","Conserve Battery"],"picked":"Ball Lightning","floor":1.0},{"not_picked":["Sweeping Beam","Coolheaded"],"picked":"Heatsinks","floor":2.0},{"not_picked":["Compile Driver","Beam Cell"],"picked":"Heatsinks","floor":4.0},{"not_picked":["Steam","Cold Snap"],"picked":"Turbo","floor":5.0},{"not_picked":["Compile Driver","Lockon"],"picked":"Conserve Battery","floor":7.0},{"not_picked":["Electrodynamics","Buffer"],"picked":"Echo Form","floor":16.0},{"not_picked":["Go for the Eyes","Chaos","Steam+1"],"picked":"SKIP","floor":18.0},{"not_picked":["Stack","Go for the Eyes","Melter"],"picked":"SKIP","floor":19.0},{"not_picked":["Stack","Go for the Eyes","Melter"],"picked":"SKIP","floor":19.0},{"not_picked":["Go for the Eyes","Undo+1"],"picked":"Hologram","floor":21.0},{"not_picked":["Beam Cell","Multi-Cast"],"picked":"Steam","floor":24}],"player_experience":343835,"relics_obtained":[{"floor":7.0,"key":"InkBottle"},{"floor":9.0,"key":"HornCleat"},{"floor":24,"key":"Potion Belt"}],"event_choices":[{"damage_healed":0.0,"max_hp_gain":0.0,"max_hp_loss":0.0,"gold_gain":0.0,"cards_transformed":["Strike_B"],"event_name":"Living Wall","player_choice":"Change","floor":3.0,"gold_loss":0.0,"damage_taken":0.0,"cards_obtained":["Static Discharge"]},{"damage_healed":18.0,"max_hp_gain":0.0,"max_hp_loss":0.0,"gold_gain":0.0,"event_name":"The Cleric","player_choice":"Healed","floor":13.0,"gold_loss":35.0,"damage_taken":0.0},{"damage_healed":0.0,"max_hp_gain":0.0,"max_hp_loss":0.0,"gold_gain":0.0,"event_name":"Liars Game","player_choice":"Ignored","floor":14.0,"gold_loss":0.0,"damage_taken":0.0},{"damage_healed":0.0,"max_hp_gain":0.0,"max_hp_loss":0.0,"gold_gain":200.0,"event_name":"Wheel of Change","player_choice":"Gold","floor":20.0,"gold_loss":0.0,"damage_taken":0.0}],"is_beta":false,"boss_relics":[{"not_picked":["SlaversCollar","Snecko Eye"],"picked":"Coffee Dripper"}],"items_purged_floors":[11,22],"is_endless":false,"potions_floor_spawned":[2,4,19,24],"killed_by":"Chosen and Byrds","ascension_level":1}}