{"host":"8dhn6p16jorj0i1s","time":1610213721,"event":{"mods":["BaseMod","Colored Map","DeckTracker","Minty Spire (QoL Compilation)","Permanent Neow","Quick Restart"],"gold_per_floor":[110,110,124,124,18,44,44,44,70,70,88,88,153,168,168,273,273,293,293,307,307,307],"floor_reached":21,"playtime":1103,"items_purged":[],"score":278,"play_id":"6fea3925-58ae-442a-a7de-a58dfdd58882","local_time":"20210109183521","is_ascension_mode":true,"campfire_choices":[{"data":"WindmillStrike","floor":8,"key":"SMITH"},{"data":"Eruption","floor":10,"key":"SMITH"},{"data":"FlurryOfBlows","floor":12,"key":"SMITH"},{"data":"Meditate","floor":15,"key":"SMITH"}],"circlet_count":0,"master_deck":["Strike_P","Strike_P","Strike_P","Strike_P","Defend_P","Defend_P","Defend_P","Defend_P","Eruption+1","Vigilance","EmptyFist","WheelKick+1","Pray","WindmillStrike+1","FlurryOfBlows+1","Meditate+1","Establishment","SandsOfTime","Ghostly","Ghostly","Ghostly","Ghostly","Ghostly","Adaptation"],"relics":["PureWater","NeowsBlessing","Ancient Tea Set","Dream Catcher","Bag of Marbles","White Beast Statue","Snecko Eye"],"acts_visited":["Exordium","TheCity"],"potions_floor_usage":[16,16,18,21],"damage_taken":[{"damage":0,"enemies":"Jaw Worm","floor":1,"turns":1},{"damage":0,"enemies":"Cultist","floor":3,"turns":1},{"damage":0,"enemies":"Lagavulin","floor":6,"turns":1},{"damage":0,"enemies":"2 Louse","floor":11,"turns":1},{"damage":0,"enemies":"3 Sentries","floor":13,"turns":4},{"damage":1,"enemies":"Looter","floor":14,"turns":2},{"damage":32,"enemies":"Hexaghost","floor":16,"turns":6},{"damage":17,"enemies":"3 Byrds","floor":18,"turns":4},{"damage":6,"enemies":"Spheric Guardian","floor":20,"turns":3},{"damage":9,"enemies":"Shelled Parasite and Fungi","floor":21,"turns":4}],"seed_played":"-5874034227353036868","potions_obtained":[{"floor":6,"key":"Regen Potion"},{"floor":11,"key":"SpeedPotion"},{"floor":13,"key":"SkillPotion"},{"floor":14,"key":"SpeedPotion"},{"floor":16,"key":"EssenceOfSteel"},{"floor":18,"key":"BlessingOfTheForge"},{"floor":20,"key":"FearPotion"}],"is_trial":false,"path_per_floor":["M","?","M","?","$","E","?","R","T","R","M","R","?","M","R","B",null,"M","?","M","M"],"character_chosen":"WATCHER","items_purchased":["WheelKick","Pray"],"campfire_rested":0,"item_purchase_floors":[5,5],"current_hp_per_floor":[72,72,72,60,60,60,60,60,60,60,60,60,60,59,59,27,61,44,36,30,28,28],"gold":307,"neow_bonus":"THREE_ENEMY_KILL","is_daily":false,"chose_seed":false,"campfire_upgraded":4,"win_rate":0.0,"timestamp":1610213721,"path_taken":["M","?","?","?","$","E","?","R","T","R","?","R","?","M","R","BOSS","M","?","M","M"],"items_purchased_type":["Card","Card"],"build_version":"2020-12-22","purchased_purges":0,"victory":false,"max_hp_per_floor":[72,72,72,72,72,72,72,72,72,72,72,72,72,72,72,72,72,72,36,36,36,36],"card_choices":[{"not_picked":["JustLucky","ClearTheMind"],"picked":"Swivel","floor":1},{"not_picked":["FlyingSleeves","EmptyBody"],"picked":"EmptyFist","floor":3},{"not_picked":["CrushJoints","Weave"],"picked":"WindmillStrike","floor":6},{"not_picked":["WreathOfFlame","Crescendo"],"picked":"FlurryOfBlows","floor":11},{"not_picked":["Consecrate","FollowUp"],"picked":"Meditate","floor":14},{"not_picked":["Alpha","SpiritShield"],"picked":"Establishment","floor":16},{"not_picked":["Prostrate","ForeignInfluence"],"picked":"SandsOfTime","floor":18},{"not_picked":["Prostrate","EmptyFist"],"picked":"Adaptation","floor":20}],"player_experience":396066,"relics_obtained":[{"floor":6,"key":"Bag of Marbles"}],"event_choices":[{"cards_removed":["Swivel"],"damage_healed":0,"gold_gain":0,"player_choice":"Gave Card","damage_taken":0,"relics_obtained":["Ancient Tea Set"],"max_hp_gain":0,"max_hp_loss":0,"event_name":"WeMeetAgain","floor":2,"gold_loss":0},{"damage_healed":0,"gold_gain":0,"player_choice":"Success","damage_taken":12,"relics_obtained":["Dream Catcher"],"max_hp_gain":0,"max_hp_loss":0,"event_name":"Scrap Ooze","floor":4,"gold_loss":0},{"damage_healed":0,"gold_gain":0,"player_choice":"Forge","damage_taken":0,"max_hp_gain":0,"max_hp_loss":0,"event_name":"Accursed Blacksmith","floor":7,"gold_loss":0,"cards_upgraded":["WheelKick"]},{"damage_healed":0,"gold_gain":0,"player_choice":"Searched \u00273\u0027 times","damage_taken":0,"relics_obtained":["White Beast Statue"],"max_hp_gain":0,"max_hp_loss":0,"event_name":"Dead Adventurer","floor":13,"gold_loss":0},{"damage_healed":0,"gold_gain":0,"player_choice":"Became a Ghost","damage_taken":0,"max_hp_gain":0,"max_hp_loss":36,"event_name":"Ghosts","floor":19,"gold_loss":0,"cards_obtained":["Ghostly","Ghostly","Ghostly","Ghostly","Ghostly"]}],"is_beta":false,"boss_relics":[{"not_picked":["Runic Dome","SacredBark"],"picked":"Snecko Eye"}],"items_purged_floors":[],"is_endless":false,"potions_floor_spawned":[6,11,13,14,16,18,20],"killed_by":"Shelled Parasite and Fungi","ascension_level":5}}