{"host":"mmyob72dycyg5z21","time":1610168648,"event":{"mods":["AchievementEnabler","Act Like it!","Alarm Clock","Aspiration","BaseMod","Bestiary","Better Note","Better Third Choice","Better Vampires","Colored Powertips","Gold Saver","Gremlin Skip","Luminous","Marked Mod","Minty Spire (QoL Compilation)","Poor People Problems","Rare Cards Sparkle","Spicy Shops","StSLib","SuperFastMode","The Hierophant","Yuyuko","[功能]功能增强和修复MOD","【功能Mod】精心准备","【遗物Mod】死灵法师NEW","【遗物卡牌】REMEMod","篝火指南"],"gold_per_floor":[146,175,192,210,211,300,336,395,419,520,2,2,109,233,233,437,437,546,596,27,145,145,145,284,410,483,586,96,252,425,425,425,738,738,882,882,1035,1202,335,522,522,716,766,183,342,89,255,255,255,247,247],"floor_reached":50,"playtime":3165,"items_purged":["hierophant:Strike_Hierophant","hierophant:Strike_Hierophant","hierophant:Strike_Hierophant","Flash of Steel"],"score":932,"play_id":"81ed0e00-6d38-4097-b400-8497c13b7cb6","local_time":"20210109130408","is_ascension_mode":true,"campfire_choices":[{"data":"Luminous:Freud_Wisdom1_Luminous","floor":12.0,"key":"SMITH"},{"data":"hierophant:MirrorShield","floor":15.0,"key":"SMITH"},{"data":"hierophant:BulkyChest","floor":23,"key":"SMITH"},{"data":"REME_HeartOfCthun","floor":32,"key":"SMITH"},{"floor":49,"key":"RECALL"}],"circlet_count":0,"master_deck":["hierophant:Punish","hierophant:Defend_Hierophant","hierophant:Defend_Hierophant","hierophant:Defend_Hierophant+1","hierophant:Defend_Hierophant","hierophant:ChurchCoffers","Luminous:Freud_Wisdom1_Luminous+1","hierophant:Encroach","hierophant:Zeal","hierophant:PristineSoul","hierophant:SealAway","hierophant:RustyCrate+1","hierophant:Doubloon+1","hierophant:Doubloon+1","hierophant:Doubloon+1","hierophant:Charity","hierophant:BulkyChest+1","hierophant:MirrorShield+1","REME_HeartOfCthun+1","hierophant:HolyVerse","hierophant:Endure","hierophant:Charity","hierophant:Doubloon+1","hierophant:OrnateBuckler","hierophant:HolyVerse","Good Instincts+1","hierophant:MintersHammer","REME_ShortnessOfBreath+1","hierophant:FaithHealing","hierophant:Repentance","hierophant:MintersHammer","hierophant:Upheaval","REME_WheelOfFate","hierophant:RustyCrate+1","hierophant:Doubloon+1","hierophant:Doubloon"],"relics":["REME_ArchaeologicalTools","Velvet Choker","aspiration:FrozenJewel","War Paint","Bag of Marbles","Blood Vial","Singing Bowl","Dead Branch","REME_LowDesire","aspiration:ChemicalBlood","UndeadPower","Mummified Hand","Strange Spoon","Happy Flower","Meat on the Bone","REME_PuzzleBoxRelic","Regal Pillow","Orrery","REME_CardOfGreed","PreservedInsect","aspiration:PoetsPen","Centennial Puzzle","ClockworkSouvenir","SumUndead","Chemical X","Pen Nib","Pear","Bottled Tornado","Lee\u0027s Waffle","aspiration:FetidBarrel","Mercury Hourglass","Art of War","aspiration:StickyExplosives","Omamori"],"acts_visited":["Exordium","TheCity","TheBeyond"],"potions_floor_usage":[24,25,27,35,45,45,47,50,50,50],"damage_taken":[{"damage":3.0,"enemies":"Small Slimes","floor":1.0,"turns":3.0},{"damage":0.0,"enemies":"2 Louse","floor":2.0,"turns":3.0},{"damage":11.0,"enemies":"Jaw Worm","floor":3.0,"turns":3.0},{"damage":0.0,"enemies":"3 Louse","floor":4.0,"turns":2.0},{"damage":0.0,"enemies":"Looter","floor":5.0,"turns":2.0},{"damage":11.0,"enemies":"Lagavulin","floor":6.0,"turns":8.0},{"damage":11.0,"enemies":"Gremlin Gang","floor":7.0,"turns":5.0},{"damage":37.0,"enemies":"Gremlin Nob","floor":8.0,"turns":5.0},{"damage":2.0,"enemies":"3 Sentries","floor":10.0,"turns":7.0},{"damage":0.0,"enemies":"Gremlin Nob","floor":13.0,"turns":2.0},{"damage":0.0,"enemies":"2 Fungi Beasts","floor":14.0,"turns":2.0},{"damage":0.0,"enemies":"Slime Boss","floor":16.0,"turns":12.0},{"damage":0.0,"enemies":"Spheric Guardian","floor":18.0,"turns":3.0},{"damage":0,"enemies":"3 Byrds","floor":21,"turns":2},{"damage":1,"enemies":"Snake Plant","floor":24,"turns":2},{"damage":53,"enemies":"Slavers","floor":25,"turns":10},{"damage":13,"enemies":"REME_1_Revenger","floor":27,"turns":3},{"damage":1,"enemies":"Centurion and Healer","floor":29,"turns":1},{"damage":28,"enemies":"Slavers","floor":30,"turns":4},{"damage":19,"enemies":"Automaton","floor":33,"turns":11},{"damage":13,"enemies":"Orb Walker","floor":35,"turns":3},{"damage":0,"enemies":"3 Shapes","floor":37,"turns":1},{"damage":3,"enemies":"Sphere and 2 Shapes","floor":38,"turns":3},{"damage":91,"enemies":"Giant Head","floor":40,"turns":8},{"damage":40,"enemies":"Nemesis","floor":42,"turns":6},{"damage":68,"enemies":"Reptomancer","floor":45,"turns":6},{"damage":59,"enemies":"Nemesis","floor":47,"turns":3},{"damage":89,"enemies":"Donu and Deca","floor":50,"turns":4}],"seed_played":"-7829661537300790990","potions_obtained":[{"floor":1.0,"key":"SneckoOil"},{"floor":2.0,"key":"Fire Potion"},{"floor":3.0,"key":"SteroidPotion"},{"floor":8.0,"key":"SkillPotion"},{"floor":13.0,"key":"Fruit Juice"},{"floor":13.0,"key":"BlessingOfTheForge"},{"floor":21,"key":"BlessingOfTheForge"},{"floor":24,"key":"FairyPotion"},{"floor":25,"key":"Dexterity Potion"},{"floor":30,"key":"DistilledChaos"},{"floor":35,"key":"Fire Potion"},{"floor":42,"key":"GamblersBrew"},{"floor":45,"key":"Fruit Juice"},{"floor":45,"key":"SpeedPotion"},{"floor":47,"key":"AttackPotion"},{"floor":47,"key":"AttackPotion"}],"is_trial":false,"path_per_floor":["M","M","M","M","M","E","M","E","T","E","$","R","E","M","R","B",null,"M","?","$","M","?","R","M","E","T","E","$","M","E","?","R","B",null,"M","?","M","M","$","E","?","E","T","$","E","$","E","?","R","B"],"character_chosen":"HIEROPHANT","items_purchased":["REME_HeartOfCthun","Singing Bowl","Mummified Hand","Strange Spoon","hierophant:Charity","Regal Pillow","Orrery","REME_CardOfGreed","ClockworkSouvenir","SumUndead","Chemical X","Pen Nib","Lee\u0027s Waffle","aspiration:FetidBarrel","Mercury Hourglass","aspiration:StickyExplosives"],"campfire_rested":0,"item_purchase_floors":[11,11,20,20,20,28,28,28,39,39,39,39,44,44,44,46],"current_hp_per_floor":[75,75,68,68,68,61,54,21,21,23,23,23,30,32,32,38,80,82,82,82,84,84,84,83,39,39,40,42,55,43,43,43,52,90,80,100,102,104,104,44,44,32,32,123,74,74,31,31,31,0,0],"gold":247,"neow_bonus":"BOSS_RELIC","is_daily":false,"chose_seed":false,"campfire_upgraded":4,"win_rate":0.0,"timestamp":1610168648,"path_taken":["M","M","M","M","M","E","M","E","T","E","$","R","E","M","R","BOSS","M","?","$","M","?","R","M","E","T","E","$","M","E","?","R","BOSS","M","?","?","?","$","E","?","E","T","$","E","?","E","?","R","BOSS"],"items_purchased_type":["Card","Relic","Relic","Relic","Card","Relic","Relic","Relic","Relic","Relic","Relic","Relic","Relic","Relic","Relic","Relic"],"build_version":"2020-12-22","purchased_purges":4,"victory":false,"max_hp_per_floor":[75,75,75,75,75,75,75,75,75,75,75,75,80,80,80,80,80,82,82,82,84,84,84,84,84,84,84,86,86,88,88,88,90,90,90,100,102,104,104,116,116,116,116,123,130,130,132,132,132,132,132],"card_choices":[{"not_picked":["hierophant:Dazzle","hierophant:MorningPrayer"],"picked":"hierophant:Encroach","floor":1.0},{"not_picked":["hierophant:TollTheBells","hierophant:Encroach"],"picked":"hierophant:Zeal","floor":2.0},{"not_picked":["hierophant:Dazzle","hierophant:Sermon"],"picked":"hierophant:PristineSoul","floor":3.0},{"not_picked":["hierophant:Repentance","hierophant:MorningPrayer"],"picked":"hierophant:SealAway","floor":4.0},{"not_picked":["hierophant:CursedGold","hierophant:Endure"],"picked":"hierophant:RustyCrate","floor":5.0},{"not_picked":["hierophant:HammerAndAnvil","hierophant:FieryStrike","hierophant:Charity"],"picked":"SKIP","floor":6.0},{"not_picked":["hierophant:Refuge","hierophant:Bribe"],"picked":"hierophant:Charity","floor":7.0},{"not_picked":["hierophant:Community","hierophant:FlamingChariot"],"picked":"hierophant:BulkyChest","floor":8.0},{"not_picked":["hierophant:DisplayOfPower","hierophant:AuricShield"],"picked":"hierophant:MirrorShield","floor":10.0},{"not_picked":["hierophant:Smite","hierophant:AuricBeam"],"picked":"hierophant:HolyVerse","floor":13.0},{"not_picked":["hierophant:Purify","hierophant:SecretStash"],"picked":"hierophant:Endure","floor":14.0},{"not_picked":["hierophant:Generosity","hierophant:Levitation"],"picked":"hierophant:LocustPlague","floor":16.0},{"not_picked":["hierophant:Glossolalia","hierophant:Purify","hierophant:AuricBeam","The Bomb"],"picked":"Singing Bowl","floor":18.0},{"not_picked":["hierophant:PristineSoul","hierophant:Shelter","hierophant:TollTheBells","Chrysalis"],"picked":"Singing Bowl","floor":21},{"not_picked":["hierophant:Zeal","hierophant:DisplayOfPower","Metamorphosis"],"picked":"hierophant:OrnateBuckler","floor":24},{"not_picked":["hierophant:Upheaval","hierophant:Kindle","REME_TwoStrings"],"picked":"hierophant:HolyVerse","floor":25},{"not_picked":["hierophant:Endure+1","hierophant:HammerAndAnvil","hierophant:OrnateJavelin+1"],"picked":"Good Instincts+1","floor":27},{"not_picked":["hierophant:Doubloon","hierophant:FlamingChariot","Trip"],"picked":"hierophant:MintersHammer","floor":28},{"not_picked":["hierophant:Sermon","hierophant:HammerAndAnvil","hierophant:FieryStrike","Mayhem"],"picked":"Singing Bowl","floor":28},{"not_picked":["hierophant:Alms","hierophant:SecretStash+1","hierophant:Smite"],"picked":"REME_ShortnessOfBreath+1","floor":28},{"not_picked":["hierophant:DisplayOfPower","hierophant:ConvertCurrency","hierophant:Upheaval+1"],"picked":"Flash of Steel","floor":28},{"not_picked":["hierophant:EyeForCoin","hierophant:DisplayOfPower","HandOfGreedSenior"],"picked":"hierophant:FaithHealing","floor":28},{"not_picked":["hierophant:AuricShield","hierophant:TollTheBells+1","Violence"],"picked":"hierophant:Repentance","floor":29},{"not_picked":["hierophant:Purify","hierophant:Remorse","hierophant:Sermon","Chrysalis"],"picked":"Singing Bowl","floor":30},{"not_picked":["hierophant:Cornucopia","hierophant:Determination","hierophant:DeathKnell","Panacea"],"picked":"Singing Bowl","floor":33},{"not_picked":["hierophant:MorningPrayer","hierophant:Community","hierophant:OrnateBuckler"],"picked":"REME_WheelOfFate","floor":35},{"not_picked":["hierophant:RustyCrate","hierophant:Encroach+1","hierophant:HolyVerse","Sadistic Nature"],"picked":"Singing Bowl","floor":37},{"not_picked":["hierophant:FieryStrike+1","hierophant:Blessing+1","hierophant:Bribe","REME_HeartOfCthun"],"picked":"Singing Bowl","floor":38},{"not_picked":["hierophant:Doomsaying","hierophant:Sermon","hierophant:FieryStrike","Chrysalis"],"picked":"Singing Bowl","floor":40},{"not_picked":["hierophant:FaithHealing+1","hierophant:Purify","HandOfGreedLower"],"picked":"hierophant:RustyCrate+1","floor":42},{"not_picked":["hierophant:HammerAndAnvil+1","hierophant:TollTheBells","hierophant:Purify+1","REME_AllRoundStrike"],"picked":"Singing Bowl","floor":45},{"not_picked":["hierophant:Martyrdom","hierophant:Batter","hierophant:Community+1","Magnetism"],"picked":"Singing Bowl","floor":47}],"player_experience":392297,"relics_obtained":[{"floor":6.0,"key":"aspiration:FrozenJewel"},{"floor":8.0,"key":"War Paint"},{"floor":9.0,"key":"Bag of Marbles"},{"floor":10.0,"key":"Blood Vial"},{"floor":13.0,"key":"Dead Branch"},{"floor":17.0,"key":"aspiration:ChemicalBlood"},{"floor":17.0,"key":"UndeadPower"},{"floor":25,"key":"Happy Flower"},{"floor":26,"key":"Meat on the Bone"},{"floor":27,"key":"REME_PuzzleBoxRelic"},{"floor":30,"key":"PreservedInsect"},{"floor":40,"key":"Pear"},{"floor":42,"key":"Bottled Tornado"},{"floor":45,"key":"Art of War"},{"floor":47,"key":"Omamori"}],"event_choices":[{"damage_healed":0,"gold_gain":100,"player_choice":"Bet on Murderer","damage_taken":0,"max_hp_gain":0,"max_hp_loss":0,"event_name":"The Joust","floor":19,"gold_loss":50},{"cards_removed":["hierophant:Strike_Hierophant"],"damage_healed":0,"gold_gain":0,"player_choice":"Card Removal","damage_taken":0,"max_hp_gain":0,"max_hp_loss":0,"event_name":"Wheel of Change","floor":22,"gold_loss":0},{"damage_healed":0,"gold_gain":0,"player_choice":"2 cards matched","damage_taken":0,"max_hp_gain":0,"max_hp_loss":0,"event_name":"Match and Keep!","floor":31,"gold_loss":0,"cards_obtained":["hierophant:MintersHammer","hierophant:Upheaval"]},{"cards_removed":["hierophant:LocustPlague"],"damage_healed":10,"gold_gain":0,"player_choice":"Offered Rare","damage_taken":0,"max_hp_gain":10,"max_hp_loss":0,"event_name":"Bonfire Elementals","floor":36,"gold_loss":0},{"damage_healed":0,"gold_gain":0,"player_choice":"Ignored","damage_taken":0,"max_hp_gain":0,"max_hp_loss":0,"event_name":"Tomb of Lord Red Mask","floor":41,"gold_loss":0},{"damage_healed":0,"gold_gain":0,"player_choice":"Ignored","damage_taken":0,"max_hp_gain":0,"max_hp_loss":0,"event_name":"Mysterious Sphere","floor":48,"gold_loss":0}],"is_beta":false,"boss_relics":[{"not_picked":["REME_ChargedStone","aspiration:SilentSkillbook"],"picked":"REME_LowDesire"},{"not_picked":["Cursed Key","aspiration:IroncladSkillbook"],"picked":"aspiration:PoetsPen"}],"items_purged_floors":[11,20,28,39],"is_endless":false,"potions_floor_spawned":[1,2,3,4,6,6,8,8,13,13,16,21,24,25,29,30,33,35,35,38,45,47],"killed_by":"Donu and Deca","ascension_level":1}}