{"host":"Connor","time":1610236254,"event":{"mods":["Aspiration","BaseMod","Downfall","Hubris","Marisa????????","Minty Spire (QoL Compilation)","Replay The Spire","StSLib","The Cursed","The Jungle","The Servant 0.9.4"],"gold_per_floor":[118,133,148,165,165,165,165,165,165,13,43,13,13,38,38,112,112,127,127,127,0,0,0,0,0],"floor_reached":24,"playtime":816,"items_purged":[],"score":350,"play_id":"11edb739-d201-44cc-9f1f-8bff09cc7067","local_time":"20210109155054","is_ascension_mode":true,"campfire_choices":[{"floor":6,"key":"RECALL"},{"data":"Armaments","floor":8,"key":"SMITH"},{"data":"Armaments","floor":15,"key":"SMITH"},{"data":"FIFO Queue","floor":23,"key":"SMITH"}],"circlet_count":0,"master_deck":["AscendersBane","Strike_R","Strike_R","Strike_R","Strike_R","Strike_R","Defend_R","Defend_R","Defend_R","Defend_R","Bash","Replay:GuardianBash","Guardian:TwinSlam","expansioncontent:QuickStudy","Cleave","Seeing Red+1","Armaments+1","Armaments+1","Iron Wave+1","Immolate+1","hubris:StunningStrike+1","Lockon+1","Whirlwind+1","FIFO Queue","FIFO Queue+1","Force Field"],"relics":["Burning Blood","Molten Egg 2","Oddly Smooth Stone","aspiration:ChemicalBlood","ReplayTheSpireMod:TigerMarble","aspiration:DefectSkillbook","PrismaticShard","hubris:Towel","Nilry\u0027s Codex"],"acts_visited":["Exordium","TheCity"],"potions_floor_usage":[11,16,16,24],"damage_taken":[{"damage":0,"enemies":"2 Louse","floor":1,"turns":1},{"damage":4,"enemies":"Small Slimes","floor":2,"turns":3},{"damage":4,"enemies":"Jaw Worm","floor":3,"turns":4},{"damage":22,"enemies":"Exordium Thugs","floor":4,"turns":4},{"damage":24,"enemies":"Gremlin Nob","floor":11,"turns":4},{"damage":0,"enemies":"Looter","floor":12,"turns":4},{"damage":10,"enemies":"3 Sentries","floor":14,"turns":9},{"damage":51,"enemies":"Fading Forest","floor":16,"turns":11},{"damage":1,"enemies":"Spheric Guardian","floor":18,"turns":3},{"damage":33,"enemies":"Chosen","floor":24,"turns":6}],"seed_played":"5396966340747442892","potions_obtained":[{"floor":1,"key":"Ancient Potion"},{"floor":14,"key":"champ:CounterPotion"},{"floor":18,"key":"LiquidBronze"},{"floor":24,"key":"champ:CounterPotion"}],"is_trial":false,"path_per_floor":["M","M","M","M","?","R","?","R","T","$","E","M","$","E","R","B",null,"M","?","?","$","?","R","M"],"character_chosen":"IRONCLAD","items_purchased":["Oddly Smooth Stone","FIFO Queue","Force Field"],"campfire_rested":0,"item_purchase_floors":[10,21,21],"current_hp_per_floor":[74,75,75,59,59,59,63,63,63,63,45,51,51,47,47,10,59,64,52,52,52,31,31,0,0],"gold":0,"neow_bonus":"RANDOM_COLORLESS_2","is_daily":false,"chose_seed":false,"campfire_upgraded":3,"win_rate":0.0,"timestamp":1610236254,"path_taken":["M","M","M","M","?","R","?","R","T","$","E","M","$","E","R","BOSS","M","?","?","?","?","R","M"],"items_purchased_type":["Relic","Card","Card"],"build_version":"2020-12-18","purchased_purges":0,"victory":false,"max_hp_per_floor":[75,75,75,75,75,75,75,75,75,75,75,75,75,75,75,75,75,75,75,75,75,75,75,75,75],"card_choices":[{"not_picked":["The Bomb","Sadistic Nature"],"picked":"expansioncontent:QuickStudy","floor":0},{"not_picked":["Rupture","Body Slam"],"picked":"Cleave","floor":1},{"not_picked":["Evolve","Anger"],"picked":"Seeing Red","floor":2},{"not_picked":["Wild Strike","Abandon","Sword Boomerang"],"picked":"SKIP","floor":3},{"not_picked":["Headbutt","Replay:Undeath\u0027s Touch"],"picked":"Armaments","floor":4},{"not_picked":["Clash+1","Warcry"],"picked":"Armaments","floor":11},{"not_picked":["Run Through+1","hubris:SharpeningStone"],"picked":"Iron Wave+1","floor":12},{"not_picked":["Shockwave","Wild Strike+1"],"picked":"Immolate+1","floor":14},{"not_picked":["Brutality","Corruption"],"picked":"hubris:StunningStrike+1","floor":16},{"not_picked":["Clothesline+1","Heavy Blade+1","Anger+1"],"picked":"Lockon+1","floor":18},{"not_picked":["Darkness","Warcry","Clothesline+1"],"picked":"Whirlwind+1","floor":19}],"player_experience":574745,"relics_obtained":[{"floor":9,"key":"Molten Egg 2"},{"floor":11,"key":"aspiration:ChemicalBlood"},{"floor":14,"key":"ReplayTheSpireMod:TigerMarble"},{"floor":19,"key":"PrismaticShard"},{"floor":22,"key":"Nilry\u0027s Codex"}],"event_choices":[{"damage_healed":0,"gold_gain":0,"player_choice":"Obtained Book","damage_taken":21,"max_hp_gain":0,"max_hp_loss":0,"event_name":"Cursed Tome","floor":22,"gold_loss":0}],"is_beta":true,"boss_relics":[{"not_picked":["Busted Crown","hubris:CrackedHourglass"],"picked":"aspiration:DefectSkillbook"}],"items_purged_floors":[],"is_endless":false,"potions_floor_spawned":[1,14,18],"killed_by":"Chosen","ascension_level":15}}