{"host":"l84l8xigz5v5foa2","time":1610177711,"event":{"mods":["2.2 Compatiblity","AchievementEnabler","BaseMod","Better Note","Better Vampires","Card Filter","Colored Map","DeckTracker","Downfall","Gremlin Skip","Highlight Path","Keyboard Shortcuts","Minty Spire (QoL Compilation)","Permanent Neow","Quick Restart","Relic Filter","Relic Stats","StSLib","SuperFastMode","Transform Curses","Unknown Chances"],"gold_per_floor":[99,111,127,127,23,23,48,65,65,95,5,5,19,19,31,103,103,103,115,141,141,159,190,190,115,129,129,160,160,160,160,173,252,252,252,272,272,289,304,229,282,207,232,248,266,312,344,244,258,258,258,293,96,96,96],"floor_reached":56,"playtime":5596,"items_purged":["Guardian:Strike_Guardian","Guardian:Defend_Guardian","Guardian:Strike_Guardian","Guardian:Strike_Guardian"],"score":2755,"play_id":"34aa8025-2598-4251-8e6e-4a1bf211e469","local_time":"20210109163511","is_ascension_mode":true,"campfire_choices":[{"data":"Guardian:TwinSlam","floor":1.0,"key":"SMITH"},{"data":"Guardian:CompilePackage","floor":9.0,"key":"SMITH"},{"data":"Guardian:StasisEngine","floor":18.0,"key":"SMITH"},{"data":"Guardian:ExploitGems","floor":25.0,"key":"SMITH"},{"data":"Guardian:CurlUp","floor":27.0,"key":"SMITH"},{"data":"Guardian:PiercingHide","floor":30.0,"key":"SMITH"},{"floor":35.0,"key":"RECALL"},{"data":"Guardian:TimeCapacitor","floor":40.0,"key":"SMITH"},{"data":"Guardian:Incinerate","floor":42.0,"key":"SMITH"},{"data":"Guardian:DecasProtection","floor":54.0,"key":"SMITH"}],"circlet_count":0,"master_deck":["AscendersBane","Guardian:CurlUp+1","Guardian:TwinSlam+1","Guardian:Incinerate+1","Guardian:CompilePackage+1","Guardian:ExploitGems+1","Guardian:PiercingHide+1","Guardian:TimeCapacitor+1","Guardian:StasisEngine+1","Guardian:BronzeArmor+1","Guardian:Recover","Guardian:Recover","Guardian:TemporalShield+1","Guardian:StasisEngine+1","Guardian:Suspension+1","Guardian:Gem_Cyan","Guardian:Suspension+1","Guardian:DecasProtection+1"],"relics":["Guardian:ModeShifter","Question Card","Question Card","Question Card","Question Card","Question Card","Question Card","Ancient Tea Set","Turnip","The Courier","Gambling Chip","Guardian:StasisSlotReductionRelic","Red Mask","Meat on the Bone","Mango","downfall:HeartBlessingGreen","Frozen Egg 2","Philosopher\u0027s Stone","downfall:HeartBlessingRed","downfall:HeartBlessingBlue","Prayer Wheel","TheAbacus","Letter Opener","Bottled Tornado"],"acts_visited":["Exordium","TheCity","TheBeyond","TheEnding"],"potions_floor_usage":[55],"damage_taken":[{"damage":7.0,"enemies":"Small Slimes","floor":2.0,"turns":3.0},{"damage":8.0,"enemies":"Jaw Worm","floor":3.0,"turns":4.0},{"damage":0.0,"enemies":"downfall:FleeingMerchant","floor":5.0,"turns":4.0},{"damage":5.0,"enemies":"2 Louse","floor":8.0,"turns":3.0},{"damage":0.0,"enemies":"3 Sentries","floor":10.0,"turns":6.0},{"damage":0.0,"enemies":"downfall:FleeingMerchant","floor":11.0,"turns":4.0},{"damage":0.0,"enemies":"Blue Slaver","floor":13.0,"turns":2.0},{"damage":0.0,"enemies":"2 Fungi Beasts","floor":15.0,"turns":3.0},{"damage":12.0,"enemies":"downfall:Defect","floor":16.0,"turns":9.0},{"damage":0.0,"enemies":"Spheric Guardian","floor":19.0,"turns":3.0},{"damage":18.0,"enemies":"Masked Bandits","floor":20.0,"turns":4.0},{"damage":0.0,"enemies":"Chosen","floor":22.0,"turns":6.0},{"damage":24.0,"enemies":"Gremlin Leader","floor":23.0,"turns":11.0},{"damage":0.0,"enemies":"Shelled Parasite and Fungi","floor":26.0,"turns":4.0},{"damage":0.0,"enemies":"Book of Stabbing","floor":28.0,"turns":5.0},{"damage":0.0,"enemies":"Centurion and Healer","floor":32.0,"turns":5.0},{"damage":0.0,"enemies":"downfall:Silent","floor":33.0,"turns":3.0},{"damage":0.0,"enemies":"3 Shapes","floor":36.0,"turns":3.0},{"damage":20.0,"enemies":"3 Darklings","floor":38.0,"turns":3.0},{"damage":0.0,"enemies":"Jaw Worm Horde","floor":39.0,"turns":3.0},{"damage":0.0,"enemies":"Mind Bloom Boss Battle","floor":43.0,"turns":2.0},{"damage":0.0,"enemies":"Sphere and 2 Shapes","floor":44.0,"turns":1.0},{"damage":0.0,"enemies":"Writhing Mass","floor":45.0,"turns":2.0},{"damage":0.0,"enemies":"downfall:FleeingMerchant","floor":46.0,"turns":1.0},{"damage":0.0,"enemies":"Nemesis","floor":47.0,"turns":3.0},{"damage":0.0,"enemies":"3 Darklings","floor":49.0,"turns":2.0},{"damage":0.0,"enemies":"downfall:Ironclad","floor":50.0,"turns":1.0},{"damage":0.0,"enemies":"downfall:CharBossMerchant","floor":52.0,"turns":1.0},{"damage":0,"enemies":"downfall:NeowBoss","floor":55,"turns":7}],"seed_played":"-2840005465308711133","potions_obtained":[{"floor":2.0,"key":"LiquidMemories"},{"floor":3.0,"key":"Block Potion"},{"floor":20.0,"key":"SpeedPotion"},{"floor":22.0,"key":"SpeedPotion"},{"floor":26.0,"key":"Dexterity Potion"},{"floor":32.0,"key":"EssenceOfSteel"},{"floor":39.0,"key":"SkillPotion"},{"floor":49.0,"key":"Swift Potion"}],"is_trial":false,"path_per_floor":["R","M","M","?","$","?","T","M","R","E","$","T","M","T","M","B",null,"R","M","?","?","M","E","T","R","M","R","E","?","R","?","M","B",null,"R","M","?","M","M","R","T","R","?","M","M","$","E","$","M","B",null,"E","$","R","B",null],"character_chosen":"GUARDIAN","items_purchased":["Guardian:ExploitGems","GamblersBrew","TheAbacus","Swift Potion","Guardian:DecasProtection"],"campfire_rested":0,"item_purchase_floors":[5,46,46,53,53],"current_hp_per_floor":[47,40,32,32,32,37,37,32,32,32,32,32,32,32,32,20,63,63,63,45,45,45,21,35,35,47,47,47,47,47,47,47,47,80,80,80,80,60,60,60,60,70,70,70,70,70,70,70,70,70,93,93,93,93,93],"gold":96,"neow_bonus":"REMOVE_TWO","is_daily":false,"chose_seed":false,"campfire_upgraded":9,"win_rate":0.0,"timestamp":1610177711,"path_taken":["R","M","M","?","$","?","T","M","R","E","?","?","M","?","M","BOSS","R","M","?","?","?","E","T","R","M","R","E","?","R","?","M","BOSS","BOSS","R","M","?","M","M","R","T","R","?","M","M","$","E","?","M","BOSS","E","$","R","BOSS"],"items_purchased_type":["Card","Potion","Relic","Potion","Card"],"build_version":"2020-12-22","purchased_purges":4,"victory":true,"max_hp_per_floor":[72,72,72,72,72,77,77,77,77,77,77,77,77,77,77,77,77,77,77,77,77,77,77,91,91,91,91,91,91,91,91,91,91,91,91,91,91,91,91,91,91,101,101,101,101,101,101,101,101,101,101,101,101,101,101],"relic_stats":{"TheAbacus":[1530],"counters":[29,108],"Gambling Chip":[41],"Prayer Wheel":3,"Turnip":[11],"Letter Opener":[393],"Question Card":186,"obtain_stats":[{"Guardian:StasisSlotReductionRelic":17,"downfall:HeartBlessingRed":40,"Guardian:ModeShifter":0,"Mango":24,"downfall:HeartBlessingGreen":25,"The Courier":12,"Letter Opener":47,"Frozen Egg 2":28,"Bottled Tornado":52,"Question Card":0,"Ancient Tea Set":7,"TheAbacus":46,"downfall:HeartBlessingBlue":42,"Gambling Chip":14,"Philosopher\u0027s Stone":34,"Prayer Wheel":43,"Turnip":10,"Red Mask":20,"Meat on the Bone":23},{"Guardian:StasisSlotReductionRelic":9,"downfall:HeartBlessingRed":20,"Guardian:ModeShifter":0,"Mango":13,"downfall:HeartBlessingGreen":13,"The Courier":6,"Letter Opener":25,"Frozen Egg 2":15,"Bottled Tornado":28,"Question Card":0,"Ancient Tea Set":3,"TheAbacus":24,"downfall:HeartBlessingBlue":20,"Gambling Chip":7,"Philosopher\u0027s Stone":17,"Prayer Wheel":21,"Turnip":5,"Red Mask":11,"Meat on the Bone":13},{"Guardian:StasisSlotReductionRelic":38,"downfall:HeartBlessingRed":88,"Guardian:ModeShifter":0,"Mango":62,"downfall:HeartBlessingGreen":62,"The Courier":24,"Letter Opener":97,"Frozen Egg 2":71,"Bottled Tornado":101,"Question Card":0,"Ancient Tea Set":11,"TheAbacus":94,"downfall:HeartBlessingBlue":88,"Gambling Chip":26,"Philosopher\u0027s Stone":79,"Prayer Wheel":90,"Turnip":20,"Red Mask":45,"Meat on the Bone":62}],"Meat on the Bone":12},"card_choices":[{"not_picked":["Guardian:Clone","Guardian:FuturePlans","Guardian:TimeCapacitor","Guardian:Gem_Green","Guardian:Gem_Cyan","Guardian:RollAttack","Guardian:Suspension","Guardian:CrystalBeam"],"picked":"Guardian:Incinerate","floor":2.0},{"not_picked":["Guardian:CrystalBeam","Guardian:RefractedBeam","Guardian:Incinerate","Guardian:Gem_Red","Guardian:MultiBeam","Guardian:Recover","Guardian:WalkerClaw","Guardian:Repulse"],"picked":"Guardian:Gem_White","floor":3.0},{"not_picked":["Guardian:EvasiveProtocol","Guardian:TimeBomb","Guardian:Gem_Red","Guardian:Incinerate","Guardian:CrystalBeam","Guardian:PiercingHide","Guardian:Suspension","Guardian:Gem_Crimson"],"picked":"Guardian:CompilePackage","floor":5.0},{"not_picked":["Guardian:ShieldCharger","Guardian:PiercingHide","Guardian:PrimingBeam","Guardian:CrystalBeam","Guardian:Gem_Red","Guardian:ChargeUp","Guardian:WalkerClaw","Guardian:Preprogram"],"picked":"Guardian:Gem_Yellow","floor":8.0},{"not_picked":["Guardian:Recover","Guardian:Gem_Red","Guardian:BaubleBeam","Guardian:Incinerate","Guardian:TemporalShield","Guardian:DonusPower","Guardian:Suspension","Guardian:ChargeCore"],"picked":"Guardian:PiercingHide","floor":10.0},{"not_picked":["Guardian:WalkerClaw","Guardian:ShieldCharger","Guardian:CrystalBeam","Guardian:SpikerProtocol","Guardian:Gem_Red","Guardian:BronzeOrb","Guardian:FuturePlans","Guardian:Preprogram","Guardian:SphericShield"],"picked":"SKIP","floor":11.0},{"not_picked":["Guardian:Gem_Green","Guardian:Gem_Purple","Guardian:Recover","Guardian:Gem_Blue","Guardian:VentSteam","Guardian:Gem_Red","Guardian:ShieldCharger","Guardian:Emergency"],"picked":"Guardian:TimeCapacitor","floor":13.0},{"not_picked":["Guardian:Gem_Purple","Guardian:FloatingOrbs","Guardian:PrismaticBeam","Guardian:PrismaticBarrier","Guardian:ShieldSpikes","Guardian:TemporalShield","Guardian:ChargeCore","Guardian:ShieldCharger"],"picked":"Guardian:Gem_White","floor":15.0},{"not_picked":["Guardian:StasisStrike","Guardian:GatlingBeam","Guardian:ExploitGems","Guardian:FastForward","Guardian:CompilePackage","Guardian:GemFinder","Guardian:SphericShield","Guardian:AncientConstruct"],"picked":"Guardian:StasisEngine","floor":16.0},{"not_picked":["Guardian:ChargeCore","Guardian:Planning","Guardian:WalkerClaw","Guardian:FloatingOrbs","Guardian:Suspension","Guardian:Gem_Green","Guardian:RefractedBeam","Guardian:EvasiveProtocol"],"picked":"Guardian:BronzeArmor+1","floor":19.0},{"not_picked":["Guardian:PiercingHide","Guardian:FastForward","Guardian:MultiBeam","Guardian:CrystalBeam","Guardian:ShieldCharger","Guardian:Gem_Red","Guardian:BronzeOrb","Guardian:PrimingBeam"],"picked":"Guardian:Recover","floor":22.0},{"not_picked":["Guardian:StasisStrike","Guardian:Gem_Blue","Guardian:PrimingBeam","Guardian:Repulse","Guardian:ShieldCharger","Guardian:VentSteam","Guardian:ShieldSpikes","Guardian:Orbwalk"],"picked":"Guardian:Recover","floor":23.0},{"not_picked":["Guardian:Incinerate","Guardian:ShieldCharger","Guardian:WalkerClaw","Guardian:CrystalBeam","Guardian:Gem_Yellow","Guardian:PiercingHide","Guardian:Recover","Guardian:Gem_Green"],"picked":"Guardian:Gem_Cyan","floor":26.0},{"not_picked":["Guardian:Gem_Green","Guardian:RollAttack","Guardian:CrystalBeam","Guardian:ArmoredProtocol+1","Guardian:ShieldCharger","Guardian:Emergency","Guardian:Gem_Red","Guardian:VentSteam"],"picked":"Guardian:Gem_Synthetic","floor":28.0},{"not_picked":["Guardian:BronzeOrb","Guardian:Harden","Guardian:Recover","Guardian:Incinerate","Guardian:Reroute","Guardian:RollAttack","Guardian:WalkerClaw","Guardian:TemporalStrike"],"picked":"Guardian:TemporalShield+1","floor":32.0},{"not_picked":["Guardian:HyperBeam_Guardian","Guardian:ExploitGems","Guardian:Gem_Synthetic","Guardian:BaubleBeam","Guardian:SphericShield","Guardian:RevengeProtocol+1","Guardian:GemFinder+1","Guardian:Gem_Orange"],"picked":"Guardian:StasisEngine+1","floor":33.0},{"not_picked":["Guardian:SentryBeam","Guardian:Gem_Green","Guardian:ChargeCore","Guardian:VentSteam+1","Guardian:Preprogram","Guardian:Gem_Yellow","Guardian:PrismaticBeam","Guardian:Incinerate+1"],"picked":"Guardian:Gem_Red","floor":36.0},{"not_picked":["Guardian:ChargeUp","Guardian:RefractedBeam","Guardian:CrystalBeam","Guardian:PrimingBeam","Guardian:WalkerClaw","Guardian:ShieldCharger","Guardian:FuturePlans+1","Guardian:Harden+1"],"picked":"Guardian:Gem_Green","floor":38.0},{"not_picked":["Guardian:VentSteam","Guardian:Gem_Purple","Guardian:DecasProtection","Guardian:EvasiveProtocol+1","Guardian:SpikerProtocol+1","Guardian:RefractedBeam+1","Guardian:FierceBash","Guardian:CrystalBeam+1"],"picked":"Guardian:Gem_White","floor":39.0},{"not_picked":["Guardian:FuturePlans+1","Guardian:Planning+1","Guardian:Incinerate","Guardian:ShieldCharger","Guardian:MultiBeam","Guardian:ChargeUp","Guardian:RollAttack+1","Guardian:VentSteam+1"],"picked":"Guardian:Suspension+1","floor":43.0},{"not_picked":["Guardian:TemporalShield","Guardian:SphericShield","Guardian:Planning+1","Guardian:ShieldSpikes","Guardian:TemporalStrike","Guardian:PiercingHide","Guardian:Preprogram","Guardian:Suspension"],"picked":"Guardian:Gem_Cyan","floor":44.0},{"not_picked":["Guardian:FloatingOrbs+1","Guardian:SentryBeam+1","Guardian:PolyBeam","Guardian:GuardianWhirl","Guardian:CrystalBeam","Guardian:ChargeCore","Guardian:PrimingBeam","Guardian:WalkerClaw"],"picked":"Guardian:Suspension+1","floor":44.0},{"not_picked":["Guardian:Gem_Red","Guardian:Harden","Guardian:Gem_Cyan","Guardian:Gem_Yellow","Guardian:Preprogram","Guardian:TimeSifter+1","Guardian:Recover","Guardian:PiercingHide+1","Guardian:ChargeCore"],"picked":"SKIP","floor":45.0},{"not_picked":["Guardian:PiercingHide","Guardian:TimeCapacitor+1","Guardian:Gem_Blue","Guardian:DonusPower","Guardian:Suspension","Guardian:PrimingBeam","Guardian:Reroute","Guardian:GuardianWhirl","Guardian:Gem_Red"],"picked":"SKIP","floor":45.0},{"not_picked":["Guardian:ShieldSpikes","Guardian:Incinerate","Guardian:PiercingHide","Guardian:Emergency","Guardian:CrystalBeam","Guardian:ShieldCharger","Guardian:Reroute","Guardian:Gem_Crimson","Guardian:WalkerClaw"],"picked":"SKIP","floor":46.0},{"not_picked":["Guardian:Incinerate","Guardian:Gem_Blue","Guardian:Preprogram","Guardian:HyperBeam_Guardian","Guardian:TemporalShield","Guardian:Suspension+1","Guardian:Gem_Yellow","Guardian:Clone"],"picked":"Guardian:Gem_White","floor":47.0},{"not_picked":["Guardian:Gem_Red","Guardian:RollAttack+1","Guardian:Planning","Guardian:Orbwalk+1","Guardian:Gem_Crimson","Guardian:CrystalBeam","Guardian:ChargeCore","Guardian:Gem_Cyan","Guardian:PrimingBeam"],"picked":"SKIP","floor":49.0},{"not_picked":["Guardian:Gem_Cyan","Guardian:Incinerate","Guardian:Gem_Fragmented","Guardian:Planning","Guardian:VentSteam+1","Guardian:ShieldCharger","Guardian:PiercingHide+1","Guardian:Gem_Red","Guardian:WalkerClaw"],"picked":"SKIP","floor":49.0},{"not_picked":["Guardian:Orbwalk+1","Guardian:ShieldSpikes","Guardian:Gem_Fragmented","Guardian:Incinerate","Guardian:Gem_Orange","Guardian:Clone+1","Guardian:Gem_Red","Guardian:WalkerClaw","Guardian:ShieldCharger"],"picked":"SKIP","floor":52.0}],"player_experience":3015768,"relics_obtained":[{"floor":7.0,"key":"Ancient Tea Set"},{"floor":10.0,"key":"Turnip"},{"floor":12.0,"key":"The Courier"},{"floor":14.0,"key":"Gambling Chip"},{"floor":20.0,"key":"Red Mask"},{"floor":23.0,"key":"Meat on the Bone"},{"floor":24.0,"key":"Mango"},{"floor":28.0,"key":"Frozen Egg 2"},{"floor":43.0,"key":"Prayer Wheel"},{"floor":47.0,"key":"Letter Opener"},{"floor":52.0,"key":"Bottled Tornado"}],"event_choices":[{"damage_healed":0.0,"max_hp_gain":5.0,"max_hp_loss":0.0,"gold_gain":0.0,"event_name":"Big Fish","player_choice":"Donut","floor":6.0,"gold_loss":0.0,"damage_taken":0.0},{"damage_healed":0.0,"max_hp_gain":0.0,"max_hp_loss":0.0,"gold_gain":0.0,"event_name":"Masked Bandits","player_choice":"Fought Bandits","floor":20.0,"gold_loss":0.0,"damage_taken":0.0},{"cards_removed":["Guardian:Defend_Guardian"],"damage_healed":0.0,"max_hp_gain":0.0,"max_hp_loss":0.0,"gold_gain":0.0,"event_name":"Back to Basics","player_choice":"Elegance","floor":29.0,"gold_loss":0.0,"damage_taken":0.0},{"damage_healed":0.0,"max_hp_gain":0.0,"max_hp_loss":0.0,"gold_gain":0.0,"event_name":"The Library","player_choice":"Read","floor":31.0,"gold_loss":0.0,"damage_taken":0.0,"cards_obtained":["Guardian:Gem_White"]}],"is_beta":false,"boss_relics":[{"not_picked":["Runic Pyramid","Fusion Hammer"],"picked":"Guardian:StasisSlotReductionRelic"},{"not_picked":["Coffee Dripper","Guardian:ModeShifterPlus"],"picked":"Philosopher\u0027s Stone"}],"items_purged_floors":[11,46,48,53],"is_endless":false,"potions_floor_spawned":[2,3,8,13,15,20,22,26,32,39,44,45,47,49],"ascension_level":20}}