{"host":"s41rn2jhghpwfrvz","time":1610222233,"event":{"mods":["BaseMod","Minty Spire (QoL Compilation)","Quick Restart","Relic Stats","SuperFastMode"],"gold_per_floor":[116,41,54,54,68,100,111,141,193,204,234,253,266,294,294,369,419,429,354,370,122,137,164,164,194,218,238,263,263,263,311,311,386,386,398,413,461,295,307,307,58,91,116,116,134,134,151,151,151,151,151,151,151,42,76,76],"floor_reached":57,"playtime":1301,"items_purged":["Skewer","Consecrate+1","Streamline+1"],"score":3444,"play_id":"0e6eebfe-ae4a-4ac1-9eee-f97205f28818","local_time":"20210109215713","daily_mods":["SealedDeck","Vintage","Diverse"],"is_ascension_mode":true,"campfire_choices":[{"data":"Streamline","floor":15,"key":"SMITH"},{"data":"Dark Embrace","floor":24,"key":"SMITH"},{"floor":32,"key":"RECALL"},{"data":"1","floor":40,"key":"LIFT"},{"data":"2","floor":44,"key":"LIFT"},{"data":"Blade Dance","floor":46,"key":"SMITH"},{"data":"3","floor":49,"key":"LIFT"},{"data":"Reinforced Body","floor":53,"key":"SMITH"}],"circlet_count":0,"master_deck":["AscendersBane","Nirvana","Reinforced Body+1","Intimidate","Pummel+1","Pummel+1","Pommel Strike+1","Dark Embrace+1","Blade Dance+1","Madness"],"relics":["Burning Blood","Oddly Smooth Stone","Mummified Hand","Boot","Eternal Feather","InkBottle","StrikeDummy","Centennial Puzzle","Anchor","Mercury Hourglass","Dream Catcher","Shuriken","PreservedInsect","Tiny House","Darkstone Periapt","White Beast Statue","Medical Kit","Molten Egg 2","Bag of Preparation","Bag of Marbles","Art of War","Pantograph","MutagenicStrength","Whetstone","Calling Bell","Tiny Chest","Singing Bowl","Charon\u0027s Ashes","Paper Frog","Ornamental Fan","Girya","TheAbacus","Omamori","Membership Card","Red Skull","Happy Flower","Sundial","Frozen Egg 2","Pen Nib"],"acts_visited":["Exordium","TheCity","TheBeyond","TheEnding"],"potions_floor_usage":[56,56],"damage_taken":[{"damage":13,"enemies":"Small Slimes","floor":1,"turns":2},{"damage":0,"enemies":"Cultist","floor":3,"turns":2},{"damage":0,"enemies":"2 Louse","floor":5,"turns":2},{"damage":11,"enemies":"Gremlin Nob","floor":6,"turns":3},{"damage":0,"enemies":"Blue Slaver","floor":7,"turns":1},{"damage":28,"enemies":"3 Sentries","floor":8,"turns":6},{"damage":5,"enemies":"Exordium Wildlife","floor":10,"turns":2},{"damage":0,"enemies":"Gremlin Nob","floor":11,"turns":2},{"damage":0,"enemies":"2 Fungi Beasts","floor":12,"turns":2},{"damage":0,"enemies":"Large Slime","floor":13,"turns":2},{"damage":20,"enemies":"Lagavulin","floor":14,"turns":3},{"damage":0,"enemies":"Slime Boss","floor":16,"turns":5},{"damage":1,"enemies":"2 Thieves","floor":18,"turns":2},{"damage":4,"enemies":"Chosen","floor":20,"turns":3},{"damage":0,"enemies":"3 Cultists","floor":22,"turns":3},{"damage":21,"enemies":"Slavers","floor":23,"turns":3},{"damage":0,"enemies":"Book of Stabbing","floor":25,"turns":2},{"damage":0,"enemies":"Centurion and Healer","floor":27,"turns":2},{"damage":0,"enemies":"Slavers","floor":28,"turns":2},{"damage":71,"enemies":"Champ","floor":33,"turns":5},{"damage":33,"enemies":"3 Shapes","floor":35,"turns":3},{"damage":0,"enemies":"Orb Walker","floor":36,"turns":1},{"damage":12,"enemies":"2 Orb Walkers","floor":37,"turns":3},{"damage":0,"enemies":"Jaw Worm Horde","floor":39,"turns":1},{"damage":0,"enemies":"Nemesis","floor":42,"turns":2},{"damage":0,"enemies":"4 Shapes","floor":45,"turns":1},{"damage":0,"enemies":"Maw","floor":47,"turns":2},{"damage":12,"enemies":"Time Eater","floor":50,"turns":4},{"damage":0,"enemies":"Donu and Deca","floor":51,"turns":2},{"damage":3,"enemies":"Shield and Spear","floor":55,"turns":2},{"damage":0,"enemies":"The Heart","floor":56,"turns":4}],"seed_played":"3837434177631927806","potions_obtained":[{"floor":1,"key":"Dexterity Potion"},{"floor":6,"key":"DuplicationPotion"},{"floor":18,"key":"PowerPotion"}],"is_trial":true,"path_per_floor":["M","$","M","?","M","E","M","E","T","M","E","M","M","E","R","B",null,"M","?","M","$","M","E","R","E","T","M","E","$","?","T","R","B",null,"M","M","?","$","M","R","$","E","T","R","M","R","M","?","R","B","B",null,"R","$","E","B",null],"character_chosen":"IRONCLAD","items_purchased":["Medical Kit","Dark Embrace","TheAbacus","Membership Card","Blade Dance","Madness"],"campfire_rested":0,"item_purchase_floors":[21,21,38,41,41,54],"current_hp_per_floor":[61,61,67,67,73,68,74,52,52,53,59,65,71,57,63,69,79,80,80,80,80,80,65,71,77,77,80,80,80,80,80,80,15,64,37,43,39,39,45,51,51,59,59,65,71,77,83,83,84,78,84,84,84,84,86,86],"gold":76,"neow_bonus":"","is_daily":false,"chose_seed":false,"campfire_upgraded":4,"win_rate":0.0,"timestamp":1610222233,"path_taken":["M","$","M","?","M","E","M","E","T","M","E","M","M","E","R","BOSS","M","?","M","$","M","E","R","E","T","M","E","$","?","?","R","BOSS","M","M","?","$","M","R","$","E","T","R","M","R","M","?","R","BOSS","BOSS","R","$","E","BOSS"],"items_purchased_type":["Relic","Card","Relic","Relic","Card","Card"],"build_version":"2020-12-22","purchased_purges":3,"victory":true,"max_hp_per_floor":[75,75,75,75,75,75,75,75,75,75,75,75,75,75,75,75,80,80,80,80,80,80,80,80,80,80,80,80,80,80,80,80,80,80,80,80,82,82,82,82,82,84,84,84,84,84,84,84,84,84,84,84,84,84,86,86],"relic_stats":{"Darkstone Periapt":0,"Singing Bowl":6,"Bag of Preparation":[30],"Whetstone":["Consecrate","Pummel"],"Boot":[352],"Burning Blood":150,"Centennial Puzzle":[28],"Dream Catcher":0,"TheAbacus":[456],"Mummified Hand":[48],"Sundial":[46],"Pantograph":6,"Tiny Chest":0,"InkBottle":[30],"Happy Flower":[5],"counters":[31,76],"Eternal Feather":31,"PreservedInsect":253,"Charon\u0027s Ashes":[451],"Pen Nib":[6],"Medical Kit":[9],"Mercury Hourglass":[251],"Shuriken":[74],"Ornamental Fan":[184],"Art of War":[0],"obtain_stats":[{"Darkstone Periapt":18,"Tiny House":17,"Singing Bowl":34,"Bag of Preparation":23,"Whetstone":31,"Boot":5,"Burning Blood":0,"Centennial Puzzle":9,"Dream Catcher":12,"TheAbacus":38,"Mummified Hand":3,"Sundial":45,"Pantograph":28,"Tiny Chest":34,"InkBottle":7,"Red Skull":42,"Paper Frog":35,"Girya":37,"Happy Flower":43,"Oddly Smooth Stone":1,"Eternal Feather":6,"PreservedInsect":14,"Charon\u0027s Ashes":34,"Pen Nib":55,"Omamori":39,"Frozen Egg 2":47,"Medical Kit":21,"White Beast Statue":20,"Mercury Hourglass":11,"Calling Bell":34,"Anchor":10,"Shuriken":13,"Ornamental Fan":36,"MutagenicStrength":30,"Molten Egg 2":22,"Bag of Marbles":25,"Art of War":27,"Membership Card":41,"StrikeDummy":8},{"Darkstone Periapt":13,"Tiny House":12,"Singing Bowl":20,"Bag of Preparation":16,"Whetstone":19,"Boot":3,"Burning Blood":0,"Centennial Puzzle":6,"Dream Catcher":9,"TheAbacus":23,"Mummified Hand":2,"Sundial":26,"Pantograph":19,"Tiny Chest":20,"InkBottle":5,"Red Skull":25,"Paper Frog":21,"Girya":23,"Happy Flower":25,"Oddly Smooth Stone":1,"Eternal Feather":4,"PreservedInsect":11,"Charon\u0027s Ashes":20,"Pen Nib":30,"Omamori":24,"Frozen Egg 2":27,"Medical Kit":14,"White Beast Statue":14,"Mercury Hourglass":8,"Calling Bell":20,"Anchor":7,"Shuriken":10,"Ornamental Fan":22,"MutagenicStrength":19,"Molten Egg 2":15,"Bag of Marbles":17,"Art of War":18,"Membership Card":24,"StrikeDummy":6},{"Darkstone Periapt":34,"Tiny House":32,"Singing Bowl":52,"Bag of Preparation":41,"Whetstone":47,"Boot":6,"Burning Blood":0,"Centennial Puzzle":16,"Dream Catcher":22,"TheAbacus":58,"Mummified Hand":4,"Sundial":62,"Pantograph":47,"Tiny Chest":52,"InkBottle":10,"Red Skull":61,"Paper Frog":55,"Girya":58,"Happy Flower":61,"Oddly Smooth Stone":2,"Eternal Feather":9,"PreservedInsect":27,"Charon\u0027s Ashes":52,"Pen Nib":72,"Omamori":59,"Frozen Egg 2":64,"Medical Kit":36,"White Beast Statue":36,"Mercury Hourglass":20,"Calling Bell":52,"Anchor":18,"Shuriken":24,"Ornamental Fan":56,"MutagenicStrength":47,"Molten Egg 2":39,"Bag of Marbles":43,"Art of War":45,"Membership Card":59,"StrikeDummy":16}]},"card_choices":[{"not_picked":["Seeing Red","Auto Shields","JustLucky"],"picked":"SKIP","floor":6},{"not_picked":["Redo","Underhanded Strike","Electrodynamics"],"picked":"SKIP","floor":8},{"not_picked":["Iron Wave","Redo","Warcry"],"picked":"SKIP","floor":11},{"not_picked":["Consecrate","Whirlwind","Dagger Throw"],"picked":"SKIP","floor":14},{"not_picked":["Melter+1","Caltrops","Iron Wave+1"],"picked":"SKIP","floor":23},{"not_picked":["Masterful Stab+1","Stack","Twin Strike+1"],"picked":"SKIP","floor":25},{"not_picked":["Deflect","Heavy Blade+1","Hologram"],"picked":"SKIP","floor":28},{"not_picked":["Anger+1","Redo","Armaments+1"],"picked":"Singing Bowl","floor":37},{"not_picked":["Fasting2","Compile Driver+1","Heavy Blade+1"],"picked":"Singing Bowl","floor":42},{"not_picked":["Flying Knee+1","All For One+1","Rebound+1"],"picked":"Singing Bowl","floor":55}],"player_experience":1693908,"relics_obtained":[{"floor":1,"key":"Oddly Smooth Stone"},{"floor":3,"key":"Mummified Hand"},{"floor":5,"key":"Boot"},{"floor":6,"key":"Eternal Feather"},{"floor":7,"key":"InkBottle"},{"floor":8,"key":"StrikeDummy"},{"floor":9,"key":"Centennial Puzzle"},{"floor":10,"key":"Anchor"},{"floor":11,"key":"Mercury Hourglass"},{"floor":12,"key":"Dream Catcher"},{"floor":13,"key":"Shuriken"},{"floor":14,"key":"PreservedInsect"},{"floor":18,"key":"Darkstone Periapt"},{"floor":20,"key":"White Beast Statue"},{"floor":22,"key":"Molten Egg 2"},{"floor":23,"key":"Bag of Preparation"},{"floor":25,"key":"Bag of Marbles"},{"floor":27,"key":"Art of War"},{"floor":28,"key":"Pantograph"},{"floor":31,"key":"Whetstone"},{"floor":34,"key":"Tiny Chest"},{"floor":34,"key":"Singing Bowl"},{"floor":34,"key":"Charon\u0027s Ashes"},{"floor":35,"key":"Paper Frog"},{"floor":36,"key":"Ornamental Fan"},{"floor":37,"key":"Girya"},{"floor":39,"key":"Omamori"},{"floor":42,"key":"Red Skull"},{"floor":43,"key":"Happy Flower"},{"floor":45,"key":"Sundial"},{"floor":47,"key":"Frozen Egg 2"},{"floor":55,"key":"Pen Nib"}],"event_choices":[{"damage_healed":0,"gold_gain":0,"player_choice":"Upgraded","damage_taken":0,"max_hp_gain":0,"max_hp_loss":0,"event_name":"Upgrade Shrine","floor":4,"gold_loss":0,"cards_upgraded":["Pommel Strike"]},{"cards_removed":["Warcry"],"damage_healed":0,"gold_gain":0,"player_choice":"Gave Gold","damage_taken":0,"max_hp_gain":0,"max_hp_loss":0,"event_name":"Beggar","floor":19,"gold_loss":75},{"damage_healed":0,"gold_gain":0,"player_choice":"Inject Mutagens","damage_taken":0,"relics_obtained":["MutagenicStrength"],"max_hp_gain":0,"max_hp_loss":0,"event_name":"Drug Dealer","floor":30,"gold_loss":0},{"damage_healed":0,"gold_gain":0,"player_choice":"Fight","damage_taken":0,"max_hp_gain":0,"max_hp_loss":0,"event_name":"Mysterious Sphere","floor":37,"gold_loss":0},{"damage_healed":0,"gold_gain":0,"player_choice":"Ignored","damage_taken":0,"max_hp_gain":0,"max_hp_loss":0,"event_name":"Tomb of Lord Red Mask","floor":48,"gold_loss":0}],"is_beta":false,"boss_relics":[{"not_picked":["Fusion Hammer","Mark of Pain"],"picked":"Tiny House"},{"not_picked":["Black Blood","Sozu"],"picked":"Calling Bell"}],"items_purged_floors":[2,41,54],"is_endless":false,"potions_floor_spawned":[1,6,8,12,14,16,18,22,23,25,27,28,33,35,36,37,39,42,45,47,55],"ascension_level":20}}