{"host":"tw7a6rmo9h75ssrt","time":1610162276,"event":{"mods":["Act Like it!","BaseMod","Colored Map","Minty Spire (QoL Compilation)","Quick Restart","SuperFastMode"],"gold_per_floor":[110,60,77,2,2,36,36,36,63,88,108,133,133,157,157,281,281,301,400,400,425,425,425,277,293,318,318,339,370,96,115,115,236,236,255,273,291,291,291,624,641,641,641,658,14,14,25,38,38,38],"floor_reached":51,"playtime":4362,"items_purged":["Strike_R","Strike_R","Strike_R","Defend_R"],"score":721,"play_id":"ea37fc58-a44b-4eeb-944a-f1f9543097a8","local_time":"20210109111756","is_ascension_mode":false,"campfire_choices":[{"data":"Body Slam","floor":13.0,"key":"SMITH"},{"data":"Bash","floor":15.0,"key":"SMITH"},{"data":"Entrench","floor":23.0,"key":"SMITH"},{"data":"Brutality","floor":27.0,"key":"SMITH"},{"data":"Shrug It Off","floor":32.0,"key":"SMITH"},{"data":"Barricade","floor":42.0,"key":"SMITH"},{"data":"Brutality","floor":49,"key":"SMITH"}],"circlet_count":0,"master_deck":["Defend_R","Defend_R","Defend_R","Body Slam+1","Intimidate+1","Brutality+1","Shrug It Off","Entrench+1","Shrug It Off+1","Headbutt","Barricade+1","Body Slam+1","Pommel Strike+1","Violence","Brutality+1"],"relics":["Burning Blood","NeowsBlessing","Bronze Scales","Nunchaku","Runic Dome","Dream Catcher","Red Skull","Bag of Preparation","Empty Cage","Orichalcum","Torii","ClockworkSouvenir"],"acts_visited":["Exordium","TheCity","TheBeyond"],"potions_floor_usage":[47],"damage_taken":[{"damage":0.0,"enemies":"Jaw Worm","floor":1.0,"turns":1.0},{"damage":0.0,"enemies":"Small Slimes","floor":3.0,"turns":1.0},{"damage":0.0,"enemies":"Gremlin Nob","floor":6.0,"turns":1.0},{"damage":0.0,"enemies":"2 Louse","floor":10.0,"turns":2.0},{"damage":9.0,"enemies":"Exordium Thugs","floor":11.0,"turns":6.0},{"damage":6.0,"enemies":"Blue Slaver","floor":12.0,"turns":3.0},{"damage":6.0,"enemies":"3 Louse","floor":14.0,"turns":3.0},{"damage":14.0,"enemies":"Slime Boss","floor":16.0,"turns":8.0},{"damage":20.0,"enemies":"2 Thieves","floor":18.0,"turns":4.0},{"damage":4.0,"enemies":"Shell Parasite","floor":21.0,"turns":4.0},{"damage":9.0,"enemies":"Cultist and Chosen","floor":25.0,"turns":4.0},{"damage":3.0,"enemies":"Centurion and Healer","floor":28.0,"turns":4.0},{"damage":5.0,"enemies":"Slavers","floor":29.0,"turns":6.0},{"damage":3.0,"enemies":"Snake Plant","floor":31.0,"turns":4.0},{"damage":72.0,"enemies":"Collector","floor":33.0,"turns":7.0},{"damage":3.0,"enemies":"3 Shapes","floor":35.0,"turns":4.0},{"damage":3.0,"enemies":"3 Darklings","floor":36.0,"turns":4.0},{"damage":26.0,"enemies":"Transient","floor":37.0,"turns":5.0},{"damage":7.0,"enemies":"Spire Growth","floor":41.0,"turns":3.0},{"damage":2.0,"enemies":"Jaw Worm Horde","floor":44.0,"turns":3.0},{"damage":4,"enemies":"Sphere and 2 Shapes","floor":47,"turns":3},{"damage":3,"enemies":"Spire Growth","floor":48,"turns":3},{"damage":18,"enemies":"Time Eater","floor":50,"turns":5}],"seed_played":"8337489755063048318","potions_obtained":[{"floor":1.0,"key":"SkillPotion"},{"floor":3.0,"key":"PowerPotion"},{"floor":11.0,"key":"Regen Potion"},{"floor":12.0,"key":"SteroidPotion"},{"floor":16.0,"key":"Fire Potion"},{"floor":18.0,"key":"GamblersBrew"},{"floor":28.0,"key":"GamblersBrew"},{"floor":31.0,"key":"BlessingOfTheForge"},{"floor":36.0,"key":"Dexterity Potion"},{"floor":41.0,"key":"GamblersBrew"},{"floor":44.0,"key":"BloodPotion"}],"is_trial":false,"path_per_floor":["M","?","M","$","?","E","$","?","T","M","M","M","R","M","R","B",null,"M","?","?","M","?","R","$","M","T","R","M","E","$","M","R","B",null,"M","M","M","?","T","?","M","R","T","M","$","$","M","M","R","B",null],"character_chosen":"IRONCLAD","items_purchased":["Shrug It Off","Bag of Preparation","Violence","ClockworkSouvenir","Brutality"],"campfire_rested":0,"item_purchase_floors":[24,30,45,45,45],"current_hp_per_floor":[80,80,80,80,74,74,74,59,59,65,62,62,62,62,62,54,74,60,60,60,62,62,62,62,59,59,59,62,63,63,66,66,9,74,74,74,54,54,54,54,53,53,53,57,57,57,59,62,62,50],"gold":38,"neow_bonus":"THREE_ENEMY_KILL","is_daily":false,"chose_seed":false,"campfire_upgraded":7,"win_rate":0.0,"timestamp":1610162276,"path_taken":["M","?","M","$","?","E","?","?","T","M","M","M","R","M","R","BOSS","M","?","?","M","?","R","$","M","T","R","?","E","?","M","R","BOSS","M","M","M","?","?","?","M","R","T","M","?","$","M","?","R","BOSS"],"items_purchased_type":["Card","Relic","Card","Relic","Card"],"build_version":"2020-12-22","purchased_purges":4,"victory":true,"max_hp_per_floor":[80,80,80,80,74,74,74,74,74,74,74,74,74,74,74,74,74,74,74,74,74,74,74,74,74,74,74,74,74,74,74,74,74,74,74,74,74,74,74,74,74,74,74,74,74,74,74,74,74,74],"card_choices":[{"not_picked":["Shockwave","Inflame"],"picked":"Body Slam","floor":1.0},{"not_picked":["Clothesline","Body Slam","Blood for Blood"],"picked":"SKIP","floor":3.0},{"not_picked":["Havoc","Rampage"],"picked":"Intimidate","floor":6.0},{"not_picked":["Armaments","Clash","Double Tap"],"picked":"SKIP","floor":10.0},{"not_picked":["Sword Boomerang","Burning Pact","Twin Strike"],"picked":"SKIP","floor":11.0},{"not_picked":["Sword Boomerang","Burning Pact","Twin Strike"],"picked":"SKIP","floor":11.0},{"not_picked":["Pummel","Wild Strike","Havoc"],"picked":"SKIP","floor":12.0},{"not_picked":["Fire Breathing","Body Slam","Rampage"],"picked":"SKIP","floor":14.0},{"not_picked":["Reaper","Bludgeon"],"picked":"Brutality","floor":16.0},{"not_picked":["Twin Strike","Iron Wave","Cleave"],"picked":"SKIP","floor":18.0},{"not_picked":["Iron Wave","Flame Barrier"],"picked":"Shrug It Off","floor":21.0},{"not_picked":["True Grit","Heavy Blade"],"picked":"Headbutt","floor":25.0},{"not_picked":["Body Slam","Cleave+1","Rage+1"],"picked":"SKIP","floor":28.0},{"not_picked":["Fiend Fire","Flex+1","Havoc+1"],"picked":"SKIP","floor":29.0},{"not_picked":["Dual Wield","Armaments","Sever Soul+1"],"picked":"SKIP","floor":31.0},{"not_picked":["Feed","Brutality"],"picked":"Barricade","floor":33.0},{"not_picked":["Inflame","Feel No Pain","Thunderclap+1"],"picked":"SKIP","floor":35.0},{"not_picked":["Clothesline","Twin Strike","Cleave"],"picked":"SKIP","floor":36.0},{"not_picked":["Fire Breathing","Shrug It Off+1"],"picked":"Body Slam+1","floor":37.0},{"not_picked":["Headbutt","Sentinel"],"picked":"Pommel Strike+1","floor":41.0},{"not_picked":["Anger+1","Iron Wave+1","Havoc+1"],"picked":"SKIP","floor":44.0},{"not_picked":["Anger+1","Iron Wave+1","Havoc+1"],"picked":"SKIP","floor":44.0},{"not_picked":["Heavy Blade+1","Feel No Pain","Flex+1"],"picked":"SKIP","floor":47},{"not_picked":["Burning Pact+1","Reckless Charge","Sword Boomerang+1"],"picked":"SKIP","floor":48}],"player_experience":1423,"relics_obtained":[{"floor":6.0,"key":"Bronze Scales"},{"floor":9.0,"key":"Nunchaku"},{"floor":26.0,"key":"Dream Catcher"},{"floor":29.0,"key":"Red Skull"},{"floor":39.0,"key":"Orichalcum"},{"floor":43.0,"key":"Torii"}],"event_choices":[{"cards_removed":["Strike_R"],"damage_healed":0.0,"max_hp_gain":0.0,"max_hp_loss":0.0,"gold_gain":0.0,"event_name":"The Cleric","player_choice":"Card Removal","floor":2.0,"gold_loss":50.0,"damage_taken":0.0},{"damage_healed":0.0,"max_hp_gain":0.0,"max_hp_loss":6.0,"gold_gain":0.0,"event_name":"Golden Idol","player_choice":"Lose Max HP","floor":5.0,"gold_loss":0.0,"damage_taken":0.0,"relics_obtained":["Golden Idol"]},{"damage_healed":0.0,"max_hp_gain":0.0,"max_hp_loss":0.0,"gold_gain":0.0,"event_name":"Shining Light","player_choice":"Entered Light","floor":8.0,"gold_loss":0.0,"damage_taken":15.0,"cards_upgraded":["Intimidate","Strike_R"]},{"damage_healed":0.0,"max_hp_gain":0.0,"max_hp_loss":0.0,"gold_gain":99.0,"event_name":"Nest","player_choice":"Stole From Cult","floor":19.0,"gold_loss":0.0,"damage_taken":0.0},{"damage_healed":0.0,"max_hp_gain":0.0,"max_hp_loss":0.0,"gold_gain":0.0,"event_name":"Ghosts","player_choice":"Ignored","floor":20.0,"gold_loss":0.0,"damage_taken":0.0},{"damage_healed":0.0,"max_hp_gain":0.0,"max_hp_loss":0.0,"gold_gain":0.0,"event_name":"Match and Keep!","player_choice":"1 cards matched","floor":22.0,"gold_loss":0.0,"damage_taken":0.0,"cards_obtained":["Entrench"]},{"damage_healed":0.0,"max_hp_gain":0.0,"max_hp_loss":0.0,"gold_gain":0.0,"event_name":"SensoryStone","player_choice":"Memory 1","floor":38.0,"gold_loss":0.0,"damage_taken":0.0},{"damage_healed":0.0,"max_hp_gain":0.0,"max_hp_loss":0.0,"gold_gain":333.0,"event_name":"The Moai Head","player_choice":"Gave Idol","floor":40.0,"relics_lost":["Golden Idol"],"gold_loss":0.0,"damage_taken":0.0}],"is_beta":false,"boss_relics":[{"not_picked":["Black Blood","Black Star"],"picked":"Runic Dome"},{"not_picked":["SacredBark","Fusion Hammer"],"picked":"Empty Cage"}],"items_purged_floors":[4,24,30,45],"is_endless":false,"potions_floor_spawned":[1,3,11,12,16,18,21,28,31,36,41,44],"ascension_level":0}}