{"host":"kjehzzhcyp0nyrrl","time":1610159890,"event":{"mods":["AchievementEnabler","BaseMod","Custom Start","Hermit","Keyboard Shortcuts","Koishi","Minty Spire (QoL Compilation)","StSLib","SuperFastMode","The Dragon Tamer","The Hierophant","everything is the same but u backflip on backflip"],"gold_per_floor":[114,125,137,212,230,260,260,260,311,341,375,74,103,118,118,217,217,237,156,168,180,194,194,46,62,136,156,167,267,267,280,280,376,376,396,318,331,381,381,410,254,254,254,254,269,282,301,330,330,330,330,330,81,107,107,107],"floor_reached":55,"playtime":1801,"items_purged":["Rebound","Gash"],"score":811,"play_id":"8dd0e503-eab0-4783-a707-8cb8db380fde","local_time":"20210109113810","daily_mods":["SealedDeck","Heirloom","DeadlyEvents"],"is_ascension_mode":false,"campfire_choices":[{"data":"Hologram","floor":7,"key":"SMITH"},{"data":"Reprogram","floor":15,"key":"SMITH"},{"data":"Streamline","floor":23,"key":"SMITH"},{"data":"White Noise","floor":32,"key":"SMITH"},{"data":"Beam Cell","floor":42,"key":"SMITH"},{"data":"Rip and Tear","floor":44,"key":"SMITH"},{"floor":49,"key":"RECALL"},{"data":"Seek","floor":52,"key":"SMITH"}],"circlet_count":0,"master_deck":["Go for the Eyes","Sunder","Skim","Genetic Algorithm","Conserve Battery","Gash+1","Reprogram+1","Leap","Beam Cell+1","Undo","Sweeping Beam","Hologram+1","FTL","Streamline+1","White Noise+1","Gash","Machine Learning","Rip and Tear+1","Flash of Steel","Hyperbeam+1","Seek+1"],"relics":["Cracked Core","Prayer Wheel","Darkstone Periapt","Boot","Toy Ornithopter","Singing Bowl","PreservedInsect","Black Star","HandDrill","Mummified Hand","Calipers","Pear","Philosopher\u0027s Stone","Turnip","MawBank","Gremlin Horn","Symbiotic Virus","Whetstone","Orichalcum","Nunchaku","Letter Opener","Bag of Marbles"],"acts_visited":["Exordium","TheCity","TheBeyond","TheEnding"],"potions_floor_usage":[14,16,27,29,35,55,55,55],"damage_taken":[{"damage":0.0,"enemies":"Small Slimes","floor":1.0,"turns":3.0},{"damage":0,"enemies":"Cultist","floor":2,"turns":3},{"damage":1,"enemies":"2 Louse","floor":3,"turns":2},{"damage":0,"enemies":"2 Fungi Beasts","floor":5,"turns":3},{"damage":6,"enemies":"3 Sentries","floor":6,"turns":5},{"damage":18,"enemies":"Gremlin Nob","floor":10,"turns":5},{"damage":1,"enemies":"3 Sentries","floor":11,"turns":4},{"damage":10,"enemies":"Gremlin Nob","floor":13,"turns":3},{"damage":0,"enemies":"Exordium Wildlife","floor":14,"turns":1},{"damage":25,"enemies":"Slime Boss","floor":16,"turns":8},{"damage":0,"enemies":"Chosen","floor":18,"turns":4},{"damage":10,"enemies":"Spheric Guardian","floor":20,"turns":3},{"damage":0,"enemies":"Cultist and Chosen","floor":21,"turns":5},{"damage":4,"enemies":"Shelled Parasite and Fungi","floor":22,"turns":5},{"damage":0,"enemies":"Centurion and Healer","floor":25,"turns":5},{"damage":4,"enemies":"Snecko","floor":27,"turns":5},{"damage":12,"enemies":"Shelled Parasite and Fungi","floor":28,"turns":4},{"damage":25,"enemies":"Colosseum Slavers","floor":29,"turns":5},{"damage":10,"enemies":"Colosseum Nobs","floor":29,"turns":4},{"damage":0,"enemies":"Centurion and Healer","floor":31,"turns":5},{"damage":29,"enemies":"Champ","floor":33,"turns":8},{"damage":0,"enemies":"3 Darklings","floor":35,"turns":4},{"damage":0,"enemies":"Orb Walker","floor":37,"turns":3},{"damage":4,"enemies":"Mind Bloom Boss Battle","floor":38,"turns":7},{"damage":1,"enemies":"Giant Head","floor":40,"turns":6},{"damage":0,"enemies":"4 Shapes","floor":45,"turns":4},{"damage":0,"enemies":"Sphere and 2 Shapes","floor":46,"turns":3},{"damage":0,"enemies":"3 Darklings","floor":47,"turns":3},{"damage":0,"enemies":"Nemesis","floor":48,"turns":3},{"damage":42,"enemies":"Donu and Deca","floor":50,"turns":8},{"damage":29,"enemies":"Shield and Spear","floor":54,"turns":3},{"damage":154,"enemies":"The Heart","floor":55,"turns":8}],"seed_played":"-6709008798172607280","potions_obtained":[{"floor":3,"key":"SteroidPotion"},{"floor":6,"key":"Dexterity Potion"},{"floor":13,"key":"ColorlessPotion"},{"floor":14,"key":"Swift Potion"},{"floor":20,"key":"GamblersBrew"},{"floor":29,"key":"Ancient Potion"},{"floor":31,"key":"Strength Potion"},{"floor":35,"key":"Regen Potion"},{"floor":45,"key":"GamblersBrew"},{"floor":54,"key":"CultistPotion"}],"is_trial":true,"path_per_floor":["M","M","M","?","M","E","R","?","T","E","E","$","E","M","R","B",null,"M","$","M","M","M","R","$","M","T","M","M","?","?","M","R","B",null,"M","$","M","?","?","E","$","R","T","R","M","M","M","E","R","B",null,"R","$","E","B"],"character_chosen":"DEFECT","items_purchased":["Singing Bowl","Streamline","White Noise","HandDrill","Rip and Tear","Flash of Steel","Nunchaku"],"campfire_rested":0,"item_purchase_floors":[12,12,19,24,36,41,53],"current_hp_per_floor":[75,75,74,63,63,57,57,57,57,39,38,38,30,39,39,21,83,87,87,81,85,83,83,83,87,87,92,84,66,66,70,70,41,125,129,129,133,131,131,132,132,132,132,132,136,138,142,142,142,100,147,147,147,120,0,0],"gold":107,"neow_bonus":"","is_daily":false,"chose_seed":false,"campfire_upgraded":7,"win_rate":0.0,"timestamp":1610159890,"path_taken":["M","M","M","?","M","E","R","?","T","E","?","$","?","M","R","BOSS","M","$","M","M","M","R","?","M","T","M","M","?","?","M","R","BOSS","M","$","M","?","?","E","$","R","T","R","M","M","M","E","R","BOSS","R","$","E","BOSS"],"items_purchased_type":["Relic","Card","Card","Relic","Card","Card","Relic"],"build_version":"2020-12-22","purchased_purges":2,"victory":false,"max_hp_per_floor":[75,75,75,75,75,75,75,75,75,75,75,75,77,81,81,83,83,87,87,91,95,97,97,97,101,101,105,109,121,121,125,125,125,125,129,129,133,135,135,137,137,137,137,137,141,143,147,147,147,147,147,147,147,149,149,149],"card_choices":[{"not_picked":["Turbo","Coolheaded"],"picked":"Leap","floor":1},{"not_picked":["Ball Lightning","Go for the Eyes"],"picked":"Beam Cell","floor":1},{"not_picked":["Glacier","Redo","Steam Power"],"picked":"SKIP","floor":2},{"not_picked":["Undo","Capacitor","Beam Cell"],"picked":"SKIP","floor":2},{"not_picked":["Capacitor","Beam Cell"],"picked":"Undo","floor":2},{"not_picked":["Glacier","Redo","Steam Power"],"picked":"SKIP","floor":2},{"not_picked":["Amplify","Rebound"],"picked":"Sweeping Beam","floor":3},{"not_picked":["Coolheaded","White Noise","Ball Lightning"],"picked":"SKIP","floor":3},{"not_picked":["Capacitor","Go for the Eyes","Doom and Gloom"],"picked":"SKIP","floor":5},{"not_picked":["Coolheaded","Sweeping Beam","Beam Cell"],"picked":"SKIP","floor":5},{"not_picked":["Core Surge","Barrage"],"picked":"Hologram","floor":6},{"not_picked":["Redo","Rip and Tear"],"picked":"FTL","floor":10},{"not_picked":["Hologram","Cold Snap","Turbo"],"picked":"SKIP","floor":11},{"not_picked":["Go for the Eyes","Turbo","Heatsinks"],"picked":"Singing Bowl","floor":13},{"not_picked":["Ball Lightning","Cold Snap","Fission"],"picked":"Singing Bowl","floor":14},{"not_picked":["Redo","Barrage","Coolheaded"],"picked":"Singing Bowl","floor":14},{"not_picked":["Biased Cognition","Multi-Cast","Echo Form"],"picked":"Singing Bowl","floor":16},{"not_picked":["Genetic Algorithm+1","Capacitor","Hologram"],"picked":"Singing Bowl","floor":18},{"not_picked":["Coolheaded","Turbo","Conserve Battery"],"picked":"Singing Bowl","floor":18},{"not_picked":["Rebound+1","Streamline+1","Turbo"],"picked":"Singing Bowl","floor":20},{"not_picked":["Reboot","Redo","Ball Lightning"],"picked":"Singing Bowl","floor":20},{"not_picked":["Stack","Go for the Eyes","White Noise"],"picked":"Singing Bowl","floor":21},{"not_picked":["Steam Power","Stack","Leap"],"picked":"Singing Bowl","floor":21},{"not_picked":["Static Discharge","Buffer"],"picked":"Gash","floor":22},{"not_picked":["Leap","Glacier+1","Coolheaded"],"picked":"Singing Bowl","floor":22},{"not_picked":["Heatsinks","Hologram+1","Redo"],"picked":"Singing Bowl","floor":25},{"not_picked":["Consume","Steam","Sweeping Beam"],"picked":"Singing Bowl","floor":25},{"not_picked":["Aggregate","Ball Lightning+1","Reprogram"],"picked":"Singing Bowl","floor":27},{"not_picked":["Go for the Eyes+1","Redo","Seek"],"picked":"Singing Bowl","floor":27},{"not_picked":["Compile Driver","Steam+1","Gash"],"picked":"Singing Bowl","floor":28},{"not_picked":["White Noise","Turbo","Gash"],"picked":"Singing Bowl","floor":28},{"not_picked":["Reinforced Body","Darkness+1","Blizzard"],"picked":"Singing Bowl","floor":29},{"not_picked":["Coolheaded","Loop","Streamline"],"picked":"Singing Bowl","floor":31},{"not_picked":["Doom and Gloom","Barrage","Streamline"],"picked":"Singing Bowl","floor":31},{"not_picked":["Multi-Cast","Thunder Strike"],"picked":"Machine Learning","floor":33},{"not_picked":["Leap","Conserve Battery","Reinforced Body"],"picked":"Singing Bowl","floor":35},{"not_picked":["Ball Lightning+1","Hologram","Go for the Eyes+1"],"picked":"Singing Bowl","floor":35},{"not_picked":["Doom and Gloom+1","Stack","Cold Snap"],"picked":"Singing Bowl","floor":37},{"not_picked":["Lockon","Redo","Leap+1"],"picked":"Singing Bowl","floor":37},{"not_picked":["Glacier","Conserve Battery","Sweeping Beam"],"picked":"Singing Bowl","floor":38},{"not_picked":["Capacitor+1","Aggregate+1","Leap"],"picked":"Singing Bowl","floor":40},{"not_picked":["Steam","Hologram","Rebound"],"picked":"Singing Bowl","floor":45},{"not_picked":["Auto Shields+1","Compile Driver+1","Rebound"],"picked":"Singing Bowl","floor":45},{"not_picked":["Capacitor+1","FTL+1"],"picked":"Hyperbeam","floor":46},{"not_picked":["Turbo","Compile Driver+1","Steam"],"picked":"Singing Bowl","floor":46},{"not_picked":["Rebound+1","Compile Driver","Seek"],"picked":"Singing Bowl","floor":47},{"not_picked":["Hologram","Ball Lightning+1","Conserve Battery"],"picked":"Singing Bowl","floor":47},{"not_picked":["Aggregate","Defragment"],"picked":"Seek","floor":48},{"not_picked":["Sweeping Beam+1","Gash","Turbo+1"],"picked":"Singing Bowl","floor":54}],"player_experience":389460,"relics_obtained":[{"floor":6,"key":"Darkstone Periapt"},{"floor":10,"key":"Boot"},{"floor":11,"key":"Toy Ornithopter"},{"floor":13,"key":"PreservedInsect"},{"floor":26,"key":"Mummified Hand"},{"floor":29,"key":"Calipers"},{"floor":29,"key":"Pear"},{"floor":38,"key":"Turnip"},{"floor":40,"key":"MawBank"},{"floor":40,"key":"Gremlin Horn"},{"floor":43,"key":"Symbiotic Virus"},{"floor":48,"key":"Whetstone"},{"floor":48,"key":"Orichalcum"},{"floor":54,"key":"Letter Opener"},{"floor":54,"key":"Bag of Marbles"}],"event_choices":[{"damage_healed":0,"gold_gain":75,"player_choice":"Gather Gold","damage_taken":11,"max_hp_gain":0,"max_hp_loss":0,"event_name":"World of Goop","floor":4,"gold_loss":0},{"cards_removed":["Chill"],"damage_healed":0,"gold_gain":0,"player_choice":"Purged","damage_taken":0,"max_hp_gain":0,"max_hp_loss":0,"event_name":"Purifier","floor":8,"gold_loss":0},{"damage_healed":0,"gold_gain":0,"player_choice":"Fight","damage_taken":0,"max_hp_gain":0,"max_hp_loss":0,"event_name":"Colosseum","floor":29,"gold_loss":0},{"damage_healed":0,"gold_gain":0,"player_choice":"Fought Nobs","damage_taken":0,"max_hp_gain":0,"max_hp_loss":0,"event_name":"Colosseum","floor":29,"gold_loss":0},{"damage_healed":0,"gold_gain":0,"player_choice":"Ignored","damage_taken":0,"max_hp_gain":0,"max_hp_loss":0,"event_name":"Ghosts","floor":30,"gold_loss":0},{"damage_healed":0,"gold_gain":0,"player_choice":"Fight","damage_taken":0,"max_hp_gain":0,"max_hp_loss":0,"event_name":"MindBloom","floor":38,"gold_loss":0},{"damage_healed":0,"gold_gain":0,"player_choice":"Ignored","damage_taken":0,"max_hp_gain":0,"max_hp_loss":0,"event_name":"Tomb of Lord Red Mask","floor":39,"gold_loss":0}],"is_beta":false,"boss_relics":[{"not_picked":["Sozu","Calling Bell"],"picked":"Black Star"},{"not_picked":["Tiny House","Fusion Hammer"],"picked":"Philosopher\u0027s Stone"}],"items_purged_floors":[41,53],"is_endless":false,"potions_floor_spawned":[3,6,13,14,20,29,29,31,35,37,45,46,54],"killed_by":"The Heart","ascension_level":0}}