{"host":"3xls0xm49ftugio7","time":1610229294,"event":{"mods":["2.2 Compatiblity","AchievementEnabler","Act Like it!","BaseMod","Colored Powertips","Downfall","GifTheSpireLib","Minty Spire (QoL Compilation)","Quick Restart","Relic Stats","StSLib","Waifu the Spire"],"gold_per_floor":[99,114,127,144,144,158,158,158,187,64,64,49,49,49,63,160,160,160,179,193,193,203,203,228,228,246,171,188,188,219,237,249,351,351,351,371,388,313,328,341,365,393,393,412,412,465,475,506,356,356,356,386,0,0,0],"floor_reached":56,"playtime":4157,"items_purged":["Slimebound:Strike_Slimebound","Slimebound:Strike_Slimebound"],"score":1526,"play_id":"f95b9fb7-1315-4f20-a077-bb3072609a61","local_time":"20210109235454","is_ascension_mode":true,"campfire_choices":[{"data":"Slimebound:Split","floor":1.0,"key":"SMITH"},{"data":"Slimebound:Recycling","floor":8.0,"key":"SMITH"},{"data":"Slimebound:Overexert","floor":11.0,"key":"SMITH"},{"data":"Slimebound:SlimeBrawl","floor":13.0,"key":"SMITH"},{"data":"1","floor":18.0,"key":"LIFT"},{"data":"Slimebound:TagTeam","floor":27.0,"key":"SMITH"},{"data":"Slimebound:TagTeam","floor":29.0,"key":"SMITH"},{"data":"Slimebound:HauntingLick","floor":35.0,"key":"SMITH"},{"floor":45.0,"key":"RECALL"},{"data":"Slimebound:WasteNot","floor":49.0,"key":"SMITH"},{"data":"Slimebound:HauntingLick","floor":54.0,"key":"SMITH"}],"circlet_count":0,"master_deck":["Slimebound:Defend_Slimebound","Slimebound:Defend_Slimebound","Slimebound:Defend_Slimebound","Slimebound:Defend_Slimebound","Slimebound:Split+1","Slimebound:CorrosiveSpit","Slimebound:OneTwoCombo","Slimebound:HauntingLick+1","Slimebound:HungryTackle","Slimebound:SplitMire+1","Slimebound:Recycling+1","Slimebound:SplitBruiser","Slimebound:Overexert+1","Slimebound:LevelUp","Slimebound:SlimeBrawl+1","Slimebound:SplitLeeching","Slimebound:TagTeam+1","Slimebound:SpikyOuterGoop","Slimebound:RejuvenatingLick+1","Necronomicurse","Slimebound:ProtectTheBoss+1","Slimebound:Nibble+1","Slimebound:TagTeam+1","Slimebound:GoopSpray","Slimebound:Prepare+1","Slimebound:LeadByExample+1","Slimebound:WasteNot+1","Slimebound:RejuvenatingLick+1","Slimebound:MegaLick+1","Slimebound:SplitSpecialist","expansioncontent:Corrupt","Slimebound:SplitLeeching","Slimebound:RainOfGoop+1","Slimebound:OneTwoCombo","Slimebound:SplitBruiser+1","Slimebound:SamplingLick+1","Slimebound:AcidTongue+1","Slimebound:HauntingLick+1"],"relics":["Slimebound:AbsorbEndCombatUpgraded","Sundial","Girya","Unceasing Top","Necronomicon","downfall:HeartBlessingBlue","Frozen Egg 2","Busted Crown","Juzu Bracelet","Meat on the Bone","TungstenRod","FossilizedHelix","downfall:HeartBlessingRed","downfall:HeartBlessingGreen","Nunchaku","Mummified Hand"],"acts_visited":["Exordium","TheCity","TheBeyond","TheEnding"],"potions_floor_usage":[55,55],"damage_taken":[{"damage":8.0,"enemies":"Jaw Worm","floor":2.0,"turns":3.0},{"damage":9.0,"enemies":"Cultist","floor":3.0,"turns":3.0},{"damage":8.0,"enemies":"2 Louse","floor":4.0,"turns":2.0},{"damage":32.0,"enemies":"Blue Slaver","floor":6.0,"turns":3.0},{"damage":31.0,"enemies":"Gremlin Nob","floor":9.0,"turns":2.0},{"damage":44.0,"enemies":"downfall:FleeingMerchant","floor":10.0,"turns":4.0},{"damage":40.0,"enemies":"downfall:FleeingMerchant","floor":12.0,"turns":4.0},{"damage":19.0,"enemies":"Large Slime","floor":15.0,"turns":3.0},{"damage":41.0,"enemies":"downfall:Defect","floor":16.0,"turns":4.0},{"damage":37.0,"enemies":"3 Byrds","floor":19.0,"turns":3.0},{"damage":30.0,"enemies":"Sentry and Sphere","floor":20.0,"turns":3.0},{"damage":20.0,"enemies":"Cultist and Chosen","floor":22.0,"turns":3.0},{"damage":12.0,"enemies":"Shelled Parasite and Fungi","floor":26.0,"turns":2.0},{"damage":22.0,"enemies":"3 Cultists","floor":28.0,"turns":3.0},{"damage":37.0,"enemies":"Book of Stabbing","floor":30.0,"turns":4.0},{"damage":39.0,"enemies":"Centurion and Healer","floor":31.0,"turns":3.0},{"damage":13.0,"enemies":"Shelled Parasite and Fungi","floor":32.0,"turns":3.0},{"damage":64.0,"enemies":"downfall:Silent","floor":33.0,"turns":6.0},{"damage":44.0,"enemies":"3 Darklings","floor":36.0,"turns":5.0},{"damage":37.0,"enemies":"Orb Walker","floor":37.0,"turns":2.0},{"damage":28.0,"enemies":"downfall:FleeingMerchant","floor":38.0,"turns":4.0},{"damage":37.0,"enemies":"3 Darklings","floor":39.0,"turns":3.0},{"damage":28.0,"enemies":"Transient","floor":40.0,"turns":5.0},{"damage":51.0,"enemies":"Reptomancer","floor":42.0,"turns":4.0},{"damage":20.0,"enemies":"4 Shapes","floor":44.0,"turns":3.0},{"damage":16.0,"enemies":"2 Orb Walkers","floor":46.0,"turns":3.0},{"damage":9.0,"enemies":"Maw","floor":47.0,"turns":4.0},{"damage":42.0,"enemies":"Nemesis","floor":48.0,"turns":3.0},{"damage":31.0,"enemies":"downfall:Ironclad","floor":50.0,"turns":4.0},{"damage":66.0,"enemies":"downfall:CharBossMerchant","floor":52.0,"turns":4.0},{"damage":21,"enemies":"downfall:NeowBoss","floor":55,"turns":14}],"seed_played":"2136506702843179456","potions_obtained":[{"floor":2.0,"key":"Swift Potion"},{"floor":15.0,"key":"Swift Potion"},{"floor":16.0,"key":"Slimebound:SlimyTonguePotion"},{"floor":19.0,"key":"SkillPotion"},{"floor":28.0,"key":"SpeedPotion"},{"floor":30.0,"key":"Strength Potion"},{"floor":32.0,"key":"CultistPotion"},{"floor":40.0,"key":"Slimebound:ThreeZeroPotion"}],"is_trial":false,"path_per_floor":["R","M","M","M","?","M","T","R","E","$","R","$","R","T","M","B",null,"R","M","M","?","M","?","T","?","M","R","M","R","E","M","M","B",null,"R","M","M","$","M","M","T","E","?","M","R","?","M","E","R","B",null,"E","$","R","B",null],"character_chosen":"SLIMEBOUND","items_purchased":["Slimebound:LevelUp","Slimebound:SplitSpecialist","expansioncontent:Corrupt","Slimebound:SplitLeeching","Mummified Hand","Slimebound:AcidTongue+1","Slimebound:HauntingLick"],"campfire_rested":0,"item_purchase_floors":[10,38,38,38,53,53,53],"current_hp_per_floor":[54,54,53,54,54,43,43,43,46,50,50,48,48,48,51,36,50,50,41,31,15,31,22,22,22,32,42,56,56,51,46,43,37,61,61,49,68,69,69,69,69,63,55,69,69,69,69,54,54,69,69,61,61,61,69],"gold":0,"neow_bonus":"THREE_RARE_CARDS","is_daily":false,"chose_seed":false,"campfire_upgraded":9,"win_rate":0.0,"timestamp":1610229294,"path_taken":["R","M","M","M","?","M","T","R","E","?","R","?","R","?","M","BOSS","R","M","M","?","M","?","T","?","M","R","M","R","E","M","M","BOSS","R","M","M","$","M","M","T","E","?","M","R","?","M","E","R","BOSS","E","$","R","BOSS"],"items_purchased_type":["Card","Card","Card","Card","Relic","Card","Card"],"build_version":"2020-12-22","purchased_purges":2,"victory":true,"max_hp_per_floor":[54,54,54,54,54,54,54,54,54,54,54,54,54,54,54,54,54,54,54,54,54,54,59,59,59,59,69,69,69,69,69,69,69,69,69,69,69,69,69,69,69,69,69,69,69,69,69,69,69,69,69,69,69,69,69],"relic_stats":{"Nunchaku":[3],"Busted Crown":22,"counters":[31,115],"Sundial":[8],"Mummified Hand":[13],"Necronomicon":[26],"Juzu Bracelet":1,"obtain_stats":[{"Girya":9,"downfall:HeartBlessingRed":49,"downfall:HeartBlessingGreen":49,"Juzu Bracelet":41,"Frozen Egg 2":30,"Nunchaku":52,"Busted Crown":34,"Sundial":7,"downfall:HeartBlessingBlue":27,"Mummified Hand":53,"Slimebound:AbsorbEndCombat":0,"Necronomicon":21,"Slimebound:AbsorbEndCombatUpgraded":17,"Unceasing Top":14,"TungstenRod":46,"FossilizedHelix":48,"Meat on the Bone":42},{"Girya":5,"downfall:HeartBlessingRed":28,"downfall:HeartBlessingGreen":28,"Juzu Bracelet":23,"Frozen Egg 2":15,"Nunchaku":30,"Busted Crown":18,"Sundial":4,"downfall:HeartBlessingBlue":13,"Mummified Hand":30,"Slimebound:AbsorbEndCombat":0,"Necronomicon":11,"Slimebound:AbsorbEndCombatUpgraded":9,"Unceasing Top":7,"TungstenRod":26,"FossilizedHelix":28,"Meat on the Bone":24},{"Girya":12,"downfall:HeartBlessingRed":93,"downfall:HeartBlessingGreen":93,"Juzu Bracelet":76,"Frozen Egg 2":45,"Nunchaku":101,"Busted Crown":57,"Sundial":10,"downfall:HeartBlessingBlue":38,"Mummified Hand":101,"Slimebound:AbsorbEndCombat":0,"Necronomicon":33,"Slimebound:AbsorbEndCombatUpgraded":27,"Unceasing Top":20,"TungstenRod":86,"FossilizedHelix":93,"Meat on the Bone":80}],"Unceasing Top":[8],"TungstenRod":37,"Meat on the Bone":0},"card_choices":[{"not_picked":["Slimebound:DouseInSlime","Slimebound:WasteNot"],"picked":"Slimebound:OneTwoCombo","floor":0.0},{"not_picked":["Slimebound:SlimeBarrage","Slimebound:RollThrough"],"picked":"Slimebound:HauntingLick","floor":2.0},{"not_picked":["Slimebound:ViciousTackle","Slimebound:Gluttony"],"picked":"Slimebound:HungryTackle","floor":3.0},{"not_picked":["Slimebound:FinishingTackle","Slimebound:LivingWall"],"picked":"Slimebound:SplitMire","floor":4.0},{"not_picked":["Slimebound:GrowthPunch","Slimebound:GoopTackle"],"picked":"Slimebound:Recycling","floor":6.0},{"not_picked":["Slimebound:Chomp","Slimebound:ViciousTackle"],"picked":"Slimebound:SplitBruiser","floor":9.0},{"not_picked":["Slimebound:Recollect","Slimebound:ProtectTheBoss"],"picked":"Slimebound:Overexert","floor":10.0},{"not_picked":["Slimebound:ComboTackle","Slimebound:PressTheAttack"],"picked":"Slimebound:SlimeBrawl","floor":12.0},{"not_picked":["Slimebound:SlimeSpikes","Slimebound:LeechingTouch"],"picked":"Slimebound:SplitLeeching","floor":15.0},{"not_picked":["Slimebound:SelfFormingGoo","Slimebound:RallyTheTroops"],"picked":"Slimebound:TagTeam","floor":16.0},{"not_picked":["Slimebound:SamplingLick","Slimebound:Chomp"],"picked":"Slimebound:SpikyOuterGoop","floor":19.0},{"not_picked":["Slimebound:LeechingTouch","Slimebound:PressTheAttack"],"picked":"Slimebound:RejuvenatingLick+1","floor":20.0},{"not_picked":["Slimebound:Replication","Slimebound:ViciousTackle"],"picked":"Slimebound:ProtectTheBoss+1","floor":22.0},{"not_picked":["Slimebound:ServeAndProtect+1","Slimebound:Prepare"],"picked":"Slimebound:Nibble+1","floor":26.0},{"not_picked":["Slimebound:GoopSpray+1","Slimebound:RainOfGoop+1"],"picked":"Slimebound:TagTeam","floor":28.0},{"not_picked":["Slimebound:SamplingLick","Slimebound:GoopTackle"],"picked":"Slimebound:GoopSpray","floor":30.0},{"not_picked":["Slimebound:FinishingTackle+1","Slimebound:ViciousTackle"],"picked":"Slimebound:Prepare+1","floor":31.0},{"not_picked":["Slimebound:Schlurp","Slimebound:FinishingTackle+1"],"picked":"Slimebound:LeadByExample+1","floor":32.0},{"not_picked":["Slimebound:OneTwoCombo","Slimebound:TagTeam"],"picked":"Slimebound:WasteNot","floor":33.0},{"not_picked":[],"picked":"Slimebound:RejuvenatingLick+1","floor":36.0},{"not_picked":["Slimebound:Schlurp+1"],"picked":"SKIP","floor":37.0},{"not_picked":[],"picked":"Slimebound:MegaLick+1","floor":38.0},{"not_picked":["Slimebound:LeechingTouch+1"],"picked":"SKIP","floor":39.0},{"not_picked":["Slimebound:ViciousTackle+1"],"picked":"SKIP","floor":40.0},{"not_picked":[],"picked":"Slimebound:RainOfGoop+1","floor":42.0},{"not_picked":[],"picked":"Slimebound:OneTwoCombo","floor":44.0},{"not_picked":[],"picked":"Slimebound:SplitBruiser+1","floor":47.0},{"not_picked":["Slimebound:FinishingTackle+1"],"picked":"SKIP","floor":48.0},{"not_picked":[],"picked":"Slimebound:SamplingLick+1","floor":52.0}],"player_experience":864322,"relics_obtained":[{"floor":7.0,"key":"Sundial"},{"floor":9.0,"key":"Girya"},{"floor":14.0,"key":"Unceasing Top"},{"floor":21.0,"key":"Necronomicon"},{"floor":30.0,"key":"Frozen Egg 2"},{"floor":41.0,"key":"Juzu Bracelet"},{"floor":42.0,"key":"Meat on the Bone"},{"floor":46.0,"key":"TungstenRod"},{"floor":48.0,"key":"FossilizedHelix"},{"floor":52.0,"key":"Nunchaku"}],"event_choices":[{"cards_removed":["Slimebound:Strike_Slimebound"],"damage_healed":0.0,"max_hp_gain":0.0,"max_hp_loss":0.0,"gold_gain":0.0,"event_name":"Bonfire Elementals","player_choice":"Offered Basic","floor":5.0,"gold_loss":0.0,"damage_taken":0.0},{"damage_healed":0.0,"max_hp_gain":0.0,"max_hp_loss":0.0,"gold_gain":0.0,"event_name":"Mysterious Sphere","player_choice":"Fight","floor":46.0,"gold_loss":0.0,"damage_taken":0.0}],"is_beta":false,"boss_relics":[{"not_picked":["Calling Bell","Velvet Choker"],"picked":"Slimebound:AbsorbEndCombatUpgraded"},{"not_picked":["SacredBark","Empty Cage"],"picked":"Busted Crown"}],"items_purged_floors":[10,38],"is_endless":false,"potions_floor_spawned":[2,15,16,19,20,28,30,32,40,42,44],"ascension_level":5}}