{"host":"9d9dhukr2jywmy0f","time":1610221347,"event":{"mods":["2.2 Compatiblity","Alarm Clock","BaseMod","Bestiary","Block Reminder","Colored Map","Colored Powertips","Curses Come First","DeckTracker","Energized Spire","Highlight Path","Key Reminder","Minty Spire (QoL Compilation)","Quick Restart","Rare Cards Sparkle","Relic Sorter","Relic Stats","Spire Birthday Party","StSLib","SuperFastMode","Synergy Search","Unceasing Turn Reminder","Unknown Chances"],"gold_per_floor":[110,160,33,46,64,94,94,106,106,106,6,6,6,25,25,97,97,113,57,327,91,107,107,126,126,126,126,140,140,157,175,175,251,251,266,286,286,3,17,17,43,43,43,55,70,86,86,97,97,97,97,97],"floor_reached":51,"playtime":2242,"items_purged":["Strike_B","Defend_B","Defend_B"],"score":1362,"play_id":"0432d2b8-2bdc-43db-b37a-2e38b7f2f29b","local_time":"20210110034227","is_ascension_mode":true,"campfire_choices":[{"floor":7.0,"key":"REST"},{"data":"Zap","floor":10.0,"key":"SMITH"},{"data":"Dualcast","floor":13.0,"key":"SMITH"},{"data":"Sunder","floor":15.0,"key":"SMITH"},{"data":"Defragment","floor":23.0,"key":"SMITH"},{"floor":25.0,"key":"REST"},{"data":"Coolheaded","floor":27.0,"key":"SMITH"},{"data":"Coolheaded","floor":29.0,"key":"SMITH"},{"floor":32.0,"key":"REST"},{"data":"Biased Cognition","floor":40.0,"key":"SMITH"},{"floor":42.0,"key":"REST"},{"floor":47.0,"key":"RECALL"},{"data":"White Noise","floor":49.0,"key":"SMITH"}],"circlet_count":0,"master_deck":["AscendersBane","Strike_B","Strike_B","Defend_B","Defend_B","Zap+1","Dualcast+1","Coolheaded+1","Ball Lightning","Reboot","Sunder+1","Chill","Coolheaded+1","Defragment+1","White Noise+1","Glacier","Doom and Gloom","Biased Cognition+1","White Noise+1","Skim+1","Compile Driver","Chaos+1","Coolheaded+1"],"relics":["Cracked Core","DataDisk","Sundial","Symbiotic Virus","Philosopher\u0027s Stone","Orichalcum","Letter Opener","energizedSpire:NeverEndingSparkler","Bag of Preparation","Toxic Egg 2"],"acts_visited":["Exordium","TheCity","TheBeyond"],"potions_floor_usage":[],"damage_taken":[{"damage":7.0,"enemies":"Jaw Worm","floor":1.0,"turns":4.0},{"damage":0.0,"enemies":"Cultist","floor":4.0,"turns":3.0},{"damage":7.0,"enemies":"Small Slimes","floor":5.0,"turns":2.0},{"damage":38.0,"enemies":"Gremlin Nob","floor":6.0,"turns":4.0},{"damage":6.0,"enemies":"Looter","floor":8.0,"turns":3.0},{"damage":0.0,"enemies":"Exordium Thugs","floor":14.0,"turns":3.0},{"damage":14.0,"enemies":"Slime Boss","floor":16.0,"turns":6.0},{"damage":0.0,"enemies":"Chosen","floor":18.0,"turns":3.0},{"damage":8.0,"enemies":"Shell Parasite","floor":22.0,"turns":3.0},{"damage":16.0,"enemies":"Snake Plant","floor":24.0,"turns":3.0},{"damage":4.0,"enemies":"Snecko","floor":28.0,"turns":4.0},{"damage":0.0,"enemies":"Centurion and Healer","floor":30.0,"turns":4.0},{"damage":4.0,"enemies":"Cultist and Chosen","floor":31.0,"turns":6.0},{"damage":0.0,"enemies":"Automaton","floor":33.0,"turns":10.0},{"damage":0.0,"enemies":"Orb Walker","floor":35.0,"turns":2.0},{"damage":20.0,"enemies":"3 Darklings","floor":36.0,"turns":5.0},{"damage":0.0,"enemies":"Spire Growth","floor":39.0,"turns":5.0},{"damage":7.0,"enemies":"Reptomancer","floor":41.0,"turns":5.0},{"damage":0.0,"enemies":"Jaw Worm Horde","floor":44.0,"turns":3.0},{"damage":0.0,"enemies":"Transient","floor":45.0,"turns":6.0},{"damage":0.0,"enemies":"Sphere and 2 Shapes","floor":46.0,"turns":2.0},{"damage":5.0,"enemies":"Writhing Mass","floor":48.0,"turns":5.0},{"damage":49.0,"enemies":"Donu and Deca","floor":50.0,"turns":8.0},{"damage":19,"enemies":"Time Eater","floor":51,"turns":10}],"seed_played":"7875655731812003803","potions_obtained":[{"floor":4.0,"key":"Dexterity Potion"},{"floor":14.0,"key":"DistilledChaos"},{"floor":22.0,"key":"PotionOfCapacity"},{"floor":30.0,"key":"FearPotion"},{"floor":36.0,"key":"SneckoOil"},{"floor":41.0,"key":"Regen Potion"},{"floor":45.0,"key":"Energy Potion"},{"floor":48.0,"key":"Block Potion"}],"is_trial":false,"path_per_floor":["M","?","$","M","M","E","R","M","T","R","$","?","R","M","R","B",null,"M","$","?","$","M","R","M","R","T","R","M","R","M","M","R","B",null,"M","M","?","$","M","R","E","R","T","M","M","M","R","M","R","B","B"],"character_chosen":"DEFECT","items_purchased":["Ball Lightning","Coolheaded","Orichalcum","Defragment","Bag of Preparation"],"campfire_rested":4,"item_purchase_floors":[3,19,21,21,38],"current_hp_per_floor":[57,57,57,57,50,12,33,27,27,27,27,27,27,27,27,13,57,57,57,30,30,22,22,6,27,27,27,23,23,23,19,40,40,63,63,43,43,43,43,43,36,57,57,66,66,66,66,61,61,12,0,0],"gold":97,"neow_bonus":"RANDOM_COMMON_RELIC","is_daily":false,"chose_seed":false,"campfire_upgraded":8,"win_rate":0.0,"timestamp":1610221347,"path_taken":["M","?","$","M","M","E","R","M","T","R","?","?","R","M","R","BOSS","M","?","?","$","M","R","?","R","T","R","M","R","M","M","R","BOSS","M","M","?","$","M","R","E","R","T","M","M","M","R","M","R","BOSS","BOSS"],"items_purchased_type":["Card","Card","Relic","Card","Relic"],"build_version":"2020-11-30","purchased_purges":3,"victory":false,"max_hp_per_floor":[71,71,71,71,71,71,71,71,71,71,71,71,71,71,71,71,71,71,71,71,71,71,71,71,71,71,71,71,71,71,71,71,71,71,71,71,71,71,71,71,71,71,71,71,71,71,71,71,71,71,71,71],"relic_stats":{"counters":[24,109],"Sundial":[32],"Bag of Preparation":[16],"Letter Opener":[350],"Orichalcum":[108],"obtain_stats":[{"keyreminder:keyreminder":36,"DataDisk":0,"Sundial":6,"energizedSpire:NeverEndingSparkler":34,"Philosopher\u0027s Stone":17,"Bag of Preparation":38,"Letter Opener":26,"Orichalcum":21,"Toxic Egg 2":41,"Cracked Core":0,"Symbiotic Virus":9},{"keyreminder:keyreminder":16,"DataDisk":0,"Sundial":4,"energizedSpire:NeverEndingSparkler":14,"Philosopher\u0027s Stone":7,"Bag of Preparation":16,"Letter Opener":10,"Orichalcum":8,"Toxic Egg 2":18,"Cracked Core":0,"Symbiotic Virus":5},{"keyreminder:keyreminder":65,"DataDisk":0,"Sundial":13,"energizedSpire:NeverEndingSparkler":58,"Philosopher\u0027s Stone":25,"Bag of Preparation":65,"Letter Opener":34,"Orichalcum":28,"Toxic Egg 2":75,"Cracked Core":0,"Symbiotic Virus":16}]},"card_choices":[{"not_picked":["Cold Snap","Rebound"],"picked":"Coolheaded","floor":1.0},{"not_picked":["Stack","Lockon","Compile Driver"],"picked":"SKIP","floor":4.0},{"not_picked":["Hologram","Cold Snap","Steam"],"picked":"SKIP","floor":5.0},{"not_picked":["FTL","Hologram"],"picked":"Reboot","floor":6.0},{"not_picked":["Go for the Eyes","Sweeping Beam","Static Discharge"],"picked":"SKIP","floor":8.0},{"not_picked":["Sweeping Beam","Double Energy"],"picked":"Chill","floor":14.0},{"not_picked":["Barrage","Rip and Tear","Cold Snap"],"picked":"SKIP","floor":18.0},{"not_picked":["Leap","Stack","Lockon"],"picked":"SKIP","floor":22.0},{"not_picked":["Conserve Battery","Redo"],"picked":"White Noise","floor":24.0},{"not_picked":["Steam","Scrape"],"picked":"Glacier","floor":28.0},{"not_picked":["Sweeping Beam","Chill+1","Cold Snap"],"picked":"SKIP","floor":30.0},{"not_picked":["Meteor Strike","Leap"],"picked":"Doom and Gloom","floor":31.0},{"not_picked":["Creative AI","Amplify"],"picked":"Biased Cognition","floor":33.0},{"not_picked":["Redo","Hologram","Leap"],"picked":"SKIP","floor":35.0},{"not_picked":["Beam Cell+1","Lockon","Static Discharge"],"picked":"SKIP","floor":36.0},{"not_picked":["Fusion","Hologram"],"picked":"White Noise+1","floor":39.0},{"not_picked":["Turbo+1","Seek+1"],"picked":"Skim+1","floor":41.0},{"not_picked":["Leap+1","Chill+1"],"picked":"Compile Driver","floor":44.0},{"not_picked":["Genetic Algorithm+1","Go for the Eyes+1"],"picked":"Chaos+1","floor":45.0},{"not_picked":["Genetic Algorithm+1","Chaos+1"],"picked":"Coolheaded+1","floor":46.0},{"not_picked":["Rebound+1","Lockon","Beam Cell"],"picked":"SKIP","floor":48.0}],"player_experience":803455,"relics_obtained":[{"floor":6.0,"key":"Sundial"},{"floor":9.0,"key":"Symbiotic Virus"},{"floor":26.0,"key":"Letter Opener"},{"floor":41.0,"key":"Toxic Egg 2"}],"event_choices":[{"damage_healed":0.0,"max_hp_gain":0.0,"max_hp_loss":0.0,"gold_gain":50.0,"event_name":"Golden Shrine","player_choice":"Pray","floor":2.0,"gold_loss":0.0,"damage_taken":0.0},{"damage_healed":0.0,"max_hp_gain":0.0,"max_hp_loss":0.0,"gold_gain":0.0,"cards_transformed":["Strike_B"],"event_name":"Transmorgrifier","player_choice":"Transformed","floor":12.0,"gold_loss":0.0,"damage_taken":0.0,"cards_obtained":["Sunder"]},{"damage_healed":0.0,"max_hp_gain":0.0,"max_hp_loss":0.0,"gold_gain":270.0,"event_name":"Knowing Skull","player_choice":"GOLD GOLD GOLD ","floor":20.0,"potions_obtained":[],"gold_loss":0.0,"damage_taken":27.0,"cards_obtained":[]},{"damage_healed":0.0,"max_hp_gain":0.0,"max_hp_loss":0.0,"gold_gain":0.0,"event_name":"Mysterious Sphere","player_choice":"Ignored","floor":37.0,"gold_loss":0.0,"damage_taken":0.0}],"is_beta":false,"boss_relics":[{"not_picked":["energizedSpire:StickyHand","Calling Bell"],"picked":"Philosopher\u0027s Stone"},{"not_picked":["Runic Dome","Cursed Key"],"picked":"energizedSpire:NeverEndingSparkler"}],"items_purged_floors":[3,11,38],"is_endless":false,"potions_floor_spawned":[4,14,22,30,31,36,41,45,48],"killed_by":"Time Eater","ascension_level":20}}