{"host":"roqztpbdbchtekes","time":1610205109,"event":{"mods":["A Magickal Journey","AchievementEnabler","BaseMod","Better Note","Better Third Choice","BetterRewards","Block Reminder","Colored Map","Colored Powertips","Curses Come First","DeckTracker","Minty Spire (QoL Compilation)","Relic Stats","Spicy Shops","StSLib"],"gold_per_floor":[118,132,142,142,74,74,108,208,261,272,305,305,305,339,339,444,444,460,92,191,202,214,214,214,214,237,237,237,256,282,293,293,398,398,410,410,410,421,421,421,421,453,453,453,38,38,38,96,96,96,96,96,96,126,126,126],"floor_reached":55,"playtime":3345,"items_purged":["Defend_G","Parasite","Defend_G"],"score":1075,"play_id":"4c93faa0-34e8-4851-b1f7-98bda7f1939f","local_time":"20210109161149","is_ascension_mode":true,"campfire_choices":[{"data":"1","floor":6,"key":"LIFT"},{"data":"Cloak And Dagger","floor":12,"key":"SMITH"},{"data":"2","floor":15,"key":"LIFT"},{"data":"3","floor":23,"key":"LIFT"},{"data":"Leg Sweep","floor":28,"key":"SMITH"},{"data":"Accuracy","floor":32,"key":"SMITH"},{"data":"Storm of Steel","floor":40,"key":"SMITH"},{"data":"A Thousand Cuts","floor":44,"key":"SMITH"},{"data":"Accuracy","floor":47,"key":"SMITH"},{"floor":49,"key":"RECALL"},{"data":"Dramatic Entrance","floor":52,"key":"SMITH"}],"circlet_count":0,"master_deck":["Strike_G+1","Strike_G+1","Defend_G","Survivor","Neutralize","Cloak And Dagger+1","Heel Hook","Accuracy+1","Blur","Leg Sweep+1","Blade Dance+1","A Thousand Cuts+1","Blade Dance+1","Masterful Stab","Accuracy+1","Backstab","Storm of Steel+1","PiercingWail+1","Dramatic Entrance+1","Flash of Steel","Master of Strategy","Storm of Steel+1","Terror"],"relics":["Ring of the Snake","Girya","Chemical X","Whetstone","Blood Vial","Nunchaku","Centennial Puzzle","Bag of Marbles","Juzu Bracelet","Empty Cage","Ice Cream","Oddly Smooth Stone","The Courier","SlaversCollar","Kunai","White Beast Statue","DollysMirror","Shuriken","CeramicFish","Pocketwatch","Paper Crane"],"acts_visited":["Exordium","TheCity","TheBeyond","TheEnding"],"potions_floor_usage":[11,30,33,38],"damage_taken":[{"damage":1,"enemies":"Small Slimes","floor":1,"turns":4},{"damage":0,"enemies":"Cultist","floor":2,"turns":4},{"damage":1,"enemies":"Jaw Worm","floor":3,"turns":3},{"damage":16,"enemies":"3 Sentries","floor":7,"turns":10},{"damage":0,"enemies":"Gremlin Gang","floor":10,"turns":7},{"damage":19,"enemies":"Gremlin Nob","floor":11,"turns":5},{"damage":9,"enemies":"3 Sentries","floor":14,"turns":9},{"damage":0,"enemies":"Slime Boss","floor":16,"turns":9},{"damage":4,"enemies":"Shell Parasite","floor":18,"turns":3},{"damage":0,"enemies":"Chosen","floor":21,"turns":5},{"damage":14,"enemies":"Shelled Parasite and Fungi","floor":22,"turns":3},{"damage":0,"enemies":"Centurion and Healer","floor":29,"turns":3},{"damage":0,"enemies":"Book of Stabbing","floor":30,"turns":2},{"damage":0,"enemies":"Sentry and Sphere","floor":31,"turns":3},{"damage":10,"enemies":"Automaton","floor":33,"turns":5},{"damage":0,"enemies":"Orb Walker","floor":35,"turns":2},{"damage":5,"enemies":"3 Shapes","floor":38,"turns":4},{"damage":0,"enemies":"Reptomancer","floor":42,"turns":2},{"damage":0,"enemies":"2 Orb Walkers","floor":48,"turns":1},{"damage":50,"enemies":"Awakened One","floor":50,"turns":6},{"damage":12,"enemies":"Shield and Spear","floor":54,"turns":2},{"damage":164,"enemies":"The Heart","floor":55,"turns":5}],"seed_played":"-6034227865333207167","potions_obtained":[{"floor":3,"key":"BlessingOfTheForge"},{"floor":11,"key":"Energy Potion"},{"floor":21,"key":"DistilledChaos"},{"floor":22,"key":"Explosive Potion"},{"floor":31,"key":"SneckoOil"},{"floor":33,"key":"Fire Potion"},{"floor":48,"key":"FairyPotion"},{"floor":54,"key":"SmokeBomb"}],"is_trial":false,"path_per_floor":["M","M","M","?","$","R","E","?","T","M","E","R","?","E","R","B",null,"M","$","?","M","M","R","?","?","T","?","R","M","E","M","R","B",null,"M","?","?","M","?","R","?","E","T","R","$","?","R","?","R","B",null,"R","$","E","B"],"character_chosen":"THE_SILENT","items_purchased":["Girya","Chemical X","Whetstone","Blood Vial","Accuracy","Ice Cream","Oddly Smooth Stone","DollysMirror","Shuriken"],"campfire_rested":0,"item_purchase_floors":[0,0,0,0,5,19,19,45,45],"current_hp_per_floor":[53,55,56,49,49,49,35,35,35,37,20,20,70,61,61,63,70,66,66,66,67,53,53,53,53,53,53,53,55,57,59,59,51,67,67,67,67,62,62,62,52,54,54,54,54,54,54,56,56,8,64,64,64,52,0,0],"gold":126,"neow_bonus":"","is_daily":false,"chose_seed":false,"campfire_upgraded":7,"win_rate":0.0,"timestamp":1610205109,"path_taken":["M","M","M","?","$","R","E","?","T","?","E","R","?","E","R","BOSS","M","$","?","M","M","R","?","?","T","?","R","M","E","M","R","BOSS","M","?","?","M","?","R","?","E","T","R","$","?","R","?","R","BOSS","R","$","E","BOSS"],"items_purchased_type":["Relic","Relic","Relic","Relic","Card","Relic","Relic","Relic","Relic"],"build_version":"2020-12-22","purchased_purges":3,"victory":false,"max_hp_per_floor":[70,70,70,70,70,70,70,70,70,70,70,70,70,70,70,70,70,70,67,67,67,67,67,67,67,67,67,67,67,67,67,67,67,67,67,67,67,67,64,64,64,64,64,64,64,64,64,64,64,64,64,64,64,64,64,64],"relic_stats":{"counters":[39,183],"CeramicFish":9,"Juzu Bracelet":4,"Whetstone":["Strike_G","Strike_G"],"Blood Vial":31,"Nunchaku":[28],"Centennial Puzzle":[58],"Shuriken":[21],"Chemical X":[1],"Kunai":[21],"obtain_stats":[{"Ice Cream":19,"Singing Bowl":23,"CeramicFish":46,"Snake Skull":14,"Juzu Bracelet":14,"Whetstone":0,"Empty Cage":17,"Blood Vial":0,"Centennial Puzzle":12,"Lizard Tail":28,"Nunchaku":7,"TheAbacus":28,"Sundial":9,"DollysMirror":45,"Tiny Chest":7,"Chemical X":0,"Kunai":42,"Ring of the Snake":0,"Runic Pyramid":34,"Girya":0,"NeowsBlessing":0,"Dead Branch":10,"Oddly Smooth Stone":19,"The Courier":30,"War Paint":26,"Paper Crane":54,"Akabeko":22,"White Beast Statue":43,"SlaversCollar":34,"Shuriken":45,"Bag of Marbles":4,"Ring of the Serpent":17,"Pocketwatch":48},{"Ice Cream":26,"Singing Bowl":9,"CeramicFish":35,"Snake Skull":6,"Juzu Bracelet":24,"Whetstone":17,"Empty Cage":25,"Blood Vial":17,"Centennial Puzzle":6,"Lizard Tail":12,"Nunchaku":21,"TheAbacus":12,"Sundial":3,"DollysMirror":35,"Tiny Chest":3,"Chemical X":17,"Kunai":35,"Ring of the Snake":0,"Runic Pyramid":15,"Girya":17,"NeowsBlessing":0,"Dead Branch":4,"Oddly Smooth Stone":26,"The Courier":30,"War Paint":11,"Paper Crane":38,"Akabeko":8,"White Beast Statue":35,"SlaversCollar":32,"Shuriken":35,"Bag of Marbles":2,"Ring of the Serpent":7,"Pocketwatch":36},{"Ice Cream":140,"Singing Bowl":32,"CeramicFish":169,"Snake Skull":15,"Juzu Bracelet":128,"Whetstone":86,"Empty Cage":137,"Blood Vial":86,"Centennial Puzzle":15,"Lizard Tail":50,"Nunchaku":107,"TheAbacus":50,"Sundial":3,"DollysMirror":169,"Tiny Chest":3,"Chemical X":86,"Kunai":169,"Ring of the Snake":0,"Runic Pyramid":79,"Girya":86,"NeowsBlessing":0,"Dead Branch":5,"Oddly Smooth Stone":140,"The Courier":153,"War Paint":45,"Paper Crane":178,"Akabeko":27,"White Beast Statue":169,"SlaversCollar":161,"Shuriken":169,"Bag of Marbles":2,"Ring of the Serpent":23,"Pocketwatch":170}],"Ring of the Snake":[44],"Pocketwatch":[0]},"card_choices":[{"not_picked":["Acrobatics","Backflip"],"picked":"Cloak And Dagger","floor":1},{"not_picked":["Caltrops","Sucker Punch","Concentrate"],"picked":"SKIP","floor":2},{"not_picked":["Tactician","Crippling Poison"],"picked":"Heel Hook","floor":3},{"not_picked":["Flechettes","Calculated Gamble","Slice"],"picked":"SKIP","floor":7},{"not_picked":["Dagger Throw","Dagger Spray"],"picked":"Blur","floor":10},{"not_picked":["Backflip","Bane"],"picked":"Leg Sweep","floor":11},{"not_picked":["Night Terror","Underhanded Strike"],"picked":"Blade Dance","floor":14},{"not_picked":["Venomology","Corpse Explosion"],"picked":"A Thousand Cuts","floor":16},{"not_picked":["Poisoned Stab","Dagger Throw","Endless Agony+1"],"picked":"SKIP","floor":18},{"not_picked":["Choke+1","Dagger Spray"],"picked":"Blade Dance+1","floor":21},{"not_picked":["Catalyst","Caltrops"],"picked":"Masterful Stab","floor":22},{"not_picked":["Choke","Deflect","Prepared+1"],"picked":"SKIP","floor":29},{"not_picked":["Flechettes","Tactician"],"picked":"Accuracy","floor":30},{"not_picked":["Quick Slash+1","Caltrops"],"picked":"Backstab","floor":31},{"not_picked":["Malaise","Venomology"],"picked":"Storm of Steel","floor":33},{"not_picked":["Quick Slash+1","Dagger Throw","Dash+1"],"picked":"SKIP","floor":35},{"not_picked":["Accuracy","Calculated Gamble+1"],"picked":"PiercingWail+1","floor":38},{"not_picked":["Finesse","PanicButton"],"picked":"Dramatic Entrance","floor":41},{"not_picked":["Magnetism","Sadistic Nature"],"picked":"Flash of Steel","floor":41},{"not_picked":["Sadistic Nature","Madness"],"picked":"Master of Strategy","floor":41},{"not_picked":["Calculated Gamble+1","Poisoned Stab","Escape Plan"],"picked":"SKIP","floor":42},{"not_picked":["Slice","Quick Slash"],"picked":"Terror","floor":48},{"not_picked":["Eviscerate","Dagger Throw","Underhanded Strike"],"picked":"SKIP","floor":54}],"player_experience":279498,"relics_obtained":[{"floor":7,"key":"Nunchaku"},{"floor":9,"key":"Centennial Puzzle"},{"floor":11,"key":"Bag of Marbles"},{"floor":14,"key":"Juzu Bracelet"},{"floor":30,"key":"The Courier"},{"floor":42,"key":"Kunai"},{"floor":43,"key":"White Beast Statue"},{"floor":48,"key":"Pocketwatch"},{"floor":54,"key":"Paper Crane"}],"event_choices":[{"cards_removed":["Strike_G"],"damage_healed":0,"gold_gain":0,"player_choice":"Card Removal","damage_taken":7,"max_hp_gain":0,"max_hp_loss":0,"event_name":"Golden Wing","floor":4,"gold_loss":0},{"damage_healed":0,"gold_gain":100,"player_choice":"Pray","damage_taken":0,"max_hp_gain":0,"max_hp_loss":0,"event_name":"Golden Shrine","floor":8,"gold_loss":0},{"damage_healed":50,"gold_gain":0,"player_choice":"Full Heal","damage_taken":0,"max_hp_gain":0,"max_hp_loss":0,"event_name":"Wheel of Change","floor":13,"gold_loss":0},{"damage_healed":0,"gold_gain":99,"player_choice":"Steal","damage_taken":0,"max_hp_gain":0,"max_hp_loss":0,"event_name":"betterThird:BetterNest","floor":20,"gold_loss":0},{"cards_removed":["Strike_G"],"damage_healed":0,"gold_gain":0,"player_choice":"Elegance","damage_taken":0,"max_hp_gain":0,"max_hp_loss":0,"event_name":"betterThird:BetterWriting","floor":24,"gold_loss":0},{"damage_healed":0,"gold_gain":0,"player_choice":"Forge","damage_taken":0,"max_hp_gain":0,"max_hp_loss":0,"event_name":"Accursed Blacksmith","floor":25,"gold_loss":0,"cards_upgraded":["Blade Dance"]},{"damage_healed":0,"gold_gain":0,"player_choice":"Ignored","damage_taken":0,"max_hp_gain":0,"max_hp_loss":0,"event_name":"The Mausoleum","floor":27,"gold_loss":0},{"damage_healed":0,"gold_gain":0,"player_choice":"Ignored","damage_taken":0,"max_hp_gain":0,"max_hp_loss":0,"event_name":"Tomb of Lord Red Mask","floor":36,"gold_loss":0},{"cards_removed":["Defend_G"],"damage_healed":0,"gold_gain":0,"player_choice":"Purged","damage_taken":0,"max_hp_gain":0,"max_hp_loss":0,"event_name":"Purifier","floor":37,"gold_loss":0},{"damage_healed":0,"gold_gain":0,"player_choice":"Max HP","damage_taken":0,"max_hp_gain":0,"max_hp_loss":3,"event_name":"Winding Halls","floor":39,"gold_loss":0},{"damage_healed":0,"gold_gain":0,"player_choice":"Memory 3","damage_taken":10,"max_hp_gain":0,"max_hp_loss":0,"event_name":"SensoryStone","floor":41,"gold_loss":0},{"damage_healed":0,"gold_gain":0,"player_choice":"Gave Potion","damage_taken":0,"relics_obtained":["CeramicFish"],"max_hp_gain":0,"max_hp_loss":0,"event_name":"WeMeetAgain","floor":46,"gold_loss":0},{"damage_healed":0,"gold_gain":0,"player_choice":"Fight","damage_taken":0,"max_hp_gain":0,"max_hp_loss":0,"event_name":"Mysterious Sphere","floor":48,"gold_loss":0}],"is_beta":false,"boss_relics":[{"not_picked":["Tiny House","HoveringKite"],"picked":"Empty Cage"},{"not_picked":["Astrolabe","Busted Crown"],"picked":"SlaversCollar"}],"items_purged_floors":[0,19,45],"is_endless":false,"potions_floor_spawned":[3,11,21,22,31,33,35,48,54],"killed_by":"The Heart","ascension_level":2}}