{"host":"r2xhbz7xmd090pnn","time":1610224504,"event":{"mods":["2.2 Compatiblity","AchievementEnabler","BaseMod","Better Third Choice","Block Reminder","Card Forge","Dark Map","Downfall","Hermit","Marisa????????","Minty Spire (QoL Compilation)","Rare Cards Sparkle","Replay The Spire","StSLib","SuperFastMode","The Bug Knight","The Necromancer","The Runesmith","The Servant 0.9.4"],"gold_per_floor":[116,116,131,131,131,131,159,177,177,177,208,63,80,90,90,192,192,205,223,241,241,255,255,275,307,307,319,319,70,70,18,18,118,218,218],"floor_reached":34,"playtime":730,"items_purged":[],"score":427,"play_id":"a876c05a-fa78-48aa-972f-6951be39dde6","local_time":"20210109123504","is_ascension_mode":true,"campfire_choices":[{"floor":6,"key":"REST"},{"floor":10,"key":"REST"},{"floor":15,"key":"REST"},{"floor":23,"key":"REST"},{"floor":28,"key":"REST"},{"floor":30,"key":"REST"},{"floor":32,"key":"REST"}],"circlet_count":0,"master_deck":["Defend_G+1","Defend_G+1","Survivor+1","Neutralize+1","Fluid Movement+1","Dagger Throw+1","ReplayTheSpireMod:The Works+1","Catalyst+1","Hidden Blade+1","Blade Dance+1","Poisoned Stab+1","Blade Dance+1","Unload+1","Deflect+1","Masterful Stab+1","Bane+1","Finisher+1","Backstab+1","Backstab+1"],"relics":["Ring of the Snake","Hammer of Thor","Seething Fire","Anvil of the Gods","NeowsBlessing","Replay:Bottled Snecko","Smiling Mask","Bag of Marbles","Pantograph","Shuriken","TwistedFunnel","Painkiller Herb","betterThird:NestCultRelic","HollowMod:LifeEnderRelic","Meat on the Bone","ReplayTheSpireMod:CursedCoin","HollowMod:StagPassRelic","Replay:Baseball","Replay:Wanted Poster"],"acts_visited":["Exordium","TheCity","TheBeyond"],"potions_floor_usage":[16,16,25,27],"damage_taken":[{"damage":0,"enemies":"Jaw Worm","floor":1,"turns":1},{"damage":0,"enemies":"2 Louse","floor":3,"turns":1},{"damage":0,"enemies":"Gremlin Nob","floor":7,"turns":1},{"damage":0,"enemies":"Cultist","floor":8,"turns":4},{"damage":10,"enemies":"3 Sentries","floor":11,"turns":7},{"damage":0,"enemies":"Blue Slaver","floor":13,"turns":2},{"damage":0,"enemies":"Looter","floor":14,"turns":2},{"damage":33,"enemies":"The Guardian","floor":16,"turns":5},{"damage":0,"enemies":"Spheric Guardian","floor":18,"turns":2},{"damage":0,"enemies":"Shell Parasite","floor":19,"turns":2},{"damage":3,"enemies":"Cultist and Chosen","floor":20,"turns":2},{"damage":9,"enemies":"Snecko","floor":22,"turns":4},{"damage":7,"enemies":"Shelled Parasite and Fungi","floor":24,"turns":3},{"damage":27,"enemies":"Slavers","floor":25,"turns":4},{"damage":12,"enemies":"Centurion and Healer","floor":27,"turns":2},{"damage":40,"enemies":"Pondfish","floor":33,"turns":8}],"seed_played":"8881510906687877654","potions_obtained":[{"floor":1,"key":"Energy Potion"},{"floor":3,"key":"GamblersBrew"},{"floor":13,"key":"SpeedPotion"},{"floor":19,"key":"champ:CounterPotion"},{"floor":20,"key":"GhostInAJar"}],"is_trial":false,"path_per_floor":["M","?","M","?","?","R","E","M","T","R","E","$","M","M","R","B",null,"?","?","?","?","?","T","?","E","T","?","T","T","T","T","T","B",null],"character_chosen":"THE_SILENT","items_purchased":["TwistedFunnel","ReplayTheSpireMod:CursedCoin","HollowMod:StagPassRelic","Replay:Baseball","Backstab+1"],"campfire_rested":7,"item_purchase_floors":[12,29,29,29,31],"current_hp_per_floor":[70,70,70,43,43,64,64,64,64,70,60,60,60,60,70,37,70,70,70,67,67,58,70,63,36,36,36,57,57,70,70,70,42,70,70],"gold":218,"neow_bonus":"THREE_ENEMY_KILL","is_daily":false,"chose_seed":false,"campfire_upgraded":0,"win_rate":0.0,"timestamp":1610224504,"path_taken":["M","?","M","?","?","R","E","M","T","R","E","$","?","M","R","BOSS","?","?","?","?","?","T","?","E","T","?","T","T","T","T","T","BOSS"],"items_purchased_type":["Relic","Relic","Relic","Relic","Card"],"build_version":"2020-12-22","purchased_purges":0,"victory":false,"max_hp_per_floor":[70,70,70,70,70,70,70,70,70,70,70,70,70,70,70,70,70,70,70,70,70,70,70,70,70,70,70,70,70,70,70,70,70,70,70],"card_choices":[{"not_picked":["Acrobatics","Distraction"],"picked":"Fluid Movement","floor":1},{"not_picked":["Fluid Movement","Poisoned Stab"],"picked":"Dagger Throw","floor":3},{"not_picked":["ReplayTheSpireMod:Exploit Weakness","Dodge and Roll"],"picked":"Catalyst","floor":7},{"not_picked":["Sucker Punch","ReplayTheSpireMod:Necrosis"],"picked":"Hidden Blade","floor":8},{"not_picked":["Prepared","Outmaneuver"],"picked":"Blade Dance","floor":11},{"not_picked":["Flying Knee","Outmaneuver"],"picked":"Poisoned Stab","floor":13},{"not_picked":["Replay:Poison Smokescreen","ReplayTheSpireMod:Exploit Weakness"],"picked":"Blade Dance","floor":14},{"not_picked":["Night Terror","Malaise"],"picked":"Unload","floor":16},{"not_picked":["Dagger Spray","Sucker Punch"],"picked":"Deflect+1","floor":18},{"not_picked":["Noxious Fumes","ReplayTheSpireMod:Exploit Weakness"],"picked":"Masterful Stab","floor":19},{"not_picked":["Well Laid Plans","Finisher+1"],"picked":"Bane","floor":20},{"not_picked":["Heel Hook","Hidden Blade","Dodge and Roll"],"picked":"SKIP","floor":22},{"not_picked":["Toxin Wave","Poisoned Stab"],"picked":"Finisher+1","floor":24},{"not_picked":["Sucker Punch","Bouncing Flask","Dagger Throw"],"picked":"SKIP","floor":25},{"not_picked":["Bane","Deadly Poison"],"picked":"Backstab","floor":27}],"player_experience":8652,"relics_obtained":[{"floor":7,"key":"Bag of Marbles"},{"floor":9,"key":"Pantograph"},{"floor":11,"key":"Shuriken"},{"floor":25,"key":"HollowMod:LifeEnderRelic"},{"floor":26,"key":"Meat on the Bone"}],"event_choices":[{"damage_healed":0,"gold_gain":0,"cards_transformed":["WaveOfTheHand"],"player_choice":"Transformed","damage_taken":0,"max_hp_gain":0,"max_hp_loss":0,"event_name":"Transmorgrifier","floor":5,"gold_loss":0,"cards_obtained":["ReplayTheSpireMod:The Works"]},{"damage_healed":0,"gold_gain":0,"player_choice":"Madness","damage_taken":0,"relics_obtained":["betterThird:NestCultRelic"],"max_hp_gain":0,"max_hp_loss":0,"event_name":"betterThird:BetterNest","floor":21,"gold_loss":0}],"is_beta":false,"boss_relics":[{"not_picked":["ChewingGum","ReplayTheSpireMod:DimensionalGlitch"],"picked":"Painkiller Herb"},{"not_picked":["Black Star","Philosopher\u0027s Stone"],"picked":"Replay:Wanted Poster"}],"items_purged_floors":[],"is_endless":false,"potions_floor_spawned":[1,3,13,14,19,20,24],"ascension_level":1}}