{"host":"oy4pyvr762z5n0bb","time":1610151766,"event":{"mods":["AchievementEnabler","BaseMod","Colored Map","Colored Powertips","Googly Eyes","Key Reminder","Minty Spire (QoL Compilation)","Quick Restart","Relic Sorter","Slay the Relics Exporter","StSLib","SuperFastMode","Unceasing Turn Reminder","slay the spire mod where everything is the same but ironclad has a cowboy hat"],"gold_per_floor":[11,11,11,11,30,30,46,46,73,73,109,109,184,222,222,348,348,372,372,392,29,29,29,65,65,65,65,88,88,187,202,202,330,330,345,361,361,2,65,65,83,83,83,119,19,19,54,72,72,72],"floor_reached":51,"playtime":1011,"items_purged":["Strike_R","Strike_R"],"score":1048,"play_id":"6c0be6b6-7195-4808-9451-68cdcfb696e1","local_time":"20210108162246","is_ascension_mode":true,"campfire_choices":[{"data":"Uppercut","floor":6,"key":"SMITH"},{"data":"Bash","floor":8,"key":"SMITH"},{"data":"Headbutt","floor":10,"key":"SMITH"},{"data":"Dropkick","floor":12,"key":"SMITH"},{"floor":15,"key":"REST"},{"floor":23,"key":"REST"},{"floor":25,"key":"REST"},{"data":"Limit Break","floor":29,"key":"SMITH"},{"data":"Brutality","floor":32,"key":"SMITH"},{"floor":40,"key":"REST"},{"data":"Limit Break","floor":42,"key":"SMITH"},{"floor":49,"key":"REST"}],"circlet_count":0,"master_deck":["Strike_R","Defend_R","Defend_R","Defend_R","Defend_R","Bash+1","Uppercut+1","Headbutt+1","Pommel Strike","Dropkick+1","Clothesline","Brutality+1","Blood for Blood+1","True Grit","Limit Break+1","Dropkick+1","Cleave","True Grit","Limit Break+1","Warcry+1","Shrug It Off","Pummel","Battle Trance+1"],"relics":["Burning Blood","Golden Idol","Centennial Puzzle","Oddly Smooth Stone","WingedGreaves","Sundial","Runic Cube","MutagenicStrength","ClockworkSouvenir","Gremlin Horn","Orichalcum","Busted Crown","Torii","Mango","Letter Opener","Anchor","Shuriken"],"acts_visited":["Exordium","TheCity","TheBeyond"],"potions_floor_usage":[33,44,44,50,50],"damage_taken":[{"damage":4,"enemies":"Small Slimes","floor":1,"turns":4},{"damage":4,"enemies":"2 Louse","floor":5,"turns":3},{"damage":1,"enemies":"Cultist","floor":7,"turns":3},{"damage":8,"enemies":"Gremlin Nob","floor":11,"turns":3},{"damage":30,"enemies":"Lagavulin","floor":14,"turns":5},{"damage":29,"enemies":"The Guardian","floor":16,"turns":12},{"damage":31,"enemies":"Shell Parasite","floor":18,"turns":6},{"damage":4,"enemies":"Chosen","floor":20,"turns":4},{"damage":35,"enemies":"Slavers","floor":24,"turns":4},{"damage":14,"enemies":"Centurion and Healer","floor":28,"turns":3},{"damage":2,"enemies":"3 Cultists","floor":31,"turns":3},{"damage":66,"enemies":"Automaton","floor":33,"turns":7},{"damage":13,"enemies":"Orb Walker","floor":35,"turns":3},{"damage":35,"enemies":"3 Darklings","floor":36,"turns":3},{"damage":3,"enemies":"Mind Bloom Boss Battle","floor":39,"turns":4},{"damage":28,"enemies":"Spire Growth","floor":41,"turns":3},{"damage":16,"enemies":"Reptomancer","floor":44,"turns":3},{"damage":21,"enemies":"Nemesis","floor":47,"turns":5},{"damage":23,"enemies":"4 Shapes","floor":48,"turns":2},{"damage":48,"enemies":"Donu and Deca","floor":50,"turns":5}],"seed_played":"-385933798589558459","potions_obtained":[{"floor":1,"key":"Block Potion"},{"floor":5,"key":"SpeedPotion"},{"floor":16,"key":"SteroidPotion"},{"floor":41,"key":"DuplicationPotion"},{"floor":44,"key":"GamblersBrew"},{"floor":47,"key":"GamblersBrew"}],"is_trial":false,"path_per_floor":["M","?","?","?","M","R","M","R","T","R","E","R","?","E","R","B",null,"M","?","M","$","?","R","E","R","T","$","M","R","?","M","R","B",null,"M","M","?","$","?","R","M","R","T","E","$","?","E","M","R","B",null],"character_chosen":"IRONCLAD","items_purchased":["ClockworkSouvenir","Limit Break","Torii","Shrug It Off"],"campfire_rested":5,"item_purchase_floors":[21,21,38,38],"current_hp_per_floor":[90,66,54,54,56,56,61,61,61,61,59,59,48,24,52,29,79,54,54,56,56,56,84,55,83,83,83,75,75,75,79,79,19,77,70,41,41,41,58,91,69,69,69,59,59,59,44,27,60,18],"gold":72,"neow_bonus":"TWENTY_PERCENT_HP_BONUS","is_daily":false,"chose_seed":false,"campfire_upgraded":7,"win_rate":0.0,"timestamp":1610151766,"path_taken":["M","?","?","?","M","R","?","R","T","R","E","R","?","E","R","BOSS","M","?","M","$","?","R","E","R","T","$","?","R","?","M","R","BOSS","M","M","?","$","?","R","M","R","T","E","$","?","E","M","R","BOSS"],"items_purchased_type":["Relic","Card","Relic","Card"],"build_version":"2020-12-22","purchased_purges":2,"victory":true,"max_hp_per_floor":[96,96,96,96,96,96,96,96,96,96,96,96,96,96,96,96,96,96,96,96,96,96,96,96,96,96,96,96,96,96,96,96,96,96,96,96,96,96,110,110,110,110,110,110,110,110,110,110,110,110],"card_choices":[{"not_picked":["Body Slam","Blood for Blood"],"picked":"Uppercut","floor":1},{"not_picked":["Iron Wave","Feel No Pain"],"picked":"Headbutt","floor":5},{"not_picked":["Twin Strike","Sword Boomerang"],"picked":"Pommel Strike","floor":7},{"not_picked":["Searing Blow","Whirlwind"],"picked":"Dropkick","floor":11},{"not_picked":["Flex","Cleave"],"picked":"Clothesline","floor":14},{"not_picked":["Limit Break","Barricade"],"picked":"Brutality","floor":16},{"not_picked":["Flex","Evolve"],"picked":"Blood for Blood+1","floor":18},{"not_picked":["Sword Boomerang","Warcry"],"picked":"True Grit","floor":20},{"not_picked":["Pommel Strike+1","Clash"],"picked":"Cleave","floor":24},{"not_picked":["Carnage","Twin Strike"],"picked":"True Grit","floor":28},{"not_picked":["Infernal Blade","Havoc","Entrench"],"picked":"SKIP","floor":31},{"not_picked":["Offering","Feed"],"picked":"Limit Break","floor":33},{"not_picked":["Uppercut+1"],"picked":"SKIP","floor":35},{"not_picked":[],"picked":"Warcry+1","floor":36},{"not_picked":[],"picked":"Pummel","floor":39},{"not_picked":[],"picked":"Battle Trance+1","floor":41},{"not_picked":["Searing Blow+1"],"picked":"SKIP","floor":44},{"not_picked":["Thunderclap+1"],"picked":"SKIP","floor":47},{"not_picked":["Carnage+1"],"picked":"SKIP","floor":48}],"player_experience":721719,"relics_obtained":[{"floor":9,"key":"Oddly Smooth Stone"},{"floor":11,"key":"WingedGreaves"},{"floor":14,"key":"Sundial"},{"floor":24,"key":"Gremlin Horn"},{"floor":26,"key":"Orichalcum"},{"floor":39,"key":"Mango"},{"floor":43,"key":"Letter Opener"},{"floor":44,"key":"Anchor"},{"floor":47,"key":"Shuriken"}],"event_choices":[{"damage_healed":0,"gold_gain":0,"player_choice":"Take Damage","damage_taken":24,"relics_obtained":["Golden Idol"],"max_hp_gain":0,"max_hp_loss":0,"event_name":"Golden Idol","floor":2,"gold_loss":0},{"damage_healed":0,"gold_gain":0,"player_choice":"Success","damage_taken":12,"relics_obtained":["Centennial Puzzle"],"max_hp_gain":0,"max_hp_loss":0,"event_name":"Scrap Ooze","floor":3,"gold_loss":0},{"cards_removed":["Strike_R"],"damage_healed":0,"gold_gain":0,"player_choice":"Purged","damage_taken":0,"max_hp_gain":0,"max_hp_loss":0,"event_name":"Purifier","floor":4,"gold_loss":0},{"damage_healed":0,"gold_gain":75,"player_choice":"Gather Gold","damage_taken":11,"max_hp_gain":0,"max_hp_loss":0,"event_name":"World of Goop","floor":13,"gold_loss":0},{"damage_healed":0,"gold_gain":0,"player_choice":"Inject Mutagens","damage_taken":0,"relics_obtained":["MutagenicStrength"],"max_hp_gain":0,"max_hp_loss":0,"event_name":"Drug Dealer","floor":19,"gold_loss":0},{"damage_healed":0,"gold_gain":0,"player_choice":"Copied","damage_taken":0,"max_hp_gain":0,"max_hp_loss":0,"event_name":"Duplicator","floor":22,"gold_loss":0,"cards_obtained":["Dropkick"]},{"damage_healed":0,"gold_gain":99,"player_choice":"Stole From Cult","damage_taken":0,"max_hp_gain":0,"max_hp_loss":0,"event_name":"Nest","floor":30,"gold_loss":0},{"damage_healed":0,"gold_gain":0,"player_choice":"Ignored","damage_taken":0,"max_hp_gain":0,"max_hp_loss":0,"event_name":"Tomb of Lord Red Mask","floor":37,"gold_loss":0},{"damage_healed":0,"gold_gain":0,"player_choice":"Fight","damage_taken":0,"max_hp_gain":0,"max_hp_loss":0,"event_name":"MindBloom","floor":39,"gold_loss":0},{"cards_removed":["Strike_R"],"damage_healed":0,"gold_gain":0,"player_choice":"Removed Attack","damage_taken":0,"max_hp_gain":0,"max_hp_loss":0,"event_name":"Falling","floor":46,"gold_loss":0}],"is_beta":false,"boss_relics":[{"not_picked":["Sozu","Black Star"],"picked":"Runic Cube"},{"not_picked":["SacredBark","Velvet Choker"],"picked":"Busted Crown"}],"items_purged_floors":[21,45],"is_endless":false,"potions_floor_spawned":[1,5,16,18,24,41,44,47],"ascension_level":7}}