{"host":"w7o06k3e8uel8euj","time":1610202595,"event":{"mods":["AchievementEnabler","BaseMod","Colored Powertips","Custom Start","DeckTracker","Keyboard Shortcuts","Minty Spire (QoL Compilation)","Quick Restart","Relic Stats","StSLib","SuperFastMode","everything is the same but u backflip on backflip"],"gold_per_floor":[114,134,134,153,103,134,209,221,221,221,103,137,8,24,24,124,124,140,158,178,191,141,141,174,174,199,199,210,39,68,96,96,199,199,219,267,267,284,301,333,344,344,344,369,385,418,438,450,450,450,450,450,129,161,161],"floor_reached":56,"playtime":1953,"items_purged":["Strike_G","Dagger Throw","Night Terror","Noxious Fumes"],"score":2187,"play_id":"364dd957-0079-4bb2-9dd3-a20bfd9c4566","local_time":"20210109232955","is_ascension_mode":true,"campfire_choices":[{"data":"Blade Dance","floor":10.0,"key":"SMITH"},{"data":"Blade Dance","floor":15.0,"key":"SMITH"},{"data":"Bullet Time","floor":23.0,"key":"SMITH"},{"data":"Blade Dance","floor":25.0,"key":"SMITH"},{"data":"Cloak And Dagger","floor":32.0,"key":"SMITH"},{"data":"Cloak And Dagger","floor":42,"key":"SMITH"},{"floor":49,"key":"RECALL"},{"data":"Cloak And Dagger","floor":52,"key":"SMITH"}],"circlet_count":0,"master_deck":["AscendersBane","Survivor","Neutralize+1","Blade Dance+1","Finisher","Backstab+1","Blade Dance+1","Blade Dance+1","Crippling Poison","Adrenaline","Escape Plan","Bullet Time+1","Crippling Poison","Cloak And Dagger+1","Backflip+1","Cloak And Dagger+1","Master of Strategy","Adrenaline","Dodge and Roll","Deflect","Cloak And Dagger+1","Footwork+1","Accuracy","Terror"],"relics":["Ring of the Snake","NeowsBlessing","Vajra","Smiling Mask","Question Card","Membership Card","Kunai","Pandora\u0027s Box","StrikeDummy","Red Mask","Gremlin Horn","Cursed Key","Toy Ornithopter","Letter Opener","Whetstone","Bag of Preparation","Gambling Chip","Sundial"],"acts_visited":["Exordium","TheCity","TheBeyond","TheEnding"],"potions_floor_usage":[39,55],"damage_taken":[{"damage":0.0,"enemies":"2 Louse","floor":1.0,"turns":1.0},{"damage":0.0,"enemies":"Cultist","floor":2.0,"turns":1.0},{"damage":0.0,"enemies":"Jaw Worm","floor":4.0,"turns":1.0},{"damage":31.0,"enemies":"Lagavulin","floor":6.0,"turns":7.0},{"damage":0.0,"enemies":"2 Fungi Beasts","floor":8.0,"turns":2.0},{"damage":0.0,"enemies":"Gremlin Nob","floor":12.0,"turns":1.0},{"damage":2.0,"enemies":"Lots of Slimes","floor":14.0,"turns":3.0},{"damage":2.0,"enemies":"Hexaghost","floor":16.0,"turns":8.0},{"damage":0.0,"enemies":"Shell Parasite","floor":18.0,"turns":1.0},{"damage":4.0,"enemies":"3 Byrds","floor":19.0,"turns":3.0},{"damage":20.0,"enemies":"Sentry and Sphere","floor":20.0,"turns":4.0},{"damage":6.0,"enemies":"Snake Plant","floor":21.0,"turns":5.0},{"damage":10.0,"enemies":"Slavers","floor":24.0,"turns":4.0},{"damage":0.0,"enemies":"Chosen and Byrds","floor":28.0,"turns":3.0},{"damage":0.0,"enemies":"Masked Bandits","floor":30.0,"turns":3.0},{"damage":0.0,"enemies":"Book of Stabbing","floor":31.0,"turns":3.0},{"damage":0,"enemies":"Automaton","floor":33,"turns":5},{"damage":0,"enemies":"3 Darklings","floor":35,"turns":2},{"damage":2,"enemies":"2 Orb Walkers","floor":36,"turns":3},{"damage":0,"enemies":"Orb Walker","floor":38,"turns":1},{"damage":0,"enemies":"Transient","floor":39,"turns":5},{"damage":0,"enemies":"Reptomancer","floor":40,"turns":2},{"damage":0,"enemies":"Spire Growth","floor":41,"turns":3},{"damage":9,"enemies":"Giant Head","floor":44,"turns":3},{"damage":0,"enemies":"Sphere and 2 Shapes","floor":45,"turns":3},{"damage":0,"enemies":"Reptomancer","floor":46,"turns":3},{"damage":9,"enemies":"Writhing Mass","floor":47,"turns":3},{"damage":0,"enemies":"4 Shapes","floor":48,"turns":1},{"damage":1,"enemies":"Awakened One","floor":50,"turns":12},{"damage":0,"enemies":"Shield and Spear","floor":54,"turns":5},{"damage":50,"enemies":"The Heart","floor":55,"turns":8}],"seed_played":"-7312636414666113927","potions_obtained":[{"floor":2.0,"key":"SpeedPotion"},{"floor":6.0,"key":"SpeedPotion"},{"floor":20.0,"key":"DuplicationPotion"},{"floor":21.0,"key":"DistilledChaos"},{"floor":31.0,"key":"Ancient Potion"},{"floor":33,"key":"FairyPotion"},{"floor":39,"key":"Fruit Juice"},{"floor":44,"key":"Swift Potion"}],"is_trial":false,"path_per_floor":["M","M","?","M","?","E","?","M","T","R","$","E","$","M","R","B",null,"M","M","M","M","$","R","E","R","T","?","M","$","?","E","R","B",null,"M","?","?","M","M","E","M","R","T","E","M","E","M","M","R","B",null,"R","$","E","B",null],"character_chosen":"THE_SILENT","items_purchased":["Noxious Fumes","Membership Card","Kunai","Cloak And Dagger","Master of Strategy","Accuracy","Bag of Preparation","Terror","Gambling Chip"],"campfire_rested":0,"item_purchase_floors":[11,13,13,29,29,53,53,53,53],"current_hp_per_floor":[63,63,63,63,63,32,25,25,25,25,25,25,25,23,23,21,58,58,54,34,28,28,28,18,18,18,18,18,18,18,18,18,18,57,57,55,55,55,60,60,60,60,60,51,51,51,42,42,42,41,67,67,67,67,22],"gold":161,"neow_bonus":"THREE_ENEMY_KILL","is_daily":false,"chose_seed":false,"campfire_upgraded":7,"win_rate":0.0,"timestamp":1610202595,"path_taken":["M","M","?","?","?","E","?","M","T","R","$","E","$","M","R","BOSS","M","M","?","M","$","R","E","R","T","?","M","$","?","E","R","BOSS","M","?","?","M","?","E","M","R","T","E","M","E","M","M","R","BOSS","R","$","E","BOSS"],"items_purchased_type":["Card","Relic","Relic","Card","Card","Card","Relic","Card","Relic"],"build_version":"2020-12-22","purchased_purges":4,"victory":true,"max_hp_per_floor":[70,70,70,70,70,70,70,70,70,70,70,70,70,70,70,70,70,70,70,70,70,70,70,70,70,70,70,70,70,70,70,70,70,70,70,70,70,70,75,75,75,75,75,75,75,75,75,75,75,75,75,75,75,75,75],"relic_stats":{"Gremlin Horn":[11,21],"counters":[31,109],"Bag of Preparation":[4],"Letter Opener":[393],"Whetstone":["Neutralize","Backstab"],"Smiling Mask":63,"Question Card":23,"Cursed Key":0,"Sundial":[2],"Gambling Chip":[1],"Pandora\u0027s Box":["Escape Plan","Quick Slash","Dagger Throw","Bullet Time","Crippling Poison","Night Terror","Outmaneuver"],"Kunai":[199],"obtain_stats":[{"NeowsBlessing":0,"Gremlin Horn":31,"Vajra":6,"Bag of Preparation":53,"Letter Opener":44,"Whetstone":46,"Smiling Mask":9,"Question Card":12,"Cursed Key":34,"Sundial":54,"Gambling Chip":53,"Pandora\u0027s Box":17,"Red Mask":30,"Membership Card":13,"Kunai":13,"StrikeDummy":24,"Toy Ornithopter":40,"Ring of the Snake":0},{"NeowsBlessing":0,"Gremlin Horn":16,"Vajra":4,"Bag of Preparation":29,"Letter Opener":24,"Whetstone":26,"Smiling Mask":5,"Question Card":6,"Cursed Key":17,"Sundial":30,"Gambling Chip":29,"Pandora\u0027s Box":8,"Red Mask":15,"Membership Card":6,"Kunai":6,"StrikeDummy":13,"Toy Ornithopter":22,"Ring of the Snake":0},{"NeowsBlessing":0,"Gremlin Horn":50,"Vajra":10,"Bag of Preparation":96,"Letter Opener":74,"Whetstone":80,"Smiling Mask":12,"Question Card":13,"Cursed Key":55,"Sundial":101,"Gambling Chip":96,"Pandora\u0027s Box":24,"Red Mask":47,"Membership Card":13,"Kunai":13,"StrikeDummy":41,"Toy Ornithopter":68,"Ring of the Snake":0}],"Toy Ornithopter":5,"Ring of the Snake":[62]},"card_choices":[{"not_picked":["Quick Slash","Cloak And Dagger"],"picked":"Blade Dance","floor":1.0},{"not_picked":["Infinite Blades","Quick Slash"],"picked":"Finisher","floor":2.0},{"not_picked":["Slice","Underhanded Strike"],"picked":"Backstab","floor":4.0},{"not_picked":["Dodge and Roll","Well Laid Plans"],"picked":"Blade Dance","floor":6.0},{"not_picked":["Predator","Flying Knee"],"picked":"Blade Dance","floor":8.0},{"not_picked":["Slice","Endless Agony","Dagger Throw"],"picked":"SKIP","floor":12.0},{"not_picked":["Catalyst","Bane","Backflip"],"picked":"Crippling Poison","floor":14.0},{"not_picked":["Phantasmal Killer","Corpse Explosion","Venomology"],"picked":"Adrenaline","floor":16.0},{"not_picked":["PiercingWail","Dagger Spray+1","Tactician"],"picked":"Cloak And Dagger","floor":18.0},{"not_picked":["Outmaneuver","Poisoned Stab","Prepared","Well Laid Plans"],"picked":"SKIP","floor":19.0},{"not_picked":["Outmaneuver","Dodge and Roll","Underhanded Strike","Setup"],"picked":"SKIP","floor":20.0},{"not_picked":["Blade Dance","Distraction","Expertise","Setup"],"picked":"SKIP","floor":21.0},{"not_picked":["Endless Agony","Storm of Steel","Die Die Die"],"picked":"Backflip+1","floor":24.0},{"not_picked":["Backflip+1","Slice","Dagger Spray+1","PiercingWail"],"picked":"SKIP","floor":28.0},{"not_picked":["Tactician","PiercingWail","Malaise","Masterful Stab+1"],"picked":"SKIP","floor":31.0},{"not_picked":["Glass Knife","Burst","Doppelganger"],"picked":"Adrenaline","floor":33},{"not_picked":["Distraction","PiercingWail","Slice","Deflect"],"picked":"SKIP","floor":35},{"not_picked":["PiercingWail","Blade Dance","Choke+1","Deadly Poison+1"],"picked":"SKIP","floor":38},{"not_picked":["Skewer+1","Outmaneuver+1","Tools of the Trade"],"picked":"Dodge and Roll","floor":39},{"not_picked":["Backflip","Bouncing Flask","Acrobatics","Leg Sweep+1"],"picked":"SKIP","floor":40},{"not_picked":["Crippling Poison+1","Dagger Spray+1","Well Laid Plans","Deadly Poison+1"],"picked":"SKIP","floor":41},{"not_picked":["Flying Knee+1","PiercingWail","Backflip"],"picked":"Deflect","floor":44},{"not_picked":["Noxious Fumes","Distraction","Blade Dance+1","Deflect"],"picked":"SKIP","floor":45},{"not_picked":["Concentrate","Deflect","Choke+1"],"picked":"Cloak And Dagger","floor":46},{"not_picked":["Sucker Punch","Deadly Poison","PiercingWail"],"picked":"Footwork+1","floor":47},{"not_picked":["Underhanded Strike","Deflect","Outmaneuver","Dagger Throw"],"picked":"SKIP","floor":48},{"not_picked":["Envenom","Sucker Punch+1","Poisoned Stab","Underhanded Strike"],"picked":"SKIP","floor":54}],"player_experience":580246,"relics_obtained":[{"floor":6.0,"key":"Vajra"},{"floor":9.0,"key":"Smiling Mask"},{"floor":12.0,"key":"Question Card"},{"floor":24.0,"key":"StrikeDummy"},{"floor":30.0,"key":"Red Mask"},{"floor":31.0,"key":"Gremlin Horn"},{"floor":40,"key":"Toy Ornithopter"},{"floor":44,"key":"Letter Opener"},{"floor":46,"key":"Whetstone"},{"floor":54,"key":"Sundial"}],"event_choices":[{"cards_removed":["Strike_G"],"damage_healed":0.0,"max_hp_gain":0.0,"max_hp_loss":0.0,"gold_gain":0.0,"event_name":"Bonfire Elementals","player_choice":"Offered Basic","floor":3.0,"gold_loss":0.0,"damage_taken":0.0},{"cards_removed":["Strike_G"],"damage_healed":0.0,"max_hp_gain":0.0,"max_hp_loss":0.0,"gold_gain":0.0,"event_name":"The Cleric","player_choice":"Card Removal","floor":5.0,"gold_loss":50.0,"damage_taken":0.0},{"damage_healed":0.0,"max_hp_gain":0.0,"max_hp_loss":0.0,"gold_gain":75.0,"event_name":"FaceTrader","player_choice":"Touch","floor":7.0,"gold_loss":0.0,"damage_taken":7.0},{"cards_removed":["Outmaneuver"],"damage_healed":0.0,"max_hp_gain":0.0,"max_hp_loss":0.0,"gold_gain":0.0,"event_name":"Back to Basics","player_choice":"Elegance","floor":27.0,"gold_loss":0.0,"damage_taken":0.0},{"damage_healed":0.0,"max_hp_gain":0.0,"max_hp_loss":0.0,"gold_gain":0.0,"event_name":"Masked Bandits","player_choice":"Fought Bandits","floor":30.0,"gold_loss":0.0,"damage_taken":0.0},{"damage_healed":0,"gold_gain":0,"player_choice":"Fight","damage_taken":0,"max_hp_gain":0,"max_hp_loss":0,"event_name":"Mysterious Sphere","floor":36,"gold_loss":0},{"cards_removed":["Quick Slash"],"damage_healed":0,"gold_gain":0,"player_choice":"Purged","damage_taken":0,"max_hp_gain":0,"max_hp_loss":0,"event_name":"Purifier","floor":37,"gold_loss":0}],"is_beta":false,"boss_relics":[{"not_picked":["Fusion Hammer","Busted Crown"],"picked":"Pandora\u0027s Box"},{"not_picked":["Ring of the Serpent","Snecko Eye"],"picked":"Cursed Key"}],"items_purged_floors":[11,22,29,53],"is_endless":false,"potions_floor_spawned":[2,6,8,14,20,21,24,31,33,38,39,44,47,48,54],"ascension_level":12}}