{"host":"6749gst1gzuv21qf","time":1610218492,"event":{"mods":["Aspiration","BaseMod","Better Altar","Better Match","Better Note","Better Sensory Stone","Better Skull","Better Third Choice","BetterRewards","Colored Map","Colored Powertips","Downfall","Highlight Path","Minty Spire (QoL Compilation)","Permanent Neow","Replay The Spire","Shop Mod","Spicy Shops","StSLib","The Cursed","Wandering Minibosses"],"gold_per_floor":[99,79,94,108,119,119,119,119,131,68,68,101,101,56,74,179,179,179,190,190,190,31,63,63,38,38,38],"floor_reached":25,"playtime":1819,"items_purged":["Slimebound:Defend_Slimebound"],"score":219,"play_id":"868525fc-c181-4206-8d11-391c2d5c8691","local_time":"20210109135452","is_ascension_mode":false,"campfire_choices":[{"floor":1,"key":"DIG"},{"floor":13,"key":"RECALL"},{"data":"Injury","floor":18,"key":"PURGE"}],"circlet_count":0,"master_deck":["Slimebound:Strike_Slimebound","Slimebound:Strike_Slimebound","Slimebound:Strike_Slimebound","Slimebound:Defend_Slimebound","Slimebound:Defend_Slimebound","Slimebound:Defend_Slimebound","Slimebound:Split+1","Slimebound:CorrosiveSpit","Slimebound:RallyTheTroops","Slimebound:SplitMire","Slimebound:SplitMire","Slimebound:SplitLeeching","Slimebound:SplitAcid","Slimebound:SplitLeeching","Slimebound:MassFeed","Slimebound:ServeAndProtect+1","Slimebound:SplitSpecialist","Slimebound:SplitAcid"],"relics":["Slimebound:AbsorbEndCombat","Boot","Frozen Egg 2","Slimebound:TarBlob","Replay:Kaleidoscope","Ice Cream"],"acts_visited":["Exordium","TheCity"],"potions_floor_usage":[16,16,16,23],"damage_taken":[{"damage":13,"enemies":"Jaw Worm","floor":2,"turns":5},{"damage":16,"enemies":"Small Slimes","floor":3,"turns":3},{"damage":9,"enemies":"Cultist","floor":4,"turns":3},{"damage":12,"enemies":"3 Louse","floor":5,"turns":3},{"damage":36,"enemies":"Large Slime","floor":9,"turns":4},{"damage":18,"enemies":"downfall:FleeingMerchant","floor":10,"turns":4},{"damage":45,"enemies":"Lagavulin","floor":12,"turns":5},{"damage":45,"enemies":"downfall:FleeingMerchant","floor":14,"turns":6},{"damage":24,"enemies":"Gremlin Gang","floor":15,"turns":3},{"damage":75,"enemies":"downfall:Watcher","floor":16,"turns":8},{"damage":42,"enemies":"Chosen","floor":19,"turns":4},{"damage":50,"enemies":"downfall:FleeingMerchant","floor":22,"turns":4},{"damage":90,"enemies":"Replay:Snechameleon","floor":23,"turns":6},{"damage":59,"enemies":"Spheric Guardian","floor":25,"turns":3}],"seed_played":"6948933203551124118","potions_obtained":[{"floor":2,"key":"SkillPotion"},{"floor":9,"key":"Weak Potion"},{"floor":12,"key":"Explosive Potion"},{"floor":16,"key":"FearPotion"},{"floor":23,"key":"Block Potion"}],"is_trial":false,"path_per_floor":["R_BF","M","M","M","M","?","T","?","M","$","?","E","R","$","M","B",null,"R_BF","M","?","?","$","E","T","M"],"character_chosen":"SLIMEBOUND","items_purchased":["Slimebound:SplitAcid","Slimebound:SplitAcid"],"campfire_rested":0,"item_purchase_floors":[10,22],"current_hp_per_floor":[60,58,52,60,56,56,56,56,48,58,58,47,47,50,50,27,60,60,58,58,58,60,32,32,0,0,0],"gold":38,"neow_bonus":"ONE_RANDOM_RARE_CARD","is_daily":false,"chose_seed":false,"campfire_upgraded":0,"win_rate":0.0,"timestamp":1610218492,"path_taken":["R_BF","M","M","M","M","?","T","?","?","$","?","E","R","$","M","BOSS","R_BF","M","?","?","$","E","T","?"],"items_purchased_type":["Card","Card"],"build_version":"2020-12-22","purchased_purges":1,"victory":false,"max_hp_per_floor":[60,60,60,60,60,60,60,60,60,60,60,60,60,60,60,60,60,60,60,60,60,60,60,60,60,60,60],"card_choices":[{"not_picked":["Slimebound:HauntingLick","Slimebound:Schlurp"],"picked":"Slimebound:SplitMire","floor":2},{"not_picked":["Slimebound:BestDefense","Slimebound:Schlurp","Slimebound:Chomp"],"picked":"SKIP","floor":3},{"not_picked":["Slimebound:HungryTackle","Slimebound:GoopTackle","Slimebound:SamplingLick"],"picked":"SKIP","floor":4},{"not_picked":["Slimebound:ViciousTackle","Slimebound:Grow"],"picked":"Slimebound:SplitMire","floor":5},{"not_picked":["Slimebound:GoopSpray","Slimebound:FirmFortitude","Slimebound:LeechingTouch"],"picked":"SKIP","floor":9},{"not_picked":["Slimebound:GrowthPunch","Slimebound:SamplingLick"],"picked":"Slimebound:SplitLeeching","floor":10},{"not_picked":["Slimebound:TongueLash","Slimebound:RejuvenatingLick","Slimebound:SlimeSpikes"],"picked":"SKIP","floor":12},{"not_picked":["Slimebound:ComboTackle","Slimebound:GrowthPunch","Slimebound:ItLooksTasty"],"picked":"SKIP","floor":14},{"not_picked":["Slimebound:RainOfGoop","Slimebound:RejuvenatingLick"],"picked":"Slimebound:SplitLeeching","floor":15},{"not_picked":["Slimebound:SlimeSlap","Slimebound:OozeBath"],"picked":"Slimebound:MassFeed","floor":16},{"not_picked":["Slimebound:LivingWall","Slimebound:LeechingTouch"],"picked":"Slimebound:ServeAndProtect+1","floor":19},{"not_picked":["Slimebound:Schlurp","Slimebound:ComboTackle","Slimebound:SplitMire"],"picked":"SKIP","floor":22},{"not_picked":["Slimebound:HauntingLick","Slimebound:PressTheAttack+1","Slimebound:Nibble"],"picked":"SKIP","floor":23}],"player_experience":590225,"relics_obtained":[{"floor":1,"key":"TungstenRod"},{"floor":8,"key":"Boot"},{"floor":12,"key":"Slimebound:AggressiveSlimeRelic"},{"floor":23,"key":"Replay:Kaleidoscope"},{"floor":24,"key":"Ice Cream"}],"event_choices":[{"damage_healed":0,"gold_gain":0,"player_choice":"Relic","damage_taken":0,"max_hp_gain":0,"max_hp_loss":0,"event_name":"Wheel of Change","floor":8,"gold_loss":0},{"damage_healed":0,"gold_gain":0,"cards_transformed":["Slimebound:Tackle"],"player_choice":"Transformed","damage_taken":0,"max_hp_gain":0,"max_hp_loss":0,"event_name":"Transmorgrifier","floor":20,"gold_loss":0,"cards_obtained":["Slimebound:SplitSpecialist"]},{"damage_healed":0,"gold_gain":0,"player_choice":"Upgraded","damage_taken":0,"max_hp_gain":0,"max_hp_loss":0,"event_name":"Upgrade Shrine","floor":21,"gold_loss":0,"cards_upgraded":["Slimebound:Split"]}],"is_beta":false,"boss_relics":[{"not_picked":["aspiration:DefectSkillbook","Replay:Bronze Core"],"picked":"Slimebound:TarBlob"}],"items_purged_floors":[22],"is_endless":false,"potions_floor_spawned":[2,9,12,16,23],"killed_by":"Spheric Guardian","ascension_level":0}}