{"host":"nkolxg4se00n20yf","time":1610229044,"event":{"mods":["BaseMod","CatGirl Mod","Chen","Colored Map","Colored Powertips","Downfall","Friendly Minions","Infinite Spire","Kiyohime????","Marisa????????","Minty Spire (QoL Compilation)","StSLib","Td1madao Mod","The Administrix","The Cursed","The Exalted","The Hierophant","The Servant 0.9.4"],"gold_per_floor":[119,138,154,166,179,207,207,234,234,234,77,92,147,180,180,180,180],"floor_reached":16,"playtime":563,"items_purged":[],"score":244,"play_id":"f4051e12-0d3e-40b1-ac3e-7986d335db75","local_time":"20210109225044","is_ascension_mode":true,"campfire_choices":[{"floor":7.0,"key":"REST"},{"data":"Carnage","floor":10.0,"key":"SMITH"},{"data":"Pommel Strike","floor":15.0,"key":"SMITH"}],"circlet_count":0,"master_deck":["AscendersBane","Strike_R","Strike_R","Strike_R","Strike_R","Strike_R","Defend_R","Defend_R","Defend_R","Defend_R","Bash","Pommel Strike+1","Twin Strike","Metallicize","Carnage+1","Sword Boomerang","Metallicize","Impervious","Shrug It Off","Wild Strike","Iron Wave"],"relics":["Burning Blood","Pen Nib","Art of War","Turnip","Bromod:ArcanePistoleer","Vajra","Peace Pipe","Frozen Egg 2"],"acts_visited":["Exordium"],"potions_floor_usage":[],"damage_taken":[{"damage":7.0,"enemies":"Cultist","floor":1.0,"turns":4.0},{"damage":9.0,"enemies":"Jaw Worm","floor":2.0,"turns":3.0},{"damage":9.0,"enemies":"2 Louse","floor":3.0,"turns":4.0},{"damage":7.0,"enemies":"Large Slime","floor":4.0,"turns":5.0},{"damage":8.0,"enemies":"3 Louse","floor":5.0,"turns":2.0},{"damage":26.0,"enemies":"Gremlin Nob","floor":6.0,"turns":4.0},{"damage":14.0,"enemies":"Lagavulin","floor":8.0,"turns":5.0},{"damage":1.0,"enemies":"Red Slaver","floor":12.0,"turns":3.0},{"damage":12.0,"enemies":"3 Sentries","floor":13.0,"turns":6.0},{"damage":10.0,"enemies":"Gremlin Nob","floor":14.0,"turns":3.0},{"damage":51,"enemies":"Hexaghost","floor":16,"turns":9}],"seed_played":"-6304897672694261777","potions_obtained":[{"floor":1.0,"key":"ElixirPotion"},{"floor":2.0,"key":"Swift Potion"},{"floor":6.0,"key":"CultistPotion"},{"floor":8.0,"key":"SteroidPotion"},{"floor":13.0,"key":"AttackPotion"}],"is_trial":false,"path_per_floor":["M","M","M","M","M","E","R","E","T","R","$","M","?","E","R","B"],"character_chosen":"IRONCLAD","items_purchased":["Vajra"],"campfire_rested":1,"item_purchase_floors":[11],"current_hp_per_floor":[67,64,61,60,58,38,60,52,52,52,52,57,51,47,47,0,0],"gold":180,"neow_bonus":"RANDOM_COMMON_RELIC","is_daily":false,"chose_seed":false,"campfire_upgraded":2,"win_rate":0.0,"timestamp":1610229044,"path_taken":["M","M","M","M","M","E","R","E","T","R","$","M","?","E","R","BOSS"],"items_purchased_type":["Relic"],"build_version":"2020-12-22","purchased_purges":0,"victory":false,"max_hp_per_floor":[75,75,75,75,75,75,75,75,75,75,75,75,75,75,75,75,75],"card_choices":[{"not_picked":["Flex","Whirlwind"],"picked":"Pommel Strike","floor":1.0},{"not_picked":["Thunderclap","Clash"],"picked":"Twin Strike","floor":2.0},{"not_picked":["Hemokinesis","Sword Boomerang"],"picked":"Metallicize","floor":3.0},{"not_picked":["Twin Strike","Juggernaut"],"picked":"Carnage","floor":4.0},{"not_picked":["Clothesline","Heavy Blade"],"picked":"Sword Boomerang","floor":5.0},{"not_picked":["Shrug It Off","Clash"],"picked":"Metallicize","floor":6.0},{"not_picked":["Evolve","Flex"],"picked":"Impervious","floor":8.0},{"not_picked":["Uppercut","Burning Pact"],"picked":"Shrug It Off","floor":12.0},{"not_picked":["Pommel Strike","Carnage"],"picked":"Wild Strike","floor":13.0},{"not_picked":["Intimidate","Thunderclap"],"picked":"Iron Wave","floor":14.0}],"player_experience":1099262,"relics_obtained":[{"floor":6.0,"key":"Art of War"},{"floor":8.0,"key":"Turnip"},{"floor":9.0,"key":"Bromod:ArcanePistoleer"},{"floor":13.0,"key":"Peace Pipe"},{"floor":14.0,"key":"Frozen Egg 2"}],"event_choices":[{"damage_healed":0.0,"max_hp_gain":0.0,"max_hp_loss":0.0,"gold_gain":0.0,"event_name":"Dead Adventurer","player_choice":"Searched \u00271\u0027 times","floor":13.0,"gold_loss":0.0,"damage_taken":0.0}],"is_beta":false,"boss_relics":[],"items_purged_floors":[],"is_endless":false,"potions_floor_spawned":[1,2,6,8,13],"killed_by":"Hexaghost","ascension_level":20}}