{"host":"kda2p2afd6bvz6qo","time":1610197260,"event":{"mods":["BaseMod","Colored Map","Minty Spire (QoL Compilation)","Relic Stats"],"gold_per_floor":[119,119,2,14,30,56,56,71,71,221,237,162,162,193,205,294,306,329,341,373,257,275,300,311,345,395,395,412,412,412],"floor_reached":29,"playtime":1481,"items_purged":["Strike_G"],"score":523,"play_id":"70d3b396-a8cb-49c3-b400-1e05cda5e69f","local_time":"20210109130100","is_ascension_mode":true,"campfire_choices":[{"data":"Noxious Fumes","floor":7,"key":"SMITH"},{"data":"Wraith Form v2","floor":13,"key":"SMITH"},{"data":"Leg Sweep","floor":15,"key":"SMITH"}],"circlet_count":0,"master_deck":["AscendersBane","Strike_G","Strike_G","Strike_G","Defend_G","Defend_G","Defend_G","Defend_G","Defend_G","Survivor","Neutralize","Underhanded Strike","Noxious Fumes+1","Bane","Poisoned Stab","Wraith Form v2+1","Backstab","All Out Attack","Leg Sweep+1","Corpse Explosion+1","PiercingWail","Caltrops","Bane+1","Flying Knee+1","Tools of the Trade","PiercingWail"],"relics":["Ring of the Snake","NeowsBlessing","Matryoshka","Boot","Mango","MawBank","Runic Pyramid","Letter Opener","The Courier","PreservedInsect","Art of War"],"acts_visited":["Exordium","TheCity"],"potions_floor_usage":[6,14,23,25,29,29],"damage_taken":[{"damage":0,"enemies":"Small Slimes","floor":1,"turns":1},{"damage":0,"enemies":"Cultist","floor":4,"turns":1},{"damage":0,"enemies":"Jaw Worm","floor":5,"turns":1},{"damage":12,"enemies":"3 Sentries","floor":6,"turns":6},{"damage":22,"enemies":"Exordium Thugs","floor":8,"turns":4},{"damage":0,"enemies":"Large Slime","floor":11,"turns":6},{"damage":2,"enemies":"Gremlin Nob","floor":14,"turns":4},{"damage":24,"enemies":"The Guardian","floor":16,"turns":10},{"damage":7,"enemies":"Shell Parasite","floor":18,"turns":6},{"damage":11,"enemies":"2 Thieves","floor":20,"turns":5},{"damage":0,"enemies":"3 Cultists","floor":22,"turns":3},{"damage":4,"enemies":"Book of Stabbing","floor":23,"turns":6},{"damage":15,"enemies":"Snake Plant","floor":24,"turns":4},{"damage":17,"enemies":"Slavers","floor":25,"turns":3},{"damage":1,"enemies":"Snecko","floor":28,"turns":5},{"damage":9,"enemies":"Book of Stabbing","floor":29,"turns":4}],"seed_played":"-6173516225772475330","potions_obtained":[{"floor":4,"key":"Fire Potion"},{"floor":11,"key":"Energy Potion"},{"floor":14,"key":"EssenceOfSteel"},{"floor":16,"key":"PowerPotion"},{"floor":22,"key":"Block Potion"},{"floor":24,"key":"Swift Potion"},{"floor":28,"key":"Swift Potion"}],"is_trial":false,"path_per_floor":["M","?","$","M","M","E","R","M","T","?","M","?","R","E","R","B",null,"M","$","M","$","M","E","M","E","T","?","M","E"],"character_chosen":"THE_SILENT","items_purchased":["Noxious Fumes","Bane","PiercingWail"],"campfire_rested":0,"item_purchase_floors":[3,3,21],"current_hp_per_floor":[59,59,59,59,59,47,47,25,39,39,39,39,39,37,37,13,63,56,56,45,45,45,41,26,9,9,9,8,0,0],"gold":412,"neow_bonus":"THREE_ENEMY_KILL","is_daily":false,"chose_seed":false,"campfire_upgraded":3,"win_rate":0.0,"timestamp":1610197260,"path_taken":["M","?","?","M","?","E","R","M","T","?","M","?","R","E","R","BOSS","M","$","M","$","M","E","M","E","T","?","M","E"],"items_purchased_type":["Card","Card","Card"],"build_version":"2020-12-22","purchased_purges":1,"victory":false,"max_hp_per_floor":[66,66,66,66,66,66,66,66,80,80,80,80,80,80,80,80,80,80,80,80,80,80,80,80,80,80,80,80,80,80],"relic_stats":{"counters":[16,69],"PreservedInsect":43,"Art of War":[0],"Letter Opener":[12],"Boot":[44],"MawBank":84,"obtain_stats":[{"Matryoshka":6,"NeowsBlessing":0,"Mango":9,"The Courier":25,"PreservedInsect":26,"Art of War":26,"Letter Opener":23,"Boot":9,"MawBank":14,"Ring of the Snake":0,"Runic Pyramid":17},{"Matryoshka":4,"NeowsBlessing":0,"Mango":5,"The Courier":14,"PreservedInsect":14,"Art of War":14,"Letter Opener":12,"Boot":5,"MawBank":7,"Ring of the Snake":0,"Runic Pyramid":8},{"Matryoshka":9,"NeowsBlessing":0,"Mango":13,"The Courier":60,"PreservedInsect":60,"Art of War":60,"Letter Opener":53,"Boot":13,"MawBank":23,"Ring of the Snake":0,"Runic Pyramid":33}],"Ring of the Snake":[32]},"card_choices":[{"not_picked":["Quick Slash","Deflect"],"picked":"Underhanded Strike","floor":1},{"not_picked":["Flying Knee","Deflect"],"picked":"Poisoned Stab","floor":4},{"not_picked":["Backflip","Poisoned Stab"],"picked":"Wraith Form v2","floor":5},{"not_picked":["Poisoned Stab","Distraction","Dodge and Roll"],"picked":"SKIP","floor":6},{"not_picked":["Expertise","Prepared"],"picked":"Backstab","floor":8},{"not_picked":["Dash","Blade Dance"],"picked":"All Out Attack","floor":11},{"not_picked":["Accuracy","Endless Agony"],"picked":"Leg Sweep","floor":14},{"not_picked":["Venomology","Storm of Steel"],"picked":"Corpse Explosion","floor":16},{"not_picked":["Backflip","Dodge and Roll","Poisoned Stab"],"picked":"SKIP","floor":18},{"not_picked":["Dodge and Roll","Cloak And Dagger","Flying Knee"],"picked":"SKIP","floor":20},{"not_picked":["Terror","Blade Dance"],"picked":"Caltrops","floor":22},{"not_picked":["Dagger Throw","After Image"],"picked":"Bane+1","floor":23},{"not_picked":["Sucker Punch","Cloak And Dagger"],"picked":"Flying Knee+1","floor":24},{"not_picked":["Poisoned Stab","Backflip"],"picked":"Tools of the Trade","floor":25},{"not_picked":["Calculated Gamble","Quick Slash+1"],"picked":"PiercingWail","floor":28}],"player_experience":115839,"relics_obtained":[{"floor":6,"key":"Matryoshka"},{"floor":9,"key":"Boot"},{"floor":9,"key":"Mango"},{"floor":14,"key":"MawBank"},{"floor":23,"key":"Letter Opener"},{"floor":25,"key":"The Courier"},{"floor":26,"key":"PreservedInsect"},{"floor":26,"key":"Art of War"}],"event_choices":[{"cards_removed":["Strike_G"],"damage_healed":0,"gold_gain":0,"player_choice":"Offered Basic","damage_taken":0,"max_hp_gain":0,"max_hp_loss":0,"event_name":"Bonfire Elementals","floor":2,"gold_loss":0},{"damage_healed":0,"gold_gain":150,"player_choice":"AGREE","damage_taken":0,"max_hp_gain":0,"max_hp_loss":0,"event_name":"Liars Game","floor":10,"gold_loss":0,"cards_obtained":["Doubt"]},{"cards_removed":["Doubt"],"damage_healed":0,"gold_gain":0,"player_choice":"Card Removal","damage_taken":0,"max_hp_gain":0,"max_hp_loss":0,"event_name":"The Cleric","floor":12,"gold_loss":75},{"damage_healed":0,"gold_gain":0,"player_choice":"Upgraded","damage_taken":0,"max_hp_gain":0,"max_hp_loss":0,"event_name":"Upgrade Shrine","floor":27,"gold_loss":0,"cards_upgraded":["Corpse Explosion"]}],"is_beta":false,"boss_relics":[{"not_picked":["Sozu","Tiny House"],"picked":"Runic Pyramid"}],"items_purged_floors":[21],"is_endless":false,"potions_floor_spawned":[4,11,14,16,22,24,28],"killed_by":"Book of Stabbing","ascension_level":18}}