{"host":"s6mlqkqtr3ey2mm2","time":1610235106,"event":{"mods":["2.2 Compatiblity","AchievementEnabler","Aspiration","BaseMod","Beaked The Cultist","Better Note","Better Vampires","BetterRewards","Challenge The Spire","Colored Map","Colored Powertips","Conspire","Curses Come First","Downfall","Emptier Cage","Energized Spire","GifTheSpireLib","GungeonMod","Halation","Hermit","Hubris","Infinite Spire","Ironclad Rager","Magitek Elite","Marked Mod","Minty Spire (QoL Compilation)","Quick Restart","RatMod","Replay The Spire","Retaliation","Robot Space Explorer","Shade Mod","Somnambulant","Spicy Shops","StSLib","Stuff the Spire","The Blue Laboratory","The Druid","The IronCluck","The Necromancer","The Valiant","vexMod"],"gold_per_floor":[119,119,119,44,61,61,79,179,179,189,189,208,208,208],"floor_reached":13,"playtime":627,"items_purged":["StuffTheSpire:CuriosityCurse"],"score":75,"play_id":"cab7d56d-7ae9-43b8-8a32-64e7cb5aa266","local_time":"20210109183146","is_ascension_mode":false,"campfire_choices":[{"data":"Chaos","floor":6,"key":"SMITH"}],"circlet_count":0,"master_deck":["Strike_B","Strike_B","Strike_B","Defend_B","Defend_B","Defend_B","Defend_B","Zap","Dualcast","Chaos+1","Streamline","Echo Form","Static Discharge","Sweeping Beam"],"relics":["Cracked Core","hubris:Icosahedron","ReplayFunnel","Replay:Ringing Soul"],"acts_visited":["Exordium"],"potions_floor_usage":[],"damage_taken":[{"damage":0,"enemies":"Small Slimes","floor":1,"turns":3},{"damage":4,"enemies":"2 Louse","floor":5,"turns":2},{"damage":3,"enemies":"Cultist","floor":7,"turns":3},{"damage":26,"enemies":"Large Slime","floor":10,"turns":3},{"damage":40,"enemies":"Gremlin Gang","floor":12,"turns":3},{"damage":18,"enemies":"3 Sentries","floor":13,"turns":2}],"seed_played":"1213977169827696933","potions_obtained":[{"floor":1,"key":"DistilledChaos"},{"floor":10,"key":"AttackPotion"},{"floor":12,"key":"blueLaboratory:SystemWipe"}],"is_trial":false,"path_per_floor":["M","?","?","$","M","R","M","?","T","M","?","M","E"],"character_chosen":"DEFECT","items_purchased":[],"campfire_rested":0,"item_purchase_floors":[],"current_hp_per_floor":[82,82,82,82,78,78,75,75,75,52,52,15,0,0],"gold":208,"neow_bonus":"TEN_PERCENT_HP_BONUS","is_daily":false,"chose_seed":false,"campfire_upgraded":1,"win_rate":0.0,"timestamp":1610235106,"path_taken":["M","?","?","$","M","R","M","?","T","?","?","M","E"],"items_purchased_type":[],"build_version":"2020-12-22","purchased_purges":1,"victory":false,"max_hp_per_floor":[82,82,82,82,82,82,82,82,82,85,85,88,88,88],"card_choices":[{"not_picked":["Gash","ReplayTheSpireMod:Fabricate Wheel"],"picked":"Chaos","floor":1},{"not_picked":["Leap","Rebound"],"picked":"Streamline","floor":5},{"not_picked":["Turbo","Leap"],"picked":"Echo Form","floor":7},{"not_picked":["Scrape","StuffTheSpire:ShieldGenerator"],"picked":"Static Discharge","floor":10},{"not_picked":["Steam","Go for the Eyes"],"picked":"Sweeping Beam","floor":12}],"player_experience":70767,"relics_obtained":[{"floor":9,"key":"Replay:Ringing Soul"}],"event_choices":[{"damage_healed":0,"gold_gain":100,"player_choice":"Pray","damage_taken":0,"max_hp_gain":0,"max_hp_loss":0,"event_name":"Golden Shrine","floor":8,"gold_loss":0},{"cards_removed":["Strike_B"],"damage_healed":0,"gold_gain":0,"player_choice":"Offered Basic","damage_taken":0,"max_hp_gain":0,"max_hp_loss":0,"event_name":"Bonfire Elementals","floor":11,"gold_loss":0}],"is_beta":false,"boss_relics":[],"items_purged_floors":[4],"is_endless":false,"potions_floor_spawned":[1,10,12],"killed_by":"3 Sentries","ascension_level":0}}