{"host":"7i2b4pyo6x2376bs","time":1610171803,"event":{"mods":["BaseMod","Better Note","Colored Map","Highlight Path","Minty Spire (QoL Compilation)","Quick Restart","Rare Cards Sparkle","Shop Mod","StSLib","The Jungle"],"gold_per_floor":[113,113,78,8,8,8,21,21,21,55,55,75,75,92,92,196,196,215,226,226,246,171,171,171,171,198,216,235,258,258,13,13,13,13],"floor_reached":33,"playtime":2056,"items_purged":["Defend_R"],"score":389,"play_id":"47b96341-8487-4019-ae71-397667180211","local_time":"20210108215643","is_ascension_mode":true,"campfire_choices":[{"floor":6,"key":"RECALL"},{"data":"Searing Blow","floor":8,"key":"SMITH"},{"data":"Searing Blow+1","floor":13,"key":"SMITH"},{"data":"Heavy Blade","floor":15,"key":"SMITH"},{"floor":23,"key":"REST"},{"floor":25,"key":"REST"},{"floor":30,"key":"REST"},{"floor":32,"key":"REST"}],"circlet_count":0,"master_deck":["AscendersBane","Strike_R","Strike_R","Strike_R","Strike_R","Defend_R+1","Defend_R","Defend_R","Bash+1","Searing Blow+2","Shockwave","Spot Weakness","Headbutt","Heavy Blade+1","Double Tap","Power Through+1","Rage","Corruption","Hemokinesis"],"relics":["Burning Blood","Kunai","Sozu","Dead Branch","Art of War","Lantern","Paper Frog"],"acts_visited":["Exordium","TheCity"],"potions_floor_usage":[7,10,16,16,16,16,18],"damage_taken":[{"damage":12,"enemies":"Jaw Worm","floor":1,"turns":3},{"damage":1,"enemies":"Small Slimes","floor":7,"turns":2},{"damage":34,"enemies":"Gremlin Nob","floor":10,"turns":4},{"damage":2,"enemies":"2 Louse","floor":12,"turns":3},{"damage":3,"enemies":"Red Slaver","floor":14,"turns":4},{"damage":58,"enemies":"Slime Boss","floor":16,"turns":11},{"damage":6,"enemies":"Spheric Guardian","floor":18,"turns":3},{"damage":14,"enemies":"2 Thieves","floor":19,"turns":4},{"damage":36,"enemies":"Snecko","floor":21,"turns":6},{"damage":49,"enemies":"Shelled Parasite and Fungi","floor":27,"turns":5},{"damage":20,"enemies":"Centurion and Healer","floor":28,"turns":6},{"damage":75,"enemies":"Automaton","floor":33,"turns":8}],"seed_played":"-1664086808715299743","potions_obtained":[{"floor":1,"key":"Swift Potion"},{"floor":5,"key":"PowerPotion"},{"floor":5,"key":"Fire Potion"},{"floor":12,"key":"EntropicBrew"},{"floor":14,"key":"Block Potion"},{"floor":16,"key":"Regen Potion"}],"is_trial":false,"path_per_floor":["M","?","?","$","?","R","M","R","T","E","?","M","R","M","R","B",null,"M","M","?","M","$","R","?","R","T","M","M","T","R","$","R","B"],"character_chosen":"IRONCLAD","items_purchased":["Shockwave","Paper Frog"],"campfire_rested":4,"item_purchase_floors":[4,31],"current_hp_per_floor":[74,56,78,78,78,78,83,83,83,55,55,59,59,62,62,10,69,78,70,53,23,23,50,50,77,77,34,20,20,47,47,74,0,0],"gold":13,"neow_bonus":"TEN_PERCENT_HP_BONUS","is_daily":false,"chose_seed":false,"campfire_upgraded":3,"win_rate":0.0,"timestamp":1610171803,"path_taken":["M","?","?","$","?","R","?","R","T","E","?","M","R","M","R","BOSS","M","?","?","M","?","R","?","R","T","?","M","?","R","$","R","BOSS"],"items_purchased_type":["Card","Relic"],"build_version":"2020-12-22","purchased_purges":1,"victory":false,"max_hp_per_floor":[88,88,88,88,88,88,88,88,88,88,88,88,88,88,88,88,88,88,88,93,93,93,93,93,93,93,93,93,93,93,93,93,93,93],"card_choices":[{"not_picked":["Armaments","Battle Trance"],"picked":"Searing Blow","floor":1},{"not_picked":["Sever Soul","Disarm"],"picked":"Spot Weakness","floor":7},{"not_picked":["Sword Boomerang","Burning Pact"],"picked":"Headbutt","floor":10},{"not_picked":["True Grit","Twin Strike"],"picked":"Flex","floor":12},{"not_picked":["Evolve","Twin Strike"],"picked":"Heavy Blade","floor":14},{"not_picked":["Offering","Juggernaut"],"picked":"Double Tap","floor":16},{"not_picked":["Body Slam","Hemokinesis"],"picked":"Power Through+1","floor":18},{"not_picked":["Iron Wave","Burning Pact"],"picked":"Rage","floor":19},{"not_picked":["Havoc","Shrug It Off","Anger"],"picked":"SKIP","floor":21},{"not_picked":["Havoc","Thunderclap"],"picked":"Corruption","floor":27},{"not_picked":["Infernal Blade","Perfected Strike"],"picked":"Hemokinesis","floor":28}],"player_experience":718526,"relics_obtained":[{"floor":10,"key":"Kunai"},{"floor":26,"key":"Art of War"},{"floor":29,"key":"Lantern"}],"event_choices":[{"damage_healed":0,"gold_gain":0,"player_choice":"Entered Light","damage_taken":18,"max_hp_gain":0,"max_hp_loss":0,"event_name":"Shining Light","floor":2,"gold_loss":0,"cards_upgraded":["Defend_R","Bash"]},{"damage_healed":22,"gold_gain":0,"player_choice":"Healed","damage_taken":0,"max_hp_gain":0,"max_hp_loss":0,"event_name":"The Cleric","floor":3,"gold_loss":35},{"damage_healed":0,"gold_gain":0,"player_choice":"Got Potions","damage_taken":0,"max_hp_gain":0,"max_hp_loss":0,"event_name":"Lab","floor":5,"gold_loss":0},{"cards_removed":["Strike_R"],"damage_healed":0,"gold_gain":0,"player_choice":"Offered Basic","damage_taken":0,"max_hp_gain":0,"max_hp_loss":0,"event_name":"Bonfire Elementals","floor":11,"gold_loss":0},{"damage_healed":0,"gold_gain":0,"player_choice":"Shed Blood","damage_taken":22,"max_hp_gain":5,"max_hp_loss":0,"event_name":"Forgotten Altar","floor":20,"gold_loss":0},{"cards_removed":["Flex"],"damage_healed":0,"gold_gain":0,"player_choice":"Gave Card","damage_taken":0,"relics_obtained":["Dead Branch"],"max_hp_gain":0,"max_hp_loss":0,"event_name":"WeMeetAgain","floor":24,"gold_loss":0}],"is_beta":false,"boss_relics":[{"not_picked":["Ectoplasm","Fusion Hammer"],"picked":"Sozu"}],"items_purged_floors":[22],"is_endless":false,"potions_floor_spawned":[1,12,14,16,18,21],"killed_by":"Automaton","ascension_level":12}}