{"host":"sav7uxregyirlf69","time":1610199974,"event":{"mods":["AchievementEnabler","BaseMod","Colored Map","DeckTracker","Keyboard Shortcuts","Minty Spire (QoL Compilation)","READ ME - Guardian Mod","StSLib","SuperFastMode"],"gold_per_floor":[111,123,48,75,75,108,124,147,147,163,193,212,230,248,248,248,248],"floor_reached":16,"playtime":272,"items_purged":["Strike_R"],"score":278,"play_id":"9b44d3b0-7019-4fc2-9caf-5f14f531d62b","local_time":"20210109224614","is_ascension_mode":true,"campfire_choices":[{"floor":15,"key":"REST"}],"circlet_count":0,"master_deck":["AscendersBane","Strike_R","Strike_R","Strike_R","Strike_R","Defend_R","Defend_R+1","Defend_R","Defend_R","Bash+1","Second Wind","Fire Breathing","Sword Boomerang","Clothesline","Intimidate","Shrug It Off","Flame Barrier","Feel No Pain","Wild Strike","Shrug It Off"],"relics":["Burning Blood","NeowsBlessing","Art of War","Calipers","Odd Mushroom","Mummified Hand","Strawberry"],"acts_visited":["Exordium"],"potions_floor_usage":[14],"damage_taken":[{"damage":0.0,"enemies":"Cultist","floor":1.0,"turns":1.0},{"damage":0.0,"enemies":"Jaw Worm","floor":2.0,"turns":1.0},{"damage":0.0,"enemies":"Lagavulin","floor":6.0,"turns":1.0},{"damage":6.0,"enemies":"2 Louse","floor":7.0,"turns":3.0},{"damage":23.0,"enemies":"The Mushroom Lair","floor":8.0,"turns":4.0},{"damage":10.0,"enemies":"2 Fungi Beasts","floor":10.0,"turns":4.0},{"damage":22.0,"enemies":"3 Sentries","floor":11.0,"turns":5.0},{"damage":11.0,"enemies":"Exordium Wildlife","floor":12.0,"turns":5.0},{"damage":9.0,"enemies":"Red Slaver","floor":13.0,"turns":5.0},{"damage":10,"enemies":"Gremlin Gang","floor":14,"turns":3},{"damage":42,"enemies":"The Guardian","floor":16,"turns":12}],"seed_played":"5634914280425629077","potions_obtained":[{"floor":1.0,"key":"Strength Potion"},{"floor":2.0,"key":"Ancient Potion"},{"floor":8.0,"key":"Energy Potion"},{"floor":14,"key":"Energy Potion"}],"is_trial":false,"path_per_floor":["M","M","$","T","?","E","M","?","T","M","E","M","M","M","R","B"],"character_chosen":"IRONCLAD","items_purchased":[],"campfire_rested":1,"item_purchase_floors":[],"current_hp_per_floor":[74,75,75,75,52,58,58,41,41,37,28,23,20,16,40,0,0],"gold":248,"neow_bonus":"THREE_ENEMY_KILL","is_daily":false,"chose_seed":false,"campfire_upgraded":0,"win_rate":0.0,"timestamp":1610199974,"path_taken":["M","?","?","?","?","E","M","?","T","M","E","M","M","?","R","BOSS"],"items_purchased_type":[],"build_version":"2020-12-22","purchased_purges":1,"victory":false,"max_hp_per_floor":[75,75,75,75,75,75,75,75,75,75,82,82,82,82,82,82,82],"card_choices":[{"not_picked":["Sever Soul","Heavy Blade"],"picked":"Second Wind","floor":1.0},{"not_picked":["Body Slam","Second Wind"],"picked":"Fire Breathing","floor":2.0},{"not_picked":["Spot Weakness","Rage"],"picked":"Sword Boomerang","floor":6.0},{"not_picked":["Havoc","Flex"],"picked":"Clothesline","floor":7.0},{"not_picked":["Demon Form","Twin Strike"],"picked":"Intimidate","floor":8.0},{"not_picked":["Ghostly Armor","Hemokinesis"],"picked":"Shrug It Off","floor":10.0},{"not_picked":["Clash","Ghostly Armor"],"picked":"Flame Barrier","floor":11.0},{"not_picked":["Disarm","Heavy Blade"],"picked":"Feel No Pain","floor":12.0},{"not_picked":["Pommel Strike","Battle Trance"],"picked":"Wild Strike","floor":13.0},{"not_picked":["Clothesline","Pummel"],"picked":"Shrug It Off","floor":14}],"player_experience":1213884,"relics_obtained":[{"floor":4.0,"key":"Art of War"},{"floor":6.0,"key":"Calipers"},{"floor":8.0,"key":"Odd Mushroom"},{"floor":9.0,"key":"Mummified Hand"},{"floor":11.0,"key":"Strawberry"}],"event_choices":[{"damage_healed":0.0,"max_hp_gain":0.0,"max_hp_loss":0.0,"gold_gain":0.0,"event_name":"Shining Light","player_choice":"Entered Light","floor":5.0,"gold_loss":0.0,"damage_taken":23.0,"cards_upgraded":["Defend_R","Bash"]},{"damage_healed":0.0,"max_hp_gain":0.0,"max_hp_loss":0.0,"gold_gain":0.0,"event_name":"Mushrooms","player_choice":"Fought Mushrooms","floor":8.0,"gold_loss":0.0,"damage_taken":0.0}],"is_beta":false,"boss_relics":[],"items_purged_floors":[3],"is_endless":false,"potions_floor_spawned":[1,2,8,11,14],"killed_by":"The Guardian","ascension_level":20}}