{"host":"w97dq1whmpm6b2tc","time":1610189318,"event":{"mods":["BaseMod","Challenge The Spire","Downfall","Minty Spire (QoL Compilation)","Replay The Spire","StSLib","The Animator"],"gold_per_floor":[116,141,141,231,211,253,266,300,300,300,323,248,268,303,303,439,439,464,484,144,164,164,164,208,208,283,342,375,375,426,462,462,609,609,656,217,252,252,252,317,317,650,675,286,353,32,83,83,83,115,115,115,382,432,487,487,487,227,302,382,232,232,327,402,402,164,279,279,279,279],"floor_reached":69,"playtime":10476,"items_purged":["animator:Strike","animator:Strike","animator:Defend","animator:Defend","animator:Strike"],"score":1530,"play_id":"05121f19-170c-4b44-9e13-a98fda515d98","local_time":"20210109124838","is_ascension_mode":true,"campfire_choices":[{"data":"animator:MumenRider","floor":10.0,"key":"SMITH"},{"floor":15.0,"key":"REST"},{"data":"animator:MumenRider","floor":23.0,"key":"SMITH"},{"data":"animator:MumenRider","floor":29.0,"key":"SMITH"},{"data":"1","floor":32.0,"key":"LIFT"},{"data":"2","floor":41.0,"key":"LIFT"},{"floor":49.0,"key":"RECALL"},{"data":"3","floor":52.0,"key":"LIFT"},{"data":"animator:MumenRider","floor":62.0,"key":"SMITH"},{"floor":68,"key":"REST"}],"circlet_count":0,"master_deck":["animator:Strike_OnePunchMan+1","animator:Defend_OnePunchMan+1","animator:Defend+1","animator:Genos+1","animator:MumenRider+1","animator:Kuroyukihime+1","animator:MetalKnight+1","animator:Geryuganshoop+1","animator:MumenRider+1","animator:Genos+1","animator:MetalKnight+1","animator:MumenRider+1","animator:Saitama+1","RitualDagger+1","animator:Sonic+1","animator:MetalKnight+1","animator:Genos+1","animator:MumenRider+1","animator:HigakiRinne+1","Pot Of Greed+1","Pot Of Greed+1","animator:MisaKurobane+1","animator:Melzalgald+1","animator:Kuroyukihime+1","Pot Of Greed+1","animator:PinaCoLada+1","animator:TakanashiRikka+1","animator:TakanashiRikka+1","animator:MisaKurobane+1"],"relics":["animator:TheWolleyCore","animator:AncientMedallion"],"acts_visited":["Exordium","TheCity","TheBeyond","TheEnding","EYB:TheUnnamedReign"],"potions_floor_usage":[63,67,67,67,69],"damage_taken":[{"damage":2.0,"enemies":"Jaw Worm","floor":1.0,"turns":3.0},{"damage":0.0,"enemies":"2 Louse","floor":2.0,"turns":2.0},{"damage":2.0,"enemies":"Gremlin Nob","floor":6.0,"turns":3.0},{"damage":5.0,"enemies":"Small Slimes","floor":7.0,"turns":2.0},{"damage":14.0,"enemies":"Lagavulin","floor":8.0,"turns":6.0},{"damage":7.0,"enemies":"Gremlin Gang","floor":11.0,"turns":3.0},{"damage":4.0,"enemies":"Blue Slaver","floor":13.0,"turns":3.0},{"damage":10.0,"enemies":"Replay:BlueRogue","floor":14.0,"turns":2.0},{"damage":0.0,"enemies":"Slime Boss","floor":16.0,"turns":6.0},{"damage":4.0,"enemies":"Chosen","floor":18.0,"turns":4.0},{"damage":32.0,"enemies":"2 Thieves","floor":19.0,"turns":3.0},{"damage":14.0,"enemies":"Centurion and Healer","floor":21.0,"turns":7.0},{"damage":20.0,"enemies":"Slavers","floor":24.0,"turns":3.0},{"damage":5.0,"enemies":"Replay:Snechameleon","floor":27.0,"turns":6.0},{"damage":5.0,"enemies":"Snake Plant","floor":28.0,"turns":2.0},{"damage":0.0,"enemies":"Book of Stabbing","floor":30.0,"turns":4.0},{"damage":6.0,"enemies":"Shelled Parasite and Fungi","floor":31.0,"turns":4.0},{"damage":0.0,"enemies":"Pondfish","floor":33.0,"turns":6.0},{"damage":6.0,"enemies":"3 Darklings","floor":35.0,"turns":4.0},{"damage":14.0,"enemies":"3 Shapes","floor":37.0,"turns":2.0},{"damage":19.0,"enemies":"Nemesis","floor":40.0,"turns":3.0},{"damage":1.0,"enemies":"Maw","floor":45.0,"turns":5.0},{"damage":16.0,"enemies":"R_Hoarder","floor":47.0,"turns":3.0},{"damage":28.0,"enemies":"Donu and Deca","floor":50.0,"turns":5.0},{"damage":25.0,"enemies":"animator:TRIPLE_SHAPES_WEAK","floor":54.0,"turns":6.0},{"damage":0.0,"enemies":"animator:UNNAMED_CULTIST_1","floor":55.0,"turns":6.0},{"damage":10.0,"enemies":"animator:UNNAMED_CULTIST_2","floor":59.0,"turns":5.0},{"damage":34.0,"enemies":"animator:LARGE_CUBE","floor":60.0,"turns":7.0},{"damage":10,"enemies":"animator:ULTIMATE_CUBE","floor":63,"turns":7},{"damage":64,"enemies":"animator:ULTIMATE_WISP","floor":67,"turns":9},{"damage":102,"enemies":"animator:TheUnnamed","floor":69,"turns":8}],"seed_played":"-4369679467493886775","potions_obtained":[{"floor":4.0,"key":"Reflective Coating"},{"floor":4.0,"key":"CultistPotion"},{"floor":5.0,"key":"Slimebound:ThreeZeroPotion"},{"floor":6.0,"key":"DuplicationPotion"},{"floor":11.0,"key":"Death Potion"},{"floor":13.0,"key":"DistilledChaos"},{"floor":14.0,"key":"PowerPotion"},{"floor":21.0,"key":"Explosive Potion"},{"floor":24.0,"key":"SkillPotion"},{"floor":27.0,"key":"Weak Potion"},{"floor":33.0,"key":"hexamod:EctoCoolerPotion"},{"floor":37.0,"key":"ColorlessPotion"},{"floor":45.0,"key":"BlessingOfTheForge"},{"floor":54.0,"key":"animator:FalseLifePotion"},{"floor":55.0,"key":"animator:FalseLifePotion"},{"floor":59.0,"key":"animator:FalseLifePotion"},{"floor":60.0,"key":"animator:FalseLifePotion"},{"floor":63,"key":"animator:FalseLifePotion"},{"floor":67,"key":"animator:FalseLifePotion"}],"is_trial":false,"path_per_floor":["M","M","?","?","?","E","M","E","T","R","M","$","M","E","R","B",null,"M","M","$","M","?","R","E","?","T","E","M","R","E","M","R","B",null,"M","$","M","?","?","E","R","?","T","$","M","$","E","?","R","B",null,"R","??","M","M","T","?","$","M","M","?","R","E","T","?","$","E","R","B"],"character_chosen":"THE_ANIMATOR","items_purchased":["Snack Pack","Ice Cream","Centennial Puzzle","animator:MisaKurobane","Happy Flower","animator:AncientMedallion","animator:AncientMedallion"],"campfire_rested":2,"item_purchase_floors":[20,36,44,44,46,58,66],"current_hp_per_floor":[64,64,48,33,33,31,26,12,12,12,5,20,16,6,26,26,67,63,31,46,40,34,34,21,21,21,20,19,19,23,23,23,37,68,67,68,58,49,49,36,36,36,43,58,67,75,64,54,54,42,75,75,98,83,87,87,87,87,88,64,64,64,66,66,56,56,16,45,0,0],"gold":279,"neow_bonus":"RANDOM_COLORLESS","is_daily":false,"chose_seed":false,"campfire_upgraded":4,"win_rate":0.0,"timestamp":1610189318,"path_taken":["M","M","?","?","?","E","M","E","T","R","M","$","M","E","R","BOSS","M","M","$","?","?","R","E","?","T","E","M","R","E","?","R","BOSS","M","$","M","?","?","E","R","?","T","?","M","$","E","?","R","BOSS","R","??","M","M","T","?","$","M","M","?","R","E","T","?","$","E","R","BOSS"],"items_purchased_type":["Relic","Relic","Relic","Card","Relic","Relic","Relic"],"build_version":"2020-12-22","purchased_purges":5,"victory":false,"max_hp_per_floor":[66,66,66,67,67,67,67,67,67,67,67,67,67,67,67,67,67,67,67,67,67,67,67,68,68,68,68,68,68,68,68,68,68,68,68,68,68,68,68,68,68,68,75,75,75,75,75,75,75,75,75,75,98,98,98,98,98,98,98,98,98,98,98,98,98,98,98,98,98,98],"card_choices":[{"not_picked":["animator:Zero","animator:Magilou"],"picked":"animator:Kuroyukihime","floor":0.0},{"not_picked":["animator:Megumin","animator:Tyuule","animator:LizardPriest"],"picked":"SKIP","floor":1.0},{"not_picked":["animator:Tyuule","animator:Cocytus"],"picked":"animator:MetalKnight","floor":2.0},{"not_picked":["animator:Verdia","animator:Kuribayashi"],"picked":"animator:Geryuganshoop","floor":4.0},{"not_picked":["animator:Elsword","animator:Chris"],"picked":"animator:MumenRider","floor":6.0},{"not_picked":["animator:Tatsumaki","animator:SilverFang"],"picked":"animator:Genos","floor":7.0},{"not_picked":["animator:GoblinSlayer","animator:SilverFang","animator:KyokoSakura"],"picked":"SKIP","floor":8.0},{"not_picked":["animator:SayakaMiki","animator:Evileye","animator:Elsword"],"picked":"SKIP","floor":11.0},{"not_picked":["animator:Sebas","animator:GuildGirl"],"picked":"animator:MetalKnight","floor":13.0},{"not_picked":["animator:Genos","animator:Geryuganshoop"],"picked":"animator:MumenRider","floor":14.0},{"not_picked":["animator:Eris","animator:MadokaKaname"],"picked":"animator:Saitama","floor":16.0},{"not_picked":["animator:LeleiLaLalena","animator:SuzuneAmano+1","animator:GuildGirl"],"picked":"SKIP","floor":18.0},{"not_picked":["animator:Shalltear","animator:Genos+1","animator:IrohaTamaki"],"picked":"SKIP","floor":19.0},{"not_picked":["animator:Mitsurugi","animator:Cocytus","animator:YachiyoNanami+1"],"picked":"SKIP","floor":21.0},{"not_picked":["animator:Tatsumaki","animator:Geryuganshoop"],"picked":"animator:Sonic","floor":24.0},{"not_picked":["animator:Kazuma","animator:Darkness"],"picked":"animator:MetalKnight","floor":27.0},{"not_picked":["animator:Raven","animator:Priestess","animator:HomuraAkemi"],"picked":"SKIP","floor":28.0},{"not_picked":["animator:Evileye","animator:Elsword+1","animator:Aqua"],"picked":"SKIP","floor":30.0},{"not_picked":["animator:Geryuganshoop","animator:Tatsumaki"],"picked":"animator:Genos","floor":31.0},{"not_picked":["animator:DwarfShaman","animator:Shalltear"],"picked":"animator:MumenRider","floor":35.0},{"not_picked":["animator:Laby","animator:Ara","animator:IrohaTamaki+1"],"picked":"SKIP","floor":37.0},{"not_picked":["animator:Entoma","animator:Mitsurugi","animator:IrohaTamaki+1"],"picked":"SKIP","floor":40.0},{"not_picked":["animator:Geryuganshoop","animator:Tatsumaki"],"picked":"animator:Melzalgald","floor":45.0},{"not_picked":["animator:Witch","animator:Raven+1","animator:LizardPriest+1"],"picked":"SKIP","floor":47.0},{"not_picked":["animator:MisakiNakahara","animator:Magilou"],"picked":"animator:Kuroyukihime","floor":48.0},{"not_picked":["animator:TukaLunaMarceau","animator:Elsword","animator:Verdia+1"],"picked":"SKIP","floor":54.0},{"not_picked":["animator:NarberalGamma+1","animator:KyokoSakura","animator:Demiurge+1"],"picked":"SKIP","floor":55.0},{"not_picked":["animator:MumenRider","animator:SwordMaiden","animator:CowGirl"],"picked":"SKIP","floor":59.0},{"not_picked":["animator:Vanir+1","animator:Melzalgald","animator:Entoma"],"picked":"SKIP","floor":60.0},{"not_picked":["animator:Hans+1","animator:Wiz+1"],"picked":"animator:PinaCoLada+1","floor":61.0},{"not_picked":["animator:OrikoMikuni","animator:Elsword","animator:Shalltear"],"picked":"SKIP","floor":63},{"not_picked":["animator:IchigoKurosaki","animator:Cirno"],"picked":"animator:TakanashiRikka","floor":65},{"not_picked":["animator:KotoriKanbe","animator:MisakiNakahara"],"picked":"animator:TakanashiRikka","floor":65},{"not_picked":["animator:NononJakuzure","animator:HououinKyouma"],"picked":"animator:MisaKurobane","floor":65},{"not_picked":["animator:Melzalgald+1","animator:Kazuma+1","animator:IrohaTamaki"],"picked":"SKIP","floor":67}],"player_experience":4379596,"relics_obtained":[{"floor":4.0,"key":"MealTicket"},{"floor":6.0,"key":"PreservedInsect"},{"floor":8.0,"key":"Red Skull"},{"floor":14.0,"key":"Matryoshka"},{"floor":24.0,"key":"Anchor"},{"floor":26.0,"key":"Shuriken"},{"floor":26.0,"key":"Replay:Bandana"},{"floor":27.0,"key":"InkBottle"},{"floor":30.0,"key":"Girya"},{"floor":40.0,"key":"Bag of Marbles"},{"floor":43.0,"key":"Strawberry"},{"floor":43.0,"key":"Grinning Jar"},{"floor":47.0,"key":"Pet Ghost"},{"floor":53.0,"key":"animator:TheWolleyCore"},{"floor":53.0,"key":"animator:AncientMedallion"},{"floor":56.0,"key":"animator:AncientMedallion"},{"floor":63,"key":"animator:AncientMedallion"},{"floor":64,"key":"animator:AncientMedallion"},{"floor":67,"key":"animator:AncientMedallion"}],"event_choices":[{"damage_healed":0.0,"max_hp_gain":0.0,"max_hp_loss":0.0,"gold_gain":0.0,"event_name":"Golden Idol","player_choice":"Take Damage","floor":3.0,"gold_loss":0.0,"damage_taken":16.0,"relics_obtained":["Golden Idol"]},{"damage_healed":0.0,"max_hp_gain":0.0,"max_hp_loss":0.0,"gold_gain":0.0,"event_name":"The Woman in Blue","player_choice":"Bought 1 Potion","floor":5.0,"gold_loss":0.0,"damage_taken":0.0},{"damage_healed":0.0,"max_hp_gain":0.0,"max_hp_loss":0.0,"gold_gain":0.0,"event_name":"Nest","player_choice":"Joined the Cult","floor":22.0,"gold_loss":0.0,"damage_taken":6.0,"cards_obtained":["RitualDagger"]},{"damage_healed":0.0,"max_hp_gain":0.0,"max_hp_loss":0.0,"gold_gain":0.0,"event_name":"Upgrade Shrine","player_choice":"Upgraded","floor":25.0,"gold_loss":0.0,"damage_taken":0.0,"cards_upgraded":["RitualDagger"]},{"damage_healed":0.0,"max_hp_gain":0.0,"max_hp_loss":0.0,"gold_gain":0.0,"event_name":"Winding Halls","player_choice":"Embrace Madness","floor":38.0,"gold_loss":0.0,"damage_taken":9.0,"cards_obtained":["animator:HigakiRinne"]},{"damage_healed":0.0,"max_hp_gain":0.0,"max_hp_loss":0.0,"gold_gain":333.0,"event_name":"The Moai Head","player_choice":"Gave Idol","floor":42.0,"relics_lost":["Golden Idol"],"gold_loss":0.0,"damage_taken":0.0},{"damage_healed":0.0,"max_hp_gain":0.0,"max_hp_loss":0.0,"gold_gain":0.0,"event_name":"SensoryStone","player_choice":"Memory 3","floor":48.0,"gold_loss":0.0,"damage_taken":10.0},{"damage_healed":0,"gold_gain":0,"player_choice":"Memory 3","damage_taken":10,"max_hp_gain":0,"max_hp_loss":0,"event_name":"SensoryStone","floor":65,"gold_loss":0}],"is_beta":false,"boss_relics":[{"not_picked":["Painkiller Herb","Honey Jar"],"picked":"Philosopher\u0027s Stone"},{"not_picked":["Calling Bell","Kintsugi"],"picked":"Mark of Pain"}],"items_purged_floors":[12,20,36,44,46],"is_endless":false,"potions_floor_spawned":[6,11,13,14,21,24,27,33,37,45,47,54,55,60,67],"killed_by":"animator:TheUnnamed","ascension_level":1}}