{"host":"ta9mufxydm4vkknf","time":1610221777,"event":{"mods":["AchievementEnabler","BaseMod","Minty Spire (QoL Compilation)","Quick Restart"],"gold_per_floor":[119,119,135,151,226,226,253,253,253,272,292,292,302,367,367,462,462,479,499,499,511,511,511,511],"floor_reached":23,"playtime":693,"items_purged":[],"score":212,"play_id":"f771b356-656f-4832-b2f6-b7cc5f5b73a8","local_time":"20210109204937","is_ascension_mode":true,"campfire_choices":[{"data":"Bane","floor":6,"key":"SMITH"},{"data":"Skewer","floor":8,"key":"SMITH"},{"data":"Masterful Stab","floor":12,"key":"SMITH"},{"data":"Sucker Punch","floor":15,"key":"SMITH"}],"circlet_count":0,"master_deck":["Strike_G","Strike_G","Strike_G","Strike_G","Strike_G","Defend_G","Defend_G","Defend_G","Defend_G","Defend_G","Survivor","Neutralize","Deadly Poison","Skewer+1","Bane+1","Prepared","Masterful Stab+1","Underhanded Strike","Sucker Punch+1","Storm of Steel","Distraction+1","Flying Knee","Flying Knee+1"],"relics":["Ring of the Snake","NeowsBlessing","Letter Opener","Frozen Egg 2","SlaversCollar","GremlinMask"],"acts_visited":["Exordium","TheCity"],"potions_floor_usage":[13,16],"damage_taken":[{"damage":0,"enemies":"Small Slimes","floor":1,"turns":1},{"damage":0,"enemies":"2 Louse","floor":3,"turns":1},{"damage":0,"enemies":"Jaw Worm","floor":4,"turns":1},{"damage":16,"enemies":"Gremlin Nob","floor":7,"turns":4},{"damage":11,"enemies":"Lots of Slimes","floor":10,"turns":5},{"damage":1,"enemies":"Looter","floor":11,"turns":3},{"damage":0,"enemies":"Exordium Wildlife","floor":13,"turns":2},{"damage":31,"enemies":"The Guardian","floor":16,"turns":10},{"damage":23,"enemies":"Shell Parasite","floor":18,"turns":5},{"damage":17,"enemies":"Spheric Guardian","floor":19,"turns":4},{"damage":7,"enemies":"Centurion and Healer","floor":21,"turns":6},{"damage":58,"enemies":"Slavers","floor":23,"turns":6}],"seed_played":"3013806638720730850","potions_obtained":[{"floor":1,"key":"Explosive Potion"},{"floor":10,"key":"FearPotion"},{"floor":11,"key":"LiquidMemories"}],"is_trial":false,"path_per_floor":["M","?","M","M","?","R","E","R","T","M","M","R","M","?","R","B",null,"M","M","?","M","?","E"],"character_chosen":"THE_SILENT","items_purchased":[],"campfire_rested":0,"item_purchase_floors":[],"current_hp_per_floor":[70,75,75,75,64,64,48,48,48,37,36,36,36,36,36,5,75,52,35,60,53,53,0,0],"gold":511,"neow_bonus":"THREE_ENEMY_KILL","is_daily":false,"chose_seed":false,"campfire_upgraded":4,"win_rate":0.0,"timestamp":1610221777,"path_taken":["M","?","M","M","?","R","E","R","T","M","M","R","M","?","R","BOSS","M","M","?","M","?","E"],"items_purchased_type":[],"build_version":"2020-12-22","purchased_purges":0,"victory":false,"max_hp_per_floor":[70,75,75,75,75,75,75,75,75,75,75,75,75,75,75,75,75,75,75,75,75,75,75,75],"card_choices":[{"not_picked":["Flying Knee","Bouncing Flask"],"picked":"Deadly Poison","floor":1},{"not_picked":["Dagger Spray","Deflect"],"picked":"Skewer","floor":3},{"not_picked":["Blade Dance","Prepared"],"picked":"Bane","floor":4},{"not_picked":["Bullet Time","Setup"],"picked":"Prepared","floor":7},{"not_picked":["Cloak And Dagger","Deflect"],"picked":"Masterful Stab","floor":10},{"not_picked":["Concentrate","Choke"],"picked":"Underhanded Strike","floor":11},{"not_picked":["Dash","Concentrate"],"picked":"Sucker Punch","floor":13},{"not_picked":["Grand Finale","Wraith Form v2+1"],"picked":"Storm of Steel","floor":16},{"not_picked":["Flying Knee+1","Acrobatics"],"picked":"Distraction+1","floor":18},{"not_picked":["Deflect","Deadly Poison"],"picked":"Flying Knee","floor":19},{"not_picked":["Prepared","Bane"],"picked":"Flying Knee+1","floor":21}],"player_experience":262837,"relics_obtained":[{"floor":7,"key":"Letter Opener"},{"floor":9,"key":"Frozen Egg 2"}],"event_choices":[{"damage_healed":0,"gold_gain":0,"player_choice":"Donut","damage_taken":0,"max_hp_gain":5,"max_hp_loss":0,"event_name":"Big Fish","floor":2,"gold_loss":0},{"damage_healed":0,"gold_gain":75,"player_choice":"Gather Gold","damage_taken":11,"max_hp_gain":0,"max_hp_loss":0,"event_name":"World of Goop","floor":5,"gold_loss":0},{"damage_healed":0,"gold_gain":65,"player_choice":"Gained Gold","damage_taken":0,"max_hp_gain":0,"max_hp_loss":0,"event_name":"Golden Wing","floor":14,"gold_loss":0},{"damage_healed":25,"gold_gain":0,"player_choice":"Heal","damage_taken":0,"max_hp_gain":0,"max_hp_loss":0,"event_name":"The Library","floor":20,"gold_loss":0},{"damage_healed":0,"gold_gain":0,"player_choice":"Trade","damage_taken":0,"relics_obtained":["GremlinMask"],"max_hp_gain":0,"max_hp_loss":0,"event_name":"FaceTrader","floor":22,"gold_loss":0}],"is_beta":false,"boss_relics":[{"not_picked":["Ectoplasm","Snecko Eye"],"picked":"SlaversCollar"}],"items_purged_floors":[],"is_endless":false,"potions_floor_spawned":[1,10,11],"killed_by":"Slavers","ascension_level":2}}