{"host":"t7mx8yfj1no5p62f","time":1610208860,"event":{"mods":["BaseMod","Colored Map","Colored Powertips","Minty Spire (QoL Compilation)","Relic Stats","StSLib"],"gold_per_floor":[118,118,118,128,145,145,170,170,170,170,170],"floor_reached":10,"playtime":129,"items_purged":[],"score":132,"play_id":"1e1678f5-5f96-41c2-86cd-230652cf8994","local_time":"20210109111420","is_ascension_mode":true,"campfire_choices":[{"data":"Doom and Gloom","floor":6.0,"key":"SMITH"}],"circlet_count":0,"master_deck":["AscendersBane","Strike_B","Strike_B","Strike_B","Defend_B","Defend_B","Defend_B","Defend_B","Zap","Dualcast","Barrage","Sweeping Beam+1","Doom and Gloom+1","Ball Lightning"],"relics":["Cracked Core","NeowsBlessing","Mercury Hourglass","Smiling Mask"],"acts_visited":["Exordium"],"potions_floor_usage":[7],"damage_taken":[{"damage":0.0,"enemies":"2 Louse","floor":1.0,"turns":1.0},{"damage":0.0,"enemies":"Cultist","floor":4.0,"turns":1.0},{"damage":0.0,"enemies":"Small Slimes","floor":5.0,"turns":1.0},{"damage":56,"enemies":"Gremlin Nob","floor":7,"turns":5},{"damage":15,"enemies":"3 Sentries","floor":10,"turns":2}],"seed_played":"5304967347794539048","potions_obtained":[{"floor":5.0,"key":"ColorlessPotion"}],"is_trial":false,"path_per_floor":["M","?","?","M","M","R","E","?","T","E"],"character_chosen":"DEFECT","items_purchased":[],"campfire_rested":0,"item_purchase_floors":[],"current_hp_per_floor":[64,69,69,69,69,69,13,13,13,0,0],"gold":170,"neow_bonus":"THREE_ENEMY_KILL","is_daily":false,"chose_seed":false,"campfire_upgraded":1,"win_rate":0.0,"timestamp":1610208860,"path_taken":["M","?","?","?","M","R","E","?","T","E"],"items_purchased_type":[],"build_version":"2020-12-22","purchased_purges":0,"victory":false,"max_hp_per_floor":[71,76,76,76,76,76,76,76,76,76,76],"relic_stats":{"counters":[5,10],"Smiling Mask":0,"obtain_stats":[{"NeowsBlessing":0,"Cracked Core":0,"Smiling Mask":9,"Mercury Hourglass":7},{"NeowsBlessing":0,"Cracked Core":0,"Smiling Mask":4,"Mercury Hourglass":4},{"NeowsBlessing":0,"Cracked Core":0,"Smiling Mask":8,"Mercury Hourglass":8}],"Mercury Hourglass":[18]},"card_choices":[{"not_picked":["Redo","Double Energy"],"picked":"Barrage","floor":1.0},{"not_picked":["Rebound","Compile Driver"],"picked":"Sweeping Beam","floor":4.0},{"not_picked":["Capacitor","Beam Cell"],"picked":"Doom and Gloom","floor":5.0},{"not_picked":["Streamline","Machine Learning"],"picked":"Ball Lightning","floor":7}],"player_experience":1694541,"relics_obtained":[{"floor":7,"key":"Mercury Hourglass"},{"floor":9,"key":"Smiling Mask"}],"event_choices":[{"damage_healed":0.0,"max_hp_gain":5.0,"max_hp_loss":0.0,"gold_gain":0.0,"event_name":"Big Fish","player_choice":"Donut","floor":2.0,"gold_loss":0.0,"damage_taken":0.0},{"cards_removed":["Strike_B"],"damage_healed":0.0,"max_hp_gain":0.0,"max_hp_loss":0.0,"gold_gain":0.0,"event_name":"Wheel of Change","player_choice":"Card Removal","floor":3.0,"gold_loss":0.0,"damage_taken":0.0},{"damage_healed":0,"gold_gain":0,"player_choice":"Grow","damage_taken":0,"max_hp_gain":0,"max_hp_loss":0,"event_name":"Living Wall","floor":8,"gold_loss":0,"cards_upgraded":["Sweeping Beam"]}],"is_beta":false,"boss_relics":[],"items_purged_floors":[],"is_endless":false,"potions_floor_spawned":[5],"killed_by":"3 Sentries","ascension_level":20}}