{"host":"i09pxcjttd31eh4q","time":1610203744,"event":{"mods":["AchievementEnabler","BaseMod","Colored Map","Keyboard Shortcuts","Minty Spire (QoL Compilation)","StSLib","SuperFastMode"],"gold_per_floor":[13,23,42,42,59,59,73,87,112,132,152,123,143,143,143,219,269,285,285,305,230,230,230,257,257,257,106,126,126,106,125,125,199,199,213,226,226,239,250,250,250,250],"floor_reached":41,"playtime":1713,"items_purged":["Strike_G","Strike_G"],"score":843,"play_id":"63af4c2a-e925-41c4-b8d5-509e63dcd657","local_time":"20210109234904","is_ascension_mode":true,"campfire_choices":[{"data":"Underhanded Strike","floor":6.0,"key":"SMITH"},{"floor":15.0,"key":"REST"},{"data":"Calculated Gamble","floor":23.0,"key":"SMITH"},{"data":"Calculated Gamble","floor":29.0,"key":"SMITH"},{"data":"Acrobatics","floor":32.0,"key":"SMITH"},{"data":"Noxious Fumes","floor":40,"key":"SMITH"}],"circlet_count":0,"master_deck":["AscendersBane","Strike_G+1","Defend_G","Defend_G","Defend_G","Survivor","Neutralize","Underhanded Strike+1","Backflip+1","Blade Dance","Acrobatics+1","Quick Slash","Dagger Spray","After Image","Acrobatics","Backstab","Dagger Throw","Storm of Steel","Noxious Fumes+1","Leg Sweep","After Image","Calculated Gamble+1","Calculated Gamble+1","Acrobatics+1","Eviscerate","Slice+1","Unload+1","Caltrops+1","Concentrate","Madness","Madness","Backflip","Eviscerate"],"relics":["Ring of the Snake","Tough Bandages","Regal Pillow","Odd Mushroom","Tiny House","Strawberry","CaptainsWheel","Astrolabe"],"acts_visited":["Exordium","TheCity","TheBeyond"],"potions_floor_usage":[],"damage_taken":[{"damage":14.0,"enemies":"Jaw Worm","floor":1.0,"turns":12.0},{"damage":1.0,"enemies":"2 Louse","floor":2.0,"turns":4.0},{"damage":4.0,"enemies":"Cultist","floor":3.0,"turns":5.0},{"damage":0.0,"enemies":"Looter","floor":5.0,"turns":4.0},{"damage":0.0,"enemies":"Large Slime","floor":7.0,"turns":5.0},{"damage":11.0,"enemies":"Gremlin Gang","floor":8.0,"turns":6.0},{"damage":19.0,"enemies":"The Mushroom Lair","floor":10.0,"turns":4.0},{"damage":0.0,"enemies":"2 Fungi Beasts","floor":11.0,"turns":4.0},{"damage":0.0,"enemies":"Exordium Thugs","floor":12.0,"turns":4.0},{"damage":4.0,"enemies":"3 Louse","floor":13.0,"turns":3.0},{"damage":39.0,"enemies":"The Guardian","floor":16.0,"turns":19.0},{"damage":9.0,"enemies":"Spheric Guardian","floor":18.0,"turns":5.0},{"damage":6.0,"enemies":"Chosen","floor":20.0,"turns":5.0},{"damage":9.0,"enemies":"Book of Stabbing","floor":24.0,"turns":6.0},{"damage":4.0,"enemies":"Snake Plant","floor":28.0,"turns":7.0},{"damage":0.0,"enemies":"3 Cultists","floor":31.0,"turns":5.0},{"damage":6.0,"enemies":"Collector","floor":33.0,"turns":13.0},{"damage":10.0,"enemies":"3 Darklings","floor":35.0,"turns":6.0},{"damage":12.0,"enemies":"3 Shapes","floor":36.0,"turns":3.0},{"damage":9.0,"enemies":"3 Darklings","floor":38.0,"turns":6.0},{"damage":8,"enemies":"Writhing Mass","floor":39,"turns":9},{"damage":35,"enemies":"Giant Head","floor":41,"turns":8}],"seed_played":"3653423000976777621","potions_obtained":[{"floor":5.0,"key":"Regen Potion"},{"floor":7.0,"key":"EssenceOfSteel"},{"floor":8.0,"key":"SkillPotion"},{"floor":13.0,"key":"Block Potion"},{"floor":17.0,"key":"CultistPotion"},{"floor":18.0,"key":"SneckoOil"},{"floor":24.0,"key":"Strength Potion"},{"floor":30.0,"key":"BlessingOfTheForge"},{"floor":31.0,"key":"PowerPotion"},{"floor":39,"key":"Poison Potion"}],"is_trial":false,"path_per_floor":["M","M","M","?","M","R","M","M","T","?","M","M","M","?","R","B",null,"M","?","M","$","?","R","E","?","T","$","M","R","?","M","R","B",null,"M","M","?","M","M","R","E"],"character_chosen":"THE_SILENT","items_purchased":["Acrobatics"],"campfire_rested":1,"item_purchase_floors":[27],"current_hp_per_floor":[45,44,40,20,20,20,20,24,24,5,5,5,1,6,42,3,59,50,50,44,44,44,44,42,18,18,18,14,14,14,14,14,8,68,58,46,30,21,13,13,0,0],"gold":250,"neow_bonus":"ONE_RARE_RELIC","is_daily":false,"chose_seed":false,"campfire_upgraded":5,"win_rate":0.0,"timestamp":1610203744,"path_taken":["M","M","M","?","M","R","M","M","T","?","M","M","M","?","R","BOSS","M","?","M","$","?","R","E","?","T","$","M","R","?","M","R","BOSS","M","?","?","M","M","R","E"],"items_purchased_type":["Card"],"build_version":"2020-12-22","purchased_purges":2,"victory":false,"max_hp_per_floor":[66,66,66,66,66,66,66,66,66,66,66,66,66,71,71,71,76,76,76,76,76,76,76,83,88,88,88,88,88,88,88,88,88,88,88,88,88,88,88,88,88,88],"card_choices":[{"not_picked":["Slice","Deflect"],"picked":"Underhanded Strike","floor":1.0},{"not_picked":["Dodge and Roll","Catalyst"],"picked":"Backflip","floor":2.0},{"not_picked":["Underhanded Strike","Sucker Punch"],"picked":"Blade Dance","floor":3.0},{"not_picked":["Backstab","Footwork"],"picked":"Acrobatics","floor":5.0},{"not_picked":["Finisher","Dash"],"picked":"Quick Slash","floor":7.0},{"not_picked":["Outmaneuver","Dodge and Roll"],"picked":"Dagger Spray","floor":8.0},{"not_picked":["Masterful Stab","Bane"],"picked":"After Image","floor":10.0},{"not_picked":["Crippling Poison","Cloak And Dagger"],"picked":"Acrobatics","floor":11.0},{"not_picked":["Blade Dance","Dagger Spray"],"picked":"Backstab","floor":12.0},{"not_picked":["PiercingWail","Backflip"],"picked":"Dagger Throw","floor":13.0},{"not_picked":["Tools of the Trade","Adrenaline"],"picked":"Storm of Steel","floor":16.0},{"not_picked":["Dodge and Roll","Endless Agony"],"picked":"Noxious Fumes","floor":17.0},{"not_picked":["Underhanded Strike","Infinite Blades"],"picked":"Leg Sweep","floor":18.0},{"not_picked":["Flying Knee","Sucker Punch","Riddle With Holes"],"picked":"SKIP","floor":20.0},{"not_picked":["Deadly Poison+1","Concentrate"],"picked":"Calculated Gamble","floor":24.0},{"not_picked":["Underhanded Strike","Dodge and Roll","Quick Slash"],"picked":"SKIP","floor":28.0},{"not_picked":["Dagger Throw","Prepared"],"picked":"Eviscerate","floor":31.0},{"not_picked":["Backstab+1","All Out Attack","Riddle With Holes+1"],"picked":"SKIP","floor":35.0},{"not_picked":["Sucker Punch","Finisher+1"],"picked":"Concentrate","floor":36.0},{"not_picked":["Flying Knee+1","Setup"],"picked":"Backflip","floor":38.0},{"not_picked":["Cloak And Dagger","Concentrate"],"picked":"Eviscerate","floor":39}],"player_experience":848483,"relics_obtained":[{"floor":9.0,"key":"Regal Pillow"},{"floor":10.0,"key":"Odd Mushroom"},{"floor":24.0,"key":"Strawberry"},{"floor":26.0,"key":"CaptainsWheel"}],"event_choices":[{"damage_healed":0.0,"max_hp_gain":0.0,"max_hp_loss":0.0,"gold_gain":0.0,"event_name":"Shining Light","player_choice":"Entered Light","floor":4.0,"gold_loss":0.0,"damage_taken":20.0,"cards_upgraded":["Backflip","Strike_G"]},{"damage_healed":0.0,"max_hp_gain":0.0,"max_hp_loss":0.0,"gold_gain":0.0,"event_name":"Mushrooms","player_choice":"Fought Mushrooms","floor":10.0,"gold_loss":0.0,"damage_taken":0.0},{"damage_healed":0.0,"max_hp_gain":5.0,"max_hp_loss":0.0,"gold_gain":0.0,"event_name":"Big Fish","player_choice":"Donut","floor":14.0,"gold_loss":0.0,"damage_taken":0.0},{"damage_healed":0.0,"max_hp_gain":0.0,"max_hp_loss":0.0,"gold_gain":0.0,"cards_transformed":["Strike_G","Strike_G"],"event_name":"Drug Dealer","player_choice":"Became Test Subject","floor":19.0,"gold_loss":0.0,"damage_taken":0.0,"cards_obtained":["After Image","Glass Knife"]},{"damage_healed":0.0,"max_hp_gain":0.0,"max_hp_loss":0.0,"gold_gain":0.0,"event_name":"The Library","player_choice":"Read","floor":22.0,"gold_loss":0.0,"damage_taken":0.0,"cards_obtained":["Calculated Gamble"]},{"damage_healed":0.0,"max_hp_gain":5.0,"max_hp_loss":0.0,"gold_gain":0.0,"event_name":"Forgotten Altar","player_choice":"Shed Blood","floor":25.0,"gold_loss":0.0,"damage_taken":29.0},{"damage_healed":0.0,"max_hp_gain":0.0,"max_hp_loss":0.0,"gold_gain":0.0,"event_name":"The Woman in Blue","player_choice":"Bought 1 Potion","floor":30.0,"gold_loss":0.0,"damage_taken":0.0},{"damage_healed":0.0,"max_hp_gain":0.0,"max_hp_loss":0.0,"gold_gain":0.0,"event_name":"Winding Halls","player_choice":"Embrace Madness","floor":37.0,"gold_loss":0.0,"damage_taken":16.0,"cards_obtained":["Madness","Madness"]}],"is_beta":false,"boss_relics":[{"not_picked":["Fusion Hammer","Calling Bell"],"picked":"Tiny House"},{"not_picked":["SacredBark","Ring of the Serpent"],"picked":"Astrolabe"}],"items_purged_floors":[21,27],"is_endless":false,"potions_floor_spawned":[5,7,8,13,18,24,31,39],"killed_by":"Giant Head","ascension_level":20}}