{"host":"jexbkylv34f8xu3o","time":1610230271,"event":{"mods":["AchievementEnabler","BaseMod","Colored Map","Colored Powertips","GifTheSpireLib","Highlight Path","Minty Spire (QoL Compilation)","Quick Restart","StSLib"],"gold_per_floor":[109,74,74,93,111,145,158,185,212,45,61,236,265,277,277,380,380,399,399,143,143,143,170,170,170,170],"floor_reached":25,"playtime":894,"items_purged":["Strike_R","Strike_R"],"score":359,"play_id":"00c927eb-84b1-4b23-9c9c-39b1d43100aa","local_time":"20210109191111","is_ascension_mode":true,"campfire_choices":[{"data":"True Grit","floor":15,"key":"SMITH"},{"data":"Body Slam","floor":24,"key":"SMITH"}],"circlet_count":0,"master_deck":["AscendersBane","Strike_R","Strike_R","Defend_R","Defend_R","Defend_R+1","Defend_R","Bash","Shrug It Off+1","Juggernaut","Feel No Pain","Power Through","Feel No Pain","True Grit+1","Body Slam+1","Doubt","Disarm","Shrug It Off","Corruption","CurseOfTheBell","Fire Breathing+1","Iron Wave","Feed"],"relics":["SlaversCollar","Lantern","War Paint","Anchor","Strawberry","Calling Bell","Oddly Smooth Stone","Question Card","Girya","Art of War","Prayer Wheel"],"acts_visited":["Exordium","TheCity"],"potions_floor_usage":[5,8,18,23,23],"damage_taken":[{"damage":13,"enemies":"Jaw Worm","floor":1,"turns":6},{"damage":0,"enemies":"Small Slimes","floor":4,"turns":3},{"damage":2,"enemies":"Cultist","floor":5,"turns":4},{"damage":24,"enemies":"Gremlin Nob","floor":6,"turns":4},{"damage":4,"enemies":"Red Slaver","floor":7,"turns":4},{"damage":36,"enemies":"Lagavulin","floor":8,"turns":6},{"damage":0,"enemies":"Blue Slaver","floor":11,"turns":4},{"damage":2,"enemies":"3 Sentries","floor":13,"turns":6},{"damage":1,"enemies":"Exordium Wildlife","floor":14,"turns":5},{"damage":51,"enemies":"The Guardian","floor":16,"turns":15},{"damage":7,"enemies":"Shell Parasite","floor":18,"turns":4},{"damage":49,"enemies":"Slavers","floor":23,"turns":6},{"damage":22,"enemies":"Book of Stabbing","floor":25,"turns":3}],"seed_played":"-2529866799313901074","potions_obtained":[{"floor":4,"key":"Weak Potion"},{"floor":7,"key":"SteroidPotion"},{"floor":8,"key":"FairyPotion"},{"floor":14,"key":"Energy Potion"},{"floor":16,"key":"SteroidPotion"},{"floor":18,"key":"ColorlessPotion"}],"is_trial":false,"path_per_floor":["M","?","?","M","M","E","M","E","T","$","M","?","E","M","R","B",null,"M","?","$","?","?","E","R","E"],"character_chosen":"IRONCLAD","items_purchased":["Feel No Pain","True Grit","Art of War"],"campfire_rested":0,"item_purchase_floors":[10,10,20],"current_hp_per_floor":[59,79,72,72,70,46,42,6,6,6,6,6,11,10,10,14,69,62,62,62,62,62,16,16,0,0],"gold":170,"neow_bonus":"BOSS_RELIC","is_daily":false,"chose_seed":false,"campfire_upgraded":2,"win_rate":0.0,"timestamp":1610230271,"path_taken":["M","?","?","M","?","E","M","E","T","?","?","?","E","M","R","BOSS","M","?","$","?","?","E","R","E"],"items_purchased_type":["Card","Card","Relic"],"build_version":"2020-12-22","purchased_purges":2,"victory":false,"max_hp_per_floor":[80,80,80,80,80,80,80,80,80,80,80,80,87,87,87,87,87,87,87,87,87,87,90,90,90,90],"card_choices":[{"not_picked":["Twin Strike","Rampage"],"picked":"Pommel Strike","floor":1},{"not_picked":["Iron Wave","Infernal Blade"],"picked":"Cleave","floor":4},{"not_picked":["Headbutt","Iron Wave"],"picked":"Shrug It Off","floor":5},{"not_picked":["Flex","Heavy Blade"],"picked":"Juggernaut","floor":6},{"not_picked":["Fire Breathing","Perfected Strike"],"picked":"Feel No Pain","floor":7},{"not_picked":["Uppercut","Fire Breathing"],"picked":"Power Through","floor":8},{"not_picked":["Perfected Strike","Sword Boomerang"],"picked":"Body Slam","floor":11},{"not_picked":["Searing Blow","Bludgeon"],"picked":"Disarm","floor":13},{"not_picked":["Intimidate","Rage"],"picked":"Shrug It Off","floor":14},{"not_picked":["Limit Break","Reaper"],"picked":"Corruption","floor":16},{"not_picked":["Bloodletting","Havoc","Iron Wave"],"picked":"Fire Breathing+1","floor":18},{"not_picked":["Anger","Wild Strike+1","Clash","Searing Blow+1"],"picked":"SKIP","floor":23}],"player_experience":549914,"relics_obtained":[{"floor":6,"key":"Lantern"},{"floor":8,"key":"War Paint"},{"floor":9,"key":"Anchor"},{"floor":13,"key":"Strawberry"},{"floor":17,"key":"Oddly Smooth Stone"},{"floor":17,"key":"Question Card"},{"floor":17,"key":"Girya"},{"floor":23,"key":"Prayer Wheel"}],"event_choices":[{"damage_healed":20,"gold_gain":0,"player_choice":"Healed","damage_taken":0,"max_hp_gain":0,"max_hp_loss":0,"event_name":"The Cleric","floor":2,"gold_loss":35},{"cards_removed":["Strike_R"],"damage_healed":0,"gold_gain":0,"player_choice":"Card Removal","damage_taken":7,"max_hp_gain":0,"max_hp_loss":0,"event_name":"Golden Wing","floor":3,"gold_loss":0},{"damage_healed":0,"gold_gain":175,"player_choice":"AGREE","damage_taken":0,"max_hp_gain":0,"max_hp_loss":0,"event_name":"Liars Game","floor":12,"gold_loss":0,"cards_obtained":["Doubt"]},{"damage_healed":0,"gold_gain":0,"player_choice":"Ignored","damage_taken":0,"max_hp_gain":0,"max_hp_loss":0,"event_name":"Vampires","floor":19,"gold_loss":0},{"damage_healed":0,"gold_gain":0,"player_choice":"Ignored","damage_taken":0,"max_hp_gain":0,"max_hp_loss":0,"event_name":"Ghosts","floor":21,"gold_loss":0},{"damage_healed":0,"gold_gain":0,"cards_transformed":["Cleave","Pommel Strike"],"player_choice":"Became Test Subject","damage_taken":0,"max_hp_gain":0,"max_hp_loss":0,"event_name":"Drug Dealer","floor":22,"gold_loss":0,"cards_obtained":["Iron Wave","Feed"]}],"is_beta":false,"boss_relics":[{"not_picked":["Coffee Dripper","Tiny House"],"picked":"Calling Bell"}],"items_purged_floors":[10,20],"is_endless":false,"potions_floor_spawned":[4,7,8,14,16,18],"killed_by":"Book of Stabbing","ascension_level":10}}