{"host":"0iuhrgzkozzv273x","time":1610227837,"event":{"mods":["2.2 Compatiblity","Astrologer","BaseMod","ChefMod","Colored Map","Downfall","Hermit","Jorbs\u0027s Wanderer Trilogy","Key Reminder","Minty Spire (QoL Compilation)","Robot Space Explorer","Shade Mod","StSLib","The Caster","The Construct","The Cursed","The Disciple","The Hayseed","The Runesmith","The Showman","TheFirefly","Unceasing Turn Reminder","Wandering Minibosses","thorton"],"gold_per_floor":[115,132,232,242,261,261,290,290,365,140,170,98,98,117,117,222,222,233,233,85,110,129,129,157,157,205,217,245,257,304,425,437,556,577,609,621,633,657,649,661,661],"floor_reached":40,"playtime":3044,"items_purged":["caster:strike"],"score":507,"play_id":"3a9472d0-82da-47f9-a9e6-83b21103aa63","local_time":"20210109163037","is_ascension_mode":false,"campfire_choices":[{"data":"caster:GlacialShield","floor":6,"key":"SMITH"},{"floor":13,"key":"REST"},{"data":"caster:LordOfVermillion","floor":15,"key":"SMITH"},{"data":"caster:IzanagisObdurance","floor":23,"key":"SMITH"},{"data":"caster:MagicWeapon","floor":25,"key":"SMITH"},{"data":"caster:Meteor","floor":29,"key":"SMITH"},{"floor":32,"key":"REST"}],"circlet_count":0,"master_deck":["caster:Meteor+1","caster:DivertFocus","caster:strike","caster:strike","caster:strike","caster:defend","caster:defend","caster:defend","caster:defend+1","caster:defend","caster:GlacialShield+1","caster:LightningBolt","caster:Slick+1","caster:Unearth","caster:LordOfVermillion+1","caster:IzanagisObdurance+1","caster:MagicWeapon+1","caster:Unearth+1","caster:PhoenixFlare","caster:Focusyn+1","CurseOfTheBell","caster:FlashFrost+1"],"relics":["caster:MagicBook","NeowsBlessing","TungstenRod","HornCleat","thethorton:BrokenCalculator","Orichalcum","keyreminder:keyreminder","Philosopher\u0027s Stone","War Paint","Question Card","MawBank","MutagenicStrength","CeramicFish","CaptainsWheel","Frozen Egg 2","Calling Bell","Toy Ornithopter","Toxic Egg 2","Torii"],"acts_visited":["Exordium","TheCity","TheBeyond"],"potions_floor_usage":[7,22,24,31],"damage_taken":[{"damage":3,"enemies":"Small Slimes","floor":1,"turns":2},{"damage":0,"enemies":"Cultist","floor":2,"turns":1},{"damage":0,"enemies":"Jaw Worm","floor":4,"turns":1},{"damage":6,"enemies":"Large Slime","floor":5,"turns":8},{"damage":18,"enemies":"Gremlin Nob","floor":7,"turns":6},{"damage":11,"enemies":"Lagavulin","floor":11,"turns":8},{"damage":0,"enemies":"Looter","floor":14,"turns":3},{"damage":0,"enemies":"Hexaghost","floor":16,"turns":8},{"damage":0,"enemies":"Spheric Guardian","floor":18,"turns":4},{"damage":0,"enemies":"Shell Parasite","floor":21,"turns":5},{"damage":5,"enemies":"Centurion and Healer","floor":22,"turns":6},{"damage":23,"enemies":"Slavers","floor":24,"turns":8},{"damage":0,"enemies":"Snake Plant","floor":28,"turns":5},{"damage":18,"enemies":"Gremlin Leader","floor":30,"turns":9},{"damage":2,"enemies":"Colosseum Slavers","floor":31,"turns":5},{"damage":3,"enemies":"Colosseum Nobs","floor":31,"turns":5},{"damage":21,"enemies":"Automaton","floor":33,"turns":10},{"damage":0,"enemies":"Orb Walker","floor":35,"turns":5},{"damage":0,"enemies":"3 Darklings","floor":38,"turns":4},{"damage":60,"enemies":"Reptomancer","floor":40,"turns":3}],"seed_played":"-5869918946967776039","potions_obtained":[{"floor":1,"key":"PowerPotion"},{"floor":7,"key":"Dexterity Potion"},{"floor":11,"key":"Regen Potion"},{"floor":14,"key":"SkillPotion"},{"floor":28,"key":"SneckoOil"},{"floor":38,"key":"SteroidPotion"},{"floor":39,"key":"Strength Potion"}],"is_trial":false,"path_per_floor":["M","M","?","M","M","R","E","?","T","$","E","$","R","M","R","B",null,"M","?","$","M","M","R","E","R","T","?","M","R","E","?","R","B",null,"M","$","?","M","?","E"],"character_chosen":"THE_CASTER","items_purchased":["thethorton:BrokenCalculator","caster:Unearth","War Paint"],"campfire_rested":2,"item_purchase_floors":[10,12,20],"current_hp_per_floor":[61,61,61,61,55,55,37,37,37,37,26,26,45,45,45,45,64,64,64,64,64,59,59,52,52,52,52,52,52,34,31,50,31,64,64,64,64,64,64,4,4],"gold":661,"neow_bonus":"THREE_ENEMY_KILL","is_daily":false,"chose_seed":false,"campfire_upgraded":5,"win_rate":0.0,"timestamp":1610227837,"path_taken":["M","M","?","M","?","R","E","?","T","?","E","$","R","M","R","BOSS","M","?","$","M","?","R","E","R","T","?","M","R","E","?","R","BOSS","M","$","?","M","?","E"],"items_purchased_type":["Relic","Card","Relic"],"build_version":"2020-12-22","purchased_purges":1,"victory":false,"max_hp_per_floor":[64,64,64,64,64,64,64,64,64,64,64,64,64,64,64,64,64,64,64,64,64,64,64,64,64,64,64,64,64,64,64,64,64,64,64,64,64,64,64,64,64],"card_choices":[{"not_picked":["caster:ShivasGrace","caster:MagicResonance","caster:LAZER"],"picked":"SKIP","floor":1},{"not_picked":["caster:SpontaneousCombustion","caster:Elementalize"],"picked":"caster:GlacialShield","floor":2},{"not_picked":["caster:QuickCast","caster:JupitelThunder"],"picked":"caster:LightningBolt","floor":4},{"not_picked":["caster:Enfeeble","caster:FireWall","caster:GlacialShield"],"picked":"SKIP","floor":5},{"not_picked":["caster:SunGoddessAmaterasu","caster:Charge","caster:WallOfRocks"],"picked":"SKIP","floor":7},{"not_picked":["caster:FrigidBeam","caster:JupitelThunder","caster:Conflagrate"],"picked":"SKIP","floor":11},{"not_picked":["caster:LightningBolt","caster:GlacialShield"],"picked":"caster:LordOfVermillion","floor":14},{"not_picked":["caster:ShortenedChant","caster:ManaOverflow"],"picked":"caster:IzanagisObdurance","floor":16},{"not_picked":["caster:QuickCast","caster:Discharge"],"picked":"caster:MagicWeapon","floor":18},{"not_picked":["caster:MagicWeapon","caster:MagicAttunement","caster:LightningBolt+1"],"picked":"SKIP","floor":21},{"not_picked":["caster:FrigidBeam","caster:GaiasBlessing","caster:Enfeeble"],"picked":"SKIP","floor":22},{"not_picked":["caster:Sandstorm","caster:ShortenedChant","caster:Discharge+1"],"picked":"SKIP","floor":24},{"not_picked":["caster:ShivasGrace","caster:BloodRitual","caster:GlacialShield+1","caster:LightningBolt+1"],"picked":"SKIP","floor":28},{"not_picked":["caster:MagicWeapon","caster:JupitelThunder","caster:LightningBolt+1","caster:Sandstorm+1"],"picked":"SKIP","floor":30},{"not_picked":["caster:LAZER+1","caster:WallOfSwords+1","caster:BloodRitual"],"picked":"caster:PhoenixFlare","floor":31},{"not_picked":["caster:ShortenedChant+1","caster:Ifrit+1","caster:EchoingVoice"],"picked":"caster:Focusyn+1","floor":33},{"not_picked":["caster:FrostDriver","caster:LAZER+1","caster:FrigidBeam"],"picked":"caster:FlashFrost+1","floor":35},{"not_picked":["caster:Embers+1","caster:FlashSpeed","caster:LightningBolt","caster:Sandstorm+1"],"picked":"SKIP","floor":38}],"player_experience":1453446,"relics_obtained":[{"floor":7,"key":"TungstenRod"},{"floor":9,"key":"HornCleat"},{"floor":11,"key":"Orichalcum"},{"floor":24,"key":"Question Card"},{"floor":26,"key":"MawBank"},{"floor":30,"key":"CeramicFish"},{"floor":31,"key":"CaptainsWheel"},{"floor":31,"key":"Frozen Egg 2"},{"floor":34,"key":"Toy Ornithopter"},{"floor":34,"key":"Toxic Egg 2"},{"floor":34,"key":"Torii"}],"event_choices":[{"damage_healed":0,"gold_gain":100,"player_choice":"Pray","damage_taken":0,"max_hp_gain":0,"max_hp_loss":0,"event_name":"Golden Shrine","floor":3,"gold_loss":0},{"damage_healed":0,"gold_gain":0,"player_choice":"Copied","damage_taken":0,"max_hp_gain":0,"max_hp_loss":0,"event_name":"Duplicator","floor":19,"gold_loss":0,"cards_obtained":["caster:Unearth"]},{"damage_healed":0,"gold_gain":0,"player_choice":"Inject Mutagens","damage_taken":0,"relics_obtained":["MutagenicStrength"],"max_hp_gain":0,"max_hp_loss":0,"event_name":"Drug Dealer","floor":27,"gold_loss":0},{"damage_healed":0,"gold_gain":0,"player_choice":"Fight","damage_taken":0,"max_hp_gain":0,"max_hp_loss":0,"event_name":"Colosseum","floor":31,"gold_loss":0},{"damage_healed":0,"gold_gain":0,"player_choice":"Fought Nobs","damage_taken":0,"max_hp_gain":0,"max_hp_loss":0,"event_name":"Colosseum","floor":31,"gold_loss":0},{"damage_healed":0,"gold_gain":0,"player_choice":"Ignored","damage_taken":0,"max_hp_gain":0,"max_hp_loss":0,"event_name":"Tomb of Lord Red Mask","floor":37,"gold_loss":0},{"damage_healed":0,"gold_gain":0,"player_choice":"Bought 1 Potion","damage_taken":0,"max_hp_gain":0,"max_hp_loss":0,"event_name":"The Woman in Blue","floor":39,"gold_loss":0}],"is_beta":false,"boss_relics":[{"not_picked":["Tiny House","Ectoplasm"],"picked":"Philosopher\u0027s Stone"},{"not_picked":["Busted Crown","Astrolabe"],"picked":"Calling Bell"}],"items_purged_floors":[10],"is_endless":false,"potions_floor_spawned":[1,7,11,14,18,28,38],"killed_by":"Reptomancer","ascension_level":0}}