{"host":"baiuyraednrljtmn","time":1610175990,"event":{"mods":["BaseMod","Colored Map","Colored Powertips","DeckTracker","Keyboard Shortcuts","Minty Spire (QoL Compilation)","Relic Stats","StSLib","SuperFastMode","everything is the same but u backflip on backflip"],"gold_per_floor":[115,115,115,135,135,175,175,194,194,31,31,65,65,80,80,178,178,202,202,227,152,152,152,188,212,266,266,285,17,17,58,58,154,154,169,69,69,93,116,116,160,160,160,160,185,229,242,586,586,586,586],"floor_reached":52,"playtime":1202,"items_purged":["Strike_G","Defend_G"],"score":1997,"play_id":"b12e0785-33c1-4fff-ba5b-27f357eb7d75","local_time":"20210109160630","is_ascension_mode":true,"campfire_choices":[{"data":"Blade Dance","floor":7.0,"key":"SMITH"},{"data":"Well Laid Plans","floor":13,"key":"SMITH"},{"data":"Blade Dance","floor":15,"key":"SMITH"},{"data":"After Image","floor":23,"key":"SMITH"},{"floor":27,"key":"REST"},{"data":"Accuracy","floor":30,"key":"SMITH"},{"data":"Wraith Form v2","floor":32,"key":"SMITH"},{"data":"Blade Dance","floor":40,"key":"SMITH"},{"data":"Tactician","floor":42,"key":"SMITH"},{"data":"Infinite Blades","floor":44,"key":"SMITH"},{"floor":49,"key":"REST"}],"circlet_count":0,"master_deck":["AscendersBane","Strike_G+1","Defend_G","Defend_G","Defend_G","Survivor","Neutralize+1","Blade Dance+1","Bouncing Flask+1","Well Laid Plans+1","Blade Dance+1","After Image+1","Infinite Blades+1","Wraith Form v2+1","Finisher+1","Accuracy+1","Blade Dance+1","Infinite Blades","Tactician+1","Reflex+1"],"relics":["Ring of the Snake","NeowsBlessing","Golden Idol","Omamori","Akabeko","Kunai","Shuriken","WristBlade","Molten Egg 2","Toy Ornithopter","Pen Nib","Lantern","Black Star","Letter Opener","Whetstone","Eternal Feather","Ornamental Fan","Snake Skull","Old Coin"],"acts_visited":["Exordium","TheCity","TheBeyond"],"potions_floor_usage":[12,18,24,48,51],"damage_taken":[{"damage":0.0,"enemies":"Small Slimes","floor":1.0,"turns":1.0},{"damage":0.0,"enemies":"2 Louse","floor":4.0,"turns":1.0},{"damage":0.0,"enemies":"Lagavulin","floor":6.0,"turns":1.0},{"damage":0.0,"enemies":"Cultist","floor":8.0,"turns":3.0},{"damage":2,"enemies":"Gremlin Nob","floor":12,"turns":3},{"damage":0,"enemies":"2 Fungi Beasts","floor":14,"turns":3},{"damage":7,"enemies":"The Guardian","floor":16,"turns":8},{"damage":0,"enemies":"2 Thieves","floor":18,"turns":3},{"damage":0,"enemies":"Chosen","floor":20,"turns":2},{"damage":8,"enemies":"Gremlin Leader","floor":24,"turns":5},{"damage":12,"enemies":"Shelled Parasite and Fungi","floor":25,"turns":4},{"damage":5,"enemies":"3 Cultists","floor":28,"turns":5},{"damage":20,"enemies":"Book of Stabbing","floor":31,"turns":4},{"damage":7,"enemies":"Champ","floor":33,"turns":5},{"damage":9,"enemies":"3 Shapes","floor":35,"turns":5},{"damage":0,"enemies":"Orb Walker","floor":38,"turns":4},{"damage":1,"enemies":"3 Darklings","floor":39,"turns":4},{"damage":6,"enemies":"Giant Head","floor":41,"turns":5},{"damage":0,"enemies":"Spire Growth","floor":45,"turns":3},{"damage":2,"enemies":"Reptomancer","floor":46,"turns":5},{"damage":0,"enemies":"Transient","floor":47,"turns":6},{"damage":34,"enemies":"Nemesis","floor":48,"turns":5},{"damage":80,"enemies":"Awakened One","floor":50,"turns":7},{"damage":26,"enemies":"Time Eater","floor":51,"turns":7}],"seed_played":"8990253370355271777","potions_obtained":[{"floor":1.0,"key":"SteroidPotion"},{"floor":6.0,"key":"Block Potion"},{"floor":12,"key":"Strength Potion"},{"floor":24,"key":"Poison Potion"},{"floor":28,"key":"SmokeBomb"},{"floor":31,"key":"Swift Potion"},{"floor":38,"key":"SteroidPotion"}],"is_trial":false,"path_per_floor":["M","?","?","M","?","E","R","M","T","$","?","E","R","M","R","B",null,"M","?","M","?","?","R","E","M","T","R","M","$","R","E","R","B",null,"M","$","?","M","M","R","E","R","T","R","M","E","M","E","R","B","B",null],"character_chosen":"THE_SILENT","items_purchased":["Well Laid Plans","Accuracy","Blade Dance","Pen Nib"],"campfire_rested":2,"item_purchase_floors":[10,29,29,29],"current_hp_per_floor":[59,59,64,64,59,59,59,59,59,59,39,37,37,37,37,30,56,56,56,56,56,56,56,48,36,36,55,50,50,50,30,30,23,55,46,46,46,46,45,45,39,39,39,48,48,46,46,17,48,11,40],"gold":586,"neow_bonus":"THREE_ENEMY_KILL","is_daily":false,"chose_seed":false,"campfire_upgraded":9,"win_rate":0.0,"timestamp":1610175990,"path_taken":["M","?","?","M","?","E","R","M","T","$","?","E","R","M","R","BOSS","M","?","?","?","?","R","E","M","T","R","M","$","R","E","R","BOSS","M","$","?","M","M","R","E","R","T","R","M","E","?","E","R","BOSS","BOSS"],"items_purchased_type":["Card","Card","Card","Relic"],"build_version":"2020-12-22","purchased_purges":2,"victory":true,"max_hp_per_floor":[66,60,65,65,65,65,65,65,65,65,65,65,65,65,65,65,65,65,65,65,65,65,65,65,65,65,65,65,65,65,65,65,65,65,65,65,65,65,65,65,65,65,65,65,65,65,65,65,65,65,65],"relic_stats":{"counters":[24,99],"Golden Idol":185,"Eternal Feather":21,"Pen Nib":[23],"Snake Skull":[4],"Letter Opener":[10],"Whetstone":["Neutralize"],"Shuriken":[86],"Ornamental Fan":[124],"Black Star":3,"Kunai":[87],"obtain_stats":[{"Lantern":31,"NeowsBlessing":0,"Golden Idol":2,"Eternal Feather":43,"Pen Nib":29,"Snake Skull":46,"Omamori":5,"Letter Opener":41,"Whetstone":41,"Akabeko":6,"Old Coin":48,"WristBlade":17,"Shuriken":12,"Ornamental Fan":46,"Molten Egg 2":24,"Black Star":34,"Kunai":9,"Toy Ornithopter":26,"Ring of the Snake":0},{"Lantern":13,"NeowsBlessing":0,"Golden Idol":1,"Eternal Feather":18,"Pen Nib":12,"Snake Skull":20,"Omamori":2,"Letter Opener":18,"Whetstone":18,"Akabeko":3,"Old Coin":22,"WristBlade":7,"Shuriken":5,"Ornamental Fan":20,"Molten Egg 2":10,"Black Star":14,"Kunai":4,"Toy Ornithopter":11,"Ring of the Snake":0},{"Lantern":43,"NeowsBlessing":0,"Golden Idol":1,"Eternal Feather":66,"Pen Nib":39,"Snake Skull":74,"Omamori":2,"Letter Opener":66,"Whetstone":66,"Akabeko":3,"Old Coin":85,"WristBlade":20,"Shuriken":9,"Ornamental Fan":74,"Molten Egg 2":30,"Black Star":48,"Kunai":6,"Toy Ornithopter":34,"Ring of the Snake":0}],"Toy Ornithopter":10,"Ring of the Snake":[48]},"card_choices":[{"not_picked":["Caltrops","PiercingWail"],"picked":"Blade Dance","floor":1.0},{"not_picked":["Flechettes","Cloak And Dagger"],"picked":"Bouncing Flask","floor":4.0},{"not_picked":["Setup","Deadly Poison","Dodge and Roll"],"picked":"SKIP","floor":6.0},{"not_picked":["Slice","Heel Hook","Sucker Punch"],"picked":"SKIP","floor":8.0},{"not_picked":["Masterful Stab","Footwork","Underhanded Strike"],"picked":"SKIP","floor":12},{"not_picked":["Setup","Storm of Steel"],"picked":"Blade Dance","floor":14},{"not_picked":["Adrenaline","Storm of Steel"],"picked":"After Image","floor":16},{"not_picked":["Quick Slash","Outmaneuver"],"picked":"Infinite Blades","floor":18},{"not_picked":["Concentrate","Bane","Dash"],"picked":"SKIP","floor":20},{"not_picked":["Distraction+1","Underhanded Strike+1"],"picked":"Wraith Form v2","floor":24},{"not_picked":["Noxious Fumes","Prepared","Choke+1"],"picked":"SKIP","floor":25},{"not_picked":["Reflex","Dagger Throw+1"],"picked":"Finisher+1","floor":28},{"not_picked":["Backflip","Outmaneuver","Acrobatics"],"picked":"SKIP","floor":31},{"not_picked":["Bane+1","Sucker Punch+1","Acrobatics"],"picked":"SKIP","floor":35},{"not_picked":["Dodge and Roll","Acrobatics","Setup"],"picked":"SKIP","floor":38},{"not_picked":["Slice+1","Flying Knee+1"],"picked":"Infinite Blades","floor":39},{"not_picked":["Tactician","Catalyst+1","Quick Slash+1"],"picked":"SKIP","floor":41},{"not_picked":["Catalyst+1","Quick Slash+1"],"picked":"Tactician","floor":41},{"not_picked":["Caltrops","Cloak And Dagger","Escape Plan+1"],"picked":"SKIP","floor":45},{"not_picked":["Prepared","Dagger Throw+1","Dodge and Roll"],"picked":"SKIP","floor":46},{"not_picked":["Skewer+1","Expertise"],"picked":"Reflex+1","floor":47},{"not_picked":["Skewer+1","Escape Plan","Dagger Throw+1"],"picked":"SKIP","floor":48}],"player_experience":1418003,"relics_obtained":[{"floor":6.0,"key":"Akabeko"},{"floor":9.0,"key":"Kunai"},{"floor":12,"key":"Shuriken"},{"floor":24,"key":"Molten Egg 2"},{"floor":26,"key":"Toy Ornithopter"},{"floor":31,"key":"Lantern"},{"floor":41,"key":"Letter Opener"},{"floor":41,"key":"Whetstone"},{"floor":43,"key":"Eternal Feather"},{"floor":46,"key":"Ornamental Fan"},{"floor":46,"key":"Snake Skull"},{"floor":48,"key":"Old Coin"}],"event_choices":[{"damage_healed":0.0,"max_hp_gain":0.0,"max_hp_loss":6.0,"gold_gain":0.0,"event_name":"Golden Idol","player_choice":"Lose Max HP","floor":2.0,"gold_loss":0.0,"damage_taken":0.0,"relics_obtained":["Golden Idol"]},{"damage_healed":0.0,"max_hp_gain":5.0,"max_hp_loss":0.0,"gold_gain":0.0,"event_name":"Big Fish","player_choice":"Donut","floor":3.0,"gold_loss":0.0,"damage_taken":0.0},{"damage_healed":0.0,"max_hp_gain":0.0,"max_hp_loss":0.0,"gold_gain":0.0,"event_name":"Scrap Ooze","player_choice":"Success","floor":5.0,"gold_loss":0.0,"damage_taken":5.0,"relics_obtained":["Omamori"]},{"damage_healed":0.0,"max_hp_gain":0.0,"max_hp_loss":0.0,"gold_gain":0.0,"event_name":"Shining Light","player_choice":"Entered Light","floor":11.0,"gold_loss":0.0,"damage_taken":20.0,"cards_upgraded":["Strike_G","Bouncing Flask"]},{"cards_removed":["Strike_G"],"damage_healed":0,"gold_gain":0,"player_choice":"Offered Basic","damage_taken":0,"max_hp_gain":0,"max_hp_loss":0,"event_name":"Bonfire Elementals","floor":19,"gold_loss":0},{"cards_removed":["Strike_G"],"damage_healed":0,"gold_gain":0,"player_choice":"Gave Gold","damage_taken":0,"max_hp_gain":0,"max_hp_loss":0,"event_name":"Beggar","floor":21,"gold_loss":75},{"cards_removed":["Strike_G"],"damage_healed":0,"gold_gain":0,"player_choice":"Purged","damage_taken":0,"max_hp_gain":0,"max_hp_loss":0,"event_name":"Purifier","floor":22,"gold_loss":0},{"cards_removed":["Defend_G"],"damage_healed":0,"gold_gain":0,"player_choice":"Purged","damage_taken":0,"max_hp_gain":0,"max_hp_loss":0,"event_name":"Purifier","floor":37,"gold_loss":0}],"is_beta":false,"boss_relics":[{"not_picked":["Calling Bell","Runic Pyramid"],"picked":"WristBlade"},{"not_picked":["Philosopher\u0027s Stone","Velvet Choker"],"picked":"Black Star"}],"items_purged_floors":[10,36],"is_endless":false,"potions_floor_spawned":[1,6,12,24,28,31,33,38,39,47],"ascension_level":20}}