{"host":"50per11302020","time":1610173336,"event":{"mods":["AchievementEnabler","BaseMod","Colored Map","Minty Spire (QoL Compilation)","Relic Stats","StSLib"],"gold_per_floor":[361,361,374,9,58,92,108,124,124,124,151,151,151,177,177,282,282,302,321,321,60,73,104,104,132,155,44,44,44,144,162,162,257,257,272,287,7,7,355,355,355,368,368,368,378,392,392,407,407,407,407,407,19,47,47],"floor_reached":56,"playtime":6414,"items_purged":[],"score":1762,"play_id":"963f5cbc-06a4-4f7f-9f93-0f94974f4c34","local_time":"20210108222216","is_ascension_mode":true,"campfire_choices":[{"floor":10.0,"key":"REST"},{"data":"The Bomb","floor":12.0,"key":"SMITH"},{"data":"Footwork","floor":15.0,"key":"SMITH"},{"data":"Noxious Fumes","floor":28.0,"key":"SMITH"},{"floor":32.0,"key":"REST"},{"floor":40.0,"key":"REST"},{"data":"After Image","floor":44.0,"key":"SMITH"},{"floor":47.0,"key":"REST"},{"floor":49.0,"key":"RECALL"},{"data":"Catalyst","floor":52.0,"key":"SMITH"}],"circlet_count":0,"master_deck":["AscendersBane","Survivor","Neutralize","Blur","Backstab","The Bomb+1","Backflip","Backflip","Caltrops","Footwork+1","Malaise","Choke+1","Venomology+1","Finisher+1","Dagger Spray+1","Tools of the Trade","Backflip","After Image+1","Noxious Fumes+1","Catalyst+1","Blur","Dagger Spray+1","Burst","Tools of the Trade","Slice","Bane","Terror","Grand Finale","Well Laid Plans","Well Laid Plans","Underhanded Strike+1","Leg Sweep","Backflip","Prepared+1","PiercingWail+1","Infinite Blades","Bullet Time","Caltrops","Dodge and Roll","Sucker Punch"],"relics":["Ring of the Snake","Spirit Poop","Frozen Eye","Vajra","Thread and Needle","Whetstone","StoneCalendar","Lantern","Omamori","Astrolabe","Blood Vial","Shuriken","Centennial Puzzle","Tough Bandages","Meat on the Bone","Pandora\u0027s Box","Mummified Hand","Old Coin","Paper Crane","Ninja Scroll","Unceasing Top"],"acts_visited":["Exordium","TheCity","TheBeyond","TheEnding"],"potions_floor_usage":[55,55],"damage_taken":[{"damage":3.0,"enemies":"Cultist","floor":1.0,"turns":6.0},{"damage":0.0,"enemies":"2 Louse","floor":3.0,"turns":3.0},{"damage":12.0,"enemies":"Lagavulin","floor":6.0,"turns":6.0},{"damage":0.0,"enemies":"Jaw Worm","floor":7.0,"turns":4.0},{"damage":0.0,"enemies":"Red Slaver","floor":8.0,"turns":5.0},{"damage":8.0,"enemies":"Gremlin Nob","floor":11.0,"turns":3.0},{"damage":0.0,"enemies":"3 Sentries","floor":14.0,"turns":3.0},{"damage":13.0,"enemies":"Hexaghost","floor":16.0,"turns":9.0},{"damage":0.0,"enemies":"Spheric Guardian","floor":18.0,"turns":6.0},{"damage":0.0,"enemies":"Shell Parasite","floor":19.0,"turns":7.0},{"damage":0.0,"enemies":"Centurion and Healer","floor":22.0,"turns":7.0},{"damage":5.0,"enemies":"Book of Stabbing","floor":23.0,"turns":6.0},{"damage":7.0,"enemies":"Slavers","floor":25.0,"turns":6.0},{"damage":4.0,"enemies":"Colosseum Slavers","floor":30.0,"turns":7.0},{"damage":19.0,"enemies":"Colosseum Nobs","floor":30.0,"turns":4.0},{"damage":2.0,"enemies":"Snake Plant","floor":31.0,"turns":4.0},{"damage":42.0,"enemies":"Collector","floor":33.0,"turns":11.0},{"damage":9.0,"enemies":"3 Shapes","floor":35.0,"turns":6.0},{"damage":17.0,"enemies":"3 Darklings","floor":36.0,"turns":4.0},{"damage":34.0,"enemies":"2 Orb Walkers","floor":39.0,"turns":4.0},{"damage":6.0,"enemies":"Spire Growth","floor":42.0,"turns":6.0},{"damage":12.0,"enemies":"Maw","floor":45.0,"turns":7.0},{"damage":1.0,"enemies":"Transient","floor":46.0,"turns":5.0},{"damage":0.0,"enemies":"Writhing Mass","floor":48.0,"turns":5.0},{"damage":1.0,"enemies":"Time Eater","floor":50.0,"turns":23.0},{"damage":13.0,"enemies":"Shield and Spear","floor":54.0,"turns":7.0},{"damage":4,"enemies":"The Heart","floor":55,"turns":10}],"seed_played":"7178931140057133218","potions_obtained":[{"floor":3.0,"key":"Ancient Potion"},{"floor":8.0,"key":"GamblersBrew"},{"floor":14.0,"key":"Weak Potion"},{"floor":20.0,"key":"Explosive Potion"},{"floor":22.0,"key":"SkillPotion"},{"floor":25.0,"key":"FearPotion"},{"floor":30.0,"key":"Energy Potion"},{"floor":39.0,"key":"Strength Potion"},{"floor":45.0,"key":"Swift Potion"},{"floor":54.0,"key":"Swift Potion"}],"is_trial":false,"path_per_floor":["M","?","M","$","T","E","M","M","T","R","E","R","?","E","R","B",null,"M","M","?","$","M","E","?","E","T","$","R","$","?","M","R","B",null,"M","M","$","?","?","R","?","M","T","R","M","M","R","M","R","B",null,"R","$","E","B",null],"character_chosen":"THE_SILENT","items_purchased":["The Bomb","Frozen Eye","Backflip","Tools of the Trade","Backflip","Blood Vial","Noxious Fumes","Catalyst","Mummified Hand","Backflip","Caltrops","Ninja Scroll","Dodge and Roll"],"campfire_rested":4,"item_purchase_floors":[4,4,4,21,21,21,27,27,37,37,53,53,53],"current_hp_per_floor":[60,60,60,60,60,48,48,48,48,69,61,61,61,61,61,48,65,65,65,65,65,67,64,51,46,46,46,46,46,27,39,61,33,65,58,43,43,43,23,44,44,40,40,40,42,43,64,66,66,67,70,70,70,58,56],"gold":47,"neow_bonus":"TWO_FIFTY_GOLD","is_daily":false,"chose_seed":false,"campfire_upgraded":5,"win_rate":0.0,"timestamp":1610173336,"path_taken":["M","?","M","$","?","E","M","M","T","R","E","R","?","E","R","BOSS","M","?","?","$","?","E","?","E","T","?","R","$","?","M","R","BOSS","M","M","$","?","?","R","?","M","T","R","M","M","R","M","R","BOSS","R","$","E","BOSS"],"items_purchased_type":["Card","Relic","Card","Card","Card","Relic","Card","Card","Relic","Card","Card","Relic","Card"],"build_version":"2020-12-18","purchased_purges":0,"victory":true,"max_hp_per_floor":[70,70,70,70,70,70,70,70,70,70,70,70,70,70,70,70,70,70,70,70,70,70,70,75,75,75,75,75,75,75,75,75,75,75,75,75,75,71,71,71,71,71,71,71,71,71,71,71,71,71,71,71,71,71,71],"relic_stats":{"counters":[27,174],"Astrolabe":["Choke","Venomology","Finisher"],"StoneCalendar":[301],"Whetstone":["Strike_G","Strike_G"],"Blood Vial":33,"Centennial Puzzle":[37],"Tough Bandages":[372],"Shuriken":[19],"Mummified Hand":[66],"Pandora\u0027s Box":["Tools of the Trade","Slice","Bane","Terror","Grand Finale","Well Laid Plans","Well Laid Plans"],"obtain_stats":[{"Lantern":13,"Astrolabe":17,"Spirit Poop":2,"Vajra":5,"Thread and Needle":6,"StoneCalendar":11,"Omamori":14,"Whetstone":9,"Paper Crane":43,"Old Coin":39,"Blood Vial":21,"Frozen Eye":4,"Centennial Puzzle":25,"Tough Bandages":30,"Shuriken":23,"Mummified Hand":37,"Ninja Scroll":53,"Pandora\u0027s Box":34,"Unceasing Top":54,"Ring of the Snake":0,"Meat on the Bone":30},{"Lantern":6,"Astrolabe":8,"Spirit Poop":1,"Vajra":2,"Thread and Needle":3,"StoneCalendar":6,"Omamori":7,"Whetstone":5,"Paper Crane":21,"Old Coin":20,"Blood Vial":10,"Frozen Eye":2,"Centennial Puzzle":13,"Tough Bandages":15,"Shuriken":12,"Mummified Hand":19,"Ninja Scroll":25,"Pandora\u0027s Box":17,"Unceasing Top":26,"Ring of the Snake":0,"Meat on the Bone":15},{"Lantern":27,"Astrolabe":39,"Spirit Poop":6,"Vajra":9,"Thread and Needle":15,"StoneCalendar":27,"Omamori":30,"Whetstone":24,"Paper Crane":117,"Old Coin":111,"Blood Vial":52,"Frozen Eye":9,"Centennial Puzzle":71,"Tough Bandages":82,"Shuriken":65,"Mummified Hand":107,"Ninja Scroll":157,"Pandora\u0027s Box":97,"Unceasing Top":164,"Ring of the Snake":0,"Meat on the Bone":82}],"Unceasing Top":[0],"Ring of the Snake":[54],"Meat on the Bone":48},"card_choices":[{"not_picked":["Endless Agony","Sucker Punch"],"picked":"Blur","floor":1.0},{"not_picked":["Endless Agony","Outmaneuver"],"picked":"Backstab","floor":3.0},{"not_picked":["Deadly Poison","Quick Slash"],"picked":"Backflip","floor":6.0},{"not_picked":["Reflex","All Out Attack"],"picked":"Backflip","floor":7.0},{"not_picked":["Predator","Slice"],"picked":"Caltrops","floor":8.0},{"not_picked":["Slice","Masterful Stab","Acrobatics"],"picked":"SKIP","floor":11.0},{"not_picked":["Acrobatics","Accuracy"],"picked":"Footwork","floor":14.0},{"not_picked":["Wraith Form v2","Phantasmal Killer"],"picked":"Malaise","floor":16.0},{"not_picked":["Tactician+1","Flechettes"],"picked":"Dagger Spray+1","floor":18.0},{"not_picked":["Masterful Stab+1","Escape Plan","Dagger Throw"],"picked":"SKIP","floor":19.0},{"not_picked":["Setup","Slice","Dodge and Roll"],"picked":"SKIP","floor":22.0},{"not_picked":["Setup","Slice","Dodge and Roll"],"picked":"SKIP","floor":22.0},{"not_picked":["Outmaneuver","Predator","Crippling Poison+1"],"picked":"SKIP","floor":23.0},{"not_picked":["Deflect+1","Catalyst"],"picked":"After Image","floor":25.0},{"not_picked":["Skewer","Flying Knee+1"],"picked":"Blur","floor":30.0},{"not_picked":["Dash","Acrobatics"],"picked":"Dagger Spray+1","floor":31.0},{"not_picked":["Venomology","Bullet Time"],"picked":"Burst","floor":33.0},{"not_picked":["Acrobatics+1","Skewer+1"],"picked":"Underhanded Strike+1","floor":35.0},{"not_picked":["Quick Slash","Skewer+1"],"picked":"Leg Sweep","floor":36.0},{"not_picked":["Well Laid Plans+1","Blade Dance"],"picked":"Prepared+1","floor":39.0},{"not_picked":["Masterful Stab","Dodge and Roll+1"],"picked":"PiercingWail+1","floor":42.0},{"not_picked":["Distraction+1","Dagger Throw","Blade Dance"],"picked":"SKIP","floor":45.0},{"not_picked":["Sucker Punch","Flechettes+1"],"picked":"Infinite Blades","floor":46.0},{"not_picked":["Deflect","Endless Agony"],"picked":"Bullet Time","floor":48.0},{"not_picked":["Deadly Poison+1","Outmaneuver"],"picked":"Sucker Punch","floor":54.0}],"player_experience":123980,"relics_obtained":[{"floor":5.0,"key":"Vajra"},{"floor":6.0,"key":"Thread and Needle"},{"floor":9.0,"key":"Whetstone"},{"floor":11.0,"key":"StoneCalendar"},{"floor":14.0,"key":"Omamori"},{"floor":23.0,"key":"Shuriken"},{"floor":25.0,"key":"Centennial Puzzle"},{"floor":30.0,"key":"Tough Bandages"},{"floor":30.0,"key":"Meat on the Bone"},{"floor":39.0,"key":"Old Coin"},{"floor":43.0,"key":"Paper Crane"},{"floor":54.0,"key":"Unceasing Top"}],"event_choices":[{"cards_removed":["Decay"],"damage_healed":0.0,"max_hp_gain":0.0,"max_hp_loss":0.0,"gold_gain":0.0,"event_name":"Bonfire Elementals","player_choice":"Offered Curse","floor":2.0,"gold_loss":0.0,"damage_taken":0.0,"relics_obtained":["Spirit Poop"]},{"cards_removed":["Backflip"],"damage_healed":0.0,"max_hp_gain":0.0,"max_hp_loss":0.0,"gold_gain":0.0,"event_name":"WeMeetAgain","player_choice":"Gave Card","floor":13.0,"gold_loss":0.0,"damage_taken":0.0,"relics_obtained":["Lantern"]},{"damage_healed":0.0,"max_hp_gain":0.0,"max_hp_loss":0.0,"gold_gain":0.0,"event_name":"Lab","player_choice":"Got Potions","floor":20.0,"gold_loss":0.0,"damage_taken":0.0},{"damage_healed":0.0,"max_hp_gain":5.0,"max_hp_loss":0.0,"gold_gain":0.0,"event_name":"Forgotten Altar","player_choice":"Shed Blood","floor":24.0,"gold_loss":0.0,"damage_taken":18.0},{"damage_healed":0.0,"max_hp_gain":0.0,"max_hp_loss":0.0,"gold_gain":0.0,"event_name":"Colosseum","player_choice":"Fight","floor":30.0,"gold_loss":0.0,"damage_taken":0.0},{"damage_healed":0.0,"max_hp_gain":0.0,"max_hp_loss":0.0,"gold_gain":0.0,"event_name":"Colosseum","player_choice":"Fought Nobs","floor":30.0,"gold_loss":0.0,"damage_taken":0.0},{"damage_healed":0.0,"max_hp_gain":0.0,"max_hp_loss":4.0,"gold_gain":0.0,"event_name":"Winding Halls","player_choice":"Max HP","floor":38.0,"gold_loss":0.0,"damage_taken":0.0},{"damage_healed":0.0,"max_hp_gain":0.0,"max_hp_loss":0.0,"gold_gain":0.0,"event_name":"Mysterious Sphere","player_choice":"Fight","floor":39.0,"gold_loss":0.0,"damage_taken":0.0},{"damage_healed":0.0,"max_hp_gain":0.0,"max_hp_loss":0.0,"gold_gain":0.0,"event_name":"SecretPortal","player_choice":"Ignored","floor":41.0,"gold_loss":0.0,"damage_taken":0.0}],"is_beta":true,"boss_relics":[{"not_picked":["Ectoplasm","Fusion Hammer"],"picked":"Astrolabe"},{"not_picked":["WristBlade","Empty Cage"],"picked":"Pandora\u0027s Box"}],"items_purged_floors":[],"is_endless":false,"potions_floor_spawned":[3,8,14,22,25,30,30,31,39,42,45,54],"ascension_level":11}}