{"host":"a1eatafr7pisesky","time":1610166095,"event":{"mods":["AchievementEnabler","BaseMod","Colored Map","Keyboard Shortcuts","Minty Spire (QoL Compilation)","Say the Spire","StSLib","SuperFastMode","everything is the same but u backflip on backflip"],"gold_per_floor":[114,114,126,136,153,183,183,208,208,37,37,48,79,91,91,196,246,265,283,112,135,135,165,165,165,198,198,244,269,269,269],"floor_reached":30,"playtime":772,"items_purged":["Strike_B","Strike_B"],"score":414,"play_id":"51f80c71-e432-496a-8fda-b35fbacdb30b","local_time":"20210109132135","is_ascension_mode":true,"campfire_choices":[{"floor":7.0,"key":"REST"},{"data":"Storm","floor":15.0,"key":"SMITH"},{"floor":24.0,"key":"REST"}],"circlet_count":0,"master_deck":["Strike_B","Defend_B","Defend_B","Defend_B","Defend_B","Zap","Dualcast+1","Beam Cell","Storm","Conserve Battery","Self Repair","Capacitor","Storm+1","Conserve Battery","Capacitor","Ball Lightning","Electrodynamics","Cold Snap","Force Field","Hologram","Hologram+1"],"relics":["Cracked Core","Art of War","Tiny Chest","Kunai","Turnip","Tiny House","Potion Belt","Letter Opener","Gremlin Horn","Pantograph","CeramicFish"],"acts_visited":["Exordium","TheCity"],"potions_floor_usage":[30],"damage_taken":[{"damage":1.0,"enemies":"2 Louse","floor":1.0,"turns":2.0},{"damage":12.0,"enemies":"Small Slimes","floor":3.0,"turns":2.0},{"damage":11.0,"enemies":"Cultist","floor":4.0,"turns":4.0},{"damage":7.0,"enemies":"Blue Slaver","floor":5.0,"turns":4.0},{"damage":18.0,"enemies":"Gremlin Nob","floor":6.0,"turns":3.0},{"damage":25.0,"enemies":"Lagavulin","floor":8.0,"turns":6.0},{"damage":28.0,"enemies":"Exordium Thugs","floor":12.0,"turns":5.0},{"damage":20.0,"enemies":"Gremlin Nob","floor":13.0,"turns":3.0},{"damage":11.0,"enemies":"Looter","floor":14.0,"turns":3.0},{"damage":33.0,"enemies":"Slime Boss","floor":16.0,"turns":7.0},{"damage":28.0,"enemies":"Spheric Guardian","floor":18.0,"turns":4.0},{"damage":37.0,"enemies":"2 Thieves","floor":19.0,"turns":4.0},{"damage":22.0,"enemies":"Slavers","floor":23.0,"turns":4.0},{"damage":42.0,"enemies":"Book of Stabbing","floor":26.0,"turns":5.0},{"damage":7.0,"enemies":"Chosen and Byrds","floor":29.0,"turns":4.0},{"damage":14,"enemies":"Snake Plant","floor":30,"turns":1}],"seed_played":"-1952518076552116355","potions_obtained":[{"floor":1.0,"key":"FocusPotion"},{"floor":5.0,"key":"AttackPotion"},{"floor":13.0,"key":"Regen Potion"},{"floor":14.0,"key":"FairyPotion"},{"floor":16.0,"key":"LiquidMemories"},{"floor":17.0,"key":"ColorlessPotion"},{"floor":18.0,"key":"Fire Potion"},{"floor":23.0,"key":"FearPotion"},{"floor":26.0,"key":"Swift Potion"}],"is_trial":false,"path_per_floor":["M","?","M","M","M","E","R","E","T","$","?","M","E","M","R","B",null,"M","M","$","T","?","E","R","R","E","T","T","M","M"],"character_chosen":"DEFECT","items_purchased":["Swift Potion","Energy Potion","Force Field"],"campfire_rested":2,"item_purchase_floors":[10,10,20],"current_hp_per_floor":[74,79,67,56,49,38,64,46,46,46,46,25,12,8,8,33,79,51,21,21,21,21,18,45,45,10,10,10,10,0,0],"gold":269,"neow_bonus":"TEN_PERCENT_HP_BONUS","is_daily":false,"chose_seed":false,"campfire_upgraded":1,"win_rate":0.0,"timestamp":1610166095,"path_taken":["M","?","M","M","M","E","R","E","T","$","?","M","E","M","R","BOSS","M","M","$","?","?","E","R","R","E","T","?","M","M"],"items_purchased_type":["Potion","Potion","Card"],"build_version":"2020-12-22","purchased_purges":2,"victory":false,"max_hp_per_floor":[82,87,87,87,87,87,87,87,87,87,87,87,87,87,87,87,92,92,92,92,92,92,92,92,92,92,92,92,92,92,92],"card_choices":[{"not_picked":["Heatsinks","Compile Driver"],"picked":"Beam Cell","floor":1.0},{"not_picked":["Compile Driver","Beam Cell"],"picked":"Storm","floor":3.0},{"not_picked":["Stack","Double Energy"],"picked":"Conserve Battery","floor":4.0},{"not_picked":["Steam","Darkness"],"picked":"Self Repair","floor":5.0},{"not_picked":["Reinforced Body","Thunder Strike"],"picked":"Capacitor","floor":6.0},{"not_picked":["Skim","Glacier"],"picked":"Storm","floor":8.0},{"not_picked":["Compile Driver","Beam Cell"],"picked":"Conserve Battery","floor":12.0},{"not_picked":["Blizzard","Rebound"],"picked":"Capacitor","floor":13.0},{"not_picked":["Double Energy","Recycle"],"picked":"Ball Lightning","floor":14.0},{"not_picked":["Amplify","Biased Cognition"],"picked":"Electrodynamics","floor":16.0},{"not_picked":["Coolheaded","Darkness+1"],"picked":"Cold Snap","floor":18.0},{"not_picked":["Fusion","Sunder","Darkness+1"],"picked":"SKIP","floor":19.0},{"not_picked":["Gash","Beam Cell"],"picked":"Hologram","floor":23.0},{"not_picked":["Aggregate","Double Energy","Redo"],"picked":"SKIP","floor":26.0},{"not_picked":["Meteor Strike","Sunder"],"picked":"Hologram+1","floor":29.0}],"player_experience":298386,"relics_obtained":[{"floor":6.0,"key":"Art of War"},{"floor":8.0,"key":"Tiny Chest"},{"floor":9.0,"key":"Kunai"},{"floor":13.0,"key":"Turnip"},{"floor":21.0,"key":"Potion Belt"},{"floor":23.0,"key":"Letter Opener"},{"floor":26.0,"key":"Gremlin Horn"},{"floor":27.0,"key":"Pantograph"},{"floor":28.0,"key":"CeramicFish"}],"event_choices":[{"damage_healed":0.0,"max_hp_gain":5.0,"max_hp_loss":0.0,"gold_gain":0.0,"event_name":"Big Fish","player_choice":"Donut","floor":2.0,"gold_loss":0.0,"damage_taken":0.0},{"cards_removed":["Strike_B"],"damage_healed":0.0,"max_hp_gain":0.0,"max_hp_loss":0.0,"gold_gain":0.0,"event_name":"Bonfire Elementals","player_choice":"Offered Basic","floor":11.0,"gold_loss":0.0,"damage_taken":0.0},{"damage_healed":0.0,"max_hp_gain":0.0,"max_hp_loss":0.0,"gold_gain":0.0,"event_name":"Match and Keep!","player_choice":"0 cards matched","floor":22.0,"gold_loss":0.0,"damage_taken":0.0,"cards_obtained":[]}],"is_beta":false,"boss_relics":[{"not_picked":["FrozenCore","Fusion Hammer"],"picked":"Tiny House"}],"items_purged_floors":[10,20],"is_endless":false,"potions_floor_spawned":[1,5,13,14,16,18,23,26],"killed_by":"Snake Plant","ascension_level":7}}