{"host":"uiaocagxbjlinul0","time":1610168212,"event":{"mods":["100% Spire Juice","Act Like it!","BaseMod","Better Match","Block Reminder","CapriCore","ChefMod","Downfall","GifTheSpireLib","Hallownest","Hermit","Minty Spire (QoL Compilation)","Quick Restart","Shade Mod","StSLib","Stuff the Spire","The Animator","The Bug Knight","The Caster","The Immortal","The Marked","The Runesmith","The Spell Scribe","TheSwordswoman","TheVacant","TheWitcher","Wandering Minibosses"],"gold_per_floor":[99,99,99,99,99,99,145,161,161,161,161],"floor_reached":9,"playtime":204,"items_purged":[],"score":47,"play_id":"e5b7009f-af58-4e1d-8900-24bb8fae67fb","local_time":"20210108205652","is_ascension_mode":false,"campfire_choices":[{"data":"champ:Taunt","floor":1,"key":"SMITH"}],"circlet_count":0,"master_deck":["champ:Strike","champ:Strike","champ:Strike","champ:Strike","champ:Defend","champ:Defend","champ:Defend","champ:Defend","champ:Execute+1","champ:Taunt+1","champ:BerserkerStyle","champ:RecklessLeap","champ:Shatter","champ:HeartStrike"],"relics":["champ:ChampionCrown","downfall:HeartsMalice","Ancient Tea Set"],"acts_visited":["Exordium"],"potions_floor_usage":[],"damage_taken":[{"damage":0,"enemies":"Jaw Worm","floor":2,"turns":1},{"damage":0,"enemies":"2 Louse","floor":5,"turns":1},{"damage":0,"enemies":"Cultist","floor":6,"turns":1},{"damage":66,"enemies":"Exordium Thugs","floor":8,"turns":6},{"damage":57,"enemies":"Gremlin Nob","floor":9,"turns":4}],"seed_played":"5566313662648957593","potions_obtained":[],"is_trial":false,"path_per_floor":["R","M","?","?","M","M","T","M","E"],"character_chosen":"THE_CHAMP","items_purchased":[],"campfire_rested":0,"item_purchase_floors":[],"current_hp_per_floor":[90,90,90,90,90,90,90,54,0,0,0],"gold":161,"neow_bonus":"THREE_ENEMY_KILL","is_daily":false,"chose_seed":false,"campfire_upgraded":1,"win_rate":0.0,"timestamp":1610168212,"path_taken":["R","M","?","?","M","?","T","M","E"],"items_purchased_type":[],"build_version":"2020-12-22","purchased_purges":0,"victory":false,"max_hp_per_floor":[90,90,90,90,90,90,90,90,90,90,90],"card_choices":[{"not_picked":["champ:BringItOn","champ:PerfectedStrike","champ:BerserkerStyle"],"picked":"SKIP","floor":2},{"not_picked":["champ:BringItOn","champ:PerfectedStrike"],"picked":"champ:BerserkerStyle","floor":2},{"not_picked":["champ:DefensiveStyle","champ:Circumvent"],"picked":"champ:RecklessLeap","floor":5},{"not_picked":["champ:FocusedBerserking","champ:FocusedGladiator"],"picked":"champ:Shatter","floor":6},{"not_picked":["champ:DefensiveShout","champ:TornadoPunch"],"picked":"champ:HeartStrike","floor":8}],"player_experience":165256,"relics_obtained":[{"floor":7,"key":"Ancient Tea Set"}],"event_choices":[{"damage_healed":0,"gold_gain":0,"player_choice":"Forge","damage_taken":0,"max_hp_gain":0,"max_hp_loss":0,"event_name":"Accursed Blacksmith","floor":4,"gold_loss":0,"cards_upgraded":["champ:Execute"]}],"is_beta":false,"boss_relics":[],"items_purged_floors":[],"is_endless":false,"potions_floor_spawned":[],"killed_by":"Gremlin Nob","ascension_level":0}}