{"host":"9ndbo4kgsfoemf7y","time":1610175898,"event":{"mods":["AchievementEnabler","BaseMod","Colored Map","DeckTracker","Keyboard Shortcuts","Minty Spire (QoL Compilation)","Permanent Neow","Quick Restart","Relic Stats","StSLib","SuperFastMode"],"gold_per_floor":[114,71,83,98,98,98,98,98],"floor_reached":7,"playtime":220,"items_purged":[],"score":82,"play_id":"36668284-7003-4e7e-9f41-d7d9890cda89","local_time":"20210109160458","is_ascension_mode":true,"campfire_choices":[{"data":"Second Wind","floor":6.0,"key":"SMITH"}],"circlet_count":0,"master_deck":["AscendersBane","Strike_R","Strike_R","Strike_R","Strike_R","Defend_R","Defend_R","Defend_R","Defend_R","Bash","Writhe","Whirlwind","Second Wind+1","Body Slam","Inflame"],"relics":["Burning Blood","Ginger"],"acts_visited":["Exordium"],"potions_floor_usage":[],"damage_taken":[{"damage":9.0,"enemies":"2 Louse","floor":1.0,"turns":2.0},{"damage":23.0,"enemies":"Cultist","floor":3.0,"turns":5.0},{"damage":15.0,"enemies":"Small Slimes","floor":4.0,"turns":5.0},{"damage":53,"enemies":"Gremlin Nob","floor":7,"turns":4}],"seed_played":"-3149725728786133778","potions_obtained":[],"is_trial":false,"path_per_floor":["M","$","M","M","?","R","E"],"character_chosen":"IRONCLAD","items_purchased":["Second Wind"],"campfire_rested":0,"item_purchase_floors":[2],"current_hp_per_floor":[65,65,48,39,39,39,0,0],"gold":98,"neow_bonus":"ONE_RARE_RELIC","is_daily":false,"chose_seed":false,"campfire_upgraded":1,"win_rate":0.0,"timestamp":1610175898,"path_taken":["M","$","M","M","?","R","E"],"items_purchased_type":["Card"],"build_version":"2020-12-22","purchased_purges":0,"victory":false,"max_hp_per_floor":[75,75,75,75,75,75,75,75],"relic_stats":{"counters":[4,16],"Ginger":[0],"obtain_stats":[{"Ginger":0,"Burning Blood":0},{"Ginger":0,"Burning Blood":0},{"Ginger":0,"Burning Blood":0}],"Burning Blood":18},"card_choices":[{"not_picked":["True Grit","Spot Weakness"],"picked":"Whirlwind","floor":1.0},{"not_picked":["Armaments","True Grit"],"picked":"Body Slam","floor":3.0},{"not_picked":["Wild Strike","True Grit"],"picked":"Inflame","floor":4.0}],"player_experience":791416,"relics_obtained":[],"event_choices":[{"cards_removed":["Strike_R"],"damage_healed":0.0,"max_hp_gain":0.0,"max_hp_loss":0.0,"gold_gain":0.0,"event_name":"Wheel of Change","player_choice":"Card Removal","floor":5.0,"gold_loss":0.0,"damage_taken":0.0}],"is_beta":false,"boss_relics":[],"items_purged_floors":[],"is_endless":false,"potions_floor_spawned":[],"killed_by":"Gremlin Nob","ascension_level":20}}