{"host":"1p0ug38l8q9et435","time":1610227190,"event":{"mods":["AchievementEnabler","BaseMod","Colored Powertips","Downfall","Minty Spire (QoL Compilation)","StSLib","UnlockEverythingMod"],"gold_per_floor":[114,130,205,61,5,36,96,96,96,110,110,123,152,152,152,253,253,265,282,28,28,45,45,20,20,20,31,31,31,44,56,56,56,56],"floor_reached":33,"playtime":1416,"items_purged":[],"score":295,"play_id":"3aa0c494-ecfd-4560-8549-73711b0a7d28","local_time":"20210109131950","is_ascension_mode":false,"campfire_choices":[{"floor":11,"key":"REST"},{"floor":15,"key":"REST"},{"floor":23,"key":"DIG"},{"floor":25,"key":"DIG"},{"floor":32,"key":"REST"}],"circlet_count":0,"master_deck":["Strike_P","Strike_P","Strike_P","Strike_P","Defend_P","Defend_P","Defend_P","Eruption","Vigilance","EmptyBody","SashWhip","WindmillStrike","FlurryOfBlows","SpiritShield","Vengeance","Iron Wave","Devotion+1","WheelKick","Consecrate","Tantrum","EmptyBody","Alpha","FollowUp","Halt+1","Study+1","SashWhip+1","Study+1"],"relics":["PureWater","NeowsBlessing","Juzu Bracelet","Frozen Egg 2","Shovel","Damaru","Vajra","Odd Mushroom","Sozu","Lantern","Dream Catcher","Gambling Chip","Incense Burner"],"acts_visited":["Exordium","TheCity"],"potions_floor_usage":[12,13],"damage_taken":[{"damage":0,"enemies":"2 Louse","floor":1,"turns":1},{"damage":0,"enemies":"Small Slimes","floor":2,"turns":1},{"damage":0,"enemies":"Lagavulin","floor":6,"turns":1},{"damage":41,"enemies":"3 Sentries","floor":7,"turns":9},{"damage":0,"enemies":"Cultist","floor":10,"turns":2},{"damage":2,"enemies":"Looter","floor":12,"turns":3},{"damage":10,"enemies":"The Mushroom Lair","floor":13,"turns":5},{"damage":36,"enemies":"Hexaghost","floor":16,"turns":11},{"damage":0,"enemies":"Shell Parasite","floor":18,"turns":5},{"damage":3,"enemies":"3 Byrds","floor":19,"turns":6},{"damage":9,"enemies":"Cultist and Chosen","floor":22,"turns":4},{"damage":25,"enemies":"Snecko","floor":27,"turns":5},{"damage":14,"enemies":"Snake Plant","floor":30,"turns":4},{"damage":0,"enemies":"Cultist and Chosen","floor":31,"turns":4},{"damage":88,"enemies":"Automaton","floor":33,"turns":6}],"seed_played":"4099364483338598739","potions_obtained":[{"floor":10,"key":"ColorlessPotion"},{"floor":12,"key":"Swift Potion"}],"is_trial":false,"path_per_floor":["M","M","?","$","?","E","?","?","T","M","R","M","?","?","R","B",null,"M","M","$","?","M","R","$","R","T","M","?","?","M","M","R","B"],"character_chosen":"WATCHER","items_purchased":["Juzu Bracelet","Lantern","Tantrum","EmptyBody","FollowUp"],"campfire_rested":3,"item_purchase_floors":[4,20,20,20,24],"current_hp_per_floor":[72,72,61,61,61,61,20,20,20,20,41,39,29,29,50,14,72,72,69,69,69,60,60,60,60,60,35,35,72,58,58,72,0,0],"gold":56,"neow_bonus":"THREE_ENEMY_KILL","is_daily":false,"chose_seed":false,"campfire_upgraded":0,"win_rate":0.0,"timestamp":1610227190,"path_taken":["M","M","?","$","?","E","?","?","T","M","R","M","?","?","R","BOSS","M","M","$","?","M","R","$","R","T","M","?","?","M","M","R","BOSS"],"items_purchased_type":["Relic","Relic","Card","Card","Card"],"build_version":"2020-12-22","purchased_purges":0,"victory":false,"max_hp_per_floor":[72,72,72,72,72,72,72,72,72,72,72,72,72,72,72,72,72,72,72,72,72,72,72,72,72,72,72,72,72,72,72,72,72,72],"card_choices":[{"not_picked":["Halt","ClearTheMind"],"picked":"EmptyBody","floor":1},{"not_picked":["JustLucky","CrushJoints"],"picked":"SashWhip","floor":2},{"not_picked":["ClearTheMind","Prostrate"],"picked":"WindmillStrike","floor":6},{"not_picked":["CutThroughFate","Meditate"],"picked":"FlurryOfBlows","floor":7},{"not_picked":["TalkToTheHand","JustLucky"],"picked":"SpiritShield","floor":10},{"not_picked":["BowlingBash","ClearTheMind"],"picked":"Vengeance","floor":12},{"not_picked":["Protect","Crescendo"],"picked":"Nirvana+1","floor":13},{"not_picked":["Blasphemy","Vault"],"picked":"Devotion+1","floor":16},{"not_picked":["EmptyFist+1","Vengeance"],"picked":"WheelKick","floor":18},{"not_picked":["ThirdEye","BowlingBash"],"picked":"Consecrate","floor":19},{"not_picked":["PathToVictory","EmptyFist"],"picked":"Alpha","floor":22},{"not_picked":["Protect","EmptyMind"],"picked":"Halt+1","floor":27},{"not_picked":["FollowUp","EmptyFist"],"picked":"Study+1","floor":30},{"not_picked":["FlurryOfBlows","Halt"],"picked":"SashWhip+1","floor":31},{"not_picked":["Crescendo","Perseverance"],"picked":"Study+1","floor":32}],"player_experience":13754,"relics_obtained":[{"floor":6,"key":"Shovel"},{"floor":9,"key":"Vajra"},{"floor":13,"key":"Odd Mushroom"},{"floor":23,"key":"Dream Catcher"},{"floor":25,"key":"Gambling Chip"},{"floor":26,"key":"Incense Burner"}],"event_choices":[{"damage_healed":0,"gold_gain":75,"player_choice":"Gather Gold","damage_taken":11,"max_hp_gain":0,"max_hp_loss":0,"event_name":"World of Goop","floor":3,"gold_loss":0},{"damage_healed":0,"gold_gain":0,"player_choice":"Paid Gold","damage_taken":0,"relics_obtained":["Frozen Egg 2"],"max_hp_gain":0,"max_hp_loss":0,"event_name":"WeMeetAgain","floor":5,"gold_loss":56},{"damage_healed":0,"gold_gain":0,"player_choice":"Searched \u00273\u0027 times","damage_taken":0,"relics_obtained":["Damaru"],"max_hp_gain":0,"max_hp_loss":0,"event_name":"Dead Adventurer","floor":7,"gold_loss":0},{"damage_healed":0,"gold_gain":0,"player_choice":"Ignored","damage_taken":0,"max_hp_gain":0,"max_hp_loss":0,"event_name":"Golden Wing","floor":8,"gold_loss":0},{"damage_healed":0,"gold_gain":0,"player_choice":"Fought Mushrooms","damage_taken":0,"max_hp_gain":0,"max_hp_loss":0,"event_name":"Mushrooms","floor":13,"gold_loss":0},{"cards_removed":["Defend_P"],"damage_healed":0,"gold_gain":0,"player_choice":"Took Card","damage_taken":0,"max_hp_gain":0,"max_hp_loss":0,"event_name":"NoteForYourself","floor":14,"gold_loss":0,"cards_obtained":["Iron Wave"]},{"damage_healed":0,"gold_gain":0,"player_choice":"Ignored","damage_taken":0,"max_hp_gain":0,"max_hp_loss":0,"event_name":"Vampires","floor":28,"gold_loss":0},{"cards_removed":["Nirvana"],"damage_healed":37,"gold_gain":0,"player_choice":"Offered Uncommon","damage_taken":0,"max_hp_gain":0,"max_hp_loss":0,"event_name":"Bonfire Elementals","floor":29,"gold_loss":0}],"is_beta":false,"boss_relics":[{"not_picked":["Pandora\u0027s Box","Snecko Eye"],"picked":"Sozu"}],"items_purged_floors":[],"is_endless":false,"potions_floor_spawned":[10,12,19,27,31],"killed_by":"Automaton","ascension_level":0}}