{"host":"cbu6enf2xtq4r7r3","time":1610202263,"event":{"mods":["2.2 Compatiblity","AlwaysNeverKeys","BaseMod","Better Match","Better Note","Better Sensory Stone","Better Skull","Better Third Choice","Colored Map","Colored Powertips","Defuse TimeMaze Blight","Emptier Cage","Minty Spire (QoL Compilation)","Permanent Neow","Quick Restart","Random Character Button","Relic Sorter","Reorder Act Four","Shop Mod","StSLib"],"gold_per_floor":[109,59,78,78,91,91,123,152,222,254,254,279,289,289,289,393,393,417,417,444,464,493,493,529,549,549,586,611,611,140,167,167,167,167],"floor_reached":33,"playtime":3273,"items_purged":["Strike_P"],"score":376,"play_id":"87b22980-9b96-4ba7-a002-3dbf044765bf","local_time":"20210109152423","is_ascension_mode":true,"campfire_choices":[{"data":"Vigilance","floor":6,"key":"SMITH"},{"data":"Protect","floor":11,"key":"SMITH"},{"floor":15,"key":"REST"},{"data":"Vault","floor":23,"key":"SMITH"},{"data":"Devotion","floor":32,"key":"SMITH"}],"circlet_count":0,"master_deck":["Strike_P+1","Defend_P","Defend_P","Defend_P","Defend_P","Eruption+1","Vigilance+1","ReachHeaven","Protect+1","CarveReality","TalkToTheHand+1","ClearTheMind","LikeWater","Brilliance","Vault+1","Halt","Protect","CutThroughFate+1","Halt","TalkToTheHand","Protect+1","Devotion+1","ClearTheMind","Crescendo"],"relics":["SacredBark","WingedGreaves","Bronze Scales","Shuriken","Oddly Smooth Stone","Whetstone","CeramicFish","Gambling Chip","Coffee Dripper","Art of War","Mummified Hand","Prayer Wheel","Boot","White Beast Statue","MealTicket"],"acts_visited":["Exordium","TheCity"],"potions_floor_usage":[10,13,16,22,24,28,28,33],"damage_taken":[{"damage":0,"enemies":"Jaw Worm","floor":1,"turns":3},{"damage":2,"enemies":"2 Louse","floor":3,"turns":2},{"damage":0,"enemies":"Cultist","floor":5,"turns":2},{"damage":0,"enemies":"Lagavulin","floor":7,"turns":4},{"damage":23,"enemies":"Gremlin Nob","floor":8,"turns":3},{"damage":1,"enemies":"3 Sentries","floor":10,"turns":5},{"damage":18,"enemies":"Gremlin Nob","floor":12,"turns":5},{"damage":0,"enemies":"Exordium Wildlife","floor":13,"turns":2},{"damage":2,"enemies":"The Guardian","floor":16,"turns":8},{"damage":0,"enemies":"Spheric Guardian","floor":18,"turns":3},{"damage":0,"enemies":"3 Byrds","floor":20,"turns":3},{"damage":0,"enemies":"3 Cultists","floor":21,"turns":5},{"damage":0,"enemies":"Centurion and Healer","floor":22,"turns":5},{"damage":3,"enemies":"Slavers","floor":24,"turns":6},{"damage":10,"enemies":"Snake Plant","floor":25,"turns":4},{"damage":36,"enemies":"Gremlin Leader","floor":27,"turns":6},{"damage":0,"enemies":"Cultist and Chosen","floor":28,"turns":4},{"damage":0,"enemies":"Snecko","floor":31,"turns":7},{"damage":34,"enemies":"Collector","floor":33,"turns":2}],"seed_played":"-707062515049839414","potions_obtained":[{"floor":5,"key":"Dexterity Potion"},{"floor":8,"key":"BottledMiracle"},{"floor":12,"key":"SneckoOil"},{"floor":13,"key":"Fire Potion"},{"floor":20,"key":"SpeedPotion"},{"floor":25,"key":"GamblersBrew"},{"floor":27,"key":"Swift Potion"},{"floor":28,"key":"DuplicationPotion"},{"floor":31,"key":"LiquidBronze"}],"is_trial":false,"path_per_floor":["M","?","M","?","M","R","E","E","T","E","R","E","M","?","R","B",null,"M","?","M","M","M","R","E","M","T","E","M","?","$","M","R","B"],"character_chosen":"WATCHER","items_purchased":["White Beast Statue","MealTicket"],"campfire_rested":1,"item_purchase_floors":[30,30],"current_hp_per_floor":[72,72,70,70,70,70,70,47,47,46,46,28,28,7,28,26,72,72,72,72,72,72,72,69,59,59,23,23,23,23,23,23,0,0],"gold":167,"neow_bonus":"BOSS_RELIC","is_daily":false,"chose_seed":false,"campfire_upgraded":4,"win_rate":0.0,"timestamp":1610202263,"path_taken":["M","?","M","?","M","R","E","E","T","E","R","E","?","?","R","BOSS","M","?","M","?","M","R","E","?","T","E","M","?","$","?","R","BOSS"],"items_purchased_type":["Relic","Relic"],"build_version":"2020-12-22","purchased_purges":1,"victory":false,"max_hp_per_floor":[72,72,72,72,72,72,72,72,72,72,72,72,72,72,72,72,72,72,72,72,72,72,72,72,72,72,72,72,72,72,72,72,72,72],"card_choices":[{"not_picked":["Crescendo","CrushJoints"],"picked":"ReachHeaven","floor":1},{"not_picked":["Crescendo","LikeWater"],"picked":"Protect","floor":3},{"not_picked":["ClearTheMind","InnerPeace"],"picked":"CarveReality","floor":5},{"not_picked":["Fasting2","EmptyFist"],"picked":"TalkToTheHand","floor":7},{"not_picked":["Nirvana","Sanctity"],"picked":"ClearTheMind","floor":8},{"not_picked":["Pray","MentalFortress"],"picked":"LikeWater","floor":10},{"not_picked":["CrushJoints","ThirdEye","ReachHeaven"],"picked":"SKIP","floor":12},{"not_picked":["ThirdEye","EmptyBody"],"picked":"Brilliance","floor":13},{"not_picked":["SpiritShield","DevaForm"],"picked":"Vault","floor":16},{"not_picked":["Swivel","Vengeance+1"],"picked":"Halt","floor":18},{"not_picked":["Evaluate","SashWhip"],"picked":"Protect","floor":20},{"not_picked":["ThirdEye","Prostrate+1"],"picked":"CutThroughFate+1","floor":21},{"not_picked":["FollowUp","EmptyMind"],"picked":"Halt","floor":22},{"not_picked":["BowlingBash","FollowUp"],"picked":"TalkToTheHand","floor":24},{"not_picked":["Weave+1","ThirdEye+1"],"picked":"Protect+1","floor":25},{"not_picked":["SashWhip","CutThroughFate+1"],"picked":"Devotion","floor":27},{"not_picked":["BattleHymn","FlyingSleeves"],"picked":"ClearTheMind","floor":28},{"not_picked":["Indignation+1","Conclude","EmptyFist+1"],"picked":"SKIP","floor":28},{"not_picked":["SashWhip","Indignation+1"],"picked":"Crescendo","floor":31},{"not_picked":["SashWhip","EmptyFist","CrushJoints+1"],"picked":"SKIP","floor":31}],"player_experience":70295,"relics_obtained":[{"floor":7,"key":"WingedGreaves"},{"floor":8,"key":"Bronze Scales"},{"floor":9,"key":"Shuriken"},{"floor":10,"key":"Oddly Smooth Stone"},{"floor":12,"key":"Whetstone"},{"floor":24,"key":"Art of War"},{"floor":26,"key":"Mummified Hand"},{"floor":27,"key":"Prayer Wheel"}],"event_choices":[{"cards_removed":["Strike_P"],"damage_healed":0,"gold_gain":0,"player_choice":"Card Removal","damage_taken":0,"max_hp_gain":0,"max_hp_loss":0,"event_name":"The Cleric","floor":2,"gold_loss":50},{"damage_healed":0,"gold_gain":0,"player_choice":"Upgraded","damage_taken":0,"max_hp_gain":0,"max_hp_loss":0,"event_name":"Upgrade Shrine","floor":4,"gold_loss":0,"cards_upgraded":["Eruption"]},{"damage_healed":0,"gold_gain":1,"player_choice":"Relic Relic ","damage_taken":21,"max_hp_gain":0,"max_hp_loss":0,"event_name":"betterThird:BetterScrap","floor":14,"gold_loss":0,"cards_obtained":["Exhume"]},{"cards_removed":["Strike_P"],"damage_healed":0,"gold_gain":0,"player_choice":"Offered Basic","damage_taken":0,"max_hp_gain":0,"max_hp_loss":0,"event_name":"Bonfire Elementals","floor":19,"gold_loss":0},{"damage_healed":0,"gold_gain":0,"player_choice":"Gave Potion","damage_taken":0,"relics_obtained":["Boot"],"max_hp_gain":0,"max_hp_loss":0,"event_name":"WeMeetAgain","floor":29,"gold_loss":0}],"is_beta":false,"boss_relics":[{"not_picked":["Tiny House","Pandora\u0027s Box"],"picked":"Coffee Dripper"}],"items_purged_floors":[30],"is_endless":false,"potions_floor_spawned":[5,8,12,13,20,25,27,28,31],"killed_by":"Collector","ascension_level":2}}