{"host":"5dk97cf2ubw2v967","time":1610195663,"event":{"mods":["AlwaysNeverKeys","BaseMod","Better Altar","Better Vampires","Block Reminder","Colored Powertips","Downfall","Googly Eyes","Highlight Path","Minty Spire (QoL Compilation)","Permanent Neow","Potion Indicator Mod","Quick Restart","Relic Filter","Relic Stats","Say the Spire","Spicy Shops","StSLib","Waifu the Spire","everything is the same but u backflip on backflip"],"gold_per_floor":[0,19,32,43,318,332,332,257,4,39,39,67,87,98,115,115,115,115],"floor_reached":16,"playtime":670,"items_purged":["Regret"],"score":228,"play_id":"56414a5e-314a-4c6e-8fcf-60bbf0e84986","local_time":"20210109123423","is_ascension_mode":true,"campfire_choices":[{"floor":1.0,"key":"RECALL"},{"floor":8.0,"key":"REST"}],"circlet_count":0,"master_deck":["AscendersBane","Guardian:Strike_Guardian","Guardian:Strike_Guardian","Guardian:Strike_Guardian","Guardian:Strike_Guardian","Guardian:Defend_Guardian","Guardian:Defend_Guardian","Guardian:Defend_Guardian","Guardian:Defend_Guardian","Guardian:CurlUp","Guardian:TwinSlam","Guardian:AncientConstruct+1","Guardian:DecasProtection","Guardian:TimeCapacitor","Guardian:Gem_Red","Guardian:PiercingHide","Guardian:PolyBeam","Guardian:DonusPower","Guardian:ShieldCharger","Guardian:Preprogram"],"relics":["Guardian:ModeShifter","Gremlin Horn","downfall:HeartBlessingRed","Regal Pillow","Happy Flower","Ginger"],"acts_visited":["Exordium"],"potions_floor_usage":[12,15],"damage_taken":[{"damage":14.0,"enemies":"Small Slimes","floor":2.0,"turns":5.0},{"damage":0.0,"enemies":"Cultist","floor":3.0,"turns":5.0},{"damage":9.0,"enemies":"2 Louse","floor":4.0,"turns":4.0},{"damage":19.0,"enemies":"Exordium Thugs","floor":6.0,"turns":4.0},{"damage":6.0,"enemies":"downfall:FleeingMerchant","floor":9.0,"turns":4.0},{"damage":12.0,"enemies":"Lagavulin","floor":10.0,"turns":6.0},{"damage":58,"enemies":"Gremlin Nob","floor":12,"turns":7},{"damage":0,"enemies":"Blue Slaver","floor":13,"turns":2},{"damage":12,"enemies":"Exordium Wildlife","floor":14,"turns":2},{"damage":8,"enemies":"Large Slime","floor":15,"turns":4},{"damage":0,"enemies":"downfall:Defect","floor":16,"turns":2}],"seed_played":"-170411327248236260","potions_obtained":[{"floor":2.0,"key":"ColorlessPotion"},{"floor":3.0,"key":"FairyPotion"},{"floor":6.0,"key":"AttackPotion"},{"floor":10.0,"key":"Weak Potion"},{"floor":14,"key":"hexamod:EctoCoolerPotion"}],"is_trial":false,"path_per_floor":["R","M","M","M","?","M","T","R","$","E","?","E","M","M","M","B"],"character_chosen":"GUARDIAN","items_purchased":["Regal Pillow"],"campfire_rested":1,"item_purchase_floors":[9],"current_hp_per_floor":[65,51,51,42,42,23,23,44,38,26,26,21,21,9,1,1,1,1],"gold":115,"neow_bonus":"THREE_RARE_CARDS","is_daily":false,"chose_seed":false,"campfire_upgraded":0,"win_rate":0.0,"timestamp":1610195663,"path_taken":["R","M","M","M","?","?","T","R","$","E","?","E","M","M","M","BOSS"],"items_purchased_type":["Relic"],"build_version":"2020-12-22","purchased_purges":1,"victory":false,"max_hp_per_floor":[72,72,72,72,72,72,72,72,72,72,72,72,72,72,72,72,72,72],"relic_stats":{"Regal Pillow":0,"Gremlin Horn":[1,1],"Happy Flower":[5],"counters":[11,45],"Ginger":[2],"obtain_stats":[{"Regal Pillow":9,"Gremlin Horn":7,"downfall:HeartBlessingRed":8,"Happy Flower":10,"Guardian:ModeShifter":0,"Ginger":12},{"Regal Pillow":5,"Gremlin Horn":4,"downfall:HeartBlessingRed":4,"Happy Flower":6,"Guardian:ModeShifter":0,"Ginger":7},{"Regal Pillow":22,"Gremlin Horn":18,"downfall:HeartBlessingRed":18,"Happy Flower":28,"Guardian:ModeShifter":0,"Ginger":35}]},"card_choices":[{"not_picked":["Guardian:RevengeProtocol","Guardian:Gem_Orange"],"picked":"Guardian:AncientConstruct","floor":0.0},{"not_picked":["Guardian:ChargeUp","Guardian:EvasiveProtocol"],"picked":"Guardian:DecasProtection","floor":2.0},{"not_picked":["Guardian:Suspension","Guardian:Gem_White"],"picked":"Guardian:TimeCapacitor","floor":3.0},{"not_picked":["Guardian:TemporalStrike","Guardian:Planning"],"picked":"Guardian:Gem_White","floor":4.0},{"not_picked":["Guardian:Recover","Guardian:ShieldSpikes"],"picked":"Guardian:Gem_Red","floor":6.0},{"not_picked":["Guardian:Suspension","Guardian:TimeCapacitor"],"picked":"Guardian:Gem_Red","floor":9.0},{"not_picked":["Guardian:TemporalShield","Guardian:TemporalStrike"],"picked":"Guardian:PiercingHide","floor":10.0},{"not_picked":["Guardian:WalkerClaw","Guardian:GemFire"],"picked":"Guardian:PolyBeam","floor":12},{"not_picked":["Guardian:Suspension","Guardian:RollAttack"],"picked":"Guardian:DonusPower","floor":13},{"not_picked":["Guardian:PiercingHide","Guardian:Gem_Cyan"],"picked":"Guardian:ShieldCharger","floor":14},{"not_picked":["Guardian:WalkerClaw","Guardian:Incinerate"],"picked":"Guardian:Preprogram","floor":15}],"player_experience":1157716,"relics_obtained":[{"floor":7.0,"key":"Gremlin Horn"},{"floor":10.0,"key":"Happy Flower"},{"floor":12,"key":"Ginger"}],"event_choices":[{"damage_healed":0,"gold_gain":0,"player_choice":"Upgraded","damage_taken":0,"max_hp_gain":0,"max_hp_loss":0,"event_name":"Upgrade Shrine","floor":11,"gold_loss":0,"cards_upgraded":["Guardian:AncientConstruct"]}],"is_beta":false,"boss_relics":[],"items_purged_floors":[9],"is_endless":false,"potions_floor_spawned":[2,3,6,10,14],"killed_by":"downfall:Defect","ascension_level":20}}