{"host":"54vghy6hfkyy1r39","time":1610165369,"event":{"mods":["AchievementEnabler","BaseMod","Minty Spire (QoL Compilation)","StSLib","SuperFastMode","everything is the same but u backflip on backflip"],"gold_per_floor":[109,34,34,34,134,149,149,173,173,173,213,234,234,265,265,265,265],"floor_reached":16,"playtime":300,"items_purged":["Strike_P"],"score":108,"play_id":"204056d9-b139-4280-a0f1-0ade7ce1e064","local_time":"20210109130929","is_ascension_mode":false,"campfire_choices":[{"data":"Eruption","floor":7,"key":"SMITH"},{"data":"Vigilance","floor":10,"key":"SMITH"},{"floor":15,"key":"REST"}],"circlet_count":0,"master_deck":["Strike_P","Strike_P","Strike_P","Defend_P","Defend_P","Defend_P+1","Defend_P+1","Eruption+1","Vigilance+1","FlurryOfBlows","Adaptation"],"relics":["PureWater","Golden Idol","Gambling Chip","Question Card","Blood Vial"],"acts_visited":["Exordium"],"potions_floor_usage":[16],"damage_taken":[{"damage":6,"enemies":"2 Louse","floor":1,"turns":3},{"damage":1,"enemies":"Jaw Worm","floor":6,"turns":4},{"damage":0,"enemies":"Cultist","floor":8,"turns":2},{"damage":13,"enemies":"Gremlin Nob","floor":11,"turns":3},{"damage":0,"enemies":"Blue Slaver","floor":12,"turns":3},{"damage":22,"enemies":"Lagavulin","floor":14,"turns":5},{"damage":30,"enemies":"The Guardian","floor":16,"turns":9}],"seed_played":"-2240251439988140491","potions_obtained":[{"floor":8,"key":"Strength Potion"},{"floor":11,"key":"Ancient Potion"},{"floor":14,"key":"LiquidMemories"}],"is_trial":false,"path_per_floor":["M","$","?","$","?","M","R","M","T","R","E","M","?","E","R","B"],"character_chosen":"WATCHER","items_purchased":[],"campfire_rested":1,"item_purchase_floors":[],"current_hp_per_floor":[73,73,54,54,54,53,53,53,53,53,40,40,24,2,25,0,0],"gold":265,"neow_bonus":"TEN_PERCENT_HP_BONUS","is_daily":false,"chose_seed":false,"campfire_upgraded":2,"win_rate":0.0,"timestamp":1610165369,"path_taken":["M","$","?","$","?","M","R","M","T","R","E","?","?","E","R","BOSS"],"items_purchased_type":[],"build_version":"2020-12-22","purchased_purges":1,"victory":false,"max_hp_per_floor":[79,79,79,79,79,79,79,79,79,79,79,79,79,79,79,79,79],"card_choices":[{"not_picked":["ClearTheMind","Protect"],"picked":"FlurryOfBlows","floor":1},{"not_picked":["BowlingBash","EmptyFist","Evaluate"],"picked":"SKIP","floor":6},{"not_picked":["CrushJoints","Evaluate"],"picked":"Adaptation","floor":8},{"not_picked":["EmptyBody","FollowUp","CutThroughFate"],"picked":"SKIP","floor":11},{"not_picked":["ReachHeaven","Weave","ThirdEye","Crescendo"],"picked":"SKIP","floor":12},{"not_picked":["Study","DeceiveReality","SignatureMove","SpiritShield"],"picked":"SKIP","floor":14}],"player_experience":195629,"relics_obtained":[{"floor":9,"key":"Gambling Chip"},{"floor":11,"key":"Question Card"},{"floor":14,"key":"Blood Vial"}],"event_choices":[{"damage_healed":0,"gold_gain":0,"player_choice":"Take Damage","damage_taken":19,"relics_obtained":["Golden Idol"],"max_hp_gain":0,"max_hp_loss":0,"event_name":"Golden Idol","floor":3,"gold_loss":0},{"damage_healed":0,"gold_gain":100,"player_choice":"Pray","damage_taken":0,"max_hp_gain":0,"max_hp_loss":0,"event_name":"Golden Shrine","floor":5,"gold_loss":0},{"damage_healed":0,"gold_gain":0,"player_choice":"Entered Light","damage_taken":16,"max_hp_gain":0,"max_hp_loss":0,"event_name":"Shining Light","floor":13,"gold_loss":0,"cards_upgraded":["Defend_P","Defend_P"]}],"is_beta":false,"boss_relics":[],"items_purged_floors":[2],"is_endless":false,"potions_floor_spawned":[8,11,14],"killed_by":"The Guardian","ascension_level":0}}