{"host":"y3h3n3f7seyagppx","time":1610232699,"event":{"mods":["AlwaysNeverKeys","BaseMod","Better Vampires","Colored Powertips","DeckTracker","Emptier Cage","Minty Spire (QoL Compilation)","Permanent Neow","Quick Restart","Rare Cards Sparkle","Relic Sorter","Relic Stats","StSLib","Transform Curses"],"gold_per_floor":[361,372,422,15,29,60,60,91,91,241,241,261,278,289,289,361,361,371,371,50,50,61,93,110,126,152,152,252,283,294,294,294,373,373,393,405,405,421,421,454,165,191,191,211,231,250,262,164,164,164,164,164,164,73,105,105],"floor_reached":57,"playtime":7798,"items_purged":["Strike_R","Strike_R","Anger"],"score":3107,"play_id":"7369107b-fa6c-44bb-8bdf-0afaaa87186f","local_time":"20210109175139","is_ascension_mode":true,"campfire_choices":[{"data":"Bash","floor":7.0,"key":"SMITH"},{"data":"Iron Wave","floor":11.0,"key":"SMITH"},{"data":"Armaments","floor":15.0,"key":"SMITH"},{"floor":32.0,"key":"REST"},{"floor":49,"key":"REST"},{"floor":53,"key":"REST"}],"circlet_count":0,"master_deck":["AscendersBane","Defend_R+1","Defend_R+1","Defend_R+1","Defend_R+1","Bash+1","Iron Wave+1","Twin Strike","Shrug It Off","Battle Trance","Armaments+1","Power Through","Evolve","Barricade","RitualDagger","Ghostly","Ghostly","Ghostly","Fire Breathing+1","Berserk","Bite","Bite","Ghostly Armor+1","Brutality","Body Slam+1","Burning Pact","Disarm","Shockwave","Dual Wield","Dark Shackles","Heavy Blade+1"],"relics":["Burning Blood","Paper Frog","Omamori","Pocketwatch","Mercury Hourglass","Fusion Hammer","Medical Kit","Mummified Hand","Art of War","TungstenRod","Matryoshka","Ornamental Fan","Mark of Pain","Nunchaku","Strange Spoon","Gambling Chip","Bag of Marbles","Incense Burner","Akabeko","Vajra"],"acts_visited":["Exordium","TheCity","TheBeyond","TheEnding"],"potions_floor_usage":[56],"damage_taken":[{"damage":9.0,"enemies":"Jaw Worm","floor":1.0,"turns":6.0},{"damage":1.0,"enemies":"Cultist","floor":2.0,"turns":3.0},{"damage":3.0,"enemies":"Small Slimes","floor":5.0,"turns":4.0},{"damage":8.0,"enemies":"Gremlin Nob","floor":6.0,"turns":3.0},{"damage":30.0,"enemies":"3 Sentries","floor":8.0,"turns":8.0},{"damage":0.0,"enemies":"Looter","floor":12.0,"turns":3.0},{"damage":8.0,"enemies":"Exordium Wildlife","floor":13.0,"turns":3.0},{"damage":0.0,"enemies":"Large Slime","floor":14.0,"turns":2.0},{"damage":16.0,"enemies":"The Guardian","floor":16.0,"turns":16.0},{"damage":10.0,"enemies":"Spheric Guardian","floor":18.0,"turns":9.0},{"damage":4.0,"enemies":"2 Thieves","floor":22.0,"turns":4.0},{"damage":3.0,"enemies":"Slavers","floor":23.0,"turns":4.0},{"damage":0.0,"enemies":"Snecko","floor":24.0,"turns":5.0},{"damage":2.0,"enemies":"Shelled Parasite and Fungi","floor":25.0,"turns":7.0},{"damage":15.0,"enemies":"Colosseum Slavers","floor":28.0,"turns":7.0},{"damage":0.0,"enemies":"Colosseum Nobs","floor":28.0,"turns":4.0},{"damage":0.0,"enemies":"Book of Stabbing","floor":29.0,"turns":5.0},{"damage":0.0,"enemies":"Sentry and Sphere","floor":30.0,"turns":5.0},{"damage":0.0,"enemies":"Champ","floor":33.0,"turns":21.0},{"damage":0.0,"enemies":"Orb Walker","floor":35.0,"turns":4.0},{"damage":0.0,"enemies":"3 Shapes","floor":36.0,"turns":6.0},{"damage":0.0,"enemies":"Sphere and 2 Shapes","floor":38.0,"turns":4.0},{"damage":0.0,"enemies":"Nemesis","floor":40.0,"turns":3.0},{"damage":0.0,"enemies":"Giant Head","floor":42.0,"turns":6.0},{"damage":1.0,"enemies":"Writhing Mass","floor":44.0,"turns":6.0},{"damage":4.0,"enemies":"Spire Growth","floor":45.0,"turns":3.0},{"damage":0.0,"enemies":"Sphere and 2 Shapes","floor":46.0,"turns":5.0},{"damage":0.0,"enemies":"Maw","floor":47.0,"turns":7.0},{"damage":15,"enemies":"Time Eater","floor":50,"turns":12},{"damage":5,"enemies":"Donu and Deca","floor":51,"turns":7},{"damage":0,"enemies":"Shield and Spear","floor":55,"turns":6},{"damage":0,"enemies":"The Heart","floor":56,"turns":9}],"seed_played":"8362480362819570618","potions_obtained":[{"floor":1.0,"key":"Fruit Juice"},{"floor":6.0,"key":"SkillPotion"},{"floor":13.0,"key":"SmokeBomb"},{"floor":16.0,"key":"SkillPotion"},{"floor":18.0,"key":"Fire Potion"},{"floor":30.0,"key":"Energy Potion"},{"floor":45.0,"key":"BlessingOfTheForge"},{"floor":46.0,"key":"CultistPotion"}],"is_trial":false,"path_per_floor":["M","M","?","$","M","E","R","E","T","?","R","M","M","M","R","B",null,"M","?","$","?","M","E","M","M","T","?","?","E","M","?","R","B",null,"M","M","?","M","?","E","$","E","T","M","M","M","M","?","R","B","B",null,"R","$","E","B",null],"character_chosen":"IRONCLAD","items_purchased":["Paper Frog","BlessingOfTheForge","Medical Kit","SteroidPotion","Strange Spoon","Dark Shackles"],"campfire_rested":3,"item_purchase_floors":[4,4,20,20,41,54],"current_hp_per_floor":[65,68,62,62,65,63,63,39,39,39,39,45,43,49,49,39,61,57,51,56,36,36,36,36,36,36,29,29,29,29,29,29,29,29,29,29,29,29,29,29,29,29,29,29,29,29,29,29,29,29,29,29,29,29,29,29],"gold":105,"neow_bonus":"TWO_FIFTY_GOLD","is_daily":false,"chose_seed":false,"campfire_upgraded":3,"win_rate":0.0,"timestamp":1610232699,"path_taken":["M","M","?","$","?","E","R","E","T","?","R","M","M","M","R","BOSS","M","?","$","?","M","E","M","M","T","?","?","E","M","?","R","BOSS","M","M","?","M","?","E","$","E","T","M","M","M","?","?","R","BOSS","BOSS","R","$","E","BOSS"],"items_purchased_type":["Relic","Potion","Relic","Potion","Relic","Card"],"build_version":"2020-12-22","purchased_purges":3,"victory":true,"max_hp_per_floor":[68,68,68,68,68,68,68,68,68,68,68,68,68,68,68,68,68,68,68,73,36,36,36,36,36,36,29,29,29,29,29,29,29,29,29,29,29,29,29,29,29,29,29,29,29,29,29,29,29,29,29,29,29,29,29,29],"relic_stats":{"counters":[32,196],"Medical Kit":[29],"Burning Blood":76,"Mercury Hourglass":[446],"Strange Spoon":[40],"Nunchaku":[8],"Mummified Hand":[103],"Ornamental Fan":[80],"Gambling Chip":[25],"Art of War":[29],"obtain_stats":[{"Vajra":55,"Omamori":6,"Incense Burner":43,"Medical Kit":20,"Burning Blood":0,"Akabeko":48,"Mercury Hourglass":9,"Strange Spoon":41,"Nunchaku":40,"Matryoshka":28,"Mummified Hand":23,"Ornamental Fan":29,"Gambling Chip":42,"Fusion Hammer":17,"Mark of Pain":34,"Art of War":26,"Bag of Marbles":43,"TungstenRod":28,"Paper Frog":4,"Pocketwatch":8},{"Vajra":31,"Omamori":4,"Incense Burner":24,"Medical Kit":10,"Burning Blood":0,"Akabeko":28,"Mercury Hourglass":5,"Strange Spoon":23,"Nunchaku":23,"Matryoshka":16,"Mummified Hand":12,"Ornamental Fan":17,"Gambling Chip":24,"Fusion Hammer":9,"Mark of Pain":19,"Art of War":14,"Bag of Marbles":24,"TungstenRod":16,"Paper Frog":2,"Pocketwatch":5},{"Vajra":187,"Omamori":16,"Incense Burner":141,"Medical Kit":57,"Burning Blood":0,"Akabeko":162,"Mercury Hourglass":24,"Strange Spoon":135,"Nunchaku":135,"Matryoshka":87,"Mummified Hand":65,"Ornamental Fan":92,"Gambling Chip":141,"Fusion Hammer":48,"Mark of Pain":118,"Art of War":77,"Bag of Marbles":141,"TungstenRod":87,"Paper Frog":9,"Pocketwatch":24}],"TungstenRod":109,"Pocketwatch":[231]},"card_choices":[{"not_picked":["Seeing Red","Clothesline"],"picked":"Anger","floor":1.0},{"not_picked":["Sword Boomerang","Infernal Blade"],"picked":"Iron Wave","floor":2.0},{"not_picked":["Sentinel","Limit Break"],"picked":"Twin Strike","floor":5.0},{"not_picked":["Sword Boomerang","Thunderclap"],"picked":"Shrug It Off","floor":6.0},{"not_picked":["Body Slam","Perfected Strike"],"picked":"Battle Trance","floor":8.0},{"not_picked":["Rupture","Perfected Strike"],"picked":"Armaments","floor":12.0},{"not_picked":["Feel No Pain","Perfected Strike"],"picked":"Power Through","floor":13.0},{"not_picked":["Sword Boomerang","Limit Break"],"picked":"Evolve","floor":14.0},{"not_picked":["Corruption","Juggernaut"],"picked":"Barricade","floor":16.0},{"not_picked":["Anger","Wild Strike","Inflame"],"picked":"SKIP","floor":18.0},{"not_picked":["Clothesline","Havoc"],"picked":"Fire Breathing+1","floor":22.0},{"not_picked":["Sword Boomerang","Flex","Ghostly Armor"],"picked":"SKIP","floor":23.0},{"not_picked":["Body Slam","Reckless Charge"],"picked":"Berserk","floor":24.0},{"not_picked":["Twin Strike","Sever Soul","Clash"],"picked":"SKIP","floor":25.0},{"not_picked":["Heavy Blade","Anger"],"picked":"Ghostly Armor+1","floor":28.0},{"not_picked":["Warcry","Thunderclap","Dual Wield"],"picked":"SKIP","floor":29.0},{"not_picked":["Armaments","Thunderclap","True Grit"],"picked":"SKIP","floor":30.0},{"not_picked":["Armaments","Thunderclap","True Grit"],"picked":"SKIP","floor":30.0},{"not_picked":["Double Tap","Demon Form"],"picked":"Brutality","floor":33.0},{"not_picked":["Shrug It Off","Perfected Strike"],"picked":"Body Slam+1","floor":35.0},{"not_picked":["Pommel Strike","Reckless Charge","Warcry"],"picked":"SKIP","floor":36.0},{"not_picked":["Havoc+1","Whirlwind","Wild Strike"],"picked":"SKIP","floor":38.0},{"not_picked":["Clothesline","Immolate"],"picked":"Burning Pact","floor":40.0},{"not_picked":["Cleave+1","Thunderclap+1","Iron Wave"],"picked":"SKIP","floor":42.0},{"not_picked":["Perfected Strike+1","Iron Wave"],"picked":"Disarm","floor":44.0},{"not_picked":["Searing Blow","Sword Boomerang+1"],"picked":"Shockwave","floor":45.0},{"not_picked":["Headbutt","Iron Wave+1","Carnage"],"picked":"SKIP","floor":46.0},{"not_picked":["Headbutt","Iron Wave+1","Carnage"],"picked":"SKIP","floor":46.0},{"not_picked":["Spot Weakness+1","Iron Wave+1"],"picked":"Dual Wield","floor":47.0},{"not_picked":["Pommel Strike+1","Dropkick"],"picked":"Heavy Blade+1","floor":55}],"player_experience":20582734,"relics_obtained":[{"floor":6.0,"key":"Omamori"},{"floor":8.0,"key":"Pocketwatch"},{"floor":9.0,"key":"Mercury Hourglass"},{"floor":23.0,"key":"Mummified Hand"},{"floor":26.0,"key":"Art of War"},{"floor":28.0,"key":"TungstenRod"},{"floor":28.0,"key":"Matryoshka"},{"floor":29.0,"key":"Ornamental Fan"},{"floor":40.0,"key":"Nunchaku"},{"floor":42.0,"key":"Gambling Chip"},{"floor":43.0,"key":"Bag of Marbles"},{"floor":43.0,"key":"Incense Burner"},{"floor":55,"key":"Vajra"}],"event_choices":[{"damage_healed":0.0,"max_hp_gain":0.0,"max_hp_loss":0.0,"gold_gain":50.0,"event_name":"FaceTrader","player_choice":"Touch","floor":3.0,"gold_loss":0.0,"damage_taken":6.0},{"damage_healed":0.0,"max_hp_gain":0.0,"max_hp_loss":0.0,"gold_gain":150.0,"event_name":"Liars Game","player_choice":"AGREE","floor":10.0,"gold_loss":0.0,"damage_taken":0.0,"cards_obtained":["Doubt"]},{"damage_healed":0.0,"max_hp_gain":0.0,"max_hp_loss":0.0,"gold_gain":0.0,"event_name":"Nest","player_choice":"Joined the Cult","floor":19.0,"gold_loss":0.0,"damage_taken":6.0,"cards_obtained":["RitualDagger"]},{"damage_healed":0.0,"max_hp_gain":0.0,"max_hp_loss":37.0,"gold_gain":0.0,"event_name":"Ghosts","player_choice":"Became a Ghost","floor":21.0,"gold_loss":0.0,"damage_taken":0.0,"cards_obtained":["Ghostly","Ghostly","Ghostly"]},{"damage_healed":0.0,"max_hp_gain":0.0,"max_hp_loss":7.0,"gold_gain":0.0,"event_name":"Vampires","player_choice":"Became a vampire","floor":27.0,"gold_loss":0.0,"damage_taken":0.0,"cards_obtained":["Bite","Bite","Bite"]},{"damage_healed":0.0,"max_hp_gain":0.0,"max_hp_loss":0.0,"gold_gain":0.0,"event_name":"Colosseum","player_choice":"Fight","floor":28.0,"gold_loss":0.0,"damage_taken":0.0},{"damage_healed":0.0,"max_hp_gain":0.0,"max_hp_loss":0.0,"gold_gain":0.0,"event_name":"Colosseum","player_choice":"Fought Nobs","floor":28.0,"gold_loss":0.0,"damage_taken":0.0},{"damage_healed":0.0,"max_hp_gain":0.0,"max_hp_loss":0.0,"gold_gain":0.0,"event_name":"Back to Basics","player_choice":"Simplicity","floor":31.0,"gold_loss":0.0,"damage_taken":0.0,"cards_upgraded":["Defend_R","Defend_R","Defend_R","Defend_R"]},{"cards_removed":["Bite"],"damage_healed":0.0,"max_hp_gain":0.0,"max_hp_loss":0.0,"gold_gain":0.0,"event_name":"Falling","player_choice":"Removed Attack","floor":37.0,"gold_loss":0.0,"damage_taken":0.0},{"damage_healed":0.0,"max_hp_gain":0.0,"max_hp_loss":0.0,"gold_gain":0.0,"event_name":"Wheel of Change","player_choice":"Cursed","floor":39.0,"gold_loss":0.0,"damage_taken":0.0,"cards_obtained":["Decay"]},{"damage_healed":0,"gold_gain":0,"player_choice":"Paid Gold","damage_taken":0,"relics_obtained":["Akabeko"],"max_hp_gain":0,"max_hp_loss":0,"event_name":"WeMeetAgain","floor":48,"gold_loss":98}],"is_beta":false,"boss_relics":[{"not_picked":["Pandora\u0027s Box","Philosopher\u0027s Stone"],"picked":"Fusion Hammer"},{"not_picked":["Sozu","Astrolabe"],"picked":"Mark of Pain"}],"items_purged_floors":[4,20,41],"is_endless":false,"potions_floor_spawned":[1,6,13,16,18,23,24,29,30,35,42,45,46,55],"ascension_level":20}}