{"host":"19t2eyow02s954g8","time":1610213586,"event":{"mods":["BaseMod","Colored Map","DeckTracker","Minty Spire (QoL Compilation)","StSLib","SuperFastMode"],"gold_per_floor":[112,112,112,129,17,17,51,64,64,64,82,93,93,113,113,188,188,200,200,26,43,58,58,69,85,85,85,99,99,99],"floor_reached":29,"playtime":844,"items_purged":["Strike_G","Strike_G"],"score":508,"play_id":"fa505d9a-34e6-4478-8f9e-d9fbe2735f85","local_time":"20210110023306","is_ascension_mode":true,"campfire_choices":[{"data":"Neutralize","floor":6,"key":"SMITH"},{"data":"Deadly Poison","floor":10,"key":"SMITH"},{"data":"Cloak And Dagger","floor":15,"key":"SMITH"},{"data":"Burst","floor":23,"key":"SMITH"},{"floor":27,"key":"REST"}],"circlet_count":0,"master_deck":["AscendersBane","Strike_G","Strike_G","Defend_G","Defend_G","Defend_G","Defend_G","Defend_G","Survivor","Neutralize+1","Tactician","Cloak And Dagger+1","Infinite Blades","Deadly Poison+1","Dagger Throw","Poisoned Stab","Burst+1","Blade Dance","Corpse Explosion","Footwork","Accuracy","PiercingWail","Prepared","Tactician","A Thousand Cuts","Accuracy"],"relics":["Ring of the Snake","NeowsBlessing","Letter Opener","Mercury Hourglass","Mummified Hand","Cursed Key"],"acts_visited":["Exordium","TheCity"],"potions_floor_usage":[12,12,22,22,24,25,29],"damage_taken":[{"damage":0,"enemies":"2 Louse","floor":1,"turns":1},{"damage":0,"enemies":"Jaw Worm","floor":4,"turns":1},{"damage":0,"enemies":"Lagavulin","floor":7,"turns":1},{"damage":1,"enemies":"Cultist","floor":8,"turns":3},{"damage":6,"enemies":"Looter","floor":11,"turns":3},{"damage":2,"enemies":"Exordium Thugs","floor":12,"turns":4},{"damage":0,"enemies":"Lots of Slimes","floor":14,"turns":2},{"damage":32,"enemies":"Hexaghost","floor":16,"turns":8},{"damage":4,"enemies":"Chosen","floor":18,"turns":3},{"damage":10,"enemies":"Spheric Guardian","floor":21,"turns":4},{"damage":9,"enemies":"Centurion and Healer","floor":22,"turns":3},{"damage":8,"enemies":"Cultist and Chosen","floor":24,"turns":5},{"damage":17,"enemies":"Sentry and Sphere","floor":25,"turns":6},{"damage":18,"enemies":"3 Cultists","floor":28,"turns":3},{"damage":17,"enemies":"Shelled Parasite and Fungi","floor":29,"turns":3}],"seed_played":"5222265415776214005","potions_obtained":[{"floor":1,"key":"Swift Potion"},{"floor":11,"key":"BlessingOfTheForge"},{"floor":14,"key":"DuplicationPotion"},{"floor":16,"key":"GamblersBrew"},{"floor":22,"key":"DuplicationPotion"},{"floor":24,"key":"PowerPotion"},{"floor":25,"key":"BlessingOfTheForge"}],"is_trial":false,"path_per_floor":["M","?","?","M","$","R","E","M","T","R","M","M","T","M","R","B",null,"M","?","$","M","M","R","M","M","T","R","M","M"],"character_chosen":"THE_SILENT","items_purchased":["Infinite Blades","Accuracy"],"campfire_rested":1,"item_purchase_floors":[5,20],"current_hp_per_floor":[59,64,59,59,59,59,59,58,58,58,52,50,50,50,50,18,58,54,54,54,44,35,35,27,10,10,31,13,0,0],"gold":99,"neow_bonus":"THREE_ENEMY_KILL","is_daily":false,"chose_seed":false,"campfire_upgraded":4,"win_rate":0.0,"timestamp":1610213586,"path_taken":["M","?","?","M","$","R","E","M","T","R","M","M","?","M","R","BOSS","M","?","$","M","M","R","M","?","T","R","M","M"],"items_purchased_type":["Card","Card"],"build_version":"2020-12-22","purchased_purges":2,"victory":false,"max_hp_per_floor":[66,71,71,71,71,71,71,71,71,71,71,71,71,71,71,71,71,71,71,71,71,71,71,71,71,71,71,71,71,71],"card_choices":[{"not_picked":["Footwork","Slice"],"picked":"Tactician","floor":1},{"not_picked":["Quick Slash","Dodge and Roll"],"picked":"Cloak And Dagger","floor":4},{"not_picked":["Quick Slash","Infinite Blades"],"picked":"Deadly Poison","floor":7},{"not_picked":["Underhanded Strike","Setup"],"picked":"Dagger Throw","floor":8},{"not_picked":["Dodge and Roll","Blur"],"picked":"Poisoned Stab","floor":11},{"not_picked":["Dodge and Roll","Poisoned Stab"],"picked":"Burst","floor":12},{"not_picked":["Dash","Dagger Spray"],"picked":"Blade Dance","floor":14},{"not_picked":["Night Terror","Die Die Die"],"picked":"Corpse Explosion","floor":16},{"not_picked":["Dagger Spray","Underhanded Strike+1"],"picked":"Footwork","floor":18},{"not_picked":["Cloak And Dagger","Bane"],"picked":"PiercingWail","floor":21},{"not_picked":["Slice","Deadly Poison"],"picked":"Prepared","floor":22},{"not_picked":["Distraction","Cloak And Dagger"],"picked":"Tactician","floor":24},{"not_picked":["Deadly Poison","Sucker Punch"],"picked":"A Thousand Cuts","floor":25},{"not_picked":["Slice","Leg Sweep"],"picked":"Accuracy","floor":28}],"player_experience":4233844,"relics_obtained":[{"floor":7,"key":"Mercury Hourglass"},{"floor":9,"key":"Mummified Hand"}],"event_choices":[{"damage_healed":0,"gold_gain":0,"player_choice":"Donut","damage_taken":0,"max_hp_gain":5,"max_hp_loss":0,"event_name":"Big Fish","floor":2,"gold_loss":0},{"damage_healed":0,"gold_gain":0,"player_choice":"Success","damage_taken":5,"relics_obtained":["Letter Opener"],"max_hp_gain":0,"max_hp_loss":0,"event_name":"Scrap Ooze","floor":3,"gold_loss":0},{"cards_removed":["Strike_G"],"damage_healed":0,"gold_gain":0,"player_choice":"Purged","damage_taken":0,"max_hp_gain":0,"max_hp_loss":0,"event_name":"Purifier","floor":19,"gold_loss":0}],"is_beta":false,"boss_relics":[{"not_picked":["Snecko Eye","Fusion Hammer"],"picked":"Cursed Key"}],"items_purged_floors":[5,20],"is_endless":false,"potions_floor_spawned":[1,11,14,16,18,22,24,25],"killed_by":"Shelled Parasite and Fungi","ascension_level":20}}