{"host":"vrsxkkch9ccrec7k","time":1610211160,"event":{"mods":["Act Like it!","BaseMod","Bestiary","Better Third Choice","Better Vampires","Minty Spire (QoL Compilation)","Permanent Neow","Relic Stats","Spicy Shops","StSLib","The Hierophant"],"gold_per_floor":[17,17,17,34,47,57,57,16,16,44,44,71,127,141,141,137,137],"floor_reached":16,"playtime":1330,"items_purged":[],"score":116,"play_id":"1917ec44-046f-464b-a22b-794cd90a1ded","local_time":"20210109115240","is_ascension_mode":true,"campfire_choices":[{"data":"hierophant:FlamingChariot","floor":11,"key":"SMITH"},{"floor":15,"key":"DIG"}],"circlet_count":0,"master_deck":["hierophant:Strike_Hierophant","hierophant:Strike_Hierophant","hierophant:Strike_Hierophant","hierophant:Punish","hierophant:Defend_Hierophant","hierophant:Defend_Hierophant","hierophant:Defend_Hierophant","hierophant:Defend_Hierophant","hierophant:ChurchCoffers","hierophant:Smite","hierophant:PassingBell","hierophant:AuricForm","Decay","hierophant:FlamingChariot+1","hierophant:Doubloon"],"relics":["hierophant:PropheticMaskRelic","Incense Burner","Prayer Wheel","Shovel","Singing Bowl","Tiny Chest"],"acts_visited":["Exordium"],"potions_floor_usage":[13],"damage_taken":[{"damage":0,"enemies":"2 Louse","floor":1,"turns":1},{"damage":1,"enemies":"Cultist","floor":4,"turns":3},{"damage":0,"enemies":"Small Slimes","floor":5,"turns":4},{"damage":0,"enemies":"2 Fungi Beasts","floor":6,"turns":2},{"damage":32,"enemies":"Lagavulin","floor":10,"turns":9},{"damage":15,"enemies":"3 Sentries","floor":12,"turns":7},{"damage":14,"enemies":"3 Sentries","floor":13,"turns":8},{"damage":6,"enemies":"Gremlin Gang","floor":14,"turns":3},{"damage":13,"enemies":"Hexaghost","floor":16,"turns":5}],"seed_played":"5555992670945255820","potions_obtained":[{"floor":1,"key":"LiquidMemories"},{"floor":10,"key":"LiquidMemories"},{"floor":12,"key":"PowerPotion"},{"floor":14,"key":"SneckoOil"}],"is_trial":false,"path_per_floor":["M","?","$","M","M","M","?","$","T","E","R","E","?","M","R","B"],"character_chosen":"HIEROPHANT","items_purchased":["hierophant:FlamingChariot"],"campfire_rested":0,"item_purchase_floors":[8],"current_hp_per_floor":[75,75,75,74,74,74,74,74,74,42,42,29,17,13,13,0,0],"gold":137,"neow_bonus":"ONE_RARE_RELIC","is_daily":false,"chose_seed":false,"campfire_upgraded":1,"win_rate":0.0,"timestamp":1610211160,"path_taken":["M","?","?","M","?","M","?","?","T","E","R","E","?","M","R","BOSS"],"items_purchased_type":["Card"],"build_version":"2020-12-22","purchased_purges":0,"victory":false,"max_hp_per_floor":[75,75,75,75,75,75,75,75,75,75,75,77,79,81,81,81,81],"relic_stats":{"Shovel":1,"Singing Bowl":6,"counters":[9,42],"Prayer Wheel":1,"Tiny Chest":0,"obtain_stats":[{"Shovel":10,"Singing Bowl":12,"hierophant:PropheticMaskRelic":0,"Prayer Wheel":9,"Tiny Chest":13,"Incense Burner":0},{"Shovel":5,"Singing Bowl":6,"hierophant:PropheticMaskRelic":0,"Prayer Wheel":4,"Tiny Chest":7,"Incense Burner":0},{"Shovel":19,"Singing Bowl":26,"hierophant:PropheticMaskRelic":0,"Prayer Wheel":10,"Tiny Chest":34,"Incense Burner":0}]},"card_choices":[{"not_picked":["hierophant:SolarFlare","hierophant:FieryStrike"],"picked":"hierophant:Smite","floor":1},{"not_picked":["hierophant:Empathy","hierophant:OrnateBuckler"],"picked":"hierophant:PassingBell","floor":4},{"not_picked":["hierophant:Sermon","hierophant:SealAway","hierophant:Refuge"],"picked":"SKIP","floor":5},{"not_picked":["hierophant:Purify","hierophant:RustyCrate"],"picked":"hierophant:AuricForm","floor":6},{"not_picked":["hierophant:Encroach","hierophant:Smite","hierophant:Martyrdom"],"picked":"SKIP","floor":10},{"not_picked":["hierophant:RustyCrate","hierophant:Remorse","hierophant:AuricShield"],"picked":"Singing Bowl","floor":12},{"not_picked":["hierophant:FlamingChariot","hierophant:AuricBeam","hierophant:Glossolalia"],"picked":"Singing Bowl","floor":13},{"not_picked":["hierophant:Encroach","hierophant:Repentance"],"picked":"hierophant:Doubloon","floor":14},{"not_picked":["hierophant:FieryStrike","hierophant:Remorse","hierophant:Encroach"],"picked":"Singing Bowl","floor":14}],"player_experience":1358593,"relics_obtained":[{"floor":9,"key":"Prayer Wheel"},{"floor":10,"key":"Shovel"},{"floor":12,"key":"Singing Bowl"},{"floor":13,"key":"Tiny Chest"}],"event_choices":[{"cards_removed":["hierophant:Strike_Hierophant"],"damage_healed":0,"gold_gain":0,"player_choice":"Purged","damage_taken":0,"max_hp_gain":0,"max_hp_loss":0,"event_name":"Purifier","floor":2,"gold_loss":0},{"damage_healed":0,"gold_gain":0,"player_choice":"Cursed","damage_taken":0,"max_hp_gain":0,"max_hp_loss":0,"event_name":"Wheel of Change","floor":7,"gold_loss":0,"cards_obtained":["Decay"]},{"damage_healed":0,"gold_gain":0,"player_choice":"Searched \u00271\u0027 times","damage_taken":0,"max_hp_gain":0,"max_hp_loss":0,"event_name":"Dead Adventurer","floor":13,"gold_loss":0}],"is_beta":false,"boss_relics":[],"items_purged_floors":[],"is_endless":false,"potions_floor_spawned":[1,10,12,14],"killed_by":"Hexaghost","ascension_level":1}}