{"host":"ylxam20yo7j5dy26","time":1610198137,"event":{"mods":["ATMod(°¢èªMod)","Act Like it!","BaseMod","BetterRewards","Conspire","Defuse TimeMaze Blight","Downfall","Energized Spire","Gensokyo","Hallownest","Hubris","Infinite Spire","Marisa£¨ìFÓê¡¡Ä§ÀíÉ³£©","Minty Spire (QoL Compilation)","Quarter Circle Forward PUNCH!","Quick Restart","Replay The Spire","Spicy Shops","StSLib","The Cursed","UnlockEverythingMod","[IsaacMod]ÒÔÈö¼âËþ","vexMod","¡¾ÒÅÎï¿¨ÅÆ¡¿REMEMod"],"gold_per_floor":[213,213,213,28,64,64,134,134,134,192,302,302,3,56,244,366,366,409,409,447,477,477,527,527,31,31,134,58,92,103,103,103,215,215,454,856,604,604,653,741,1017,1017,1040,1040,1140,1420,1420,1529,1529,1727,1727,1845,1972,2109,2109,1500,1500,1631,1753,1753,1755,1814,1942,1942,2082,2082,2247,2247,2408,2590,2759,2940,2940,2940],"floor_reached":73,"playtime":7609,"items_purged":["Strike_MRS","Strike_MRS","Doubt","Spreading Infection","StarBarrage"],"score":1585,"play_id":"283ca11a-a534-4021-ab30-8c9458cefcec","local_time":"20210109211537","is_ascension_mode":false,"campfire_choices":[{"data":"Judgement","floor":6.0,"key":"SMITH"},{"floor":8.0,"key":"REST"},{"floor":15.0,"key":"REST"},{"floor":24.0,"key":"REST"},{"floor":32.0,"key":"REST"},{"data":"FinalSpark","floor":47.0,"key":"SMITH"},{"data":"LuminesStrike","floor":49.0,"key":"SMITH"},{"floor":57.0,"key":"DIG"},{"floor":64.0,"key":"DIG"},{"floor":66.0,"key":"DIG"}],"circlet_count":0,"master_deck":["Strike_MRS+1","Strike_MRS+1","Defend_MRS","Defend_MRS","Defend_MRS+1","Defend_MRS+1","MasterSpark+1","UpSweep","Judgement+1","AT_FamilyPortrait","WitchOfGreed+1","WitchOfGreed","LuminesStrike+1","DoubleSpark+1","SporeBomb","GalacticHalo","StarlightTyphoon","FinalSpark+1","MysteriousBeam","MysteriousBeam+1","DarkMatter","Robbery","IllusionStar","LuminesStrike+1","MachineGunSpark+1","StarDustReverie+1","OortCloud","hubris:Fate","GravityBeat+1","Flash of Steel+1","Finesse","PowerUp+1","CasketOfStar","ReplayTheSpireMod:Book of Names"],"relics":["MiniHakkero","AT_ATBox","REME_ComplimentaryCards","HushsDoor","GuppysHead","SteamSale","Bottled Lightning","Lee\u0027s Waffle","vexMod:Cooldron","AT_SunfireAegis","qcfpunch:Not_Strongest_Fighting_Style_Guidebook","White Beast Statue","BloodDonationBag","conspire:RunicOctahedron","hubris:Towel","hubris:Icosahedron","ReplayTheSpireMod:TigerMarble","BargainBundle","EdensBlessing","AT_RedTearstoneRing","Ornamental Fan","Durian","Molten Egg 2","infinitespire:Satchel","DeathBook","infinitespire:EvilPickle","REME_DemonsWealth","Simple Rune","BookOfRevelations","vexMod:RedPlottingStone","Toy Ornithopter","infinitespire:Lucky Rock","Medical Kit","AT_BladeRuinedKing","Singing Bowl","hubris:Backtick","Shovel","GuppysCollar","Shuriken","Sling","hubris:SphereOfDissonance","BookofShadows","Habit","infinitespire:Midas Blood","REME_LimitBreaker","D4","qcfpunch:Red_Cyclone_Teachings"],"acts_visited":["Exordium","TheCity","TheBeyond","Gensokyo:Gensokyo","Gensokyo:Gensokyoer","Gensokyo:Gensokyoest","Gensokyo:Gensokyo","Hallownest:CityofTears","Hallownest:KingdomsEdge"],"potions_floor_usage":[69,69,70,70,71,72],"damage_taken":[{"damage":0.0,"enemies":"Small Slimes","floor":1.0,"turns":3.0},{"damage":1.0,"enemies":"Cultist","floor":5.0,"turns":3.0},{"damage":38.0,"enemies":"Lagavulin","floor":7.0,"turns":6.0},{"damage":11.0,"enemies":"Jaw Worm","floor":10.0,"turns":3.0},{"damage":0.0,"enemies":"Gremlin Nob","floor":14.0,"turns":4.0},{"damage":45.0,"enemies":"Hexaghost","floor":16.0,"turns":6.0},{"damage":10.0,"enemies":"Chosen","floor":18.0,"turns":4.0},{"damage":6.0,"enemies":"conspire:FuzzyDice","floor":20.0,"turns":3.0},{"damage":6.0,"enemies":"Snecko","floor":21.0,"turns":4.0},{"damage":24.0,"enemies":"REME_1_Revenger","floor":23.0,"turns":3.0},{"damage":25.0,"enemies":"Nightmare","floor":27.0,"turns":6.0},{"damage":0.0,"enemies":"Snake Plant","floor":29.0,"turns":2.0},{"damage":2.0,"enemies":"Centurion and Healer","floor":30.0,"turns":2.0},{"damage":31.0,"enemies":"Pondfish","floor":33.0,"turns":6.0},{"damage":12.0,"enemies":"3 Darklings","floor":35.0,"turns":3.0},{"damage":3.0,"enemies":"Orb Walker","floor":36.0,"turns":4.0},{"damage":0.0,"enemies":"2 Orb Walkers","floor":39.0,"turns":1.0},{"damage":1.0,"enemies":"Giant Head","floor":40.0,"turns":5.0},{"damage":0.0,"enemies":"Maw","floor":41.0,"turns":3.0},{"damage":13.0,"enemies":"R_Hoarder","floor":45.0,"turns":3.0},{"damage":0.0,"enemies":"Transient","floor":46.0,"turns":3.0},{"damage":7.0,"enemies":"Jaw Worm Horde","floor":48.0,"turns":3.0},{"damage":0.0,"enemies":"hubris:GrandSnecko","floor":50.0,"turns":2.0},{"damage":0.0,"enemies":"Gensokyo:Gryphon","floor":52.0,"turns":1.0},{"damage":0.0,"enemies":"Gensokyo:2_Kodama","floor":53.0,"turns":2.0},{"damage":19.0,"enemies":"Gensokyo:3_Fairies","floor":54.0,"turns":3.0},{"damage":1.0,"enemies":"Gensokyo:Python_and_Kodama","floor":58.0,"turns":2.0},{"damage":0.0,"enemies":"Gensokyo:Kitsune","floor":59.0,"turns":1.0},{"damage":0.0,"enemies":"Gensokyo:5_Fairies","floor":62.0,"turns":3.0},{"damage":0.0,"enemies":"Gensokyo:LivingMonolith","floor":63.0,"turns":1.0},{"damage":0.0,"enemies":"Gensokyo:Kitsune","floor":65.0,"turns":1.0},{"damage":90.0,"enemies":"Delirium","floor":67.0,"turns":11.0},{"damage":10,"enemies":"Gensokyo:2_Gloops","floor":69,"turns":2},{"damage":0,"enemies":"Gensokyo:3_Bats","floor":70,"turns":3},{"damage":0,"enemies":"Gensokyo:Python","floor":71,"turns":1},{"damage":15,"enemies":"Hallownest:Guard_and_Sentry","floor":72,"turns":3},{"damage":0,"enemies":"Hallownest:3_Siblings","floor":73,"turns":1}],"seed_played":"2456909735705602704","potions_obtained":[{"floor":5.0,"key":"EssenceOfSteel"},{"floor":7.0,"key":"FearPotion"},{"floor":10.0,"key":"Fire Potion"},{"floor":10.0,"key":"Toxic Potion"},{"floor":12.0,"key":"Dexterity Potion"},{"floor":14.0,"key":"EntropicBrew"},{"floor":16.0,"key":"EntropicBrew"},{"floor":18.0,"key":"EntropicBrew"},{"floor":20.0,"key":"EntropicBrew"},{"floor":21.0,"key":"EntropicBrew"},{"floor":23.0,"key":"EntropicBrew"},{"floor":23.0,"key":"EntropicBrew"},{"floor":33.0,"key":"EntropicBrew"},{"floor":35.0,"key":"EntropicBrew"},{"floor":36.0,"key":"EntropicBrew"},{"floor":36.0,"key":"EntropicBrew"},{"floor":40.0,"key":"EntropicBrew"},{"floor":40.0,"key":"EntropicBrew"},{"floor":41.0,"key":"EntropicBrew"},{"floor":45.0,"key":"EntropicBrew"},{"floor":46.0,"key":"EntropicBrew"},{"floor":48.0,"key":"EntropicBrew"},{"floor":50.0,"key":"EntropicBrew"},{"floor":54.0,"key":"EntropicBrew"},{"floor":58.0,"key":"EntropicBrew"},{"floor":58.0,"key":"EntropicBrew"},{"floor":59.0,"key":"EntropicBrew"},{"floor":62.0,"key":"EntropicBrew"},{"floor":63.0,"key":"EntropicBrew"},{"floor":65.0,"key":"EntropicBrew"},{"floor":67.0,"key":"EntropicBrew"},{"floor":67.0,"key":"EntropicBrew"},{"floor":67.0,"key":"EntropicBrew"},{"floor":69,"key":"EntropicBrew"},{"floor":69,"key":"EntropicBrew"},{"floor":70,"key":"EntropicBrew"},{"floor":70,"key":"EntropicBrew"},{"floor":71,"key":"EntropicBrew"},{"floor":72,"key":"EntropicBrew"}],"is_trial":false,"path_per_floor":["M","?","?","$","M","R","E","R","T","M","?","?","$","E","R","B",null,"M","?","M","M","?","E","R","$","T","NM","$","M","M","?","R","B",null,"M","M","$","?","?","E","M","AVR","T","?","E","M","R","M","R","B",null,"M","M","M","?","$","R","M","M","T","?","M","M","R","M","R","B",null,"M","M","M","M","M"],"character_chosen":"MARISA","items_purchased":["SteamSale","Lee\u0027s Waffle","vexMod:Cooldron","AT_SunfireAegis","qcfpunch:Not_Strongest_Fighting_Style_Guidebook","BargainBundle","EdensBlessing","AT_RedTearstoneRing","DarkMatter","Robbery","Ornamental Fan","infinitespire:Satchel","OortCloud","Simple Rune","BookOfRevelations","GuppysCollar","Shuriken","Sling","hubris:SphereOfDissonance","BookofShadows","Habit"],"campfire_rested":4,"item_purchase_floors":[4,13,13,13,13,25,25,25,25,25,25,28,37,37,37,51,56,56,56,56,56],"current_hp_per_floor":[75,75,75,75,74,74,36,58,58,47,47,47,82,82,70,25,82,72,72,66,60,60,36,60,60,65,40,40,40,38,38,64,67,87,75,72,72,51,51,60,85,85,85,85,79,86,86,86,86,91,90,92,94,83,83,83,83,98,101,101,71,88,95,95,112,112,44,119,121,123,125,127,127,127],"gold":2940,"neow_bonus":"HUNDRED_GOLD","is_daily":false,"chose_seed":false,"campfire_upgraded":3,"win_rate":0.0,"timestamp":1610198137,"path_taken":["M","?","?","$","M","R","E","R","T","M","?","?","$","E","R","BOSS","M","?","M","M","?","E","R","$","T","NM","$","M","M","?","R","BOSS","M","M","$","?","?","E","M","AVR","T","?","E","M","R","M","R","BOSS","M","M","M","?","$","R","M","M","T","?","?","M","R","M","R","BOSS","M","M","M","M","M"],"items_purchased_type":["Relic","Relic","Relic","Relic","Relic","Relic","Relic","Relic","Card","Card","Relic","Relic","Card","Relic","Relic","Relic","Relic","Relic","Relic","Relic","Relic"],"build_version":"2020-12-22","purchased_purges":5,"victory":false,"max_hp_per_floor":[75,75,75,75,75,75,75,75,75,75,75,75,82,82,82,82,82,82,82,82,82,82,82,82,82,87,87,87,87,87,87,87,87,87,87,87,87,87,87,87,97,97,97,97,99,101,101,103,103,103,90,92,94,97,97,97,97,99,101,101,101,108,110,110,117,117,119,119,121,123,125,127,127,127],"card_choices":[{"not_picked":[],"picked":"Bomb","floor":0.0},{"not_picked":["6A","SprinkleStarSeal"],"picked":"WitchOfGreed","floor":1.0},{"not_picked":["AsteroidBelt","WitchLeyline"],"picked":"WitchOfGreed","floor":5.0},{"not_picked":["EventHorizon","BlazeAway"],"picked":"LuminesStrike","floor":7.0},{"not_picked":["WitchLeyline","NonDirectionalLaser"],"picked":"DoubleSpark","floor":10.0},{"not_picked":["ShootTheMoon","SatelliteIllusion"],"picked":"SporeBomb","floor":11.0},{"not_picked":["AlicesGift","LuminesStrike"],"picked":"GalacticHalo","floor":11.0},{"not_picked":["LuminesStrike","WitchLeyline"],"picked":"StarlightTyphoon","floor":11.0},{"not_picked":["StarlightTyphoon","ShootingEcho"],"picked":"StarBarrage","floor":14.0},{"not_picked":["BinaryStars","CasketOfStar"],"picked":"FinalSpark","floor":16.0},{"not_picked":["ChargeUpSpray","AsteroidBelt"],"picked":"MysteriousBeam","floor":18.0},{"not_picked":["StarBarrage","WitchOfGreed","Acceleration"],"picked":"SKIP","floor":20.0},{"not_picked":["UnstableBomb","NonDirectionalLaser+1","OneTimeOff+1"],"picked":"SKIP","floor":21.0},{"not_picked":["StarBarrage","MagicChant"],"picked":"MysteriousBeam+1","floor":23.0},{"not_picked":["GravityBeat+1","ShootTheMoon+1"],"picked":"IllusionStar","floor":27.0},{"not_picked":["Acceleration","SprinkleStarSeal"],"picked":"LuminesStrike+1","floor":29.0},{"not_picked":["WitchOfGreed+1","StarlightTyphoon"],"picked":"MachineGunSpark+1","floor":30.0},{"not_picked":["BlazingStar+1","BigCrunch"],"picked":"StarDustReverie","floor":33.0},{"not_picked":["GalacticHalo+1","GrandCross+1","NonDirectionalLaser+1"],"picked":"Spreading Infection","floor":35.0},{"not_picked":["NonDirectionalLaser+1","EventHorizon+1","SuperNova"],"picked":"Doubt","floor":36.0},{"not_picked":["infinitespire:DeathsTouch","infinitespire:Menacing"],"picked":"hubris:Fate","floor":38.0},{"not_picked":["MaximisePower","Occultation","Writhe"],"picked":"GravityBeat+1","floor":40.0},{"not_picked":["EscapeVelocity","AsteroidBelt","conspire:Blindness"],"picked":"PowerUp+1","floor":41.0},{"not_picked":["NonDirectionalLaser+1","DeepEcoloBomb+1","IllusionStar+1","hubris:Envy"],"picked":"Singing Bowl","floor":45.0},{"not_picked":["ShootTheMoon+1","IllusionStar","ShootingEcho+1","hubris:Disease"],"picked":"Singing Bowl","floor":46.0},{"not_picked":["ManaConvection+1","ShootingEcho+1","StarlightTyphoon","sneckomod:Bewildered"],"picked":"Singing Bowl","floor":48.0},{"not_picked":["CollectingQuirk+1","BlazingStar+1","Gensokyo:AllTheWorldsEvil"],"picked":"CasketOfStar","floor":50.0},{"not_picked":["PowerUp","EventHorizon","MachineGunSpark+1","hubris:Wrath"],"picked":"Singing Bowl","floor":52.0},{"not_picked":["ManaRampage","DoubleSpark+1","PowerUp","Looming Evil"],"picked":"Singing Bowl","floor":53.0},{"not_picked":["PowerUp","AsteroidBelt","WitchOfGreed","hubris:Disease"],"picked":"Singing Bowl","floor":54.0},{"not_picked":["ChargingUp","IllusionStar","NonDirectionalLaser+1","Replay:UnknownCurse"],"picked":"Singing Bowl","floor":58.0},{"not_picked":["SuperPerseids","MaximisePower","MysteriousBeam+1","hubris:Lust"],"picked":"Singing Bowl","floor":59.0},{"not_picked":["UnstableBomb+1","EnergyRecoil","WitchLeyline+1","Pain"],"picked":"Singing Bowl","floor":62.0},{"not_picked":["AsteroidBelt","DC+1","MaximisePower","Writhe"],"picked":"Singing Bowl","floor":63.0},{"not_picked":["WitchLeyline+1","ShootingEcho+1","DarkSpark+1","Injury"],"picked":"Singing Bowl","floor":65.0},{"not_picked":["UltimateShortwave","CollectingQuirk+1","BinaryStars","hubris:Greed"],"picked":"Singing Bowl","floor":67.0},{"not_picked":["infinitespire:Execution","hubris:Fate"],"picked":"ReplayTheSpireMod:Book of Names","floor":67.0},{"not_picked":["ChargingUp","Orbital","EnergyRecoil","Shame"],"picked":"Singing Bowl","floor":69},{"not_picked":["EventHorizon","UnstableBomb+1","Singularity","sneckomod:Bewildered"],"picked":"Singing Bowl","floor":70},{"not_picked":["EventHorizon","ManaConvection","EnergyFlow","ReplayTheSpireMod:Restless Dread"],"picked":"Singing Bowl","floor":71},{"not_picked":["DC+1","GalacticHalo","GasGiant","Doubt"],"picked":"Singing Bowl","floor":72}],"player_experience":117168,"relics_obtained":[{"floor":7.0,"key":"BloodDonationMachine"},{"floor":9.0,"key":"Bottled Lightning"},{"floor":14.0,"key":"White Beast Statue"},{"floor":23.0,"key":"ReplayTheSpireMod:TigerMarble"},{"floor":26.0,"key":"Durian"},{"floor":27.0,"key":"Molten Egg 2"},{"floor":39.0,"key":"vexMod:RedPlottingStone"},{"floor":40.0,"key":"Toy Ornithopter"},{"floor":43.0,"key":"AT_BladeRuinedKing"},{"floor":45.0,"key":"Singing Bowl"},{"floor":57.0,"key":"infinitespire:Midas Blood"},{"floor":60.0,"key":"REME_LimitBreaker"},{"floor":64.0,"key":"D4"},{"floor":66.0,"key":"qcfpunch:Red_Cyclone_Teachings"}],"event_choices":[{"damage_healed":0.0,"max_hp_gain":0.0,"max_hp_loss":0.0,"gold_gain":0.0,"event_name":"Upgrade Shrine","player_choice":"Upgraded","floor":2.0,"gold_loss":0.0,"damage_taken":0.0,"cards_upgraded":["WitchOfGreed"]},{"damage_healed":0.0,"max_hp_gain":0.0,"max_hp_loss":0.0,"gold_gain":0.0,"event_name":"The Woman in Blue","player_choice":"Bought 0 Potions","floor":3.0,"gold_loss":0.0,"damage_taken":0.0},{"damage_healed":0.0,"max_hp_gain":0.0,"max_hp_loss":0.0,"gold_gain":0.0,"event_name":"Lab","player_choice":"Got Potions","floor":12.0,"gold_loss":0.0,"damage_taken":0.0},{"damage_healed":0.0,"max_hp_gain":0.0,"max_hp_loss":0.0,"gold_gain":0.0,"event_name":"WeMeetAgain","player_choice":"Gave Potion","floor":31.0,"gold_loss":0.0,"damage_taken":0.0,"relics_obtained":["DeathBook"]},{"damage_healed":0.0,"max_hp_gain":0.0,"max_hp_loss":0.0,"gold_gain":0.0,"event_name":"Mysterious Sphere","player_choice":"Fight","floor":39.0,"gold_loss":0.0,"damage_taken":0.0},{"damage_healed":0.0,"max_hp_gain":0.0,"max_hp_loss":0.0,"gold_gain":0.0,"event_name":"NoteForYourself","player_choice":"Ignored","floor":44.0,"gold_loss":0.0,"damage_taken":0.0}],"is_beta":false,"boss_relics":[{"not_picked":["conspire:SeveredTorchhead","qcfpunch:Crimson_Sash"],"picked":"conspire:RunicOctahedron"},{"not_picked":[]},{"not_picked":["infinitespire:Cupcake","hubris:RunicObelisk"],"picked":"REME_DemonsWealth"},{"not_picked":[]},{"not_picked":["Replay:Bronze Core","ReplayTheSpireMod:SealedPack"],"picked":"hubris:Backtick"},{"not_picked":[]},{"not_picked":["vexMod:CursedCompass","Replay:Grab Bag","ChampionBelt"]},{"not_picked":["vexMod:CursedCompass","Replay:Grab Bag","ChampionBelt"]},{"not_picked":["vexMod:CursedCompass","Replay:Grab Bag","ChampionBelt"]},{"not_picked":["vexMod:CursedCompass","Replay:Grab Bag","ChampionBelt"]},{"not_picked":["vexMod:CursedCompass","Replay:Grab Bag","ChampionBelt"]},{"not_picked":["vexMod:CursedCompass","Replay:Grab Bag","ChampionBelt"]}],"items_purged_floors":[4,25,37,42,56],"is_endless":true,"potions_floor_spawned":[10,16,18,20,21,23,27,29,30,33,35,36,39,40,41,45,46,48,50,52,53,54,58,59,62,63,65,67,69,70,71,72],"killed_by":"Hallownest:3_Siblings","ascension_level":0}}