{"host":"w5wm7ibv4mob2r08","time":1610172453,"event":{"mods":["AchievementEnabler","BaseMod","Hermit","Minty Spire (QoL Compilation)","Quick Restart","StSLib","SuperFastMode"],"gold_per_floor":[109,109,119,135,135,135,178,178,178,202,235,235,260,279,279,409,409,409,409],"floor_reached":18,"playtime":652,"items_purged":[],"score":258,"play_id":"b9c7da12-ebc8-4d01-aa47-e5ec9760b949","local_time":"20210109150733","is_ascension_mode":true,"campfire_choices":[{"data":"hermit:Gestalt","floor":6.0,"key":"SMITH"},{"data":"hermit:RoundhouseKick","floor":8.0,"key":"SMITH"},{"data":"hermit:Manifest","floor":12,"key":"SMITH"},{"data":"hermit:Strike_Hermit","floor":15,"key":"PURGE"}],"circlet_count":0,"master_deck":["AscendersBane","hermit:Strike_Hermit","hermit:Strike_Hermit","hermit:Defend_Hermit","hermit:Defend_Hermit","hermit:Defend_Hermit","hermit:Snapshot","hermit:Covet","hermit:Gestalt+1","hermit:BigShot","hermit:RoundhouseKick+1","hermit:Virtue","hermit:Manifest+1","hermit:EyeOfTheStorm","hermit:Reprieve"],"relics":["hermit:Momento","Pocketwatch","Ancient Tea Set","Golden Idol","Blood Vial","Ornamental Fan","Peace Pipe","Empty Cage"],"acts_visited":["Exordium","TheCity"],"potions_floor_usage":[16],"damage_taken":[{"damage":14.0,"enemies":"Cultist","floor":1.0,"turns":5.0},{"damage":1.0,"enemies":"2 Louse","floor":3.0,"turns":3.0},{"damage":3.0,"enemies":"Jaw Worm","floor":4.0,"turns":3.0},{"damage":2.0,"enemies":"Gremlin Nob","floor":7.0,"turns":4.0},{"damage":0.0,"enemies":"Gremlin Gang","floor":10.0,"turns":1.0},{"damage":12,"enemies":"3 Sentries","floor":11,"turns":7},{"damage":0,"enemies":"Exordium Wildlife","floor":13,"turns":3},{"damage":17,"enemies":"Looter","floor":14,"turns":3},{"damage":8,"enemies":"The Guardian","floor":16,"turns":15},{"damage":10,"enemies":"Shell Parasite","floor":18,"turns":7}],"seed_played":"-4959017713846266632","potions_obtained":[{"floor":1.0,"key":"ColorlessPotion"},{"floor":3.0,"key":"AttackPotion"},{"floor":4.0,"key":"LiquidBronze"}],"is_trial":false,"path_per_floor":["M","T","M","M","?","R","E","R","T","M","E","R","M","M","R","B",null,"M"],"character_chosen":"HERMIT","items_purchased":[],"campfire_rested":0,"item_purchase_floors":[],"current_hp_per_floor":[36,36,35,32,32,32,30,30,30,32,22,22,24,9,9,3,53,49,49],"gold":409,"neow_bonus":"ONE_RARE_RELIC","is_daily":false,"chose_seed":false,"campfire_upgraded":3,"win_rate":0.0,"timestamp":1610172453,"path_taken":["M","?","M","M","?","R","E","R","T","M","E","R","M","M","R","BOSS","M"],"items_purchased_type":[],"build_version":"2020-12-22","purchased_purges":0,"victory":false,"max_hp_per_floor":[75,75,75,75,69,69,69,69,69,69,69,69,69,69,69,69,69,69,69],"card_choices":[{"not_picked":["hermit:Manifest","hermit:Spite"],"picked":"hermit:Gestalt","floor":1.0},{"not_picked":["hermit:CursedWeapon","hermit:CalledShot","hermit:Midnight"],"picked":"SKIP","floor":3.0},{"not_picked":["hermit:Snipe","hermit:PistolWhip"],"picked":"hermit:BigShot","floor":4.0},{"not_picked":["hermit:Ricochet","hermit:Glare"],"picked":"hermit:RoundhouseKick","floor":7.0},{"not_picked":["hermit:Maintenance","hermit:WideOpen"],"picked":"hermit:Virtue","floor":10.0},{"not_picked":["hermit:Vantage","hermit:Snipe"],"picked":"hermit:Manifest","floor":11},{"not_picked":["hermit:Snipe","hermit:LowProfile"],"picked":"hermit:EyeOfTheStorm","floor":13},{"not_picked":["hermit:HighCaliber","hermit:Maintenance","hermit:Manifest"],"picked":"SKIP","floor":14},{"not_picked":["hermit:FinalCanter","hermit:Gambit"],"picked":"hermit:Reprieve","floor":16}],"player_experience":581055,"relics_obtained":[{"floor":2.0,"key":"Ancient Tea Set"},{"floor":7.0,"key":"Blood Vial"},{"floor":9.0,"key":"Ornamental Fan"},{"floor":11,"key":"Peace Pipe"}],"event_choices":[{"damage_healed":0.0,"max_hp_gain":0.0,"max_hp_loss":6.0,"gold_gain":0.0,"event_name":"Golden Idol","player_choice":"Lose Max HP","floor":5.0,"gold_loss":0.0,"damage_taken":0.0,"relics_obtained":["Golden Idol"]}],"is_beta":false,"boss_relics":[{"not_picked":["Runic Pyramid","Black Star"],"picked":"Empty Cage"}],"items_purged_floors":[],"is_endless":false,"potions_floor_spawned":[1,3,4],"killed_by":"Shell Parasite","ascension_level":10}}