{"host":"wshh0nphwn6jv7vj","time":1610158258,"event":{"mods":["BaseMod","Bestiary","Minty Spire (QoL Compilation)"],"gold_per_floor":[114,114,39,59,59,85,100,433,433,75,102,113,113,125,125,199,199,211,231,30,40,54,54,54],"floor_reached":23,"playtime":1083,"items_purged":["Strike_G"],"score":533,"play_id":"6f347756-7574-47f6-b337-65643319dca0","local_time":"20210108211058","is_ascension_mode":true,"campfire_choices":[{"data":"Blade Dance","floor":13,"key":"SMITH"},{"data":"Envenom","floor":15,"key":"SMITH"}],"circlet_count":0,"master_deck":["AscendersBane","Strike_G+1","Defend_G+1","Defend_G","Defend_G","Defend_G","Survivor","Neutralize","Predator","PiercingWail","Deadly Poison","Blade Dance+1","Envenom+1","Blade Dance","Caltrops","Noxious Fumes","Footwork","Blade Dance","Tools of the Trade","Bullet Time+1","Prepared+1","Masterful Stab+1","Dash","Calculated Gamble+1","Terror","Wraith Form v2"],"relics":["Ring of the Snake","NeowsBlessing","Potion Belt","Old Coin","Mummified Hand","Snake Skull","Matryoshka","Astrolabe","ClockworkSouvenir"],"acts_visited":["Exordium","TheCity"],"potions_floor_usage":[8,14,16,22,22,23],"damage_taken":[{"damage":0,"enemies":"Jaw Worm","floor":1,"turns":1},{"damage":0,"enemies":"Small Slimes","floor":4,"turns":1},{"damage":0,"enemies":"Gremlin Nob","floor":6,"turns":1},{"damage":0,"enemies":"2 Louse","floor":7,"turns":3},{"damage":10,"enemies":"3 Sentries","floor":8,"turns":7},{"damage":21,"enemies":"Lagavulin","floor":11,"turns":6},{"damage":0,"enemies":"2 Fungi Beasts","floor":12,"turns":2},{"damage":2,"enemies":"Blue Slaver","floor":14,"turns":3},{"damage":0,"enemies":"Slime Boss","floor":16,"turns":6},{"damage":11,"enemies":"Shell Parasite","floor":18,"turns":4},{"damage":2,"enemies":"Chosen","floor":19,"turns":3},{"damage":26,"enemies":"Centurion and Healer","floor":21,"turns":5},{"damage":0,"enemies":"Cultist and Chosen","floor":22,"turns":5},{"damage":21,"enemies":"Book of Stabbing","floor":23,"turns":3}],"seed_played":"-3611196417252954482","potions_obtained":[{"floor":1,"key":"EssenceOfSteel"},{"floor":6,"key":"AttackPotion"},{"floor":7,"key":"Dexterity Potion"},{"floor":8,"key":"Strength Potion"},{"floor":11,"key":"LiquidMemories"},{"floor":18,"key":"Poison Potion"},{"floor":19,"key":"Dexterity Potion"}],"is_trial":false,"path_per_floor":["M","?","?","M","?","E","M","E","T","$","E","M","R","M","R","B",null,"M","M","$","M","M","E"],"character_chosen":"THE_SILENT","items_purchased":["Snake Skull","Blade Dance","Caltrops","ClockworkSouvenir","Terror"],"campfire_rested":0,"item_purchase_floors":[10,10,10,20,20],"current_hp_per_floor":[59,39,39,39,61,61,61,51,51,51,30,30,30,28,28,28,57,46,44,44,18,18,0,0],"gold":54,"neow_bonus":"THREE_ENEMY_KILL","is_daily":false,"chose_seed":false,"campfire_upgraded":2,"win_rate":0.0,"timestamp":1610158258,"path_taken":["M","?","?","M","?","E","M","E","T","$","E","M","R","M","R","BOSS","M","M","$","M","M","E"],"items_purchased_type":["Relic","Card","Card","Relic","Card"],"build_version":"2020-12-22","purchased_purges":1,"victory":false,"max_hp_per_floor":[66,66,66,66,66,66,66,66,66,66,66,66,66,66,66,66,66,66,66,66,66,66,66,66],"card_choices":[{"not_picked":["PiercingWail","Blur"],"picked":"Predator","floor":1},{"not_picked":["Catalyst","Reflex"],"picked":"PiercingWail","floor":4},{"not_picked":["Leg Sweep","Setup"],"picked":"Deadly Poison","floor":6},{"not_picked":["Underhanded Strike","Endless Agony"],"picked":"Blade Dance","floor":7},{"not_picked":["Dagger Throw","Underhanded Strike"],"picked":"Envenom","floor":8},{"not_picked":["Flying Knee","Slice"],"picked":"Noxious Fumes","floor":11},{"not_picked":["Underhanded Strike","Deadly Poison"],"picked":"Footwork","floor":12},{"not_picked":["Bane","Deflect"],"picked":"Blade Dance","floor":14},{"not_picked":["Unload","Night Terror"],"picked":"Tools of the Trade","floor":16},{"not_picked":["Outmaneuver","Deadly Poison+1"],"picked":"Dash","floor":18},{"not_picked":["Quick Slash","Bane"],"picked":"Calculated Gamble+1","floor":19},{"not_picked":["Bane","Backflip"],"picked":"Wraith Form v2","floor":21},{"not_picked":["Deflect","Dagger Throw","Deadly Poison"],"picked":"SKIP","floor":22}],"player_experience":1553055,"relics_obtained":[{"floor":6,"key":"Potion Belt"},{"floor":8,"key":"Old Coin"},{"floor":9,"key":"Mummified Hand"},{"floor":11,"key":"Matryoshka"}],"event_choices":[{"damage_healed":0,"gold_gain":0,"player_choice":"Entered Light","damage_taken":20,"max_hp_gain":0,"max_hp_loss":0,"event_name":"Shining Light","floor":2,"gold_loss":0,"cards_upgraded":["Defend_G","Strike_G"]},{"cards_removed":["Strike_G"],"damage_healed":0,"gold_gain":0,"player_choice":"Card Removal","damage_taken":0,"max_hp_gain":0,"max_hp_loss":0,"event_name":"The Cleric","floor":3,"gold_loss":75},{"damage_healed":22,"gold_gain":0,"player_choice":"Banana","damage_taken":0,"max_hp_gain":0,"max_hp_loss":0,"event_name":"Big Fish","floor":5,"gold_loss":0}],"is_beta":false,"boss_relics":[{"not_picked":["Tiny House","HoveringKite"],"picked":"Astrolabe"}],"items_purged_floors":[10],"is_endless":false,"potions_floor_spawned":[1,6,7,8,11,18,19],"killed_by":"Book of Stabbing","ascension_level":17}}