{"host":"a7dhdzm3fda48fos","time":1610169027,"event":{"mods":["AchievementEnabler","AlwaysNeverKeys","BaseMod","Block Reminder","Colored Map","Downfall","Friendly Minions","Gold Saver","Hermit","Infinite Spire","Minty Spire (QoL Compilation)","Quick Restart","Relic Filter","Relic Sorter","Relic Stats","Remove Card Discount Mod","Replay The Spire","StSLib","The Cursed","The Mystic","The Servant 0.9.4"],"gold_per_floor":[118,118,20,30,44,72,72,83,106,118,118],"floor_reached":10,"playtime":549,"items_purged":[],"score":68,"play_id":"a0772df0-e1a9-46d1-ba72-54199651b5e0","local_time":"20210109061027","is_ascension_mode":false,"campfire_choices":[{"floor":7,"key":"REST"}],"circlet_count":0,"master_deck":["hermit:Strike_Hermit","hermit:Strike_Hermit","hermit:Strike_Hermit","hermit:Strike_Hermit","hermit:Defend_Hermit","hermit:Defend_Hermit","hermit:Defend_Hermit","hermit:Snapshot","hermit:Covet","hermit:TakeAim","expansioncontent:Collect","hermit:ShadowCloak","hermit:Ricochet","hermit:HighNoon","hermit:Cheat"],"relics":["hermit:Momento","Oddly Smooth Stone","MawBank"],"acts_visited":["Exordium"],"potions_floor_usage":[5],"damage_taken":[{"damage":0,"enemies":"Small Slimes","floor":1,"turns":3},{"damage":15,"enemies":"Cultist","floor":4,"turns":5},{"damage":6,"enemies":"Jaw Worm","floor":5,"turns":4},{"damage":44,"enemies":"Gremlin Nob","floor":6,"turns":6},{"damage":16,"enemies":"Exordium Wildlife","floor":8,"turns":5},{"damage":0,"enemies":"3 Sentries","floor":10,"turns":1}],"seed_played":"-6508378982308337771","potions_obtained":[{"floor":4,"key":"hermit:Tonic"},{"floor":6,"key":"Dexterity Potion"},{"floor":8,"key":"LiquidBronze"}],"is_trial":false,"path_per_floor":["M","?","$","M","M","E","R","M","T","E"],"character_chosen":"HERMIT","items_purchased":["expansioncontent:Collect"],"campfire_rested":1,"item_purchase_floors":[3],"current_hp_per_floor":[82,82,82,67,61,17,41,25,25,25,25],"gold":118,"neow_bonus":"TEN_PERCENT_HP_BONUS","is_daily":false,"chose_seed":false,"campfire_upgraded":0,"win_rate":0.0,"timestamp":1610169027,"path_taken":["M","?","$","?","M","E","R","M","T","E"],"items_purchased_type":["Card"],"build_version":"2020-12-22","purchased_purges":0,"victory":false,"max_hp_per_floor":[82,82,82,82,82,82,82,82,82,82,82],"relic_stats":{"counters":[6,24],"MawBank":12,"obtain_stats":[{"Oddly Smooth Stone":6,"MawBank":9,"hermit:Momento":0},{"Oddly Smooth Stone":4,"MawBank":5,"hermit:Momento":0},{"Oddly Smooth Stone":18,"MawBank":23,"hermit:Momento":0}]},"card_choices":[{"not_picked":["hermit:Quickdraw","hermit:CalledShot"],"picked":"hermit:TakeAim","floor":1},{"not_picked":["hermit:FullyLoaded","hermit:CalledShot"],"picked":"hermit:ShadowCloak","floor":4},{"not_picked":["hermit:TrackingShot","hermit:ItchyTrigger"],"picked":"hermit:Ricochet","floor":5},{"not_picked":["hermit:ShadowCloak","hermit:Brawl"],"picked":"hermit:HighNoon","floor":6},{"not_picked":["hermit:Snipe","hermit:HighCaliber"],"picked":"hermit:Cheat","floor":8}],"player_experience":100194,"relics_obtained":[{"floor":6,"key":"Oddly Smooth Stone"},{"floor":9,"key":"MawBank"}],"event_choices":[{"cards_removed":["hermit:Defend_Hermit"],"damage_healed":0,"gold_gain":0,"player_choice":"Offered Basic","damage_taken":0,"max_hp_gain":0,"max_hp_loss":0,"event_name":"Bonfire Elementals","floor":2,"gold_loss":0}],"is_beta":false,"boss_relics":[],"items_purged_floors":[],"is_endless":false,"potions_floor_spawned":[4,6,8],"killed_by":"3 Sentries","ascension_level":0}}