{"host":"50per11302020","time":1610164981,"event":{"mods":["AchievementEnabler","BaseMod","Colored Map","Minty Spire (QoL Compilation)","Relic Stats","StSLib"],"gold_per_floor":[368,190,190,205,380,380,77,111,111,111,136,146,146,158,158,261,261,244,244,244,66,80,109,109,129,129,149,149,161,173,173,173,275,325,340,351,362,28,0,27,27,44,44,44,57,57,88,15,15,15,15,15,15,44,44,44],"floor_reached":55,"playtime":4578,"items_purged":["Doubt"],"score":1145,"play_id":"2b092704-3fae-4345-8171-41071a4f46a5","local_time":"20210108200301","is_ascension_mode":true,"campfire_choices":[{"data":"Caltrops","floor":6.0,"key":"SMITH"},{"data":"Glass Knife","floor":10.0,"key":"SMITH"},{"data":"Doppelganger","floor":15.0,"key":"SMITH"},{"floor":24.0,"key":"REST"},{"data":"Corpse Explosion","floor":28.0,"key":"SMITH"},{"floor":32.0,"key":"REST"},{"floor":41.0,"key":"REST"},{"floor":46.0,"key":"REST"},{"floor":49.0,"key":"RECALL"},{"data":"Well Laid Plans","floor":52.0,"key":"SMITH"}],"circlet_count":0,"master_deck":["AscendersBane","Strike_G+1","Strike_G+1","Strike_G+1","Strike_G+1","Strike_G+1","Defend_G+1","Defend_G+1","Defend_G+1","Defend_G+1","Defend_G+1","Survivor","Neutralize","Flying Knee","Burst","Doppelganger+1","Unload","Caltrops+1","Glass Knife+1","Backflip","Deadly Poison","Well Laid Plans+1","Deadly Poison+1","Caltrops","Blur","Adrenaline","CurseOfTheBell","Noxious Fumes+1","Backflip","Acrobatics","Corpse Explosion+1","Catalyst+1","Phantasmal Killer","Dodge and Roll","Doppelganger","Dodge and Roll+1","After Image","Escape Plan+1","Acrobatics+1","Panache","Envenom","Doppelganger","Outmaneuver+1","Tools of the Trade","Catalyst+1"],"relics":["Ring of the Snake","Orrery","Strange Spoon","Nunchaku","Letter Opener","Strawberry","MealTicket","Calling Bell","Oddly Smooth Stone","Thread and Needle","Nloth\u0027s Gift","Chemical X","Happy Flower","InkBottle","Tiny House","Red Mask","Vajra","Toxic Egg 2","Peace Pipe","Ninja Scroll"],"acts_visited":["Exordium","TheCity","TheBeyond","TheEnding"],"potions_floor_usage":[55],"damage_taken":[{"damage":2.0,"enemies":"Small Slimes","floor":1.0,"turns":4.0},{"damage":5.0,"enemies":"2 Louse","floor":4.0,"turns":3.0},{"damage":4.0,"enemies":"3 Sentries","floor":8.0,"turns":6.0},{"damage":33.0,"enemies":"Gremlin Nob","floor":11.0,"turns":5.0},{"damage":0.0,"enemies":"Jaw Worm","floor":12.0,"turns":2.0},{"damage":0.0,"enemies":"Looter","floor":14.0,"turns":2.0},{"damage":5.0,"enemies":"Hexaghost","floor":16.0,"turns":8.0},{"damage":15.0,"enemies":"2 Thieves","floor":18.0,"turns":4.0},{"damage":5.0,"enemies":"Shell Parasite","floor":22.0,"turns":4.0},{"damage":35.0,"enemies":"Slavers","floor":23.0,"turns":6.0},{"damage":0.0,"enemies":"Cultist and Chosen","floor":25.0,"turns":4.0},{"damage":2.0,"enemies":"Shelled Parasite and Fungi","floor":27.0,"turns":4.0},{"damage":11.0,"enemies":"Snecko","floor":29.0,"turns":4.0},{"damage":9.0,"enemies":"Snake Plant","floor":30.0,"turns":4.0},{"damage":36.0,"enemies":"Champ","floor":33.0,"turns":10.0},{"damage":0.0,"enemies":"3 Shapes","floor":35.0,"turns":4.0},{"damage":5.0,"enemies":"Orb Walker","floor":36.0,"turns":3.0},{"damage":6.0,"enemies":"Maw","floor":37.0,"turns":6.0},{"damage":34.0,"enemies":"Nemesis","floor":40.0,"turns":5.0},{"damage":0.0,"enemies":"4 Shapes","floor":42.0,"turns":3.0},{"damage":10.0,"enemies":"Transient","floor":45.0,"turns":5.0},{"damage":49.0,"enemies":"Reptomancer","floor":47.0,"turns":5.0},{"damage":46.0,"enemies":"Donu and Deca","floor":50.0,"turns":6.0},{"damage":46.0,"enemies":"Shield and Spear","floor":54.0,"turns":3.0},{"damage":36,"enemies":"The Heart","floor":55,"turns":3}],"seed_played":"-7384782785524809114","potions_obtained":[{"floor":1.0,"key":"GhostInAJar"},{"floor":14.0,"key":"Regen Potion"},{"floor":16.0,"key":"SkillPotion"},{"floor":22.0,"key":"SneckoOil"},{"floor":27.0,"key":"FairyPotion"},{"floor":29.0,"key":"LiquidMemories"},{"floor":34.0,"key":"DuplicationPotion"},{"floor":35.0,"key":"Explosive Potion"},{"floor":37.0,"key":"PowerPotion"},{"floor":54.0,"key":"Block Potion"}],"is_trial":false,"path_per_floor":["M","$","?","M","?","R","$","E","T","R","E","M","?","M","R","B",null,"M","?","?","$","M","E","R","M","T","M","R","M","M","?","R","B",null,"M","M","M","$","?","E","R","M","T","T","M","R","E","$","R","B",null,"R","$","E","B"],"character_chosen":"THE_SILENT","items_purchased":["Orrery","Backflip","Strange Spoon","Well Laid Plans","Chemical X","Backflip","Panache","Envenom","DuplicationPotion"],"campfire_rested":4,"item_purchase_floors":[2,2,7,7,21,21,38,38,48],"current_hp_per_floor":[61,61,66,61,61,61,61,57,57,57,31,31,6,6,6,16,60,45,45,45,60,55,20,42,42,42,40,40,29,20,20,42,6,63,63,58,52,67,67,33,57,57,57,57,47,71,22,37,37,24,66,66,80,34,0,0],"gold":44,"neow_bonus":"TWO_FIFTY_GOLD","is_daily":false,"chose_seed":false,"campfire_upgraded":5,"win_rate":0.0,"timestamp":1610164981,"path_taken":["M","$","?","M","?","R","$","E","T","R","E","M","?","?","R","BOSS","M","?","?","$","M","E","R","?","T","M","R","M","M","?","R","BOSS","M","M","?","$","?","E","R","M","T","?","M","R","E","$","R","BOSS","R","$","E","BOSS"],"items_purchased_type":["Relic","Card","Relic","Card","Relic","Card","Card","Card","Potion"],"build_version":"2020-12-18","purchased_purges":1,"victory":false,"max_hp_per_floor":[63,63,68,68,68,68,68,68,68,68,75,75,75,75,75,75,75,75,75,75,75,75,75,75,75,75,75,75,75,75,75,75,75,80,80,80,80,80,80,80,80,80,80,80,80,80,80,80,80,80,80,80,80,80,80,80],"relic_stats":{"Peace Pipe":0,"Strange Spoon":[34],"Nunchaku":[12],"Happy Flower":[23],"counters":[25,113],"MealTicket":59,"Nloth\u0027s Gift":4,"Letter Opener":[446],"Chemical X":[29],"obtain_stats":[{"Tiny House":34,"Happy Flower":23,"Oddly Smooth Stone":17,"Vajra":40,"Thread and Needle":17,"Letter Opener":9,"Calling Bell":17,"Peace Pipe":47,"Strange Spoon":7,"Nunchaku":8,"Shuriken":17,"Ninja Scroll":54,"Strawberry":11,"Orrery":2,"MealTicket":13,"Nloth\u0027s Gift":20,"Red Mask":39,"Chemical X":21,"Toxic Egg 2":44,"InkBottle":26,"Ring of the Snake":0},{"Tiny House":15,"Happy Flower":10,"Oddly Smooth Stone":7,"Vajra":19,"Thread and Needle":7,"Letter Opener":3,"Calling Bell":7,"Peace Pipe":22,"Strange Spoon":2,"Nunchaku":3,"Shuriken":7,"Ninja Scroll":24,"Strawberry":4,"Orrery":1,"MealTicket":5,"Nloth\u0027s Gift":8,"Red Mask":18,"Chemical X":8,"Toxic Egg 2":20,"InkBottle":11,"Ring of the Snake":0},{"Tiny House":70,"Happy Flower":44,"Oddly Smooth Stone":30,"Vajra":88,"Thread and Needle":30,"Letter Opener":13,"Calling Bell":30,"Peace Pipe":101,"Strange Spoon":7,"Nunchaku":13,"Shuriken":30,"Ninja Scroll":110,"Strawberry":18,"Orrery":4,"MealTicket":20,"Nloth\u0027s Gift":34,"Red Mask":83,"Chemical X":34,"Toxic Egg 2":91,"InkBottle":48,"Ring of the Snake":0}],"InkBottle":[36],"Ring of the Snake":[50]},"card_choices":[{"not_picked":["Masterful Stab","Dagger Throw"],"picked":"Flying Knee","floor":1.0},{"not_picked":["Backflip","Deflect"],"picked":"Burst","floor":2.0},{"not_picked":["Dagger Spray","Cloak And Dagger"],"picked":"Doppelganger","floor":2.0},{"not_picked":["Prepared","Quick Slash"],"picked":"Unload","floor":2.0},{"not_picked":["Deadly Poison","Backflip"],"picked":"Caltrops","floor":2.0},{"not_picked":["Blade Dance","Bane"],"picked":"Glass Knife","floor":2.0},{"not_picked":["Poisoned Stab","Blade Dance"],"picked":"Deadly Poison","floor":4.0},{"not_picked":["Dash","Storm of Steel","Choke"],"picked":"SKIP","floor":8.0},{"not_picked":["Predator","Deflect"],"picked":"Deadly Poison","floor":11.0},{"not_picked":["Prepared","Crippling Poison"],"picked":"Caltrops","floor":12.0},{"not_picked":["Setup","Prepared"],"picked":"Blur","floor":14.0},{"not_picked":["Envenom","Die Die Die"],"picked":"Adrenaline","floor":16.0},{"not_picked":["Dagger Spray","Dodge and Roll+1"],"picked":"Noxious Fumes+1","floor":18.0},{"not_picked":["Quick Slash","Escape Plan"],"picked":"Acrobatics","floor":22.0},{"not_picked":["Noxious Fumes","Riddle With Holes"],"picked":"Corpse Explosion","floor":23.0},{"not_picked":["PiercingWail","Flying Knee+1"],"picked":"Catalyst","floor":25.0},{"not_picked":["Flechettes","Flying Knee"],"picked":"Phantasmal Killer","floor":27.0},{"not_picked":["Finisher","Flechettes"],"picked":"Dodge and Roll","floor":29.0},{"not_picked":["Deflect","Reflex","Finisher"],"picked":"SKIP","floor":30.0},{"not_picked":["Bullet Time","Wraith Form v2"],"picked":"Doppelganger","floor":33.0},{"not_picked":["Flying Knee","Sucker Punch"],"picked":"Dodge and Roll+1","floor":34.0},{"not_picked":["Cloak And Dagger","Prepared+1"],"picked":"After Image","floor":35.0},{"not_picked":["Prepared","Dagger Spray+1"],"picked":"Escape Plan+1","floor":36.0},{"not_picked":["Flying Knee","Sucker Punch"],"picked":"Acrobatics+1","floor":37.0},{"not_picked":["Bane+1","Backflip+1"],"picked":"Doppelganger","floor":40.0},{"not_picked":["Endless Agony+1","Bane+1","Bouncing Flask"],"picked":"SKIP","floor":42.0},{"not_picked":["Slice","Masterful Stab"],"picked":"Outmaneuver+1","floor":45.0},{"not_picked":["Escape Plan+1","Infinite Blades"],"picked":"Tools of the Trade","floor":47.0},{"not_picked":["Slice+1","Prepared+1"],"picked":"Catalyst+1","floor":54.0}],"player_experience":119402,"relics_obtained":[{"floor":8.0,"key":"Nunchaku"},{"floor":9.0,"key":"Letter Opener"},{"floor":11.0,"key":"Strawberry"},{"floor":17.0,"key":"Oddly Smooth Stone"},{"floor":17.0,"key":"Shuriken"},{"floor":17.0,"key":"Thread and Needle"},{"floor":23.0,"key":"Happy Flower"},{"floor":26.0,"key":"InkBottle"},{"floor":40.0,"key":"Vajra"},{"floor":44.0,"key":"Toxic Egg 2"},{"floor":47.0,"key":"Peace Pipe"},{"floor":54.0,"key":"Ninja Scroll"}],"event_choices":[{"damage_healed":0.0,"max_hp_gain":5.0,"max_hp_loss":0.0,"gold_gain":0.0,"event_name":"Big Fish","player_choice":"Donut","floor":3.0,"gold_loss":0.0,"damage_taken":0.0},{"damage_healed":0.0,"max_hp_gain":0.0,"max_hp_loss":0.0,"gold_gain":175.0,"event_name":"Liars Game","player_choice":"AGREE","floor":5.0,"gold_loss":0.0,"damage_taken":0.0,"cards_obtained":["Doubt"]},{"damage_healed":0.0,"max_hp_gain":0.0,"max_hp_loss":0.0,"gold_gain":0.0,"event_name":"Scrap Ooze","player_choice":"Success","floor":13.0,"gold_loss":0.0,"damage_taken":25.0,"relics_obtained":["MealTicket"]},{"damage_healed":0.0,"max_hp_gain":0.0,"max_hp_loss":0.0,"gold_gain":0.0,"event_name":"Back to Basics","player_choice":"Simplicity","floor":19.0,"gold_loss":0.0,"damage_taken":0.0,"cards_upgraded":["Strike_G","Strike_G","Strike_G","Strike_G","Strike_G","Defend_G","Defend_G","Defend_G","Defend_G","Defend_G"]},{"damage_healed":0.0,"max_hp_gain":0.0,"max_hp_loss":0.0,"gold_gain":0.0,"event_name":"N\u0027loth","player_choice":"Traded Relic","floor":20.0,"relics_lost":["Shuriken"],"gold_loss":0.0,"damage_taken":0.0,"relics_obtained":["Nloth\u0027s Gift"]},{"damage_healed":0.0,"max_hp_gain":0.0,"max_hp_loss":0.0,"gold_gain":0.0,"event_name":"Upgrade Shrine","player_choice":"Upgraded","floor":31.0,"gold_loss":0.0,"damage_taken":0.0,"cards_upgraded":["Catalyst"]},{"damage_healed":0.0,"max_hp_gain":0.0,"max_hp_loss":0.0,"gold_gain":0.0,"event_name":"Tomb of Lord Red Mask","player_choice":"Paid","floor":39.0,"gold_loss":28.0,"damage_taken":0.0,"relics_obtained":["Red Mask"]}],"is_beta":true,"boss_relics":[{"not_picked":["Empty Cage","Astrolabe"],"picked":"Calling Bell"},{"not_picked":["WristBlade","Runic Dome"],"picked":"Tiny House"}],"items_purged_floors":[7],"is_endless":false,"potions_floor_spawned":[1,14,16,22,27,29,35,37,42,47,54],"killed_by":"The Heart","ascension_level":10}}