{"host":"pqs17sqrgflf4eqa","time":1610220921,"event":{"mods":["AchievementEnabler","BaseMod","Bestiary","Better Altar","Colored Map","Colored Powertips","Emptier Cage","Googly Eyes","Highlight Path","Minty Spire (QoL Compilation)","Quick Restart","StSLib","SuperFastMode","Transform Curses","slay the spire mod where everything is the same but ironclad has a cowboy hat"],"gold_per_floor":[210,210,210,210,226,226,256,256,280,299,1,1,14,34,34,132,132,150,150,150,170,182,182,210,210,210,223,223,223],"floor_reached":28,"playtime":501,"items_purged":[],"score":286,"play_id":"9c78de04-c8a0-447f-b2a1-8b67b78145b0","local_time":"20210109143521","is_ascension_mode":true,"campfire_choices":[{"data":"Dualcast","floor":6.0,"key":"SMITH"},{"data":"Lockon","floor":8,"key":"SMITH"},{"data":"Streamline","floor":12,"key":"SMITH"},{"floor":15,"key":"REST"},{"data":"Hologram","floor":23,"key":"SMITH"}],"circlet_count":0,"master_deck":["Strike_B","Strike_B","Strike_B","Strike_B","Defend_B","Defend_B+1","Defend_B+1","Zap+1","Dualcast+1","Streamline+1","Ball Lightning","Lockon+1","Beam Cell","Leap","Gash","Coolheaded","Electrodynamics","Hologram+1","Reinforced Body+1","Sweeping Beam+1","Coolheaded","Rip and Tear","Self Repair"],"relics":["Cracked Core","GremlinMask","Smiling Mask","Nunchaku","Mercury Hourglass","Sozu","MutagenicStrength","Nilry\u0027s Codex","MealTicket","Du-Vu Doll"],"acts_visited":["Exordium","TheCity"],"potions_floor_usage":[7,16,16,24],"damage_taken":[{"damage":3.0,"enemies":"Small Slimes","floor":1.0,"turns":3.0},{"damage":5.0,"enemies":"2 Louse","floor":5.0,"turns":2.0},{"damage":15,"enemies":"Lagavulin","floor":7,"turns":5},{"damage":0,"enemies":"Cultist","floor":10,"turns":2},{"damage":8,"enemies":"Exordium Thugs","floor":13,"turns":3},{"damage":10,"enemies":"Exordium Wildlife","floor":14,"turns":2},{"damage":16,"enemies":"Hexaghost","floor":16,"turns":7},{"damage":0,"enemies":"Chosen","floor":18,"turns":3},{"damage":1,"enemies":"Spheric Guardian","floor":21,"turns":3},{"damage":13,"enemies":"Snecko","floor":22,"turns":3},{"damage":22,"enemies":"Slavers","floor":24,"turns":2},{"damage":18,"enemies":"Shelled Parasite and Fungi","floor":27,"turns":3},{"damage":9,"enemies":"Cultist and Chosen","floor":28,"turns":4}],"seed_played":"5310513709085691856","potions_obtained":[{"floor":5.0,"key":"AttackPotion"},{"floor":7,"key":"ColorlessPotion"},{"floor":10,"key":"AttackPotion"},{"floor":14,"key":"SneckoOil"}],"is_trial":false,"path_per_floor":["M","?","?","?","M","R","E","R","T","M","$","R","M","M","R","B",null,"M","?","?","M","M","R","E","?","T","M","M"],"character_chosen":"DEFECT","items_purchased":["Leap","Mercury Hourglass"],"campfire_rested":1,"item_purchase_floors":[11,11],"current_hp_per_floor":[72,57,57,57,52,52,37,37,37,37,37,37,29,19,41,25,75,75,75,59,58,45,45,23,23,23,5,0,0],"gold":223,"neow_bonus":"HUNDRED_GOLD","is_daily":false,"chose_seed":false,"campfire_upgraded":4,"win_rate":0.0,"timestamp":1610220921,"path_taken":["M","?","?","?","M","R","E","R","T","M","$","R","M","?","R","BOSS","M","?","?","M","M","R","E","?","T","?","M"],"items_purchased_type":["Card","Relic"],"build_version":"2020-12-22","purchased_purges":0,"victory":false,"max_hp_per_floor":[75,75,75,75,75,75,75,75,75,75,75,75,75,75,75,75,75,75,75,75,75,75,75,75,75,75,75,75,75],"card_choices":[{"not_picked":["Stack","Force Field"],"picked":"Streamline","floor":1.0},{"not_picked":["BootSequence","Rebound"],"picked":"Ball Lightning","floor":5.0},{"not_picked":["Compile Driver","Ball Lightning"],"picked":"Lockon","floor":7},{"not_picked":["Compile Driver","Barrage"],"picked":"Beam Cell","floor":10},{"not_picked":["Reboot","Steam Power"],"picked":"Gash","floor":13},{"not_picked":["Tempest","Leap"],"picked":"Coolheaded","floor":14},{"not_picked":["Amplify","Thunder Strike"],"picked":"Electrodynamics","floor":16},{"not_picked":["Sweeping Beam","Consume"],"picked":"Hologram","floor":18},{"not_picked":["Ball Lightning+1","Stack"],"picked":"Reinforced Body+1","floor":21},{"not_picked":["Turbo+1","Go for the Eyes"],"picked":"Sweeping Beam+1","floor":22},{"not_picked":["Turbo","Stack+1"],"picked":"Coolheaded","floor":24},{"not_picked":["Streamline","Heatsinks"],"picked":"Self Repair","floor":27}],"player_experience":145029,"relics_obtained":[{"floor":7,"key":"Smiling Mask"},{"floor":9,"key":"Nunchaku"},{"floor":20,"key":"Nilry\u0027s Codex"},{"floor":24,"key":"MealTicket"},{"floor":26,"key":"Du-Vu Doll"}],"event_choices":[{"damage_healed":0.0,"max_hp_gain":0.0,"max_hp_loss":0.0,"gold_gain":0.0,"event_name":"Shining Light","player_choice":"Entered Light","floor":2.0,"gold_loss":0.0,"damage_taken":15.0,"cards_upgraded":["Defend_B","Defend_B"]},{"damage_healed":0.0,"max_hp_gain":0.0,"max_hp_loss":0.0,"gold_gain":0.0,"event_name":"Living Wall","player_choice":"Grow","floor":3.0,"gold_loss":0.0,"damage_taken":0.0,"cards_upgraded":["Zap"]},{"damage_healed":0.0,"max_hp_gain":0.0,"max_hp_loss":0.0,"gold_gain":0.0,"event_name":"FaceTrader","player_choice":"Trade","floor":4.0,"gold_loss":0.0,"damage_taken":0.0,"relics_obtained":["GremlinMask"]},{"damage_healed":0,"gold_gain":0,"player_choice":"Inject Mutagens","damage_taken":0,"relics_obtained":["MutagenicStrength"],"max_hp_gain":0,"max_hp_loss":0,"event_name":"Drug Dealer","floor":19,"gold_loss":0},{"damage_healed":0,"gold_gain":0,"player_choice":"Obtained Book","damage_taken":16,"max_hp_gain":0,"max_hp_loss":0,"event_name":"Cursed Tome","floor":20,"gold_loss":0},{"damage_healed":0,"gold_gain":0,"cards_transformed":["Defend_B"],"player_choice":"Transformed","damage_taken":0,"max_hp_gain":0,"max_hp_loss":0,"event_name":"Transmorgrifier","floor":25,"gold_loss":0,"cards_obtained":["Rip and Tear"]}],"is_beta":false,"boss_relics":[{"not_picked":["Empty Cage","SacredBark"],"picked":"Sozu"}],"items_purged_floors":[],"is_endless":false,"potions_floor_spawned":[5,7,10,14,24],"killed_by":"Cultist and Chosen","ascension_level":4}}