{"host":"bf9sa99gaumonoeu","time":1610207621,"event":{"mods":["AchievementEnabler","Act Like it!","BaseMod","Better Sensory Stone","Colored Map","Colored Powertips","Downfall","Friendly Minions","Gensokyo","GifTheSpireLib","Googly Eyes","Hallownest","Hermit","Jorbs\u0027s Wanderer Trilogy","KinomotoSakuraMod(????)","Koishi","Lobotomy","Marisa????????","Minty Spire (QoL Compilation)","Rare Cards Sparkle","Reimu??????","Relic Stats","Remilia??????","StSLib","The Administrix","The Animator","The Bug Knight","The Construct","The Cursed","The Disciple","The Hierophant","The Mystic","The Necromancer","The Poker Player","The Runesmith","The Senshi","The Servant 0.9.4","TheLocksmith"],"gold_per_floor":[112,112,135,145,145,192,192,192,192,192,96,106,106,106],"floor_reached":13,"playtime":702,"items_purged":[],"score":133,"play_id":"6ef4c15e-ec8c-4cfe-ab32-98997b51929d","local_time":"20210109135341","is_ascension_mode":true,"campfire_choices":[{"data":"animator:Spearman","floor":7,"key":"SMITH"},{"floor":10,"key":"REST"}],"circlet_count":0,"master_deck":["AscendersBane","animator:Strike_GoblinSlayer","animator:Defend_GoblinSlayer","animator:LizardPriest","animator:DwarfShaman","animator:Berserker","animator:ZankiKiguchi","animator:Arpeggio","animator:Spearman+1","animator:Strike_OnePunchMan+1","animator:Strike_GATE+1","animator:Strike_NoGameNoLife","animator:Defend_Konosuba","animator:Defend_HitsugiNoChaika","animator:Defend_MadokaMagica","animator:DwarfShaman"],"relics":["animator:LivingPicture","animator:TheMissingPiece","animator:PurgingStone","Paper Frog","Strawberry","Whetstone"],"acts_visited":["Exordium"],"potions_floor_usage":[6,6],"damage_taken":[{"damage":12,"enemies":"Jaw Worm","floor":1,"turns":4},{"damage":0,"enemies":"2 Louse","floor":3,"turns":3},{"damage":0,"enemies":"Small Slimes","floor":4,"turns":2},{"damage":13,"enemies":"Lagavulin","floor":6,"turns":5},{"damage":10,"enemies":"Blue Slaver","floor":12,"turns":4},{"damage":35,"enemies":"3 Sentries","floor":13,"turns":5}],"seed_played":"3945258628900023192","potions_obtained":[{"floor":0,"key":"FearPotion"},{"floor":0,"key":"PowerPotion"},{"floor":0,"key":"DuplicationPotion"}],"is_trial":false,"path_per_floor":["M","?","M","M","?","E","R","?","T","R","?","M","E"],"character_chosen":"THE_ANIMATOR","items_purchased":[],"campfire_rested":1,"item_purchase_floors":[],"current_hp_per_floor":[47,47,47,47,47,34,34,23,23,44,44,34,0,0],"gold":106,"neow_bonus":"THREE_SMALL_POTIONS","is_daily":false,"chose_seed":false,"campfire_upgraded":1,"win_rate":0.0,"timestamp":1610207621,"path_taken":["M","?","M","M","?","E","R","?","T","R","?","M","E"],"items_purchased_type":[],"build_version":"2020-12-22","purchased_purges":0,"victory":false,"max_hp_per_floor":[66,66,66,66,66,66,66,73,73,73,73,73,73,73],"relic_stats":{"counters":[6,22],"Whetstone":["animator:Strike","animator:Strike"],"obtain_stats":[{"animator:PurgingStone":0,"animator:TheMissingPiece":0,"Strawberry":8,"animator:LivingPicture":0,"Whetstone":9,"Paper Frog":6},{"animator:PurgingStone":0,"animator:TheMissingPiece":0,"Strawberry":4,"animator:LivingPicture":0,"Whetstone":4,"Paper Frog":4},{"animator:PurgingStone":0,"animator:TheMissingPiece":0,"Strawberry":13,"animator:LivingPicture":0,"Whetstone":13,"Paper Frog":13}]},"card_choices":[{"not_picked":["animator:DwarfShaman","animator:Benimaru"],"picked":"animator:Berserker","floor":1},{"not_picked":["animator:Hitei","animator:Tatsumaki"],"picked":"animator:ZankiKiguchi","floor":3},{"not_picked":["animator:Fredrika","animator:Lu"],"picked":"animator:Arpeggio","floor":4},{"not_picked":["animator:DwarfShaman","animator:CowGirl"],"picked":"animator:Spearman","floor":6},{"not_picked":["animator:Benimaru","animator:Genos"],"picked":"animator:DwarfShaman","floor":12}],"player_experience":902141,"relics_obtained":[{"floor":6,"key":"Paper Frog"},{"floor":9,"key":"Whetstone"}],"event_choices":[{"damage_healed":0,"gold_gain":0,"player_choice":"Ignored","damage_taken":0,"max_hp_gain":0,"max_hp_loss":0,"event_name":"Liars Game","floor":2,"gold_loss":0},{"damage_healed":0,"gold_gain":1,"player_choice":"1","damage_taken":0,"max_hp_gain":0,"max_hp_loss":0,"event_name":"betterStone:BetterStone","floor":5,"gold_loss":0},{"damage_healed":0,"gold_gain":0,"player_choice":"Success","damage_taken":18,"relics_obtained":["Strawberry"],"max_hp_gain":0,"max_hp_loss":0,"event_name":"Scrap Ooze","floor":8,"gold_loss":0}],"is_beta":false,"boss_relics":[],"items_purged_floors":[],"is_endless":false,"potions_floor_spawned":[1],"killed_by":"3 Sentries","ascension_level":12}}