{"host":"t75twhtg6c476ygg","time":1610205456,"event":{"mods":["AchievementEnabler","BaseMod","Colored Powertips","Minty Spire (QoL Compilation)","Quick Restart","Relic Stats","StSLib","SuperFastMode"],"gold_per_floor":[114,114,129,129,129,217,217,266,316,316,316,316,395,320,320,475,475,494,494,543,543,568,568,483,502,502,536,574,24,204,253,253,378,378,427,446,446,146,195,195,245,343,343,411,411,861,2186,2519,2519,2519],"floor_reached":51,"playtime":4996,"items_purged":["Doppelganger","Unload","Parasite"],"score":1017,"play_id":"016d2eed-c9a9-4aec-b2a9-3a68465587e5","local_time":"20210109151736","daily_mods":["Shiny","Green Cards","Terminal"],"is_ascension_mode":false,"campfire_choices":[{"data":"Wish","floor":7.0,"key":"SMITH"},{"data":"Fasting2","floor":10.0,"key":"SMITH"},{"data":"Adrenaline","floor":12.0,"key":"SMITH"},{"data":"LessonLearned","floor":15.0,"key":"SMITH"},{"data":"Wraith Form v2","floor":23,"key":"SMITH"},{"floor":32,"key":"REST"},{"data":"ConjureBlade","floor":40,"key":"SMITH"},{"data":"1","floor":45,"key":"LIFT"},{"data":"2","floor":49,"key":"LIFT"}],"circlet_count":0,"master_deck":["Corpse Explosion","Malaise+1","Phantasmal Killer","Die Die Die","Adrenaline+1","Wraith Form v2+1","Tools of the Trade","After Image+1","Bullet Time","A Thousand Cuts","ConjureBlade+1","MasterReality","Ragnarok","LessonLearned+1","Scrawl+1","Vault+1","Alpha","Wish+1","Omniscience","DevaForm+1","DeusExMachina+1","Fasting2+1","Vault+1","Omniscience+1"],"relics":["PureWater","Mummified Hand","Bird Faced Urn","Letter Opener","Juzu Bracelet","Bronze Scales","Black Star","MutagenicStrength","MealTicket","Unceasing Top","Gambling Chip","Red Mask","White Beast Statue","Mango","Frozen Egg 2","Boot","ClockworkSouvenir","Busted Crown","War Paint","Happy Flower","Lantern","FossilizedHelix","Toxic Egg 2","Girya","WingedGreaves","Orichalcum","StrikeDummy","Sling","Bag of Preparation","Oddly Smooth Stone","TheAbacus","Vajra","Mercury Hourglass"],"acts_visited":["Exordium","TheCity","TheBeyond"],"potions_floor_usage":[39,50],"damage_taken":[{"damage":0.0,"enemies":"Small Slimes","floor":1.0,"turns":3.0},{"damage":1.0,"enemies":"2 Louse","floor":3.0,"turns":5.0},{"damage":7.0,"enemies":"3 Sentries","floor":6.0,"turns":8.0},{"damage":0.0,"enemies":"Jaw Worm","floor":8.0,"turns":1.0},{"damage":1.0,"enemies":"Looter","floor":13.0,"turns":3.0},{"damage":1.0,"enemies":"The Guardian","floor":16.0,"turns":5.0},{"damage":0.0,"enemies":"Spheric Guardian","floor":18.0,"turns":3.0},{"damage":0,"enemies":"Shell Parasite","floor":20,"turns":5},{"damage":4,"enemies":"Shelled Parasite and Fungi","floor":25,"turns":4},{"damage":3,"enemies":"Masked Bandits","floor":27,"turns":4},{"damage":0,"enemies":"Book of Stabbing","floor":28,"turns":5},{"damage":5,"enemies":"3 Cultists","floor":31,"turns":5},{"damage":1,"enemies":"Automaton","floor":33,"turns":6},{"damage":0,"enemies":"Orb Walker","floor":35,"turns":2},{"damage":0,"enemies":"3 Darklings","floor":36,"turns":1},{"damage":0,"enemies":"Writhing Mass","floor":39,"turns":5},{"damage":0,"enemies":"Reptomancer","floor":42,"turns":6},{"damage":0,"enemies":"Nemesis","floor":44,"turns":5},{"damage":0,"enemies":"Donu and Deca","floor":50,"turns":3}],"seed_played":"579003938715623652","potions_obtained":[{"floor":3.0,"key":"ColorlessPotion"},{"floor":25,"key":"DistilledChaos"},{"floor":31,"key":"FairyPotion"}],"is_trial":false,"path_per_floor":["M","?","M","?","?","E","R","M","T","R","?","R","M","$","R","B",null,"M","?","M","?","T","R","?","M","T","?","E","$","?","M","R","B",null,"M","M","?","$","M","R","T","E","T","E","R","$","$","?","R","B",null],"character_chosen":"WATCHER","items_purchased":["Frozen Egg 2","Boot","ClockworkSouvenir","War Paint","Happy Flower","Sling","Bag of Preparation","Oddly Smooth Stone","TheAbacus","Vajra","Mercury Hourglass"],"campfire_rested":1,"item_purchase_floors":[29,29,29,38,38,46,46,46,47,47,47],"current_hp_per_floor":[70,45,54,37,37,48,48,48,48,48,48,48,58,57,56,55,54,53,52,51,50,49,48,47,46,45,44,57,56,37,44,53,52,51,50,49,46,45,44,43,42,41,40,39,38,37,89,88,87,86],"gold":2519,"neow_bonus":"","is_daily":true,"chose_seed":false,"campfire_upgraded":6,"win_rate":0.0,"timestamp":1610205456,"path_taken":["M","?","M","?","?","E","R","?","T","R","?","R","M","$","R","BOSS","M","?","M","?","?","R","?","M","T","?","E","?","?","M","R","BOSS","M","M","?","$","M","R","?","E","T","E","R","$","$","?","R","BOSS"],"items_purchased_type":["Relic","Relic","Relic","Relic","Relic","Relic","Relic","Relic","Relic","Relic","Relic"],"build_version":"2020-12-22","purchased_purges":3,"victory":true,"max_hp_per_floor":[70,69,68,67,66,65,64,63,62,61,60,59,58,57,56,55,54,53,52,51,50,49,48,47,46,45,44,57,56,55,54,53,52,51,50,49,46,45,44,43,42,41,40,39,38,37,89,88,87,86],"relic_stats":{"Happy Flower":[6],"counters":[19,79],"Juzu Bracelet":2,"Bag of Preparation":[2],"Letter Opener":[302],"War Paint":["Venomology","Vault"],"Orichalcum":[0],"Boot":[44],"Mercury Hourglass":[18],"Busted Crown":10,"TheAbacus":[12],"Mummified Hand":[182],"Bird Faced Urn":[59],"Bronze Scales":[117],"Gambling Chip":[26],"MealTicket":0,"Black Star":3,"obtain_stats":[{"Lantern":41,"Vajra":47,"Mango":28,"Juzu Bracelet":9,"Bag of Preparation":46,"Boot":29,"Sling":46,"Empty Cage":47,"ClockworkSouvenir":29,"TheAbacus":47,"Mummified Hand":1,"Gambling Chip":26,"MealTicket":22,"WingedGreaves":44,"Red Mask":27,"Toxic Egg 2":42,"Girya":43,"Lee\u0027s Waffle":47,"Happy Flower":38,"Golden Idol":4,"Oddly Smooth Stone":46,"Letter Opener":6,"Frozen Egg 2":29,"War Paint":38,"Orichalcum":44,"White Beast Statue":28,"Mercury Hourglass":47,"Busted Crown":34,"Bird Faced Urn":2,"Bronze Scales":11,"MutagenicStrength":21,"Black Star":17,"PureWater":0,"StrikeDummy":44,"Unceasing Top":24,"FossilizedHelix":42},{"Lantern":16,"Vajra":18,"Mango":11,"Juzu Bracelet":4,"Bag of Preparation":18,"Boot":11,"Sling":18,"Empty Cage":18,"ClockworkSouvenir":11,"TheAbacus":18,"Mummified Hand":1,"Gambling Chip":9,"MealTicket":8,"WingedGreaves":18,"Red Mask":10,"Toxic Egg 2":17,"Girya":17,"Lee\u0027s Waffle":18,"Happy Flower":15,"Golden Idol":2,"Oddly Smooth Stone":18,"Letter Opener":3,"Frozen Egg 2":11,"War Paint":15,"Orichalcum":18,"White Beast Statue":11,"Mercury Hourglass":18,"Busted Crown":13,"Bird Faced Urn":1,"Bronze Scales":4,"MutagenicStrength":8,"Black Star":6,"PureWater":0,"StrikeDummy":18,"Unceasing Top":8,"FossilizedHelix":17},{"Lantern":65,"Vajra":76,"Mango":46,"Juzu Bracelet":17,"Bag of Preparation":76,"Boot":46,"Sling":76,"Empty Cage":76,"ClockworkSouvenir":46,"TheAbacus":76,"Mummified Hand":1,"Gambling Chip":37,"MealTicket":33,"WingedGreaves":74,"Red Mask":41,"Toxic Egg 2":71,"Girya":71,"Lee\u0027s Waffle":76,"Happy Flower":60,"Golden Idol":8,"Oddly Smooth Stone":76,"Letter Opener":16,"Frozen Egg 2":46,"War Paint":60,"Orichalcum":76,"White Beast Statue":46,"Mercury Hourglass":76,"Busted Crown":57,"Bird Faced Urn":3,"Bronze Scales":17,"MutagenicStrength":33,"Black Star":25,"PureWater":0,"StrikeDummy":76,"Unceasing Top":33,"FossilizedHelix":71}],"Unceasing Top":[6]},"card_choices":[{"not_picked":["Quick Slash","Prepared"],"picked":"Fasting2","floor":1.0},{"not_picked":["Blade Dance","Outmaneuver","SandsOfTime"],"picked":"SKIP","floor":3.0},{"not_picked":["Prepared","Quick Slash","Sucker Punch"],"picked":"SKIP","floor":6.0},{"not_picked":["Wireheading","Adaptation","CutThroughFate"],"picked":"SKIP","floor":8.0},{"not_picked":["Unload","Distraction","ClearTheMind"],"picked":"SKIP","floor":13.0},{"not_picked":["MasterReality","Corpse Explosion"],"picked":"Vault","floor":16.0},{"not_picked":["WheelKick","EmptyBody+1","Predator"],"picked":"SKIP","floor":18},{"not_picked":["Conclude","Halt","ThirdEye+1"],"picked":"SKIP","floor":20},{"not_picked":["EmptyMind","Sucker Punch","Bane+1"],"picked":"SKIP","floor":25},{"not_picked":["Bouncing Flask","SandsOfTime","SignatureMove"],"picked":"SKIP","floor":28},{"not_picked":["Predator","SashWhip+1","Choke"],"picked":"SKIP","floor":31},{"not_picked":["Pray"],"picked":"SKIP","floor":35},{"not_picked":["Prepared+1"],"picked":"SKIP","floor":36},{"not_picked":["Outmaneuver+1"],"picked":"SKIP","floor":39},{"not_picked":["PathToVictory+1"],"picked":"SKIP","floor":42},{"not_picked":["Prostrate+1"],"picked":"SKIP","floor":44}],"player_experience":235380,"relics_obtained":[{"floor":6.0,"key":"Letter Opener"},{"floor":9.0,"key":"Juzu Bracelet"},{"floor":22,"key":"MealTicket"},{"floor":26,"key":"Gambling Chip"},{"floor":27,"key":"Red Mask"},{"floor":28,"key":"White Beast Statue"},{"floor":28,"key":"Mango"},{"floor":41,"key":"Lantern"},{"floor":42,"key":"FossilizedHelix"},{"floor":42,"key":"Toxic Egg 2"},{"floor":43,"key":"Girya"},{"floor":44,"key":"Orichalcum"},{"floor":44,"key":"StrikeDummy"}],"event_choices":[{"damage_healed":0.0,"max_hp_gain":0.0,"max_hp_loss":0.0,"gold_gain":0.0,"event_name":"Scrap Ooze","player_choice":"Success","floor":2.0,"gold_loss":0.0,"damage_taken":25.0,"relics_obtained":["Bird Faced Urn"]},{"damage_healed":0.0,"max_hp_gain":0.0,"max_hp_loss":0.0,"gold_gain":0.0,"event_name":"Golden Idol","player_choice":"Take Damage","floor":4.0,"gold_loss":0.0,"damage_taken":17.0,"relics_obtained":["Golden Idol"]},{"damage_healed":0.0,"max_hp_gain":0.0,"max_hp_loss":0.0,"gold_gain":0.0,"event_name":"Liars Game","player_choice":"Ignored","floor":5.0,"gold_loss":0.0,"damage_taken":0.0},{"cards_removed":["Judgement"],"damage_healed":0.0,"max_hp_gain":0.0,"max_hp_loss":0.0,"gold_gain":0.0,"event_name":"WeMeetAgain","player_choice":"Gave Card","floor":11.0,"gold_loss":0.0,"damage_taken":0.0,"relics_obtained":["Bronze Scales"]},{"damage_healed":0,"gold_gain":0,"player_choice":"Ignored","damage_taken":0,"max_hp_gain":0,"max_hp_loss":0,"event_name":"Ghosts","floor":19,"gold_loss":0},{"damage_healed":0,"gold_gain":0,"player_choice":"Inject Mutagens","damage_taken":0,"relics_obtained":["MutagenicStrength"],"max_hp_gain":0,"max_hp_loss":0,"event_name":"Drug Dealer","floor":21,"gold_loss":0},{"damage_healed":0,"gold_gain":0,"player_choice":"Obtained Relic","damage_taken":0,"relics_obtained":["Unceasing Top"],"max_hp_gain":0,"max_hp_loss":0,"event_name":"Addict","floor":24,"gold_loss":85},{"damage_healed":0,"gold_gain":0,"player_choice":"Fought Bandits","damage_taken":0,"max_hp_gain":0,"max_hp_loss":0,"event_name":"Masked Bandits","floor":27,"gold_loss":0},{"damage_healed":0,"gold_gain":180,"player_choice":"GOLD GOLD ","damage_taken":19,"max_hp_gain":0,"max_hp_loss":0,"event_name":"Knowing Skull","floor":30,"potions_obtained":[],"gold_loss":0,"cards_obtained":[]},{"damage_healed":0,"gold_gain":0,"player_choice":"Max HP","damage_taken":0,"max_hp_gain":0,"max_hp_loss":2,"event_name":"Winding Halls","floor":37,"gold_loss":0},{"damage_healed":0,"gold_gain":333,"player_choice":"Gave Idol","damage_taken":0,"max_hp_gain":0,"max_hp_loss":0,"event_name":"The Moai Head","floor":48,"relics_lost":["Golden Idol"],"gold_loss":0}],"is_beta":false,"boss_relics":[{"not_picked":["VioletLotus","Snecko Eye"],"picked":"Black Star"},{"not_picked":["HolyWater","Runic Pyramid"],"picked":"Busted Crown"}],"items_purged_floors":[14,46,47],"is_endless":false,"potions_floor_spawned":[3,20,25,28,31,33,35,36,39,42,44],"ascension_level":0}}