{"host":"mfnyjbfkyfsz33u9","time":1610153373,"event":{"mods":["2.2 Compatiblity","BaseMod","Colored Powertips","Downfall","Marisa£¨Ùöéë¡¡Øª×âÞÞ£©","Minty Spire (QoL Compilation)","Rare Cards Sparkle","Replay The Spire","StSLib","SuperFastMode","The Cursed"],"gold_per_floor":[119,167,167,167,167,193,193,220,267,267,278,278,278,306,306,405,405,424,424,19,31,41,66,66,66,66,101,101,101,116,116,134,166,166,270,270,284,302,319,319,13,13,44,60,60,60,95,126,155,179,191,203,215,227,36,62,62,62],"floor_reached":57,"playtime":2799,"items_purged":["Strike_B","Wraith"],"score":968,"play_id":"d8ffb82e-b598-4669-8bd9-52702a50ef2d","local_time":"20210109094933","is_ascension_mode":true,"campfire_choices":[{"data":"Defend_B","floor":7.0,"key":"SMITH"},{"floor":12.0,"key":"REST"},{"data":"Echo Form","floor":15,"key":"SMITH"},{"data":"Buffer","floor":24,"key":"SMITH"},{"data":"Consume","floor":29,"key":"SMITH"},{"data":"Go for the Eyes","floor":31,"key":"SMITH"},{"data":"Defragment","floor":34,"key":"SMITH"},{"floor":42,"key":"RECALL"},{"data":"Barrage","floor":46,"key":"SMITH"},{"floor":51,"key":"REST"},{"data":"Dualcast","floor":54,"key":"SMITH"}],"circlet_count":0,"master_deck":["Strike_B","Defend_B+1","Defend_B","Defend_B","Zap+1","Dualcast+1","Consume+1","Self Repair","Sweeping Beam","Capacitor","Gash","Scrape+1","Echo Form+1","Redo+1","Tempest+1","Buffer+1","Glacier+1","RitualDagger+1","Steam+1","Go for the Eyes+1","ReplayTheSpireMod:System Scan+1","Pot Of Greed+1","Pot Of Greed+1","Double Energy+1","Barrage+1","Pot Of Greed+1","ReplaySolidLightProjector+1","Defragment+1","Amplify+1","Pot Of Greed+1","Transmutation+1","Chaos+1","BasicCrystalCard+1","Hologram+1","expansioncontent:Corrupt+1","Compile Driver"],"relics":["Cracked Core","Bottled Lightning","Toxic Egg 2","Oddly Smooth Stone","Centennial Puzzle","FaceOfCleric","Regal Pillow","Inserter","Replay:Bottled Flurry","Pear","Grinning Jar","White Beast Statue","Gremlin Food","Busted Crown","ReplayFunnel","MawBank","ReplayTheSpireMod:CursedCoin","Ornamental Fan"],"acts_visited":["Exordium","TheCity","TheBeyond","TheEnding"],"potions_floor_usage":[23,30,32,33,35,35,38,43,44,47,48,49,50,52,56,56,57,57],"damage_taken":[{"damage":1.0,"enemies":"Cultist","floor":1.0,"turns":4.0},{"damage":25.0,"enemies":"Gremlin Nob","floor":6.0,"turns":4.0},{"damage":5.0,"enemies":"Jaw Worm","floor":11.0,"turns":3.0},{"damage":12,"enemies":"Lagavulin","floor":14,"turns":6},{"damage":10,"enemies":"The Guardian","floor":16,"turns":6},{"damage":10,"enemies":"Spheric Guardian","floor":18,"turns":4},{"damage":10,"enemies":"3 Byrds","floor":21,"turns":5},{"damage":15,"enemies":"Shelled Parasite and Fungi","floor":22,"turns":7},{"damage":2,"enemies":"Replay:Snechameleon","floor":23,"turns":9},{"damage":8,"enemies":"Book of Stabbing","floor":27,"turns":8},{"damage":12,"enemies":"Snake Plant","floor":30,"turns":4},{"damage":0,"enemies":"Centurion and Healer","floor":32,"turns":5},{"damage":9,"enemies":"Gremlin Leader","floor":33,"turns":6},{"damage":9,"enemies":"Pondfish","floor":35,"turns":11},{"damage":9,"enemies":"3 Shapes","floor":37,"turns":4},{"damage":18,"enemies":"3 Darklings","floor":38,"turns":7},{"damage":15,"enemies":"Transient","floor":39,"turns":5},{"damage":7,"enemies":"R_Hoarder","floor":43,"turns":9},{"damage":17,"enemies":"4 Shapes","floor":44,"turns":3},{"damage":0,"enemies":"Giant Head","floor":47,"turns":8},{"damage":15,"enemies":"Writhing Mass","floor":48,"turns":7},{"damage":25,"enemies":"Maw","floor":49,"turns":6},{"damage":5,"enemies":"3 Darklings","floor":50,"turns":4},{"damage":47,"enemies":"Replay:Hell Engine","floor":52,"turns":10},{"damage":27,"enemies":"Shield and Spear","floor":56,"turns":7},{"damage":102,"enemies":"The Heart","floor":57,"turns":14}],"seed_played":"6531580521109453538","potions_obtained":[{"floor":6.0,"key":"Fire Potion"},{"floor":11.0,"key":"Guardian:BlockOnCardUsePotion"},{"floor":21,"key":"Death Potion"},{"floor":23,"key":"Flashbang"},{"floor":30,"key":"SkillPotion"},{"floor":32,"key":"sneckomod:MuddlingPotion"},{"floor":33,"key":"Weak Potion"},{"floor":35,"key":"Fruit Juice"},{"floor":37,"key":"Weak Potion"},{"floor":38,"key":"Slimebound:ThreeZeroPotion"},{"floor":39,"key":"Guardian:BlockOnCardUsePotion"},{"floor":43,"key":"SpeedPotion"},{"floor":44,"key":"DistilledChaos"},{"floor":47,"key":"Adrenaline Potion"},{"floor":48,"key":"Block Potion"},{"floor":49,"key":"PotionOfCapacity"},{"floor":50,"key":"ColorlessPotion"},{"floor":56,"key":"Languid Potion"}],"is_trial":false,"path_per_floor":["M","?","?","?","?","E","R","T","T","?","M","R","?","E","R","B",null,"M","?","$","M","M","E","R","PTL","PTL","E","T","R","M","R","M","E","R","B",null,"M","M","M","?","$","R","E","M","T","R","E","M","M","M","R","B",null,"R","$","E","B"],"character_chosen":"DEFECT","items_purchased":["Replay:Bottled Flurry","Steam+1","Go for the Eyes","Explosive Potion","Transmutation+1","Chaos+1","ReplayTheSpireMod:CursedCoin","ColorlessPotion","expansioncontent:Corrupt+1","Compile Driver"],"campfire_rested":2,"item_purchase_floors":[20,20,20,20,41,41,55,55,55,55],"current_hp_per_floor":[60,42,42,42,42,24,24,24,24,24,27,49,49,52,52,43,78,79,73,73,71,71,92,92,92,92,92,92,92,88,88,95,94,94,98,102,103,100,93,93,93,93,94,78,78,78,86,72,62,58,106,70,112,112,112,93,0,0],"gold":62,"neow_bonus":"TRANSFORM_TWO_CARDS","is_daily":false,"chose_seed":false,"campfire_upgraded":8,"win_rate":0.0,"timestamp":1610153373,"path_taken":["M","?","?","?","?","E","R","?","T","?","?","R","?","E","R","BOSS","M","?","$","M","M","E","R","PTL","PTL","E","T","R","M","R","M","E","R","BOSS","M","M","M","?","$","R","E","M","T","R","E","?","M","M","R","BOSS","R","$","E","BOSS"],"items_purchased_type":["Relic","Card","Card","Potion","Card","Card","Relic","Potion","Card","Card"],"build_version":"2020-12-22","purchased_purges":2,"victory":false,"max_hp_per_floor":[75,75,75,75,75,75,75,75,75,75,76,76,76,77,77,78,78,79,79,79,80,81,92,92,92,92,93,93,93,94,94,95,96,96,102,102,103,104,105,105,105,105,106,107,107,107,108,109,110,111,111,112,112,112,112,113,113,113],"card_choices":[{"not_picked":["ReplayTheSpireMod:System Scan","Heatsinks"],"picked":"Sweeping Beam","floor":1.0},{"not_picked":["Barrage","Thunder Strike"],"picked":"Capacitor","floor":2.0},{"not_picked":["Streamline","Panic Button"],"picked":"Gash","floor":2.0},{"not_picked":["Streamline","Consume+1"],"picked":"Echo Form","floor":6.0},{"not_picked":["Barrage","Leap+1"],"picked":"Redo+1","floor":11.0},{"not_picked":["Cold Snap","Rip and Tear"],"picked":"Tempest+1","floor":14},{"not_picked":["Biased Cognition","Machine Learning"],"picked":"Buffer","floor":16},{"not_picked":["Rip and Tear","FIFO Queue+1"],"picked":"Glacier+1","floor":18},{"not_picked":["Beam Cell","Panic Button+1","Stack+1"],"picked":"SKIP","floor":21},{"not_picked":["Panic Button+1","Ball Lightning","BasicCrystalCard+1"],"picked":"SKIP","floor":22},{"not_picked":["Beam Cell","Streamline"],"picked":"ReplayTheSpireMod:System Scan+1","floor":23},{"not_picked":["Beam Cell","Coolheaded+1"],"picked":"Double Energy+1","floor":27},{"not_picked":["ReplayTheSpireMod:Omega Cannon","Compile Driver"],"picked":"Barrage","floor":30},{"not_picked":["Leap+1","Heatsinks"],"picked":"ReplaySolidLightProjector+1","floor":32},{"not_picked":["Steam+1","Compile Driver+1"],"picked":"Defragment","floor":33},{"not_picked":["Rainbow+1","Electrodynamics"],"picked":"Amplify+1","floor":35},{"not_picked":["Stack+1"],"picked":"SKIP","floor":37},{"not_picked":["ReplaySolidLightProjector+1"],"picked":"SKIP","floor":38},{"not_picked":["Leap+1"],"picked":"SKIP","floor":39},{"not_picked":[],"picked":"BasicCrystalCard+1","floor":43},{"not_picked":["Static Discharge+1"],"picked":"SKIP","floor":44},{"not_picked":["Rip and Tear"],"picked":"SKIP","floor":47},{"not_picked":["Ball Lightning+1"],"picked":"SKIP","floor":48},{"not_picked":["Leap+1"],"picked":"SKIP","floor":49},{"not_picked":["Hologram+1"],"picked":"SKIP","floor":50},{"not_picked":[],"picked":"Hologram+1","floor":50},{"not_picked":["BasicCrystalCard+1"],"picked":"SKIP","floor":56}],"player_experience":25119,"relics_obtained":[{"floor":2.0,"key":"Bottled Lightning"},{"floor":6.0,"key":"Toxic Egg 2"},{"floor":8.0,"key":"Oddly Smooth Stone"},{"floor":9.0,"key":"Centennial Puzzle"},{"floor":14,"key":"Regal Pillow"},{"floor":23,"key":"Pear"},{"floor":27,"key":"Grinning Jar"},{"floor":28,"key":"White Beast Statue"},{"floor":33,"key":"Gremlin Food"},{"floor":43,"key":"ReplayFunnel"},{"floor":47,"key":"MawBank"},{"floor":56,"key":"Ornamental Fan"}],"event_choices":[{"damage_healed":0.0,"max_hp_gain":0.0,"max_hp_loss":0.0,"gold_gain":0.0,"event_name":"Living Wall","player_choice":"Grow","floor":3.0,"gold_loss":0.0,"damage_taken":0.0,"cards_upgraded":["Zap"]},{"damage_healed":0.0,"max_hp_gain":0.0,"max_hp_loss":0.0,"gold_gain":0.0,"event_name":"Liars Game","player_choice":"Ignored","floor":5.0,"gold_loss":0.0,"damage_taken":0.0},{"damage_healed":0.0,"max_hp_gain":0.0,"max_hp_loss":0.0,"gold_gain":0.0,"event_name":"FaceTrader","player_choice":"Trade","floor":10.0,"gold_loss":0.0,"damage_taken":0.0,"relics_obtained":["FaceOfCleric"]},{"damage_healed":0,"gold_gain":0,"player_choice":"Joined the Cult","damage_taken":6,"max_hp_gain":0,"max_hp_loss":0,"event_name":"Nest","floor":19,"gold_loss":0,"cards_obtained":["RitualDagger"]},{"damage_healed":0,"gold_gain":0,"player_choice":"Copied","damage_taken":0,"max_hp_gain":0,"max_hp_loss":0,"event_name":"Duplicator","floor":40,"gold_loss":0,"cards_obtained":["Pot Of Greed"]}],"is_beta":false,"boss_relics":[{"not_picked":["Empty Cage","FrozenCore"],"picked":"Inserter"},{"not_picked":["Abe\u0027s Treasure","Velvet Choker"],"picked":"Busted Crown"}],"items_purged_floors":[41,55],"is_endless":false,"potions_floor_spawned":[6,11,21,22,23,30,32,33,35,37,38,39,43,44,47,48,49,50,56],"killed_by":"The Heart","ascension_level":1}}