{"host":"egwexuw5uvnxf11j","time":1610164000,"event":{"mods":["2.2 Compatiblity","Aspiration","BaseMod","Better Altar","Better Note","Better Sensory Stone","Better Third Choice","Displayed Cursed Tome","Downfall","Hermit","Key Reminder","Koishi","Marisa????????","Minty Spire (QoL Compilation)","Quick Restart","Shade Mod","Spicy Shops","StSLib","The Construct","The Cursed","The Hierophant","The Runesmith","The Senshi","The Servant 0.9.4","Transform Curses"],"gold_per_floor":[111,6,6,24,42,71,83,83,83,83,83,101,127,142,142,238,288,298,308,7,7,26,26,38,48,48,67,97,10,10,29,29,125,125,144,155,5,22,38,38,38,38,38,38,56,19,19,36,36,36,36],"floor_reached":50,"playtime":2658,"items_purged":[],"score":663,"play_id":"6259476b-9215-47d3-bca8-e1ea4589d821","local_time":"20210108224640","is_ascension_mode":true,"campfire_choices":[{"floor":8,"key":"REST"},{"floor":10,"key":"REST"},{"floor":15,"key":"REST"},{"floor":23,"key":"REST"},{"floor":30,"key":"REST"},{"floor":32,"key":"REST"},{"floor":41,"key":"REST"},{"floor":44,"key":"REST"},{"floor":47,"key":"RECALL"},{"floor":49,"key":"REST"}],"circlet_count":0,"master_deck":["Strike_B","Strike_B","Defend_B","Defend_B","Defend_B","Zap","Dualcast","Sunder","Conserve Battery","Gash+1","Ball Lightning+1","Tempest","Barrage+1","Melter+1","Scrape+1","Go for the Eyes+1","Fusion","Echo Form+1","Beam Cell+1","Gash+1","Go for the Eyes+1","Loop","Conserve Battery","Coolheaded","FTL+1","Scrape+1","Redo+1","Cold Snap+1","Hologram","Streamline+1","Reboot","Thunder Strike+1","Creative AI+1","Seek+1","Fusion+1","Scrape+1","Streamline+1","Turbo","aspiration:Polymerization+1","Parasite","Sweeping Beam+1","Static Discharge","Capacitor"],"relics":["Cracked Core","Molten Egg 2","CaptainsWheel","theSenshi:SailorFukuRelic","HornCleat","Tiny House","Membership Card","StoneCalendar","Strawberry","Astrolabe","theSenshi:SuperSailorFukuRelic","aspiration:StickyExplosives_weak"],"acts_visited":["Exordium","TheCity","TheBeyond"],"potions_floor_usage":[12,16,24,25,33,33,40,50,50,50],"damage_taken":[{"damage":0,"enemies":"Small Slimes","floor":1,"turns":2},{"damage":9,"enemies":"Jaw Worm","floor":4,"turns":3},{"damage":1,"enemies":"Cultist","floor":5,"turns":3},{"damage":33,"enemies":"Gremlin Nob","floor":6,"turns":4},{"damage":21,"enemies":"Lots of Slimes","floor":7,"turns":4},{"damage":5,"enemies":"Large Slime","floor":12,"turns":5},{"damage":15,"enemies":"Lagavulin","floor":13,"turns":6},{"damage":10,"enemies":"Gremlin Gang","floor":14,"turns":3},{"damage":18,"enemies":"Slime Boss","floor":16,"turns":8},{"damage":4,"enemies":"Spheric Guardian","floor":18,"turns":4},{"damage":1,"enemies":"3 Byrds","floor":19,"turns":4},{"damage":17,"enemies":"Shelled Parasite and Fungi","floor":22,"turns":5},{"damage":19,"enemies":"Centurion and Healer","floor":24,"turns":6},{"damage":13,"enemies":"3 Cultists","floor":25,"turns":5},{"damage":10,"enemies":"Snake Plant","floor":27,"turns":4},{"damage":19,"enemies":"Book of Stabbing","floor":28,"turns":5},{"damage":28,"enemies":"Snecko","floor":31,"turns":6},{"damage":59,"enemies":"Automaton","floor":33,"turns":8},{"damage":31,"enemies":"3 Darklings","floor":35,"turns":5},{"damage":0,"enemies":"3 Shapes","floor":36,"turns":4},{"damage":18,"enemies":"Maw","floor":38,"turns":7},{"damage":42,"enemies":"Writhing Mass","floor":39,"turns":6},{"damage":0,"enemies":"Giant Head","floor":40,"turns":5},{"damage":4,"enemies":"Spire Growth","floor":45,"turns":4},{"damage":22,"enemies":"Jaw Worm Horde","floor":48,"turns":3},{"damage":69,"enemies":"Time Eater","floor":50,"turns":8}],"seed_played":"1394807501718284666","potions_obtained":[{"floor":6,"key":"Dexterity Potion"},{"floor":7,"key":"sneckomod:MuddlingPotion"},{"floor":12,"key":"SpeedPotion"},{"floor":13,"key":"Explosive Potion"},{"floor":14,"key":"SkillPotion"},{"floor":17,"key":"Ancient Potion"},{"floor":24,"key":"Fire Potion"},{"floor":25,"key":"sneckomod:MuddlingPotion"},{"floor":27,"key":"SteroidPotion"},{"floor":35,"key":"EssenceOfDarkness"},{"floor":36,"key":"SmokeBomb"},{"floor":45,"key":"FearPotion"}],"is_trial":false,"path_per_floor":["M","$","?","M","M","E","M","R","T","R","?","M","E","M","R","B",null,"M","M","$","?","M","R","M","M","T","M","E","$","R","M","R","B",null,"M","M","$","M","M","E","R","?","T","R","M","$","R","M","R","B"],"character_chosen":"DEFECT","items_purchased":["Conserve Battery","Gash","Membership Card","Loop","Conserve Battery","Streamline+1","Strawberry","theSenshi:SuperSailorFukuRelic","Turbo","Static Discharge"],"campfire_rested":9,"item_purchase_floors":[2,2,20,20,20,29,29,37,37,46],"current_hp_per_floor":[82,82,82,73,72,39,18,42,42,66,82,77,62,52,76,58,87,83,82,82,82,65,87,68,55,55,45,26,33,61,33,61,2,94,63,63,63,45,3,3,31,31,31,59,55,55,55,33,61,0,0],"gold":36,"neow_bonus":"TEN_PERCENT_HP_BONUS","is_daily":false,"chose_seed":false,"campfire_upgraded":0,"win_rate":0.0,"timestamp":1610164000,"path_taken":["M","$","?","M","M","E","M","R","T","R","?","M","E","M","R","BOSS","M","M","$","?","M","R","M","M","T","M","E","?","R","M","R","BOSS","M","M","?","?","M","E","R","?","T","R","?","?","R","M","R","BOSS"],"items_purchased_type":["Card","Card","Relic","Card","Card","Card","Relic","Relic","Card","Card"],"build_version":"2020-12-22","purchased_purges":0,"victory":false,"max_hp_per_floor":[82,82,82,82,82,82,82,82,82,82,82,82,82,82,82,82,87,87,87,87,87,87,87,87,87,87,87,87,94,94,94,94,94,94,94,94,94,94,94,94,94,94,94,94,94,94,94,94,94,94,94],"card_choices":[{"not_picked":["Barrage","Scrape"],"picked":"Sunder","floor":1},{"not_picked":["Rebound+1","Stack"],"picked":"Ball Lightning+1","floor":4},{"not_picked":["Skim","Steam"],"picked":"Tempest","floor":5},{"not_picked":["Conserve Battery","Double Energy"],"picked":"Barrage+1","floor":6},{"not_picked":["Recycle","Barrage+1"],"picked":"Melter+1","floor":7},{"not_picked":["Stack","Loop"],"picked":"Scrape+1","floor":12},{"not_picked":["Streamline+1","Cold Snap+1"],"picked":"Go for the Eyes+1","floor":13},{"not_picked":["Steam","Compile Driver+1"],"picked":"Fusion","floor":14},{"not_picked":["Fission","Biased Cognition"],"picked":"Echo Form","floor":16},{"not_picked":["Steam","Redo"],"picked":"Beam Cell+1","floor":17},{"not_picked":["Fusion+1","Hologram"],"picked":"Gash+1","floor":18},{"not_picked":["Rebound+1","Ball Lightning+1"],"picked":"Go for the Eyes+1","floor":19},{"not_picked":["Core Surge+1","Rip and Tear+1"],"picked":"FTL+1","floor":22},{"not_picked":["Turbo","Auto Shields"],"picked":"Scrape+1","floor":24},{"not_picked":["Conserve Battery","Recycle"],"picked":"Redo+1","floor":25},{"not_picked":["Stack+1","BootSequence"],"picked":"Cold Snap+1","floor":27},{"not_picked":["Reinforced Body","Force Field"],"picked":"Hologram","floor":28},{"not_picked":["Genetic Algorithm","Sunder+1"],"picked":"Reboot","floor":31},{"not_picked":["Amplify","Buffer"],"picked":"Thunder Strike+1","floor":33},{"not_picked":["Conserve Battery+1","Barrage+1"],"picked":"Scrape+1","floor":35},{"not_picked":["Leap","Rebound+1"],"picked":"Streamline+1","floor":36},{"not_picked":["Steam","Machine Learning"],"picked":"aspiration:Polymerization+1","floor":38},{"not_picked":["Stack+1","Steam"],"picked":"Sweeping Beam+1","floor":39},{"not_picked":["Conserve Battery","Hologram","Coolheaded+1"],"picked":"SKIP","floor":45},{"not_picked":["Glacier+1","Sunder+1"],"picked":"Capacitor","floor":48}],"player_experience":2170643,"relics_obtained":[{"floor":6,"key":"CaptainsWheel"},{"floor":9,"key":"theSenshi:SailorFukuRelic"},{"floor":13,"key":"HornCleat"},{"floor":28,"key":"StoneCalendar"},{"floor":43,"key":"aspiration:StickyExplosives_weak"}],"event_choices":[{"damage_healed":27,"gold_gain":0,"player_choice":"Banana","damage_taken":0,"max_hp_gain":0,"max_hp_loss":0,"event_name":"Big Fish","floor":11,"gold_loss":0},{"damage_healed":0,"gold_gain":0,"cards_transformed":["Injury"],"player_choice":"Transformed","damage_taken":0,"max_hp_gain":0,"max_hp_loss":0,"event_name":"Transmorgrifier","floor":21,"gold_loss":0,"cards_obtained":["Coolheaded"]},{"damage_healed":0,"gold_gain":0,"player_choice":"Upgraded","damage_taken":0,"max_hp_gain":0,"max_hp_loss":0,"event_name":"Upgrade Shrine","floor":42,"gold_loss":0,"cards_upgraded":["Gash"]}],"is_beta":false,"boss_relics":[{"not_picked":["Philosopher\u0027s Stone","Ectoplasm"],"picked":"Tiny House"},{"not_picked":["aspiration:PoetsPen_weak","Busted Crown"],"picked":"Astrolabe"}],"items_purged_floors":[],"is_endless":false,"potions_floor_spawned":[6,7,12,13,14,24,25,27,35,36,45,48],"killed_by":"Time Eater","ascension_level":3}}