{"host":"ta9mufxydm4vkknf","time":1610221076,"event":{"mods":["AchievementEnabler","BaseMod","Minty Spire (QoL Compilation)","Quick Restart"],"gold_per_floor":[116,116,116,116,216,242,242,273,321,321,338,367,378,397,397,397,397],"floor_reached":16,"playtime":594,"items_purged":[],"score":130,"play_id":"078e5c4c-8816-413c-badd-16fe0e52d2c1","local_time":"20210109203756","is_ascension_mode":true,"campfire_choices":[{"floor":7,"key":"REST"},{"floor":10,"key":"REST"},{"floor":15,"key":"REST"}],"circlet_count":0,"master_deck":["Strike_G","Strike_G","Strike_G","Strike_G","Defend_G","Defend_G","Defend_G","Defend_G","Survivor","Neutralize","Bane","Poisoned Stab","Cloak And Dagger","Crippling Poison","Quick Slash","Backflip","Slice"],"relics":["Fusion Hammer","Question Card","Snake Skull","MealTicket","Singing Bowl"],"acts_visited":["Exordium"],"potions_floor_usage":[8,16],"damage_taken":[{"damage":3,"enemies":"2 Louse","floor":1,"turns":3},{"damage":38,"enemies":"Lagavulin","floor":6,"turns":12},{"damage":27,"enemies":"3 Sentries","floor":8,"turns":11},{"damage":0,"enemies":"Jaw Worm","floor":11,"turns":4},{"damage":10,"enemies":"Lagavulin","floor":12,"turns":6},{"damage":0,"enemies":"Small Slimes","floor":13,"turns":2},{"damage":17,"enemies":"Exordium Thugs","floor":14,"turns":5},{"damage":42,"enemies":"Slime Boss","floor":16,"turns":12}],"seed_played":"-6997103256322987020","potions_obtained":[{"floor":6,"key":"LiquidMemories"},{"floor":11,"key":"LiquidBronze"},{"floor":14,"key":"GhostInAJar"}],"is_trial":false,"path_per_floor":["M","?","?","?","?","E","R","E","T","R","M","E","M","M","R","B"],"character_chosen":"THE_SILENT","items_purchased":[],"campfire_rested":3,"item_purchase_floors":[],"current_hp_per_floor":[67,60,60,65,65,27,49,22,22,44,44,34,34,17,39,0,0],"gold":397,"neow_bonus":"BOSS_RELIC","is_daily":false,"chose_seed":false,"campfire_upgraded":0,"win_rate":0.0,"timestamp":1610221076,"path_taken":["M","?","?","?","?","E","R","E","T","R","?","E","M","M","R","BOSS"],"items_purchased_type":[],"build_version":"2020-12-22","purchased_purges":0,"victory":false,"max_hp_per_floor":[70,70,70,75,75,75,75,75,75,75,75,75,75,75,75,75,75],"card_choices":[{"not_picked":["PiercingWail","Riddle With Holes"],"picked":"Bane","floor":1},{"not_picked":["Outmaneuver","Deadly Poison"],"picked":"Poisoned Stab","floor":6},{"not_picked":["Dagger Spray","Quick Slash","Outmaneuver"],"picked":"Cloak And Dagger","floor":8},{"not_picked":["Outmaneuver","Noxious Fumes","Flying Knee"],"picked":"Crippling Poison","floor":11},{"not_picked":["Prepared","Backflip","Concentrate"],"picked":"Quick Slash","floor":12},{"not_picked":["Setup","PiercingWail","Heel Hook"],"picked":"Backflip","floor":13},{"not_picked":["Blade Dance","Underhanded Strike","Dodge and Roll"],"picked":"Slice","floor":14}],"player_experience":262837,"relics_obtained":[{"floor":6,"key":"Question Card"},{"floor":8,"key":"Snake Skull"},{"floor":9,"key":"MealTicket"},{"floor":12,"key":"Singing Bowl"}],"event_choices":[{"cards_removed":["Strike_G"],"damage_healed":0,"gold_gain":0,"player_choice":"Card Removal","damage_taken":7,"max_hp_gain":0,"max_hp_loss":0,"event_name":"Golden Wing","floor":2,"gold_loss":0},{"cards_removed":["Defend_G"],"damage_healed":0,"gold_gain":0,"player_choice":"Forget","damage_taken":0,"max_hp_gain":0,"max_hp_loss":0,"event_name":"Living Wall","floor":3,"gold_loss":0},{"damage_healed":0,"gold_gain":0,"player_choice":"Donut","damage_taken":0,"max_hp_gain":5,"max_hp_loss":0,"event_name":"Big Fish","floor":4,"gold_loss":0},{"damage_healed":0,"gold_gain":100,"player_choice":"Pray","damage_taken":0,"max_hp_gain":0,"max_hp_loss":0,"event_name":"Golden Shrine","floor":5,"gold_loss":0}],"is_beta":false,"boss_relics":[],"items_purged_floors":[],"is_endless":false,"potions_floor_spawned":[6,11,14],"killed_by":"Slime Boss","ascension_level":2}}