{"host":"474oh00kq6ni8dn3","time":1610215161,"event":{"mods":["AchievementEnabler","Aspiration","BaseMod","Bestiary","Colored Map","Colored Powertips","Conspire","Custom Start","Defuse TimeMaze Blight","Downfall","Duelist Mod","GifTheSpireLib","Googly Eyes","GungeonMod","Halation","Hubris","Infinite Spire","Jedi Mod","Minty Spire (QoL Compilation)","Permanent Neow","Quick Restart","Random Character Button","Replay The Spire","Shop Mod","StSLib","Stuff the Spire","The Construct","The Factory","The Jungle","Trackpad","Unceasing Turn Reminder","vexMod"],"gold_per_floor":[138,151,162,162,172,172,204,484,529,575,610,610,610,667,667,790,790,836,848,848],"floor_reached":19,"playtime":2652,"items_purged":[],"score":287,"play_id":"54df440c-2316-46a8-af02-f3484a7ceafe","local_time":"20210109175921","is_ascension_mode":false,"campfire_choices":[{"data":"theDuelist:ImperialCustom","floor":6.0,"key":"SMITH"},{"data":"theDuelist:CannonballSpearShellfish","floor":13.0,"key":"SMITH"},{"data":"theDuelist:ImperialCustom","floor":15.0,"key":"SMITH"}],"circlet_count":0,"master_deck":["theDuelist:SevenColoredFish","theDuelist:SevenColoredFish","theDuelist:AquaSpirit","theDuelist:CastleWalls","theDuelist:CastleWalls","theDuelist:IslandTurtle","theDuelist:IslandTurtle","theDuelist:RevivalJam","theDuelist:Sparks","theDuelist:Sparks","theDuelist:ImperialCustom+1","theDuelist:AquaSpirit","theDuelist:ImperialCustom+1","theDuelist:CannonballSpearShellfish+1","theDuelist:ImperialCustom","theDuelist:RageDeepSea","theDuelist:ColdEnchanter"],"relics":["theDuelist:MillenniumPuzzle","aspiration:DSix","HornCleat","Replay:Bandana","MerchantsRug","Oddly Smooth Stone","conspire:Boomerang","halation:PinkSoulGem","conspire:TopHat","hubris:Backtick","StuffTheSpire:Expresso"],"acts_visited":["Exordium","Exordium"],"potions_floor_usage":[],"damage_taken":[{"damage":0.0,"enemies":"Cultist","floor":1.0,"turns":4.0},{"damage":0.0,"enemies":"Jaw Worm","floor":2.0,"turns":3.0},{"damage":0.0,"enemies":"Small Slimes","floor":3.0,"turns":4.0},{"damage":3.0,"enemies":"Exordium Wildlife","floor":5.0,"turns":9.0},{"damage":27.0,"enemies":"Gremlin Nob","floor":7.0,"turns":6.0},{"damage":0.0,"enemies":"3 Louse","floor":9.0,"turns":9.0},{"damage":7.0,"enemies":"3 Louse","floor":10.0,"turns":3.0},{"damage":0.0,"enemies":"3 Sentries","floor":11.0,"turns":14.0},{"damage":0.0,"enemies":"Lagavulin","floor":14.0,"turns":6.0},{"damage":0.0,"enemies":"Fading Forest","floor":16.0,"turns":11.0},{"damage":0,"enemies":"theJungle:5_Spyders","floor":18,"turns":9},{"damage":100,"enemies":"theJungle:5_Spyders","floor":19,"turns":10}],"seed_played":"1592326083134457331","potions_obtained":[{"floor":1.0,"key":"theDuelist:SummonArmorPotion"},{"floor":2.0,"key":"theDuelist:TokenPotion"},{"floor":3.0,"key":"theDuelist:BottledKuriboh"}],"is_trial":false,"path_per_floor":["M","M","M","?","M","R","E","$","T","M","E","?","R","E","R","B",null,"M","?"],"character_chosen":"THE_DUELIST","items_purchased":["MerchantsRug","theDuelist:ImperialCustom","theDuelist:CannonballSpearShellfish"],"campfire_rested":0,"item_purchase_floors":[8,8,8],"current_hp_per_floor":[80,80,80,80,77,77,50,50,50,43,43,43,43,43,43,43,80,80,0,0],"gold":848,"neow_bonus":"DSIX","is_daily":false,"chose_seed":false,"campfire_upgraded":3,"win_rate":0.0,"timestamp":1610215161,"path_taken":["M","M","?","?","M","R","E","$","T","M","E","?","R","E","R","BOSS","BOSS","M","?"],"items_purchased_type":["Relic","Card","Card"],"build_version":"2020-12-22","purchased_purges":0,"victory":false,"max_hp_per_floor":[80,80,80,80,80,80,80,80,80,80,80,80,80,80,80,80,80,80,80,80],"card_choices":[{"not_picked":["theDuelist:Dorover"],"picked":"SKIP","floor":1.0},{"not_picked":["theDuelist:ArmoredStarfish"],"picked":"SKIP","floor":2.0},{"not_picked":[],"picked":"theDuelist:ImperialCustom","floor":3.0},{"not_picked":[],"picked":"theDuelist:AquaSpirit","floor":5.0},{"not_picked":["theDuelist:ColdEnchanter"],"picked":"SKIP","floor":7.0},{"not_picked":["theDuelist:ColdEnchanter"],"picked":"SKIP","floor":7.0},{"not_picked":[],"picked":"theDuelist:ImperialCustom","floor":9.0},{"not_picked":["theDuelist:BlizzardDefender"],"picked":"SKIP","floor":10.0},{"not_picked":["theDuelist:GishkiAriel"],"picked":"SKIP","floor":11.0},{"not_picked":[],"picked":"theDuelist:RageDeepSea","floor":14.0},{"not_picked":[],"picked":"theDuelist:ColdEnchanter","floor":16},{"not_picked":["theDuelist:CatShark"],"picked":"SKIP","floor":18}],"player_experience":107696,"relics_obtained":[{"floor":4.0,"key":"HornCleat"},{"floor":7.0,"key":"Replay:Bandana"},{"floor":9.0,"key":"Oddly Smooth Stone"},{"floor":11.0,"key":"conspire:Boomerang"},{"floor":14.0,"key":"conspire:TopHat"}],"event_choices":[{"damage_healed":0,"gold_gain":0,"player_choice":"Fight","duelist":true,"damage_taken":0,"max_hp_gain":0,"max_hp_loss":0,"event_name":"Battle City","floor":19,"gold_loss":0}],"is_beta":false,"boss_relics":[{"not_picked":["HoveringKite","theDuelist:MillenniumKey"],"picked":"hubris:Backtick"}],"items_purged_floors":[],"is_endless":false,"potions_floor_spawned":[1,2,3,5,10,14,16],"killed_by":"theJungle:5_Spyders","ascension_level":0}}