{"host":"u0qetpmu4y58k1tf","time":1610189243,"event":{"mods":["AchievementEnabler","BaseMod","Colored Map","Colored Powertips","Hermit","Marisa£¨Ùöéë¡¡Øª×âÞÞ£©","Minty Spire (QoL Compilation)","Replay The Spire","StSLib","SuperFastMode","The Bug Knight","The Cursed","The Hierophant","The Runesmith"],"gold_per_floor":[109,184,184,134,59,90,90,118,118,143,198,198,212,225,225,225,225],"floor_reached":16,"playtime":667,"items_purged":["Strike_B"],"score":122,"play_id":"9fe5bd4e-3904-4044-a386-62f04c98df26","local_time":"20210109194723","is_ascension_mode":true,"campfire_choices":[{"data":"Zap","floor":7,"key":"SMITH"}],"circlet_count":0,"master_deck":["Strike_B","Strike_B","Defend_B","Defend_B","Defend_B","Zap+1","Dualcast","Streamline","Tempest+1","Rebound","Chill","Beam Cell","Injury","Gash","Steam+1"],"relics":["Cracked Core","TungstenRod","HollowMod:LifeEnderRelic","Bag of Marbles","HornCleat","PreservedInsect","Peace Pipe","Golden Idol"],"acts_visited":["Exordium"],"potions_floor_usage":[6],"damage_taken":[{"damage":0,"enemies":"Cultist","floor":1,"turns":3},{"damage":4,"enemies":"Replay:BlueRogue","floor":6,"turns":5},{"damage":7,"enemies":"Gremlin Nob","floor":8,"turns":3},{"damage":6,"enemies":"3 Sentries","floor":10,"turns":5},{"damage":0,"enemies":"3 Sentries","floor":11,"turns":4},{"damage":0,"enemies":"2 Louse","floor":13,"turns":1},{"damage":0,"enemies":"Small Slimes","floor":14,"turns":2},{"damage":74,"enemies":"Fading Forest","floor":16,"turns":9}],"seed_played":"-2982470909347294641","potions_obtained":[{"floor":1,"key":"SkillPotion"},{"floor":11,"key":"Energy Potion"}],"is_trial":false,"path_per_floor":["M","?","?","?","$","E","R","E","T","E","?","?","M","M","R_BF","B"],"character_chosen":"DEFECT","items_purchased":[],"campfire_rested":0,"item_purchase_floors":[],"current_hp_per_floor":[54,44,44,44,44,40,40,33,33,27,27,27,27,27,49,0,0],"gold":225,"neow_bonus":"ONE_RARE_RELIC","is_daily":false,"chose_seed":false,"campfire_upgraded":1,"win_rate":0.0,"timestamp":1610189243,"path_taken":["M","?","?","?","$","E","R","E","T","E","?","?","M","M","R_BF","BOSS"],"items_purchased_type":[],"build_version":"2020-12-22","purchased_purges":1,"victory":false,"max_hp_per_floor":[75,75,75,75,75,75,75,75,75,75,75,75,75,75,75,75,75],"card_choices":[{"not_picked":["FIFO Queue","Beam Cell"],"picked":"Streamline","floor":1},{"not_picked":["Auto Shields","Panic Button"],"picked":"Rebound","floor":6},{"not_picked":["Storm","Panic Button","Meteor Strike"],"picked":"SKIP","floor":8},{"not_picked":["BasicCrystalCard","Time Bomb"],"picked":"Chill","floor":10},{"not_picked":["Darkness","Melter"],"picked":"Beam Cell","floor":11},{"not_picked":["Hello World","ReplaySort"],"picked":"Gash","floor":13},{"not_picked":["Compile Driver","Hologram"],"picked":"Steam","floor":14}],"player_experience":37840,"relics_obtained":[{"floor":6,"key":"HollowMod:LifeEnderRelic"},{"floor":8,"key":"Bag of Marbles"},{"floor":9,"key":"HornCleat"},{"floor":10,"key":"PreservedInsect"},{"floor":11,"key":"Peace Pipe"}],"event_choices":[{"damage_healed":0,"gold_gain":75,"player_choice":"Gather Gold","damage_taken":11,"max_hp_gain":0,"max_hp_loss":0,"event_name":"World of Goop","floor":2,"gold_loss":0},{"cards_removed":["Defend_B"],"damage_healed":0,"gold_gain":0,"player_choice":"Card Removal","damage_taken":0,"max_hp_gain":0,"max_hp_loss":0,"event_name":"The Cleric","floor":4,"gold_loss":50},{"damage_healed":0,"gold_gain":30,"player_choice":"Searched \u00272\u0027 times","damage_taken":0,"max_hp_gain":0,"max_hp_loss":0,"event_name":"Dead Adventurer","floor":11,"gold_loss":0},{"damage_healed":0,"gold_gain":0,"player_choice":"Take Wound","damage_taken":0,"relics_obtained":["Golden Idol"],"max_hp_gain":0,"max_hp_loss":0,"event_name":"Golden Idol","floor":12,"gold_loss":0,"cards_obtained":["Injury"]}],"is_beta":false,"boss_relics":[],"items_purged_floors":[5],"is_endless":false,"potions_floor_spawned":[1,11],"killed_by":"Fading Forest","ascension_level":1}}