{"host":"i0avyit1s6jb1siw","time":1610188204,"event":{"mods":["BaseMod","DeckTracker","Dota2Spire","Highlight Path","Minty Spire (QoL Compilation)","Quick Restart","StSLib","SuperFastMode"],"gold_per_floor":[114,133,133,143,161,161,176,207,230,258,258,223,223,61,61,134,134,151,151,168,93,111,111,138,138,189,189,202,252,252,152,152,226,226,237,256,256,236,236,261,261,261,261,261,295,295,295,295],"floor_reached":47,"playtime":787,"items_purged":["Strike_R","Strike_R"],"score":1014,"play_id":"79e662ca-0964-42f1-9fcc-b27847b95b61","local_time":"20210109113004","is_ascension_mode":true,"campfire_choices":[{"data":"Apotheosis","floor":6.0,"key":"SMITH"},{"data":"Pommel Strike","floor":11.0,"key":"SMITH"},{"data":"Demon Form","floor":13.0,"key":"SMITH"},{"data":"Spot Weakness","floor":15.0,"key":"SMITH"},{"floor":23,"key":"REST"},{"floor":27,"key":"REST"},{"floor":30,"key":"REST"},{"floor":32,"key":"REST"},{"floor":41,"key":"REST"}],"circlet_count":0,"master_deck":["AscendersBane","Strike_R","Strike_R","Strike_R","Defend_R","Defend_R","Defend_R","Defend_R","Bash","Apotheosis+1","Fire Breathing","Inflame","Pommel Strike+1","Shrug It Off","Evolve","Spot Weakness+1","Demon Form+1","Immolate","Shrug It Off","Flame Barrier","Limit Break","Master of Strategy"],"relics":["Burning Blood","Darkstone Periapt","Happy Flower","PreservedInsect","Dota2Spire:EchoSabre","Dota2Spire:Bloodstone","Juzu Bracelet","Dota2Spire:CrimsonGuard","Dream Catcher","Runic Pyramid","Bag of Preparation","Torii","Champion Belt","Dota2Spire:PowerTreads"],"acts_visited":["Exordium","TheCity","TheBeyond"],"potions_floor_usage":[33,40],"damage_taken":[{"damage":6.0,"enemies":"Small Slimes","floor":1.0,"turns":4.0},{"damage":7.0,"enemies":"Jaw Worm","floor":2.0,"turns":6.0},{"damage":6.0,"enemies":"Cultist","floor":4.0,"turns":3.0},{"damage":26.0,"enemies":"Exordium Wildlife","floor":5.0,"turns":5.0},{"damage":2.0,"enemies":"Blue Slaver","floor":7.0,"turns":3.0},{"damage":22.0,"enemies":"3 Sentries","floor":8.0,"turns":4.0},{"damage":13.0,"enemies":"Lagavulin","floor":10.0,"turns":6.0},{"damage":36,"enemies":"The Guardian","floor":16,"turns":10},{"damage":27,"enemies":"Shell Parasite","floor":18,"turns":5},{"damage":15,"enemies":"Spheric Guardian","floor":20,"turns":6},{"damage":24,"enemies":"Snake Plant","floor":22,"turns":4},{"damage":36,"enemies":"Slavers","floor":24,"turns":3},{"damage":16,"enemies":"Centurion and Healer","floor":28,"turns":7},{"damage":60,"enemies":"Collector","floor":33,"turns":7},{"damage":11,"enemies":"3 Darklings","floor":35,"turns":3},{"damage":20,"enemies":"Orb Walker","floor":36,"turns":4},{"damage":14,"enemies":"Nemesis","floor":40,"turns":5},{"damage":50,"enemies":"Reptomancer","floor":45,"turns":5},{"damage":61,"enemies":"Giant Head","floor":47,"turns":6}],"seed_played":"4596991958705269268","potions_obtained":[{"floor":5.0,"key":"FairyPotion"},{"floor":7.0,"key":"PowerPotion"},{"floor":10.0,"key":"Strength Potion"},{"floor":24,"key":"Dota2Spire:HealingSalve"},{"floor":33,"key":"EssenceOfSteel"},{"floor":38,"key":"EssenceOfSteel"},{"floor":45,"key":"BloodPotion"}],"is_trial":false,"path_per_floor":["M","M","?","M","M","R","M","E","T","E","R","?","R","$","R","B",null,"M","?","M","$","M","R","E","T","T","R","M","?","R","$","R","B",null,"M","M","?","?","?","E","R","T","T","?","E","?","E"],"character_chosen":"IRONCLAD","items_purchased":["Dota2Spire:EchoSabre"],"campfire_rested":5,"item_purchase_floors":[14],"current_hp_per_floor":[68,67,72,72,52,52,56,40,40,33,33,51,51,51,51,21,60,39,39,30,30,12,33,27,27,27,48,38,38,59,59,73,19,60,55,41,41,41,41,33,54,54,54,44,15,60,0,0],"gold":295,"neow_bonus":"RANDOM_COLORLESS_2","is_daily":false,"chose_seed":false,"campfire_upgraded":4,"win_rate":0.0,"timestamp":1610188204,"path_taken":["M","M","?","M","M","R","M","E","T","E","R","?","R","?","R","BOSS","M","?","M","$","M","R","E","?","T","R","M","?","R","$","R","BOSS","M","M","?","?","?","E","R","?","T","?","E","?","E"],"items_purchased_type":["Relic"],"build_version":"2020-12-22","purchased_purges":2,"victory":false,"max_hp_per_floor":[68,68,73,73,73,73,73,73,73,73,73,73,73,73,73,73,73,73,73,73,73,73,73,73,73,73,73,73,73,73,73,73,73,73,73,73,73,73,73,73,73,73,73,73,73,60,60,60],"card_choices":[{"not_picked":["Chrysalis","Metamorphosis"],"picked":"Apotheosis","floor":0.0},{"not_picked":["Pommel Strike","Burning Pact"],"picked":"Fire Breathing","floor":1.0},{"not_picked":["True Grit","Havoc"],"picked":"Inflame","floor":2.0},{"not_picked":["Shrug It Off","Anger"],"picked":"Pommel Strike","floor":4.0},{"not_picked":["Armaments","Anger"],"picked":"Shrug It Off","floor":5.0},{"not_picked":["Iron Wave","Thunderclap"],"picked":"Evolve","floor":7.0},{"not_picked":["Cleave","Flex"],"picked":"Spot Weakness","floor":8.0},{"not_picked":["Clothesline","Thunderclap"],"picked":"Demon Form","floor":10.0},{"not_picked":["Brutality","Exhume"],"picked":"Immolate","floor":16},{"not_picked":["Sentinel+1","Havoc"],"picked":"Shrug It Off","floor":18},{"not_picked":["Clash","Flex","Pommel Strike"],"picked":"SKIP","floor":20},{"not_picked":["Fire Breathing","Rupture"],"picked":"Flame Barrier","floor":22},{"not_picked":["Sword Boomerang","Perfected Strike","Sentinel"],"picked":"SKIP","floor":24},{"not_picked":["Intimidate","Shrug It Off","Clash+1"],"picked":"SKIP","floor":28},{"not_picked":["Brutality","Exhume"],"picked":"Limit Break","floor":33},{"not_picked":["Warcry+1","Cleave","Hemokinesis"],"picked":"SKIP","floor":35},{"not_picked":["Havoc","Shrug It Off+1","Entrench+1"],"picked":"SKIP","floor":36},{"not_picked":["Heavy Blade","Perfected Strike+1","Twin Strike+1"],"picked":"SKIP","floor":40},{"not_picked":["Mind Blast","Good Instincts"],"picked":"Master of Strategy","floor":44},{"not_picked":["Pommel Strike","Body Slam","Intimidate"],"picked":"SKIP","floor":45}],"player_experience":2191950,"relics_obtained":[{"floor":8.0,"key":"Darkstone Periapt"},{"floor":9.0,"key":"Happy Flower"},{"floor":10.0,"key":"PreservedInsect"},{"floor":24,"key":"Juzu Bracelet"},{"floor":25,"key":"Dota2Spire:CrimsonGuard"},{"floor":26,"key":"Dream Catcher"},{"floor":40,"key":"Torii"},{"floor":43,"key":"Champion Belt"},{"floor":45,"key":"Dota2Spire:PowerTreads"}],"event_choices":[{"damage_healed":0.0,"max_hp_gain":5.0,"max_hp_loss":0.0,"gold_gain":0.0,"event_name":"Big Fish","player_choice":"Donut","floor":3.0,"gold_loss":0.0,"damage_taken":0.0},{"damage_healed":18.0,"max_hp_gain":0.0,"max_hp_loss":0.0,"gold_gain":0.0,"event_name":"The Cleric","player_choice":"Healed","floor":12.0,"gold_loss":35.0,"damage_taken":0.0},{"damage_healed":0,"gold_gain":0,"player_choice":"Ignored","damage_taken":0,"max_hp_gain":0,"max_hp_loss":0,"event_name":"Ghosts","floor":19,"gold_loss":0},{"damage_healed":0,"gold_gain":50,"player_choice":"Stole From Cult","damage_taken":0,"max_hp_gain":0,"max_hp_loss":0,"event_name":"Nest","floor":29,"gold_loss":0},{"damage_healed":0,"gold_gain":0,"player_choice":"Gave Potion","damage_taken":0,"relics_obtained":["Bag of Preparation"],"max_hp_gain":0,"max_hp_loss":0,"event_name":"WeMeetAgain","floor":37,"gold_loss":0},{"damage_healed":0,"gold_gain":0,"player_choice":"Bought 1 Potion","damage_taken":0,"max_hp_gain":0,"max_hp_loss":0,"event_name":"The Woman in Blue","floor":38,"gold_loss":0},{"damage_healed":0,"gold_gain":0,"player_choice":"Ignored","damage_taken":0,"max_hp_gain":0,"max_hp_loss":0,"event_name":"Tomb of Lord Red Mask","floor":39,"gold_loss":0},{"damage_healed":0,"gold_gain":0,"player_choice":"Memory 3","damage_taken":10,"max_hp_gain":0,"max_hp_loss":0,"event_name":"SensoryStone","floor":44,"gold_loss":0},{"damage_healed":60,"gold_gain":0,"player_choice":"Heal","damage_taken":0,"max_hp_gain":0,"max_hp_loss":13,"event_name":"The Moai Head","floor":46,"gold_loss":0}],"is_beta":false,"boss_relics":[{"not_picked":["Runic Dome","Sozu"],"picked":"Dota2Spire:Bloodstone"},{"not_picked":["SacredBark","Calling Bell"],"picked":"Runic Pyramid"}],"items_purged_floors":[21,31],"is_endless":false,"potions_floor_spawned":[5,7,10,16,22,24,33,35,45],"killed_by":"Giant Head","ascension_level":20}}