{"host":"uc0x0d8zaap3n3zi","time":1610190474,"event":{"mods":["2.2 Compatiblity","AchievementEnabler","Act Like it!","Alarm Clock","BaseMod","Colored Powertips","Downfall","Minty Spire (QoL Compilation)","Pale of the Ancients","Rare Cards Sparkle","Relic Stats","StSLib","The Cursed","The Marked","The Servant 0.9.4","slay the spire mod where everything is the same but ironclad has a cowboy hat"],"gold_per_floor":[112,127,202,217,392,392,406,406,406,436,455,455,194,194,194,194,194],"floor_reached":16,"playtime":509,"items_purged":["Doubt"],"score":90,"play_id":"2c9878fb-dced-407f-920e-a1ede503a2d7","local_time":"20210110000754","is_ascension_mode":false,"campfire_choices":[{"data":"Armaments","floor":6,"key":"SMITH"},{"data":"Clothesline","floor":8,"key":"SMITH"},{"floor":12,"key":"RECALL"},{"data":"Metallicize","floor":15,"key":"SMITH"}],"circlet_count":0,"master_deck":["Strike_R","Strike_R","Strike_R","Strike_R","Strike_R","Defend_R","Defend_R","Defend_R","Defend_R","Bash","Armaments+1","Clothesline+1","Metallicize+1"],"relics":["Burning Blood","Kunai","Medical Kit","Red Skull"],"acts_visited":["Exordium"],"potions_floor_usage":[],"damage_taken":[{"damage":11,"enemies":"Jaw Worm","floor":1,"turns":3},{"damage":0,"enemies":"Small Slimes","floor":2,"turns":3},{"damage":5,"enemies":"2 Louse","floor":4,"turns":3},{"damage":5,"enemies":"Gremlin Gang","floor":7,"turns":9},{"damage":11,"enemies":"Blue Slaver","floor":11,"turns":4},{"damage":76,"enemies":"Slime Boss","floor":16,"turns":13}],"seed_played":"-8951552955257716381","potions_obtained":[{"floor":7,"key":"Regen Potion"}],"is_trial":false,"path_per_floor":["M","M","?","M","?","R","M","R","T","?","M","R","$","?","R","B"],"character_chosen":"IRONCLAD","items_purchased":["Medical Kit","Metallicize"],"campfire_rested":0,"item_purchase_floors":[13,13],"current_hp_per_floor":[83,88,77,78,78,78,79,79,79,79,74,74,74,74,74,0,0],"gold":194,"neow_bonus":"TEN_PERCENT_HP_BONUS","is_daily":false,"chose_seed":false,"campfire_upgraded":3,"win_rate":0.0,"timestamp":1610190474,"path_taken":["M","M","?","M","?","R","M","R","T","?","M","R","$","?","R","BOSS"],"items_purchased_type":["Relic","Card"],"build_version":"2020-12-22","purchased_purges":1,"victory":false,"max_hp_per_floor":[88,88,88,88,88,88,88,88,88,88,88,88,88,88,88,88,88],"relic_stats":{"counters":[6,35],"Kunai":[0],"Medical Kit":[0],"obtain_stats":[{"Kunai":9,"Medical Kit":13,"Burning Blood":0,"Red Skull":14},{"Kunai":4,"Medical Kit":5,"Burning Blood":0,"Red Skull":5},{"Kunai":18,"Medical Kit":22,"Burning Blood":0,"Red Skull":22}],"Burning Blood":29},"card_choices":[{"not_picked":["Anger","Body Slam"],"picked":"Armaments","floor":1},{"not_picked":["Rampage","Rupture","Havoc"],"picked":"SKIP","floor":2},{"not_picked":["Rampage","Rupture","Havoc"],"picked":"SKIP","floor":2},{"not_picked":["Seeing Red","Rupture"],"picked":"Clothesline","floor":4},{"not_picked":["Clothesline","True Grit","Infernal Blade"],"picked":"SKIP","floor":7},{"not_picked":["Clothesline","True Grit","Infernal Blade"],"picked":"SKIP","floor":7},{"not_picked":["Anger","Flame Barrier","Exhume"],"picked":"SKIP","floor":11}],"player_experience":283557,"relics_obtained":[{"floor":9,"key":"Kunai"}],"event_choices":[{"damage_healed":0,"gold_gain":75,"player_choice":"Gather Gold","damage_taken":11,"max_hp_gain":0,"max_hp_loss":0,"event_name":"World of Goop","floor":3,"gold_loss":0},{"damage_healed":0,"gold_gain":175,"player_choice":"AGREE","damage_taken":0,"max_hp_gain":0,"max_hp_loss":0,"event_name":"Liars Game","floor":5,"gold_loss":0,"cards_obtained":["Doubt"]},{"damage_healed":0,"gold_gain":30,"player_choice":"Searched \u00271\u0027 times","damage_taken":0,"max_hp_gain":0,"max_hp_loss":0,"event_name":"Dead Adventurer","floor":10,"gold_loss":0},{"damage_healed":0,"gold_gain":0,"player_choice":"Gave Potion","damage_taken":0,"relics_obtained":["Red Skull"],"max_hp_gain":0,"max_hp_loss":0,"event_name":"WeMeetAgain","floor":14,"gold_loss":0}],"is_beta":false,"boss_relics":[],"items_purged_floors":[13],"is_endless":false,"potions_floor_spawned":[7],"killed_by":"Slime Boss","ascension_level":0}}