{"host":"i19jjmeqmvseha12","time":1610187587,"event":{"mods":["Act Like it!","BaseMod","Colored Powertips","Dota2Spire","Gensokyo","Minty Spire (QoL Compilation)","Replay The Spire","StSLib","The Cursed"],"gold_per_floor":[113,113,22,34,45,45,80,80,160,178,197,57,74,74,74,169,169,184,0,0,0,0,0,12,12,35,35,48,48,48],"floor_reached":29,"playtime":737,"items_purged":[],"score":223,"play_id":"85f85a7c-e942-42fd-95ee-0e14b2242dae","local_time":"20210109021947","is_ascension_mode":false,"campfire_choices":[{"data":"LikeWater","floor":6,"key":"SMITH"},{"floor":8,"key":"REST"},{"floor":15,"key":"REST"},{"data":"ConjureBlade","floor":23,"key":"SMITH"},{"data":"Fasting2","floor":25,"key":"SMITH"},{"data":"DeusExMachina","floor":27,"key":"SMITH"}],"circlet_count":0,"master_deck":["Strike_P","Strike_P+1","Strike_P","Strike_P","Defend_P","Defend_P","Defend_P","Eruption+1","Vigilance","LikeWater+1","MentalFortress","FlurryOfBlows+1","FearNoEvil","Consecrate","MentalFortress","Fasting2+1","DeusExMachina+1","CurseOfTheBell","FollowUp","ConjureBlade+1","CarveReality"],"relics":["PureWater","Potion Belt","Bottled Tornado","Dota2Spire:Satanic","ReplayTheSpireMod:Ring of Challenge","Calling Bell","Dota2Spire:MaskOfMadness","The Courier","Counterbalance","Pen Nib","Frozen Eye"],"acts_visited":["Exordium","Gensokyo:Gensokyo"],"potions_floor_usage":[5,7,29,29],"damage_taken":[{"damage":0,"enemies":"Gensokyo:2_Kodama","floor":1,"turns":3},{"damage":8,"enemies":"Gensokyo:3_Fairies","floor":4,"turns":5},{"damage":0,"enemies":"Gensokyo:Gryphon","floor":5,"turns":4},{"damage":38,"enemies":"Gensokyo:Mamizou","floor":7,"turns":9},{"damage":0,"enemies":"Gensokyo:LivingMonolith","floor":10,"turns":2},{"damage":0,"enemies":"Gensokyo:2_Rabbits","floor":11,"turns":4},{"damage":12,"enemies":"Gensokyo:Kitsune","floor":13,"turns":3},{"damage":26,"enemies":"Gensokyo:Kokoro","floor":16,"turns":9},{"damage":14,"enemies":"Gensokyo:AngelMirror","floor":18,"turns":3},{"damage":14,"enemies":"Gensokyo:2_Gloops","floor":24,"turns":5},{"damage":36,"enemies":"Gensokyo:Monolith_and_Dog","floor":28,"turns":7},{"damage":14,"enemies":"Gensokyo:Koishi","floor":29,"turns":2}],"seed_played":"5041166466136837830","potions_obtained":[{"floor":1,"key":"DuplicationPotion"},{"floor":4,"key":"Ancient Potion"},{"floor":10,"key":"SneckoOil"},{"floor":28,"key":"Venom Potion"}],"is_trial":false,"path_per_floor":["M","?","$","M","M","R","E","R","T","M","M","?","M","?","R","B",null,"M","?","?","?","?","R","M","R","T","R","M","E"],"character_chosen":"WATCHER","items_purchased":["MentalFortress","FlurryOfBlows"],"campfire_rested":2,"item_purchase_floors":[3,3],"current_hp_per_floor":[72,72,72,64,64,64,26,47,47,47,47,47,35,35,56,30,72,58,58,58,58,58,58,44,44,44,44,8,0,0],"gold":48,"neow_bonus":"UPGRADE_CARD","is_daily":false,"chose_seed":false,"campfire_upgraded":4,"win_rate":0.0,"timestamp":1610187587,"path_taken":["M","?","$","M","M","R","E","R","T","M","M","?","M","?","R","BOSS","M","?","?","?","?","R","M","R","T","R","M","E"],"items_purchased_type":["Card","Card"],"build_version":"2020-12-22","purchased_purges":0,"victory":false,"max_hp_per_floor":[72,72,72,72,72,72,72,72,72,72,72,72,72,72,72,72,72,72,72,72,72,72,72,72,72,72,72,72,72,72],"card_choices":[{"not_picked":["BowlingBash","Protect"],"picked":"LikeWater","floor":1},{"not_picked":["EmptyBody","FlyingSleeves"],"picked":"FearNoEvil","floor":4},{"not_picked":["Evaluate","EmptyFist"],"picked":"Consecrate","floor":5},{"not_picked":["EmptyFist","Protect"],"picked":"MentalFortress","floor":7},{"not_picked":["Crescendo","Weave"],"picked":"Prostrate","floor":10},{"not_picked":["FearNoEvil","Collect"],"picked":"Fasting2","floor":11},{"not_picked":["JustLucky","Adaptation","Wireheading"],"picked":"SKIP","floor":13},{"not_picked":["LessonLearned","Scrawl"],"picked":"DeusExMachina","floor":16},{"not_picked":["Replay:BluntJabs+1","BowlingBash+1","Evaluate"],"picked":"SKIP","floor":18},{"not_picked":["JustLucky","FlyingSleeves","SashWhip+1"],"picked":"SKIP","floor":24},{"not_picked":["Crescendo","ThirdEye"],"picked":"CarveReality","floor":28}],"player_experience":156368,"relics_obtained":[{"floor":7,"key":"Potion Belt"},{"floor":9,"key":"Bottled Tornado"},{"floor":14,"key":"ReplayTheSpireMod:Ring of Challenge"},{"floor":17,"key":"Dota2Spire:MaskOfMadness"},{"floor":17,"key":"The Courier"},{"floor":17,"key":"Counterbalance"},{"floor":26,"key":"Pen Nib"}],"event_choices":[],"is_beta":false,"boss_relics":[{"not_picked":["Replay:Ancient Bell","Replay:Drink Me"],"picked":"Calling Bell"}],"items_purged_floors":[],"is_endless":false,"potions_floor_spawned":[1,4,10,28],"killed_by":"Gensokyo:Koishi","ascension_level":0}}