{"host":"er8s5flrc5z1a07t","time":1610162130,"event":{"mods":["2.2 Compatiblity","Act Like it!","Bard","BaseMod","Better Note","Better Third Choice","Downfall","Duelist Mod","Elementarium","Energized Spire","GifTheSpireLib","Hermit","Hubris","Infinite Spire","Minty Spire (QoL Compilation)","Relic Stats","Replay The Spire","Shop Mod","StSLib","Stuff the Spire","Synergy Search","The Cursed","The Disciple","The Mystic"],"gold_per_floor":[360,285,304,304,35,60,7,38,38,56,71,221,221,221,221,293,293,308,243,243,243,253,253,263,13,68,68,80,97,108,0,0,72,72,88,88,108,108,108,108,127,139,139,139,164,164,164],"floor_reached":46,"playtime":2396,"items_purged":[],"score":985,"play_id":"03e3ccf4-013e-4333-9ff4-c116ea72ca8c","local_time":"20210108221530","is_ascension_mode":true,"campfire_choices":[{"floor":15,"key":"REST"},{"data":"Feel No Pain","floor":23,"key":"SMITH"},{"floor":27,"key":"REST"},{"floor":32,"key":"REST"},{"floor":40,"key":"REST"},{"floor":44,"key":"REST"}],"circlet_count":0,"master_deck":["AscendersBane","Strike_R","Strike_R+1","Strike_R","Strike_R+1","Defend_R","Defend_R","Defend_R","Defend_R","Bash","hubris:CleavingFinish+1","StuffTheSpire:Slingshot+1","StuffTheSpire:Resist","StuffTheSpire:Resist","Shrug It Off","Thunderclap+1","Wild Strike","StuffTheSpire:Slingshot","Headbutt","Feel No Pain+1","Doubt","Impervious","StuffTheSpire:Incineration","Feel No Pain+1","Seeing Red","Second Wind","Replay:Undeath\u0027s Touch","Blood for Blood","Pummel","Barricade","Anger","Feel No Pain+1","StuffTheSpire:Incineration","Pommel Strike"],"relics":["Burning Blood","Gremlin Food","Toy Ornithopter","Shuriken","hubris:MedicalManual","infinitespire:FocusingShard","hubris:GrandSneckoEye","StuffTheSpire:Saxophone","infinitespire:Satchel","energizedSpire:EnergizedDie","Bag of Marbles","infinitespire:Magic Flask"],"acts_visited":["Exordium","TheCity","TheBeyond"],"potions_floor_usage":[8,16,28,29,42,46],"damage_taken":[{"damage":5,"enemies":"2 Louse","floor":1,"turns":4},{"damage":7,"enemies":"Small Slimes","floor":3,"turns":3},{"damage":8,"enemies":"3 Sentries","floor":6,"turns":18},{"damage":31,"enemies":"Gremlin Nob","floor":8,"turns":4},{"damage":1,"enemies":"Cultist","floor":10,"turns":3},{"damage":22,"enemies":"Looter","floor":11,"turns":3},{"damage":48,"enemies":"Hexaghost","floor":16,"turns":13},{"damage":19,"enemies":"Chosen","floor":18,"turns":6},{"damage":8,"enemies":"Spheric Guardian","floor":22,"turns":6},{"damage":52,"enemies":"Chosen and Byrds","floor":24,"turns":11},{"damage":35,"enemies":"Snake Plant","floor":28,"turns":3},{"damage":9,"enemies":"Shelled Parasite and Fungi","floor":29,"turns":7},{"damage":13,"enemies":"Sentry and Sphere","floor":30,"turns":6},{"damage":7,"enemies":"hubris:MusketHawk","floor":33,"turns":9},{"damage":39,"enemies":"3 Shapes","floor":35,"turns":11},{"damage":12,"enemies":"3 Darklings","floor":37,"turns":6},{"damage":6,"enemies":"Jaw Worm Horde","floor":39,"turns":7},{"damage":15,"enemies":"Sphere and 2 Shapes","floor":41,"turns":9},{"damage":17,"enemies":"Transient","floor":42,"turns":6},{"damage":30,"enemies":"Mind Bloom Boss Battle","floor":45,"turns":7},{"damage":45,"enemies":"Writhing Mass","floor":46,"turns":3}],"seed_played":"5459589121494958090","potions_obtained":[{"floor":3,"key":"Adrenaline Potion"},{"floor":8,"key":"Regen Potion"},{"floor":11,"key":"sneckomod:MuddlingPotion"},{"floor":16,"key":"PowerPotion"},{"floor":24,"key":"EssenceOfSteel"},{"floor":37,"key":"Cursed Concoction"},{"floor":39,"key":"Adrenaline Potion"},{"floor":45,"key":"champ:CounterPotion"}],"is_trial":false,"path_per_floor":["M","?","M","?","$","E","$","E","T","M","M","?","?","T","R","B",null,"M","?","?","?","M","R","M","$","T","R","M","M","M","?","R","B",null,"M","?","M","?","M","R","M","M","T","R","?","M"],"character_chosen":"IRONCLAD","items_purchased":["Gremlin Food","StuffTheSpire:Resist","Shrug It Off","Wild Strike","Second Wind","StuffTheSpire:Saxophone"],"campfire_rested":5,"item_purchase_floors":[5,5,5,7,25,25],"current_hp_per_floor":[69,69,68,68,68,66,66,46,46,51,35,35,35,35,57,32,64,51,71,71,71,69,69,23,23,23,45,21,23,16,16,38,37,66,33,33,27,27,27,49,40,34,34,56,32,0,0],"gold":164,"neow_bonus":"TWO_FIFTY_GOLD","is_daily":false,"chose_seed":false,"campfire_upgraded":1,"win_rate":0.0,"timestamp":1610162130,"path_taken":["M","?","M","?","$","E","$","E","T","M","?","?","?","?","R","BOSS","M","?","?","?","M","R","?","$","T","R","M","M","M","?","R","BOSS","M","?","M","?","M","R","?","M","T","R","?","M"],"items_purchased_type":["Relic","Card","Card","Card","Card","Relic"],"build_version":"2020-12-22","purchased_purges":0,"victory":false,"max_hp_per_floor":[75,75,75,75,75,75,75,75,75,75,75,75,75,75,75,75,75,75,75,75,75,75,75,75,75,75,75,75,75,75,75,75,75,75,75,75,75,75,75,75,75,75,75,75,75,75,75],"relic_stats":{"counters":[21,145],"Shuriken":[39],"obtain_stats":[{"Gremlin Food":5,"Shuriken":8,"StuffTheSpire:Saxophone":25,"infinitespire:Satchel":26,"energizedSpire:EnergizedDie":34,"hubris:MedicalManual":9,"infinitespire:FocusingShard":14,"hubris:GrandSneckoEye":17,"Bag of Marbles":43,"infinitespire:Magic Flask":45,"Burning Blood":0,"Toy Ornithopter":6},{"Gremlin Food":2,"Shuriken":4,"StuffTheSpire:Saxophone":10,"infinitespire:Satchel":10,"energizedSpire:EnergizedDie":14,"hubris:MedicalManual":4,"infinitespire:FocusingShard":6,"hubris:GrandSneckoEye":7,"Bag of Marbles":19,"infinitespire:Magic Flask":20,"Burning Blood":0,"Toy Ornithopter":3},{"Gremlin Food":7,"Shuriken":29,"StuffTheSpire:Saxophone":71,"infinitespire:Satchel":71,"energizedSpire:EnergizedDie":96,"hubris:MedicalManual":29,"infinitespire:FocusingShard":35,"hubris:GrandSneckoEye":48,"Bag of Marbles":135,"infinitespire:Magic Flask":142,"Burning Blood":0,"Toy Ornithopter":25}],"Burning Blood":120,"Toy Ornithopter":30},"card_choices":[{"not_picked":["ReplayTheSpireMod:Limb From Limb","Entrench"],"picked":"hubris:CleavingFinish","floor":1},{"not_picked":["Flex","Spot Weakness"],"picked":"StuffTheSpire:Slingshot","floor":3},{"not_picked":["Demonic Infusion","Entrench"],"picked":"Thunderclap","floor":6},{"not_picked":["Heavy Blade","Corruption"],"picked":"StuffTheSpire:Slingshot","floor":8},{"not_picked":["Thunderclap","Dual Wield"],"picked":"Headbutt","floor":10},{"not_picked":["Spot Weakness","Pummel"],"picked":"Feel No Pain","floor":11},{"not_picked":["Demon Form","hubris:StunningStrike"],"picked":"Impervious","floor":16},{"not_picked":["Dark Embrace","Thunderclap"],"picked":"StuffTheSpire:Incineration","floor":18},{"not_picked":["Perfected Strike","StuffTheSpire:RagingBull+1"],"picked":"Feel No Pain","floor":22},{"not_picked":["StuffTheSpire:RagingBull+1","Armaments"],"picked":"Seeing Red","floor":24},{"not_picked":["Thunderclap","StuffTheSpire:Slingshot"],"picked":"Replay:Undeath\u0027s Touch","floor":28},{"not_picked":["Twin Strike","Havoc"],"picked":"Blood for Blood","floor":29},{"not_picked":["Barricade","Intimidate"],"picked":"Pummel","floor":30},{"not_picked":["Demon Form","Feed"],"picked":"Barricade","floor":33},{"not_picked":["Thunderclap","ReplayTheSpireMod:Strike From Hell","Heavy Blade"],"picked":"SKIP","floor":35},{"not_picked":["Sword Boomerang","Headbutt"],"picked":"Anger","floor":37},{"not_picked":["Dark Embrace","Eclipse"],"picked":"StuffTheSpire:Incineration","floor":39},{"not_picked":["Twin Strike","Wild Strike+1","StuffTheSpire:Slingshot"],"picked":"SKIP","floor":41},{"not_picked":["Shrug It Off","Heavy Blade"],"picked":"Pommel Strike","floor":42}],"player_experience":1236814,"relics_obtained":[{"floor":6,"key":"Toy Ornithopter"},{"floor":8,"key":"Shuriken"},{"floor":9,"key":"hubris:MedicalManual"},{"floor":14,"key":"infinitespire:FocusingShard"},{"floor":26,"key":"infinitespire:Satchel"},{"floor":43,"key":"Bag of Marbles"},{"floor":45,"key":"infinitespire:Magic Flask"}],"event_choices":[{"cards_removed":["Doubt"],"damage_healed":0,"gold_gain":0,"player_choice":"Card Removal","damage_taken":0,"max_hp_gain":0,"max_hp_loss":0,"event_name":"The Cleric","floor":2,"gold_loss":75},{"cards_removed":["Strike_R"],"damage_healed":0,"gold_gain":0,"player_choice":"Purged","damage_taken":0,"max_hp_gain":0,"max_hp_loss":0,"event_name":"Purifier","floor":4,"gold_loss":0},{"damage_healed":0,"gold_gain":150,"player_choice":"AGREE","damage_taken":71,"max_hp_gain":0,"max_hp_loss":0,"event_name":"betterThird:BetterSerpent","floor":12,"gold_loss":0},{"damage_healed":0,"gold_gain":0,"player_choice":"Ignored","damage_taken":0,"max_hp_gain":0,"max_hp_loss":0,"event_name":"Beggar","floor":20,"gold_loss":0},{"damage_healed":0,"gold_gain":0,"player_choice":"Forge","damage_taken":0,"max_hp_gain":0,"max_hp_loss":0,"event_name":"Accursed Blacksmith","floor":21,"gold_loss":0,"cards_upgraded":["Feel No Pain"]},{"damage_healed":0,"gold_gain":0,"player_choice":"Paid Fearfully","damage_taken":0,"max_hp_gain":0,"max_hp_loss":0,"event_name":"Masked Bandits","floor":31,"gold_loss":108},{"damage_healed":0,"gold_gain":0,"player_choice":"Ignored","damage_taken":0,"max_hp_gain":0,"max_hp_loss":0,"event_name":"Mysterious Sphere","floor":36,"gold_loss":0},{"damage_healed":0,"gold_gain":0,"player_choice":"Copied","damage_taken":0,"max_hp_gain":0,"max_hp_loss":0,"event_name":"Duplicator","floor":38,"gold_loss":0,"cards_obtained":["Feel No Pain"]},{"damage_healed":0,"gold_gain":0,"player_choice":"Fight","damage_taken":0,"max_hp_gain":0,"max_hp_loss":0,"event_name":"MindBloom","floor":45,"gold_loss":0}],"is_beta":false,"boss_relics":[{"not_picked":["Coffee Dripper","ReplayTheSpireMod:DimensionalGlitch"],"picked":"hubris:GrandSneckoEye"},{"not_picked":["Runic Dome","Astrolabe"],"picked":"energizedSpire:EnergizedDie"}],"items_purged_floors":[],"is_endless":false,"potions_floor_spawned":[3,8,11,16,22,24,37,39,45],"killed_by":"Writhing Mass","ascension_level":20}}