{"host":"b995t17pt6d05w8c","time":1610197677,"event":{"mods":["AchievementEnabler","BaseMod","Colored Map","Minty Spire (QoL Compilation)","SuperFastMode"],"gold_per_floor":[122,84,171,183,214,226,251,263,349,392,423,455,467,479,491,632,644,676,702,629,402,445,445,463,280,307,343,268,292,292,307,307,428,428,446,471,492,714,714,714,714,749,749,785,360,360,393,4,4,4],"floor_reached":51,"playtime":1608,"items_purged":["Defend_P","Strike_P","Prostrate+1","Defend_P+1"],"score":1409,"play_id":"a38b1d26-a078-42a5-bb05-3be2cd0f29ea","local_time":"20210109220757","is_ascension_mode":true,"campfire_choices":[{"data":"Eruption","floor":6.0,"key":"SMITH"},{"data":"MentalFortress","floor":8.0,"key":"SMITH"},{"floor":13.0,"key":"REST"},{"data":"Meditate","floor":15.0,"key":"SMITH"},{"data":"Ragnarok","floor":23.0,"key":"SMITH"},{"floor":32.0,"key":"REST"},{"data":"ClearTheMind","floor":40.0,"key":"SMITH"},{"floor":46,"key":"REST"},{"floor":49,"key":"REST"}],"circlet_count":0,"master_deck":["Defend_P+1","Eruption+1","Vigilance+1","MentalFortress+1","Crescendo+1","Ragnarok+1","Flash of Steel+1","Adaptation+1","ClearTheMind+1"],"relics":["PureWater","MawBank","White Beast Statue","Frozen Egg 2","Golden Idol","Runic Pyramid","Mummified Hand","Red Mask","Bag of Preparation","Regal Pillow","Empty Cage","Kunai","Omamori","Vajra","Sundial","Mercury Hourglass","Membership Card","PreservedInsect","Toy Ornithopter"],"acts_visited":["Exordium","TheCity","TheBeyond"],"potions_floor_usage":[42,44,50,50],"damage_taken":[{"damage":0.0,"enemies":"Small Slimes","floor":1.0,"turns":2.0},{"damage":0.0,"enemies":"2 Louse","floor":5.0,"turns":2.0},{"damage":0.0,"enemies":"Cultist","floor":7.0,"turns":4.0},{"damage":31.0,"enemies":"3 Sentries","floor":10.0,"turns":12.0},{"damage":4.0,"enemies":"Gremlin Gang","floor":11.0,"turns":6.0},{"damage":8.0,"enemies":"Blue Slaver","floor":12.0,"turns":4.0},{"damage":22.0,"enemies":"The Guardian","floor":16.0,"turns":12.0},{"damage":0.0,"enemies":"Spheric Guardian","floor":18.0,"turns":3.0},{"damage":6.0,"enemies":"Chosen","floor":19.0,"turns":6.0},{"damage":4.0,"enemies":"Masked Bandits","floor":22.0,"turns":2.0},{"damage":9.0,"enemies":"Snake Plant","floor":24.0,"turns":3.0},{"damage":5.0,"enemies":"Book of Stabbing","floor":27.0,"turns":4.0},{"damage":2.0,"enemies":"Shelled Parasite and Fungi","floor":29.0,"turns":3.0},{"damage":2.0,"enemies":"Centurion and Healer","floor":31.0,"turns":2.0},{"damage":0.0,"enemies":"Automaton","floor":33.0,"turns":6.0},{"damage":0.0,"enemies":"Orb Walker","floor":35.0,"turns":2.0},{"damage":2.0,"enemies":"3 Shapes","floor":36.0,"turns":3.0},{"damage":0.0,"enemies":"Sphere and 2 Shapes","floor":37.0,"turns":2.0},{"damage":0,"enemies":"Nemesis","floor":42,"turns":2},{"damage":20,"enemies":"Reptomancer","floor":44,"turns":4},{"damage":0,"enemies":"Giant Head","floor":47,"turns":2},{"damage":0,"enemies":"Time Eater","floor":50,"turns":4}],"seed_played":"-209741702327878416","potions_obtained":[{"floor":1.0,"key":"SpeedPotion"},{"floor":7.0,"key":"SpeedPotion"},{"floor":10.0,"key":"SkillPotion"},{"floor":11.0,"key":"Dexterity Potion"},{"floor":12.0,"key":"ColorlessPotion"},{"floor":16.0,"key":"LiquidMemories"},{"floor":18.0,"key":"Swift Potion"},{"floor":19.0,"key":"EssenceOfSteel"},{"floor":22.0,"key":"AttackPotion"},{"floor":27.0,"key":"AttackPotion"},{"floor":31.0,"key":"Weak Potion"},{"floor":42,"key":"Dexterity Potion"},{"floor":44,"key":"Explosive Potion"}],"is_trial":false,"path_per_floor":["M","?","?","?","M","R","M","R","T","E","M","M","R","?","R","B",null,"M","M","?","$","?","R","M","$","T","E","?","M","?","M","R","B",null,"M","M","M","?","?","R","?","E","T","E","$","R","E","$","R","B",null],"character_chosen":"WATCHER","items_purchased":["Ragnarok","Flash of Steel","Sundial","PowerPotion","Membership Card","PreservedInsect","Toy Ornithopter","FearPotion"],"campfire_rested":4,"item_purchase_floors":[21,25,45,45,48,48,48,48],"current_hp_per_floor":[65,65,54,54,54,54,54,54,54,23,19,11,32,32,32,10,53,53,47,47,47,43,43,34,34,34,29,29,27,27,25,60,60,65,65,63,63,63,63,63,63,63,63,43,43,67,67,67,67,67],"gold":4,"neow_bonus":"RANDOM_COMMON_RELIC","is_daily":false,"chose_seed":false,"campfire_upgraded":5,"win_rate":0.0,"timestamp":1610197677,"path_taken":["M","?","?","?","?","R","M","R","T","E","?","M","R","?","R","BOSS","M","M","?","$","?","R","M","$","T","E","?","M","?","?","R","BOSS","M","M","M","?","?","R","?","E","T","E","$","R","E","$","R","BOSS"],"items_purchased_type":["Card","Card","Relic","Potion","Relic","Relic","Relic","Potion"],"build_version":"2020-12-22","purchased_purges":4,"victory":true,"max_hp_per_floor":[72,72,72,72,72,72,72,72,72,72,72,72,72,67,67,67,67,67,67,67,67,67,67,67,67,67,67,67,67,67,67,67,67,67,67,67,67,67,67,67,67,67,67,67,67,67,67,67,67,67],"card_choices":[{"not_picked":["Vengeance","LikeWater","Prostrate"],"picked":"SKIP","floor":1.0},{"not_picked":["SandsOfTime","Evaluate"],"picked":"MentalFortress","floor":5.0},{"not_picked":["EmptyBody","JustLucky","Weave"],"picked":"SKIP","floor":7.0},{"not_picked":["EmptyFist","Consecrate"],"picked":"Meditate","floor":10.0},{"not_picked":["ThirdEye","FlurryOfBlows"],"picked":"LessonLearned","floor":11.0},{"not_picked":["Prostrate","CrushJoints","SashWhip"],"picked":"SKIP","floor":12.0},{"not_picked":["Weave+1","JustLucky","Crescendo"],"picked":"SKIP","floor":18.0},{"not_picked":["BowlingBash","Evaluate"],"picked":"Crescendo+1","floor":19.0},{"not_picked":["Weave","ReachHeaven"],"picked":"Prostrate+1","floor":22.0},{"not_picked":["Consecrate","CrushJoints+1","SignatureMove+1"],"picked":"SKIP","floor":24.0},{"not_picked":["WaveOfTheHand","Protect+1","BattleHymn+1"],"picked":"SKIP","floor":27.0},{"not_picked":["FlurryOfBlows","Halt+1"],"picked":"Adaptation+1","floor":29.0},{"not_picked":["WreathOfFlame","Pray"],"picked":"ClearTheMind","floor":31.0},{"not_picked":["Protect+1","EmptyBody","FollowUp"],"picked":"SKIP","floor":35.0},{"not_picked":["WaveOfTheHand+1","ClearTheMind+1","Consecrate"],"picked":"SKIP","floor":36.0},{"not_picked":["Conclude","CutThroughFate","Evaluate+1"],"picked":"SKIP","floor":37.0},{"not_picked":["EmptyFist+1","BowlingBash","Evaluate+1"],"picked":"SKIP","floor":42},{"not_picked":["ClearTheMind","PathToVictory+1","EmptyFist"],"picked":"SKIP","floor":44},{"not_picked":["Devotion+1","SashWhip","SandsOfTime"],"picked":"SKIP","floor":47}],"player_experience":69187,"relics_obtained":[{"floor":9.0,"key":"White Beast Statue"},{"floor":10.0,"key":"Frozen Egg 2"},{"floor":22.0,"key":"Red Mask"},{"floor":26.0,"key":"Bag of Preparation"},{"floor":27.0,"key":"Regal Pillow"},{"floor":42,"key":"Kunai"},{"floor":43,"key":"Omamori"},{"floor":44,"key":"Vajra"},{"floor":47,"key":"Mercury Hourglass"}],"event_choices":[{"cards_removed":["Defend_P"],"damage_healed":0.0,"max_hp_gain":0.0,"max_hp_loss":0.0,"gold_gain":0.0,"event_name":"The Cleric","player_choice":"Card Removal","floor":2.0,"gold_loss":50.0,"damage_taken":0.0},{"damage_healed":0.0,"max_hp_gain":0.0,"max_hp_loss":0.0,"gold_gain":75.0,"event_name":"World of Goop","player_choice":"Gather Gold","floor":3.0,"gold_loss":0.0,"damage_taken":11.0},{"cards_removed":["Strike_P"],"damage_healed":0.0,"max_hp_gain":0.0,"max_hp_loss":0.0,"gold_gain":0.0,"event_name":"Bonfire Elementals","player_choice":"Offered Basic","floor":4.0,"gold_loss":0.0,"damage_taken":0.0},{"damage_healed":0.0,"max_hp_gain":0.0,"max_hp_loss":5.0,"gold_gain":0.0,"event_name":"Golden Idol","player_choice":"Lose Max HP","floor":14.0,"gold_loss":0.0,"damage_taken":0.0,"relics_obtained":["Golden Idol"]},{"damage_healed":0.0,"max_hp_gain":0.0,"max_hp_loss":0.0,"gold_gain":0.0,"event_name":"Addict","player_choice":"Obtained Relic","floor":20.0,"gold_loss":85.0,"damage_taken":0.0,"relics_obtained":["Mummified Hand"]},{"damage_healed":0.0,"max_hp_gain":0.0,"max_hp_loss":0.0,"gold_gain":0.0,"event_name":"Masked Bandits","player_choice":"Fought Bandits","floor":22.0,"gold_loss":0.0,"damage_taken":0.0},{"cards_removed":["Strike_P"],"damage_healed":0.0,"max_hp_gain":0.0,"max_hp_loss":0.0,"gold_gain":0.0,"event_name":"Beggar","player_choice":"Gave Gold","floor":28.0,"gold_loss":75.0,"damage_taken":0.0},{"damage_healed":0.0,"max_hp_gain":0.0,"max_hp_loss":0.0,"gold_gain":0.0,"event_name":"Vampires","player_choice":"Ignored","floor":30.0,"gold_loss":0.0,"damage_taken":0.0},{"damage_healed":0.0,"max_hp_gain":0.0,"max_hp_loss":0.0,"gold_gain":222.0,"event_name":"Tomb of Lord Red Mask","player_choice":"Wore Mask","floor":38.0,"gold_loss":0.0,"damage_taken":0.0},{"damage_healed":0.0,"max_hp_gain":0.0,"max_hp_loss":0.0,"gold_gain":0.0,"event_name":"SensoryStone","player_choice":"Memory 1","floor":39.0,"gold_loss":0.0,"damage_taken":0.0},{"cards_removed":["Meditate"],"damage_healed":0.0,"max_hp_gain":0.0,"max_hp_loss":0.0,"gold_gain":0.0,"event_name":"Falling","player_choice":"Removed Skill","floor":41.0,"gold_loss":0.0,"damage_taken":0.0}],"is_beta":false,"boss_relics":[{"not_picked":["Velvet Choker","Astrolabe"],"picked":"Runic Pyramid"},{"not_picked":["Cursed Key","Tiny House"],"picked":"Empty Cage"}],"items_purged_floors":[21,25,45,48],"is_endless":false,"potions_floor_spawned":[1,7,10,11,12,16,18,19,22,24,27,29,31,33,35,36,37,42,44,47],"ascension_level":9}}