{"host":"Connor","time":1610166337,"event":{"mods":["Aspiration","BaseMod","Downfall","Hubris","Marisa????????","Minty Spire (QoL Compilation)","Replay The Spire","StSLib","The Cursed","The Jungle","The Servant 0.9.4"],"gold_per_floor":[117,136,136,150,20,52,52,52,52,78,78,88,88,99,99,170,170,139,149,176,186,204,234,234,254,254,264,264,277,287,311,311,311,311],"floor_reached":33,"playtime":1372,"items_purged":[],"score":528,"play_id":"8500b7ed-4a88-4d0b-bd76-31c82c9e8519","local_time":"20210108202537","is_ascension_mode":true,"campfire_choices":[{"floor":7,"key":"REST"},{"floor":11,"key":"RECALL"},{"floor":15,"key":"REST"},{"data":"Eclipse","floor":24,"key":"SMITH"},{"floor":32,"key":"REST"}],"circlet_count":0,"master_deck":["AscendersBane","Bash","Power Through","Feed","Shrug It Off","Battle Trance+1","Armaments","expansioncontent:ChargeUp","Pommel Strike","Iron Wave","Juggernaut","Combust","Iron Wave","Eclipse+1","ReplayReversal","Hemogenesis","Reckless Charge","Spot Weakness","Metallicize","Combust+1","Shrug It Off+1","Spot Weakness","Cleave","Pommel Strike","Barricade+1","Entrench","Rage"],"relics":["Burning Blood","Tiny Chest","Mango","Pandora\u0027s Box","Pen Nib","Durian","Eternal Feather","ReplayTheSpireMod:Spearhead"],"acts_visited":["Exordium","TheCity"],"potions_floor_usage":[6,10,16,22,27,27,30,33],"damage_taken":[{"damage":6,"enemies":"Cultist","floor":1,"turns":4},{"damage":7,"enemies":"Small Slimes","floor":2,"turns":4},{"damage":8,"enemies":"2 Louse","floor":4,"turns":3},{"damage":46,"enemies":"Gremlin Nob","floor":6,"turns":5},{"damage":6,"enemies":"Lagavulin","floor":10,"turns":9},{"damage":7,"enemies":"2 Fungi Beasts","floor":12,"turns":4},{"damage":3,"enemies":"Looter","floor":14,"turns":3},{"damage":33,"enemies":"Hexaghost","floor":16,"turns":9},{"damage":22,"enemies":"2 Thieves","floor":18,"turns":5},{"damage":14,"enemies":"3 Byrds","floor":19,"turns":3},{"damage":22,"enemies":"Snake Plant","floor":21,"turns":4},{"damage":26,"enemies":"Centurion and Healer","floor":22,"turns":9},{"damage":3,"enemies":"Replay:Snechameleon","floor":23,"turns":6},{"damage":29,"enemies":"3 Cultists","floor":25,"turns":4},{"damage":27,"enemies":"Snake Plant","floor":27,"turns":4},{"damage":23,"enemies":"Shelled Parasite and Fungi","floor":29,"turns":6},{"damage":5,"enemies":"Cultist and Chosen","floor":30,"turns":7},{"damage":95,"enemies":"Collector","floor":33,"turns":12}],"seed_played":"5346836289959612758","potions_obtained":[{"floor":2,"key":"Energy Potion"},{"floor":6,"key":"EssenceOfSteel"},{"floor":12,"key":"SpeedPotion"},{"floor":14,"key":"ColorlessPotion"},{"floor":18,"key":"BloodPotion"},{"floor":25,"key":"LiquidMemories"},{"floor":27,"key":"SteroidPotion"},{"floor":29,"key":"Swift Potion"}],"is_trial":false,"path_per_floor":["M","M","?","M","$","E","R","?","T","E","R","M","?","M","R","B",null,"M","M","T","M","M","E","R","M","T","M","?","M","M","T","R","B"],"character_chosen":"IRONCLAD","items_purchased":["expansioncontent:ChargeUp","Pommel Strike"],"campfire_rested":3,"item_purchase_floors":[5,5],"current_hp_per_floor":[53,55,48,49,49,9,34,17,17,31,31,33,33,36,66,42,89,81,73,73,57,42,53,53,30,30,32,32,15,16,16,65,0,0],"gold":311,"neow_bonus":"TRANSFORM_TWO_CARDS","is_daily":false,"chose_seed":false,"campfire_upgraded":1,"win_rate":0.0,"timestamp":1610166337,"path_taken":["M","M","?","M","$","E","R","?","T","E","R","M","?","?","R","BOSS","M","M","?","M","?","E","R","M","T","?","?","M","M","?","R","BOSS"],"items_purchased_type":["Card","Card"],"build_version":"2020-12-18","purchased_purges":0,"victory":false,"max_hp_per_floor":[78,81,81,84,84,84,84,84,84,98,98,101,101,101,101,104,104,107,107,107,107,107,115,115,115,115,115,115,115,115,115,115,115,115],"card_choices":[{"not_picked":["Havoc","Carnage"],"picked":"Shrug It Off","floor":1},{"not_picked":["Clothesline","Defy Death"],"picked":"Battle Trance","floor":2},{"not_picked":["Thunderclap","Pommel Strike"],"picked":"Armaments","floor":4},{"not_picked":["Body Slam","Replay:Undeath\u0027s Touch","Defy Death"],"picked":"SKIP","floor":6},{"not_picked":["True Grit","Flex"],"picked":"Iron Wave","floor":10},{"not_picked":["Pommel Strike","Armaments"],"picked":"Juggernaut","floor":12},{"not_picked":["ReplayReversal","True Grit"],"picked":"Iron Wave","floor":14},{"not_picked":["Corruption","hubris:StunningStrike"],"picked":"Eclipse","floor":16},{"not_picked":["Intimidate+1","Defy Death"],"picked":"Combust+1","floor":18},{"not_picked":["Warcry+1","Headbutt"],"picked":"Shrug It Off+1","floor":19},{"not_picked":["Warcry","ReplayTheSpireMod:Strike From Hell"],"picked":"Spot Weakness","floor":21},{"not_picked":["Dark Embrace","Warcry"],"picked":"Cleave","floor":22},{"not_picked":["Entrench","Clash"],"picked":"Pommel Strike","floor":23},{"not_picked":["Wild Strike+1","Headbutt","ReplayTheSpireMod:Strike From Hell"],"picked":"SKIP","floor":25},{"not_picked":["Wild Strike","ReplayTheSpireMod:Strike From Hell"],"picked":"Barricade","floor":27},{"not_picked":["Sever Soul","Run Through"],"picked":"Entrench","floor":29},{"not_picked":["Spot Weakness+1","Shrug It Off"],"picked":"Rage","floor":30}],"player_experience":567753,"relics_obtained":[{"floor":6,"key":"Tiny Chest"},{"floor":10,"key":"Mango"},{"floor":20,"key":"Pen Nib"},{"floor":23,"key":"Durian"},{"floor":26,"key":"Eternal Feather"},{"floor":31,"key":"ReplayTheSpireMod:Spearhead"}],"event_choices":[{"cards_removed":["Strike_R"],"damage_healed":0,"gold_gain":0,"player_choice":"Card Removal","damage_taken":7,"max_hp_gain":0,"max_hp_loss":0,"event_name":"Golden Wing","floor":3,"gold_loss":0},{"damage_healed":0,"gold_gain":0,"player_choice":"Entered Light","damage_taken":17,"max_hp_gain":0,"max_hp_loss":0,"event_name":"Shining Light","floor":8,"gold_loss":0,"cards_upgraded":["Defend_R","Battle Trance"]},{"damage_healed":0,"gold_gain":0,"cards_transformed":["Strike_R"],"player_choice":"Transformed","damage_taken":0,"max_hp_gain":0,"max_hp_loss":0,"event_name":"Transmorgrifier","floor":13,"gold_loss":0,"cards_obtained":["Combust"]}],"is_beta":true,"boss_relics":[{"not_picked":["hubris:HollowSoul","Velvet Choker"],"picked":"Pandora\u0027s Box"}],"items_purged_floors":[],"is_endless":false,"potions_floor_spawned":[2,6,12,14,18,25,27,29],"killed_by":"Collector","ascension_level":14}}