{"host":"dyzdf8svqmiivg97","time":1610183526,"event":{"mods":["AchievementEnabler","BaseMod","Colored Map","DeckTracker","Minty Spire (QoL Compilation)","Permanent Neow","Quick Restart","Rare Cards Sparkle","SuperFastMode"],"gold_per_floor":[12,22,37,37,37,37,72,72,97,97,116,149,149,170,170,266,266,286,304,320,320,335,335,366,366,366,366,381,139,153,153,153,242,242,257,207,207,228,252,286,286,324,370,133,133,14,29,49,49,49,49,49,20,55,55],"floor_reached":56,"playtime":1749,"items_purged":["Strike_P","Defend_P","BowlingBash","CutThroughFate"],"score":2318,"play_id":"0016f955-448f-43a1-b6b6-bc98d930bbb1","local_time":"20210109181206","is_ascension_mode":true,"campfire_choices":[{"data":"Eruption","floor":6.0,"key":"SMITH"},{"data":"FollowUp","floor":8.0,"key":"SMITH"},{"data":"FearNoEvil","floor":10.0,"key":"SMITH"},{"data":"CrushJoints","floor":13.0,"key":"SMITH"},{"data":"FlurryOfBlows","floor":15.0,"key":"SMITH"},{"data":"Scrawl","floor":23.0,"key":"SMITH"},{"data":"MentalFortress","floor":25.0,"key":"SMITH"},{"floor":27.0,"key":"REST"},{"data":"MentalFortress","floor":32.0,"key":"SMITH"},{"data":"Adaptation","floor":41.0,"key":"SMITH"},{"floor":45.0,"key":"RECALL"},{"data":"Vault","floor":49.0,"key":"SMITH"},{"data":"Scrawl","floor":52.0,"key":"SMITH"}],"circlet_count":0,"master_deck":["AscendersBane","Defend_P","Defend_P","Eruption+1","Vigilance","FollowUp+1","FearNoEvil+1","CrushJoints+1","FlurryOfBlows+1","Scrawl+1","Indignation","MentalFortress+1","Scrawl+1","MentalFortress+1","Vault+1","Adaptation+1","Tantrum","EmptyFist","MentalFortress+1","EmptyMind+1","DeusExMachina+1"],"relics":["PureWater","Golden Idol","Akabeko","Nunchaku","Meat on the Bone","Black Star","PreservedInsect","Pantograph","Singing Bowl","Membership Card","VioletLotus","Toxic Egg 2","TeardropLocket","Frozen Egg 2","MealTicket","Bag of Preparation","Shuriken","Yang","Damaru"],"acts_visited":["Exordium","TheCity","TheBeyond","TheEnding"],"potions_floor_usage":[55],"damage_taken":[{"damage":4.0,"enemies":"Small Slimes","floor":1.0,"turns":4.0},{"damage":0.0,"enemies":"Cultist","floor":2.0,"turns":2.0},{"damage":0.0,"enemies":"2 Louse","floor":3.0,"turns":2.0},{"damage":0.0,"enemies":"Gremlin Nob","floor":7.0,"turns":2.0},{"damage":1.0,"enemies":"Red Slaver","floor":11.0,"turns":2.0},{"damage":7.0,"enemies":"3 Sentries","floor":12.0,"turns":5.0},{"damage":6.0,"enemies":"3 Louse","floor":14.0,"turns":2.0},{"damage":15.0,"enemies":"Hexaghost","floor":16.0,"turns":7.0},{"damage":8.0,"enemies":"2 Thieves","floor":18.0,"turns":3.0},{"damage":0.0,"enemies":"Chosen","floor":19.0,"turns":2.0},{"damage":0.0,"enemies":"Snake Plant","floor":20.0,"turns":2.0},{"damage":28.0,"enemies":"Centurion and Healer","floor":22.0,"turns":2.0},{"damage":0.0,"enemies":"Slavers","floor":24.0,"turns":2.0},{"damage":24.0,"enemies":"Cultist and Chosen","floor":28.0,"turns":4.0},{"damage":9.0,"enemies":"Shelled Parasite and Fungi","floor":30.0,"turns":2.0},{"damage":40.0,"enemies":"Automaton","floor":33.0,"turns":5.0},{"damage":0.0,"enemies":"Orb Walker","floor":35.0,"turns":1.0},{"damage":7.0,"enemies":"3 Darklings","floor":38.0,"turns":3.0},{"damage":13.0,"enemies":"Spire Growth","floor":39.0,"turns":4.0},{"damage":0.0,"enemies":"Reptomancer","floor":40.0,"turns":3.0},{"damage":0.0,"enemies":"Nemesis","floor":42.0,"turns":1.0},{"damage":0.0,"enemies":"Writhing Mass","floor":47.0,"turns":3.0},{"damage":0.0,"enemies":"Transient","floor":48.0,"turns":7.0},{"damage":2.0,"enemies":"Donu and Deca","floor":50.0,"turns":6.0},{"damage":0.0,"enemies":"Shield and Spear","floor":54.0,"turns":2.0},{"damage":20,"enemies":"The Heart","floor":55,"turns":5}],"seed_played":"2533277249753435576","potions_obtained":[{"floor":2.0,"key":"Block Potion"},{"floor":11.0,"key":"DuplicationPotion"},{"floor":14.0,"key":"StancePotion"},{"floor":18.0,"key":"AttackPotion"},{"floor":24.0,"key":"StancePotion"},{"floor":28.0,"key":"Fire Potion"},{"floor":39.0,"key":"Block Potion"},{"floor":40.0,"key":"Strength Potion"}],"is_trial":false,"path_per_floor":["M","M","M","?","?","R","E","R","T","R","M","E","R","M","R","B",null,"M","M","M","?","M","R","E","R","T","R","M","$","M","?","R","B",null,"M","$","?","M","M","E","R","E","T","$","R","$","M","M","R","B",null,"R","$","E","B",null],"character_chosen":"WATCHER","items_purchased":["Membership Card","MentalFortress","EmptyFist","Shuriken","MentalFortress+1","Swift Potion"],"campfire_rested":1,"item_purchase_floors":[29,29,44,44,46,53],"current_hp_per_floor":[57,57,57,57,57,57,57,57,57,57,56,49,49,43,43,40,57,49,49,49,49,33,33,33,33,33,51,39,39,44,44,44,36,57,59,59,59,52,41,41,41,43,43,58,58,70,72,72,72,70,72,72,72,72,52],"gold":55,"neow_bonus":"TRANSFORM_TWO_CARDS","is_daily":false,"chose_seed":false,"campfire_upgraded":11,"win_rate":0.0,"timestamp":1610183526,"path_taken":["M","M","M","?","?","R","E","R","T","R","M","E","R","M","R","BOSS","M","?","M","?","M","R","E","R","T","R","?","$","M","?","R","BOSS","M","$","?","?","M","E","R","E","T","$","R","$","M","M","R","BOSS","R","$","E","BOSS"],"items_purchased_type":["Relic","Card","Card","Relic","Card","Potion"],"build_version":"2020-12-22","purchased_purges":4,"victory":true,"max_hp_per_floor":[68,68,68,62,62,62,62,62,62,62,62,62,62,62,62,62,62,62,62,62,62,62,62,62,62,62,62,62,62,64,64,64,64,64,66,66,66,66,68,68,68,70,70,70,70,70,72,72,72,72,72,72,72,72,72],"card_choices":[{"not_picked":["CutThroughFate","WindmillStrike","SandsOfTime"],"picked":"SKIP","floor":1.0},{"not_picked":["ClearTheMind","FollowUp","Pray"],"picked":"SKIP","floor":2.0},{"not_picked":["ReachHeaven","Pray","SandsOfTime"],"picked":"SKIP","floor":3.0},{"not_picked":["Consecrate","ClearTheMind"],"picked":"FearNoEvil","floor":7.0},{"not_picked":["BowlingBash","JustLucky"],"picked":"CrushJoints","floor":11.0},{"not_picked":["Collect","Halt"],"picked":"FlurryOfBlows","floor":12.0},{"not_picked":["Consecrate","Collect","ConjureBlade"],"picked":"SKIP","floor":14.0},{"not_picked":["Alpha","DeusExMachina"],"picked":"Scrawl","floor":16.0},{"not_picked":["FlyingSleeves","PathToVictory"],"picked":"BowlingBash","floor":18.0},{"not_picked":["Consecrate","PathToVictory+1"],"picked":"Indignation","floor":19.0},{"not_picked":["WaveOfTheHand","Protect"],"picked":"MentalFortress","floor":20.0},{"not_picked":["Sanctity","FlyingSleeves","Halt+1"],"picked":"SKIP","floor":22.0},{"not_picked":["Worship+1","Perseverance","Indignation"],"picked":"SKIP","floor":24.0},{"not_picked":["Protect","CutThroughFate"],"picked":"Scrawl","floor":28.0},{"not_picked":["FearNoEvil","Perseverance","Crescendo"],"picked":"Singing Bowl","floor":30.0},{"not_picked":["Judgement","MasterReality"],"picked":"Vault","floor":33.0},{"not_picked":["Wireheading","Consecrate+1","WaveOfTheHand"],"picked":"Singing Bowl","floor":35.0},{"not_picked":["FlyingSleeves+1","EmptyFist+1"],"picked":"Adaptation","floor":38.0},{"not_picked":["JustLucky","Evaluate+1","Crescendo+1"],"picked":"Singing Bowl","floor":39.0},{"not_picked":["LessonLearned","Crescendo+1"],"picked":"Tantrum","floor":40.0},{"not_picked":["JustLucky+1","SashWhip","FlyingSleeves"],"picked":"Singing Bowl","floor":42.0},{"not_picked":["FollowUp","EmptyMind+1","SignatureMove"],"picked":"Singing Bowl","floor":47.0},{"not_picked":["SashWhip","CarveReality"],"picked":"EmptyMind+1","floor":48.0},{"not_picked":["Vengeance+1","SashWhip"],"picked":"DeusExMachina+1","floor":54.0}],"player_experience":646635,"relics_obtained":[{"floor":7.0,"key":"Akabeko"},{"floor":9.0,"key":"Nunchaku"},{"floor":12.0,"key":"Meat on the Bone"},{"floor":24.0,"key":"PreservedInsect"},{"floor":24.0,"key":"Pantograph"},{"floor":26.0,"key":"Singing Bowl"},{"floor":40.0,"key":"TeardropLocket"},{"floor":40.0,"key":"Frozen Egg 2"},{"floor":42.0,"key":"MealTicket"},{"floor":42.0,"key":"Bag of Preparation"},{"floor":54.0,"key":"Yang"},{"floor":54.0,"key":"Damaru"}],"event_choices":[{"damage_healed":0.0,"max_hp_gain":0.0,"max_hp_loss":6.0,"gold_gain":0.0,"event_name":"Golden Idol","player_choice":"Lose Max HP","floor":4.0,"gold_loss":0.0,"damage_taken":0.0,"relics_obtained":["Golden Idol"]},{"cards_removed":["Defend_P"],"damage_healed":0.0,"max_hp_gain":0.0,"max_hp_loss":0.0,"gold_gain":0.0,"event_name":"Purifier","player_choice":"Purged","floor":5.0,"gold_loss":0.0,"damage_taken":0.0},{"damage_healed":0.0,"max_hp_gain":0.0,"max_hp_loss":0.0,"gold_gain":0.0,"event_name":"Match and Keep!","player_choice":"0 cards matched","floor":21.0,"gold_loss":0.0,"damage_taken":0.0,"cards_obtained":[]},{"cards_removed":["Strike_P"],"damage_healed":0.0,"max_hp_gain":0.0,"max_hp_loss":0.0,"gold_gain":0.0,"event_name":"Back to Basics","player_choice":"Elegance","floor":31.0,"gold_loss":0.0,"damage_taken":0.0},{"damage_healed":0.0,"max_hp_gain":0.0,"max_hp_loss":0.0,"gold_gain":0.0,"event_name":"WeMeetAgain","player_choice":"Gave Potion","floor":37.0,"gold_loss":0.0,"damage_taken":0.0,"relics_obtained":["Toxic Egg 2"]}],"is_beta":false,"boss_relics":[{"not_picked":["Fusion Hammer","Snecko Eye"],"picked":"Black Star"},{"not_picked":["Sozu","Astrolabe"],"picked":"VioletLotus"}],"items_purged_floors":[29,36,44,46],"is_endless":false,"potions_floor_spawned":[2,11,14,18,19,24,28,39,40,47,48,54],"ascension_level":18}}