{"host":"msa0wxqjs3jv1k3j","time":1610199915,"event":{"mods":["BaseMod","BetterRewards","Colored Map","Highlight Path","KOR Keyword Fix","Keyboard Shortcuts","Minty Spire (QoL Compilation)","Quick Restart","SuperFastMode","everything is the same but u backflip on backflip"],"gold_per_floor":[116,116,129,178,178,189,200,200,200,222,234,246,286,316,328,437,449,481,506,535,547,571,583,583],"floor_reached":23,"playtime":933,"items_purged":["Strike_G"],"score":295,"play_id":"baf83e1d-b0a3-41ea-9fc2-fe237a5a0b15","local_time":"20210109224515","is_ascension_mode":false,"campfire_choices":[{"floor":8.0,"key":"REST"},{"data":"Transmutation","floor":12.0,"key":"SMITH"},{"floor":15.0,"key":"REST"}],"circlet_count":0,"master_deck":["Strike_G","Strike_G+1","Defend_G+1","Defend_G","Defend_G","Survivor","Neutralize","Deadly Poison","Outmaneuver","Accuracy","Dagger Spray","Transmutation+1","Outmaneuver","Bane","Noxious Fumes","Distraction","Flying Knee","Deadly Poison","PiercingWail","Die Die Die","Envenom","Slice","Cloak And Dagger","Noxious Fumes"],"relics":["Ring of the Snake","Gambling Chip","Membership Card","Anchor","Matryoshka","Pear","Oddly Smooth Stone","Snake Skull","MawBank","Dream Catcher","Regal Pillow","Empty Cage"],"acts_visited":["Exordium","TheCity"],"potions_floor_usage":[],"damage_taken":[{"damage":2.0,"enemies":"Small Slimes","floor":1.0,"turns":4.0},{"damage":0.0,"enemies":"Jaw Worm","floor":3.0,"turns":4.0},{"damage":4.0,"enemies":"2 Louse","floor":6.0,"turns":3.0},{"damage":7.0,"enemies":"Blue Slaver","floor":7.0,"turns":3.0},{"damage":6.0,"enemies":"2 Fungi Beasts","floor":10.0,"turns":3.0},{"damage":17.0,"enemies":"3 Sentries","floor":13.0,"turns":6.0},{"damage":8.0,"enemies":"Red Slaver","floor":14.0,"turns":3.0},{"damage":48.0,"enemies":"The Guardian","floor":16.0,"turns":9.0},{"damage":0.0,"enemies":"3 Byrds","floor":18.0,"turns":3.0},{"damage":24.0,"enemies":"Chosen","floor":19.0,"turns":6.0},{"damage":29.0,"enemies":"Centurion and Healer","floor":20.0,"turns":7.0},{"damage":24.0,"enemies":"Chosen and Byrds","floor":22.0,"turns":5.0},{"damage":8,"enemies":"Book of Stabbing","floor":23,"turns":2}],"seed_played":"6545940558867741072","potions_obtained":[{"floor":1.0,"key":"GamblersBrew"},{"floor":3.0,"key":"Block Potion"},{"floor":10.0,"key":"Energy Potion"},{"floor":19.0,"key":"Fire Potion"},{"floor":20.0,"key":"Block Potion"}],"is_trial":false,"path_per_floor":["M","?","M","T","?","M","M","R","T","M","T","R","E","M","R","B",null,"M","M","M","?","M","E"],"character_chosen":"THE_SILENT","items_purchased":["Deadly Poison","Outmaneuver","Accuracy","Membership Card","Anchor","Matryoshka","Dagger Spray","Transmutation"],"campfire_rested":2,"item_purchase_floors":[0,0,0,0,0,0,0,0],"current_hp_per_floor":[68,61,61,71,55,51,44,68,68,62,62,62,45,37,76,28,80,80,56,27,27,3,0,0],"gold":583,"neow_bonus":"","is_daily":false,"chose_seed":false,"campfire_upgraded":1,"win_rate":0.0,"timestamp":1610199915,"path_taken":["M","?","M","?","?","M","M","R","T","M","?","R","E","?","R","BOSS","M","M","M","?","M","E"],"items_purchased_type":["Card","Card","Card","Relic","Relic","Relic","Card","Card"],"build_version":"2020-12-22","purchased_purges":1,"victory":false,"max_hp_per_floor":[70,70,70,80,80,80,80,80,80,80,80,80,80,80,80,80,80,80,80,80,80,80,80,80],"card_choices":[{"not_picked":["Skewer","Deflect"],"picked":"Outmaneuver","floor":1.0},{"not_picked":["Dodge and Roll","Eviscerate"],"picked":"Bane","floor":3.0},{"not_picked":["Flying Knee","Outmaneuver"],"picked":"Noxious Fumes","floor":6.0},{"not_picked":["Quick Slash","Poisoned Stab"],"picked":"Distraction","floor":7.0},{"not_picked":["Deflect","Dagger Throw"],"picked":"Flying Knee","floor":10.0},{"not_picked":["Prepared","Heel Hook"],"picked":"Deadly Poison","floor":13.0},{"not_picked":["Slice","Deadly Poison"],"picked":"PiercingWail","floor":14.0},{"not_picked":["Dagger Spray","Predator"],"picked":"Die Die Die","floor":15.0},{"not_picked":["Wraith Form v2","Burst"],"picked":"Envenom","floor":16.0},{"not_picked":["All Out Attack","Bane"],"picked":"Slice","floor":18.0},{"not_picked":["Sucker Punch","Backflip"],"picked":"Cloak And Dagger","floor":19.0},{"not_picked":["Escape Plan","Tactician","Dagger Spray"],"picked":"SKIP","floor":20.0},{"not_picked":["Dagger Spray","Outmaneuver"],"picked":"Noxious Fumes","floor":22.0}],"player_experience":54528,"relics_obtained":[{"floor":4.0,"key":"Pear"},{"floor":4.0,"key":"Oddly Smooth Stone"},{"floor":9.0,"key":"Snake Skull"},{"floor":9.0,"key":"MawBank"},{"floor":11.0,"key":"Dream Catcher"},{"floor":13.0,"key":"Regal Pillow"}],"event_choices":[{"cards_removed":["Defend_G"],"damage_healed":0.0,"max_hp_gain":0.0,"max_hp_loss":0.0,"gold_gain":0.0,"event_name":"Golden Wing","player_choice":"Card Removal","floor":2.0,"gold_loss":0.0,"damage_taken":7.0},{"damage_healed":0.0,"max_hp_gain":0.0,"max_hp_loss":0.0,"gold_gain":0.0,"event_name":"Shining Light","player_choice":"Entered Light","floor":5.0,"gold_loss":0.0,"damage_taken":16.0,"cards_upgraded":["Defend_G","Strike_G"]},{"cards_removed":["Strike_G"],"damage_healed":0.0,"max_hp_gain":0.0,"max_hp_loss":0.0,"gold_gain":0.0,"event_name":"Purifier","player_choice":"Purged","floor":21.0,"gold_loss":0.0,"damage_taken":0.0}],"is_beta":false,"boss_relics":[{"not_picked":["Ectoplasm","Velvet Choker"],"picked":"Empty Cage"}],"items_purged_floors":[0],"is_endless":false,"potions_floor_spawned":[1,3,10,19,20],"killed_by":"Book of Stabbing","ascension_level":0}}