{"host":"bxn2em57qlx5u4i0","time":1610153421,"event":{"mods":["BaseMod","Colored Map","Colored Powertips","Highlight Path","Minty Spire (QoL Compilation)","Random Character Button","Relic Sorter","Relic Stats","StSLib","SuperFastMode"],"gold_per_floor":[111,111,111,111,111,136,162,195,269,302,330,364,398,445,457,548,560,589,601,374,400,431,456,482,515,515,548,548,562,596,625,625,699,699,717,315,315,333,343,377,414,457,457,491,523,553,581,590,590,590,590,590,590,33,66,66],"floor_reached":57,"playtime":1428,"items_purged":["Regret","Warcry","Regret"],"score":4800,"play_id":"34690e74-ec39-4fcb-8fbe-fb2a6846526a","local_time":"20210108195021","daily_mods":["SealedDeck","Heirloom","Time Dilation","Flight","DeadlyEvents","Elite Swarm","Lethality"],"is_ascension_mode":true,"campfire_choices":[{"data":"Feed","floor":15.0,"key":"SMITH"},{"floor":28.0,"key":"RECALL"},{"data":"Offering","floor":32.0,"key":"SMITH"},{"floor":49,"key":"DIG"},{"floor":53,"key":"DIG"}],"circlet_count":0,"master_deck":["AscendersBane","Shrug It Off","Shrug It Off","Inflame+1","Rage","Burning Pact","Dropkick+1","Dropkick+1","Thunderclap","Feed+1","Limit Break","Offering","Offering","Offering+1","Reaper","Offering","Exhume","Flash of Steel","Purity+1","Exhume+1","Reaper","Exhume+1"],"relics":["Burning Blood","Du-Vu Doll","Bag of Marbles","Mummified Hand","Vajra","White Beast Statue","CaptainsWheel","Orichalcum","Dream Catcher","MawBank","PreservedInsect","Black Star","MutagenicStrength","OrangePellets","Whetstone","Art of War","Paper Frog","Smiling Mask","Toy Ornithopter","Ancient Tea Set","Bronze Scales","Toxic Egg 2","Turnip","Ornamental Fan","The Courier","Pocketwatch","CeramicFish","Tiny Chest","FossilizedHelix","Bottled Lightning","Cursed Key","Matryoshka","Omamori","Prayer Wheel","Calipers","Thread and Needle","Gremlin Horn","Unceasing Top","Blood Vial","Kunai","Oddly Smooth Stone","Blue Candle","Shovel","Pear","Mercury Hourglass","Red Skull","StoneCalendar","Bag of Preparation","StrikeDummy","Sundial","Akabeko","Letter Opener","Lantern","Nunchaku","Centennial Puzzle","Lee\u0027s Waffle","Pen Nib","Strawberry"],"acts_visited":["Exordium","TheCity","TheBeyond","TheEnding"],"potions_floor_usage":[56,56],"damage_taken":[{"damage":0.0,"enemies":"2 Louse","floor":1.0,"turns":1.0},{"damage":2.0,"enemies":"Gremlin Nob","floor":6.0,"turns":2.0},{"damage":13.0,"enemies":"3 Sentries","floor":7.0,"turns":4.0},{"damage":0.0,"enemies":"Gremlin Nob","floor":8.0,"turns":2.0},{"damage":7.0,"enemies":"3 Sentries","floor":10.0,"turns":3.0},{"damage":4.0,"enemies":"Lagavulin","floor":11.0,"turns":2.0},{"damage":11.0,"enemies":"3 Sentries","floor":12.0,"turns":3.0},{"damage":1.0,"enemies":"Gremlin Nob","floor":13.0,"turns":2.0},{"damage":12.0,"enemies":"Lagavulin","floor":14.0,"turns":1.0},{"damage":12.0,"enemies":"Slime Boss","floor":16.0,"turns":1.0},{"damage":12.0,"enemies":"2 Thieves","floor":18.0,"turns":1.0},{"damage":6.0,"enemies":"Book of Stabbing","floor":22.0,"turns":1.0},{"damage":6.0,"enemies":"Slavers","floor":23.0,"turns":1.0},{"damage":12.0,"enemies":"Book of Stabbing","floor":24.0,"turns":1.0},{"damage":39.0,"enemies":"Slavers","floor":25.0,"turns":2.0},{"damage":18.0,"enemies":"Gremlin Leader","floor":27.0,"turns":1.0},{"damage":12.0,"enemies":"Shell Parasite","floor":29.0,"turns":1.0},{"damage":6.0,"enemies":"Book of Stabbing","floor":30.0,"turns":1.0},{"damage":18.0,"enemies":"Slavers","floor":31.0,"turns":1.0},{"damage":12.0,"enemies":"Champ","floor":33.0,"turns":1.0},{"damage":0.0,"enemies":"3 Shapes","floor":35.0,"turns":1.0},{"damage":0.0,"enemies":"3 Darklings","floor":39.0,"turns":1.0},{"damage":6.0,"enemies":"Reptomancer","floor":40.0,"turns":1.0},{"damage":6.0,"enemies":"Giant Head","floor":41.0,"turns":1.0},{"damage":0.0,"enemies":"Nemesis","floor":42.0,"turns":1.0},{"damage":12.0,"enemies":"Giant Head","floor":44.0,"turns":1.0},{"damage":6.0,"enemies":"Nemesis","floor":45.0,"turns":1.0},{"damage":0.0,"enemies":"Reptomancer","floor":46.0,"turns":1.0},{"damage":12.0,"enemies":"Giant Head","floor":47.0,"turns":1.0},{"damage":7,"enemies":"Time Eater","floor":50,"turns":1},{"damage":13,"enemies":"Donu and Deca","floor":51,"turns":1},{"damage":7,"enemies":"Shield and Spear","floor":55,"turns":1},{"damage":190,"enemies":"The Heart","floor":56,"turns":5}],"seed_played":"-8683045408395726742","potions_obtained":[{"floor":1.0,"key":"Regen Potion"},{"floor":7.0,"key":"Swift Potion"},{"floor":8.0,"key":"PowerPotion"},{"floor":11.0,"key":"Strength Potion"}],"is_trial":true,"path_per_floor":["M","?","?","?","?","E","E","E","T","E","E","E","E","E","R","B",null,"M","?","$","T","E","E","E","E","T","E","R","M","E","E","R","B",null,"M","$","?","?","M","E","E","E","T","E","E","E","E","T","R","B","B",null,"R","$","E","B",null],"character_chosen":"IRONCLAD","items_purchased":["OrangePellets","Matryoshka","Omamori","Lantern","Nunchaku","Centennial Puzzle","Lee\u0027s Waffle"],"campfire_rested":0,"item_purchase_floors":[20,36,36,54,54,54,54],"current_hp_per_floor":[74,67,67,67,67,71,64,70,70,72,77,75,80,77,77,75,87,85,85,85,85,89,99,103,111,111,103,103,101,123,131,131,125,130,139,139,139,129,143,147,151,155,155,159,173,177,181,181,181,185,189,189,189,196,211,124],"gold":66,"neow_bonus":"","is_daily":false,"chose_seed":false,"campfire_upgraded":2,"win_rate":0.0,"timestamp":1610153421,"path_taken":["M","?","?","?","?","E","E","E","T","E","E","?","E","E","R","BOSS","M","?","$","?","?","E","E","E","T","E","R","?","E","E","R","BOSS","M","$","?","?","?","E","E","E","T","E","E","E","E","?","R","BOSS","BOSS","R","$","E","BOSS"],"items_purchased_type":["Relic","Relic","Relic","Relic","Relic","Relic","Relic"],"build_version":"2020-12-22","purchased_purges":3,"victory":true,"max_hp_per_floor":[75,75,75,75,75,75,75,75,75,78,81,84,84,87,87,91,91,95,95,95,95,99,99,103,111,111,115,115,119,123,131,131,131,131,139,139,139,139,143,147,151,155,155,159,173,177,181,181,181,185,189,189,189,196,211,215],"relic_stats":{"Gremlin Horn":[4,4],"CeramicFish":54,"StoneCalendar":[0],"Bag of Preparation":[8],"Whetstone":["Dropkick","Dropkick"],"Smiling Mask":80,"Cursed Key":2,"Burning Blood":120,"Blood Vial":0,"Dream Catcher":0,"Nunchaku":[1],"Centennial Puzzle":[3],"Shovel":2,"Mummified Hand":[23],"Sundial":[2],"Tiny Chest":1,"Prayer Wheel":0,"Kunai":[11],"Lee\u0027s Waffle":7,"counters":[33,49],"Blue Candle":[4],"PreservedInsect":994,"Pen Nib":[1],"Letter Opener":[40],"Orichalcum":[12],"MawBank":84,"Mercury Hourglass":[33],"OrangePellets":[13],"Ornamental Fan":[80],"Bronze Scales":[54],"Turnip":[2],"Black Star":15,"Art of War":[0],"obtain_stats":[{"Calipers":41,"Gremlin Horn":42,"CeramicFish":30,"Vajra":7,"Whetstone":21,"Blood Vial":43,"Centennial Puzzle":54,"Sundial":48,"Strawberry":55,"Prayer Wheel":40,"Kunai":43,"Toxic Egg 2":25,"Pear":45,"Blue Candle":44,"Oddly Smooth Stone":44,"Pen Nib":55,"Letter Opener":53,"Akabeko":49,"Du-Vu Doll":0,"OrangePellets":20,"MutagenicStrength":19,"Bronze Scales":24,"Black Star":17,"StrikeDummy":48,"Unceasing Top":42,"Pocketwatch":27,"Lantern":54,"StoneCalendar":47,"Bag of Preparation":47,"Smiling Mask":23,"Ancient Tea Set":24,"Cursed Key":34,"Burning Blood":0,"Dream Catcher":12,"Nunchaku":54,"Matryoshka":36,"Shovel":45,"Mummified Hand":6,"Tiny Chest":30,"Red Skull":46,"Paper Frog":22,"Lee\u0027s Waffle":54,"Thread and Needle":41,"PreservedInsect":14,"The Courier":27,"Omamori":36,"Orichalcum":11,"MawBank":13,"White Beast Statue":8,"Mercury Hourglass":46,"CaptainsWheel":10,"Ornamental Fan":26,"Turnip":25,"Bag of Marbles":5,"Art of War":22,"Bottled Lightning":31,"Toy Ornithopter":23,"FossilizedHelix":31},{"Calipers":24,"Gremlin Horn":25,"CeramicFish":18,"Vajra":3,"Whetstone":11,"Blood Vial":25,"Centennial Puzzle":31,"Sundial":29,"Strawberry":32,"Prayer Wheel":23,"Kunai":25,"Toxic Egg 2":15,"Pear":27,"Blue Candle":26,"Oddly Smooth Stone":26,"Pen Nib":32,"Letter Opener":31,"Akabeko":29,"Du-Vu Doll":0,"OrangePellets":11,"MutagenicStrength":11,"Bronze Scales":14,"Black Star":10,"StrikeDummy":29,"Unceasing Top":25,"Pocketwatch":16,"Lantern":31,"StoneCalendar":29,"Bag of Preparation":29,"Smiling Mask":13,"Ancient Tea Set":14,"Cursed Key":20,"Burning Blood":0,"Dream Catcher":7,"Nunchaku":31,"Matryoshka":21,"Shovel":27,"Mummified Hand":2,"Tiny Chest":18,"Red Skull":28,"Paper Frog":12,"Lee\u0027s Waffle":31,"Thread and Needle":24,"PreservedInsect":9,"The Courier":16,"Omamori":21,"Orichalcum":6,"MawBank":8,"White Beast Statue":4,"Mercury Hourglass":28,"CaptainsWheel":5,"Ornamental Fan":15,"Turnip":15,"Bag of Marbles":1,"Art of War":12,"Bottled Lightning":19,"Toy Ornithopter":13,"FossilizedHelix":19},{"Calipers":36,"Gremlin Horn":37,"CeramicFish":30,"Vajra":7,"Whetstone":22,"Blood Vial":37,"Centennial Puzzle":43,"Sundial":41,"Strawberry":44,"Prayer Wheel":35,"Kunai":37,"Toxic Egg 2":27,"Pear":39,"Blue Candle":38,"Oddly Smooth Stone":38,"Pen Nib":44,"Letter Opener":43,"Akabeko":41,"Du-Vu Doll":0,"OrangePellets":22,"MutagenicStrength":22,"Bronze Scales":25,"Black Star":21,"StrikeDummy":41,"Unceasing Top":37,"Pocketwatch":28,"Lantern":43,"StoneCalendar":41,"Bag of Preparation":41,"Smiling Mask":24,"Ancient Tea Set":25,"Cursed Key":32,"Burning Blood":0,"Dream Catcher":17,"Nunchaku":43,"Matryoshka":33,"Shovel":39,"Mummified Hand":3,"Tiny Chest":30,"Red Skull":40,"Paper Frog":23,"Lee\u0027s Waffle":43,"Thread and Needle":36,"PreservedInsect":20,"The Courier":28,"Omamori":33,"Orichalcum":14,"MawBank":19,"White Beast Statue":9,"Mercury Hourglass":40,"CaptainsWheel":12,"Ornamental Fan":27,"Turnip":27,"Bag of Marbles":1,"Art of War":23,"Bottled Lightning":31,"Toy Ornithopter":24,"FossilizedHelix":31}],"Toy Ornithopter":10,"Unceasing Top":[0],"Pocketwatch":[0]},"card_choices":[{"not_picked":["Perfected Strike","Body Slam","Warcry"],"picked":"SKIP","floor":1.0},{"not_picked":["Double Tap","Immolate","Berserk"],"picked":"SKIP","floor":6.0},{"not_picked":["Double Tap","Barricade","Brutality"],"picked":"SKIP","floor":7.0},{"not_picked":["Impervious","Reaper"],"picked":"Feed","floor":8.0},{"not_picked":["Impervious","Juggernaut"],"picked":"Limit Break","floor":10.0},{"not_picked":["Corruption","Feed"],"picked":"Offering","floor":11.0},{"not_picked":["Juggernaut","Berserk"],"picked":"Offering","floor":12.0},{"not_picked":["Corruption","Bludgeon"],"picked":"Offering","floor":13.0},{"not_picked":["Impervious","Juggernaut","Double Tap"],"picked":"SKIP","floor":14.0},{"not_picked":["Thunderclap+1","Entrench+1","Disarm"],"picked":"SKIP","floor":18.0},{"not_picked":["Juggernaut","Barricade"],"picked":"Reaper","floor":22.0},{"not_picked":["Reaper","Feed"],"picked":"Offering","floor":23.0},{"not_picked":["Corruption","Demon Form"],"picked":"Exhume","floor":24.0},{"not_picked":["Impervious+1","Brutality","Limit Break+1"],"picked":"SKIP","floor":25.0},{"not_picked":["Offering+1","Fiend Fire","Corruption"],"picked":"SKIP","floor":27.0},{"not_picked":["True Grit+1","Rupture","Wild Strike"],"picked":"SKIP","floor":29.0},{"not_picked":["Corruption","Limit Break+1","Bludgeon"],"picked":"SKIP","floor":30.0},{"not_picked":["Juggernaut","Offering+1","Immolate"],"picked":"SKIP","floor":31.0},{"not_picked":["Anger+1","Hemokinesis","Clash"],"picked":"SKIP","floor":35.0},{"not_picked":["PanicButton+1","Chrysalis+1"],"picked":"Flash of Steel","floor":38.0},{"not_picked":["Mayhem","Forethought+1"],"picked":"Purity+1","floor":38.0},{"not_picked":["Evolve","Wild Strike","Iron Wave"],"picked":"SKIP","floor":39.0},{"not_picked":["Corruption","Impervious+1","Juggernaut"],"picked":"SKIP","floor":40.0},{"not_picked":["Double Tap+1","Bludgeon"],"picked":"Exhume+1","floor":41.0},{"not_picked":["Berserk","Limit Break+1"],"picked":"Reaper","floor":42.0},{"not_picked":["Bludgeon","Impervious+1"],"picked":"Exhume+1","floor":44.0},{"not_picked":["Brutality","Exhume+1","Offering+1"],"picked":"SKIP","floor":45.0},{"not_picked":["Fiend Fire","Feed","Juggernaut"],"picked":"SKIP","floor":46.0},{"not_picked":["Limit Break+1","Brutality","Corruption"],"picked":"SKIP","floor":47.0},{"not_picked":["Bludgeon","Brutality","Berserk"],"picked":"SKIP","floor":55}],"player_experience":2893990,"relics_obtained":[{"floor":6.0,"key":"Mummified Hand"},{"floor":7.0,"key":"Vajra"},{"floor":8.0,"key":"White Beast Statue"},{"floor":10.0,"key":"CaptainsWheel"},{"floor":11.0,"key":"Orichalcum"},{"floor":12.0,"key":"Dream Catcher"},{"floor":13.0,"key":"MawBank"},{"floor":14.0,"key":"PreservedInsect"},{"floor":21.0,"key":"Whetstone"},{"floor":22.0,"key":"Art of War"},{"floor":22.0,"key":"Paper Frog"},{"floor":23.0,"key":"Smiling Mask"},{"floor":23.0,"key":"Toy Ornithopter"},{"floor":24.0,"key":"Ancient Tea Set"},{"floor":24.0,"key":"Bronze Scales"},{"floor":25.0,"key":"Toxic Egg 2"},{"floor":25.0,"key":"Turnip"},{"floor":26.0,"key":"Ornamental Fan"},{"floor":27.0,"key":"The Courier"},{"floor":27.0,"key":"Pocketwatch"},{"floor":30.0,"key":"CeramicFish"},{"floor":30.0,"key":"Tiny Chest"},{"floor":31.0,"key":"FossilizedHelix"},{"floor":31.0,"key":"Bottled Lightning"},{"floor":40.0,"key":"Prayer Wheel"},{"floor":41.0,"key":"Calipers"},{"floor":41.0,"key":"Thread and Needle"},{"floor":42.0,"key":"Gremlin Horn"},{"floor":42.0,"key":"Unceasing Top"},{"floor":43.0,"key":"Blood Vial"},{"floor":43.0,"key":"Kunai"},{"floor":44.0,"key":"Oddly Smooth Stone"},{"floor":44.0,"key":"Blue Candle"},{"floor":45.0,"key":"Shovel"},{"floor":45.0,"key":"Pear"},{"floor":46.0,"key":"Mercury Hourglass"},{"floor":46.0,"key":"Red Skull"},{"floor":47.0,"key":"StoneCalendar"},{"floor":47.0,"key":"Bag of Preparation"},{"floor":48,"key":"StrikeDummy"},{"floor":48,"key":"Sundial"},{"floor":49,"key":"Akabeko"},{"floor":53,"key":"Letter Opener"},{"floor":55,"key":"Pen Nib"},{"floor":55,"key":"Strawberry"}],"event_choices":[{"cards_removed":["Rage"],"damage_healed":0.0,"max_hp_gain":0.0,"max_hp_loss":0.0,"gold_gain":0.0,"event_name":"Golden Wing","player_choice":"Card Removal","floor":2.0,"gold_loss":0.0,"damage_taken":7.0},{"damage_healed":0.0,"max_hp_gain":0.0,"max_hp_loss":0.0,"gold_gain":0.0,"event_name":"Living Wall","player_choice":"Grow","floor":3.0,"gold_loss":0.0,"damage_taken":0.0,"cards_upgraded":["Inflame"]},{"damage_healed":0.0,"max_hp_gain":0.0,"max_hp_loss":0.0,"gold_gain":0.0,"event_name":"Liars Game","player_choice":"Ignored","floor":4.0,"gold_loss":0.0,"damage_taken":0.0},{"damage_healed":0.0,"max_hp_gain":0.0,"max_hp_loss":0.0,"gold_gain":0.0,"event_name":"Big Fish","player_choice":"Box","floor":5.0,"gold_loss":0.0,"damage_taken":0.0,"relics_obtained":["Bag of Marbles"],"cards_obtained":["Regret"]},{"damage_healed":0.0,"max_hp_gain":0.0,"max_hp_loss":0.0,"gold_gain":0.0,"event_name":"Drug Dealer","player_choice":"Inject Mutagens","floor":19.0,"gold_loss":0.0,"damage_taken":0.0,"relics_obtained":["MutagenicStrength"]},{"damage_healed":28.0,"max_hp_gain":0.0,"max_hp_loss":0.0,"gold_gain":0.0,"event_name":"Winding Halls","player_choice":"Writhe","floor":37.0,"gold_loss":0.0,"damage_taken":0.0,"cards_obtained":["Writhe"]},{"damage_healed":0.0,"max_hp_gain":0.0,"max_hp_loss":0.0,"gold_gain":0.0,"event_name":"SensoryStone","player_choice":"Memory 3","floor":38.0,"gold_loss":0.0,"damage_taken":10.0}],"is_beta":false,"boss_relics":[{"not_picked":["Sozu","Mark of Pain"],"picked":"Black Star"},{"not_picked":["Runic Dome","Black Blood"],"picked":"Cursed Key"}],"items_purged_floors":[20,36,54],"is_endless":false,"potions_floor_spawned":[1,7,8,10,11,12,13,14,16,18,22,23,24,25,27,29,30,31,33,35,39,40,41,42,44,45,46,47,55],"ascension_level":20}}