{"host":"3nces2ajq3sg92g2","time":1610194067,"event":{"mods":["ATMod(°¢èªMod)","Alarm Clock","Arknights The Spire","BaseMod","Colored Powertips","Conspire","Dota2Spire","Downfall","GungeonMod","Minty Spire (QoL Compilation)","MostiFishMod","Quick Restart","Replay The Spire","Shop Mod","StSLib","vexMod","¡¾¹¦ÄÜMod¡¿»ìãçÖ®»·ÐÞ¸´²¹¶¡","¡¾ÒÅÎï¿¨ÅÆ¡¿REMEMod","²ÐÁôÖ®Îï"],"gold_per_floor":[118,118,132,149,10,10,35,47,47,47,60,91,91,101,101,198,198,211,225,244,24,24,24,24],"floor_reached":23,"playtime":3354,"items_purged":[],"score":203,"play_id":"14214fa2-5799-4de6-960d-6acee64600cd","local_time":"20210109200747","is_ascension_mode":false,"campfire_choices":[{"floor":6,"key":"RECALL"},{"floor":13,"key":"REST"},{"data":"ats:Emotion Absorption","floor":15,"key":"SMITH"}],"circlet_count":0,"master_deck":["ats:Strike C","ats:Strike G+1","ats:Strike S","ats:Strike V","ats:Armor Crushing Shot","ats:Defend","ats:Defend","ats:Defend","ats:Defend","ats:Emotion Absorption+1","AT_FocusSwordFire","ats:Counter Healing Mode","ats:Apocalypse","ats:Very Hot Blade","ats:Ignite","ats:Nebulous Foxfire","ats:Wolf Pack","ats:Explosion Area Strengthen","ats:Thorns","ats:Closed Bolt Burst Fire","ats:Ignite","ats:Rat Pack","CurseOfTheBell","ats:Thermite Blade+1","ats:Hammer On","ats:Flexible Camouflage+1","ats:Assault Order","ats:Apocalypse"],"relics":["ats:Sanity","AT_ATBox","DaveBox","REME_ComplimentaryCards","SynthV:TestCard","GuanYuAspect","Gremlin Horn","ats:Originium","DemoMod:WeirdEgg","Unceasing Top","Calling Bell","DemoMod:MonsterBlood","Onion Ring","MerchantsRug"],"acts_visited":["Exordium","TheCity"],"potions_floor_usage":[11,12,16,16],"damage_taken":[{"damage":2,"enemies":"2 Louse","floor":1,"turns":3},{"damage":6,"enemies":"Jaw Worm","floor":3,"turns":4},{"damage":1,"enemies":"Cultist","floor":4,"turns":3},{"damage":15,"enemies":"Lagavulin","floor":7,"turns":6},{"damage":0,"enemies":"Exordium Thugs","floor":8,"turns":4},{"damage":16,"enemies":"3 Louse","floor":11,"turns":2},{"damage":37,"enemies":"3 Sentries","floor":12,"turns":8},{"damage":0,"enemies":"Lots of Slimes","floor":14,"turns":1},{"damage":51,"enemies":"Fading Forest","floor":16,"turns":11},{"damage":0,"enemies":"Spheric Guardian","floor":18,"turns":2},{"damage":29,"enemies":"conspire:FuzzyDice","floor":19,"turns":4},{"damage":21,"enemies":"Snecko","floor":20,"turns":6},{"damage":42,"enemies":"Book of Stabbing","floor":23,"turns":4}],"seed_played":"6045046507878692035","potions_obtained":[{"floor":3,"key":"SpeedPotion"},{"floor":8,"key":"SkillPotion"},{"floor":11,"key":"REME_GoldPotion"},{"floor":14,"key":"Dota2Spire:Clarity"}],"is_trial":false,"path_per_floor":["M","?","M","M","$","R","E","M","T","T","M","E","R","M","R","B",null,"M","M","M","$","?","E"],"character_chosen":"DOCTOR_CLASS","items_purchased":["ats:Nebulous Foxfire","MerchantsRug","ats:Assault Order","ats:Apocalypse"],"campfire_rested":1,"item_purchase_floors":[5,21,21,21],"current_hp_per_floor":[40,40,40,40,40,40,35,40,40,40,30,23,29,37,37,24,47,47,31,27,27,27,0,0],"gold":24,"neow_bonus":"TEN_PERCENT_HP_BONUS","is_daily":false,"chose_seed":false,"campfire_upgraded":1,"win_rate":0.0,"timestamp":1610194067,"path_taken":["M","?","M","M","$","R","E","M","T","?","?","E","R","M","R","BOSS","M","M","M","$","?","E"],"items_purchased_type":["Card","Relic","Card","Card"],"build_version":"2020-12-22","purchased_purges":0,"victory":false,"max_hp_per_floor":[40,40,40,40,40,40,40,40,40,40,40,40,40,40,40,40,47,47,47,47,47,47,47,47],"card_choices":[{"not_picked":["ats:Hook Shot","ats:Flexible Camouflage"],"picked":"ats:Apocalypse","floor":1},{"not_picked":["ats:Ignite","ats:Shell Defense","ats:Sword Rain","ats:Consecutive Shot Auto"],"picked":"ats:Very Hot Blade","floor":3},{"not_picked":["ats:Rapid Magazine","ats:Revitalization","ats:Curse Doll","ats:Childhood Dance"],"picked":"ats:Ignite","floor":4},{"not_picked":["ats:Childhood Dance","ats:Calcification","ats:Revitalization","ats:Roar Of Ursus"],"picked":"ats:Wolf Pack","floor":7},{"not_picked":["ats:Charging Defense","ats:Apocalypse","ats:Beaten Up","ats:Revitalization"],"picked":"ats:Explosion Area Strengthen","floor":8},{"not_picked":["ats:Leaping Hammer","ats:Apocalypse","ats:Soul Absorption","ats:Poison Spread"],"picked":"ats:Thorns","floor":11},{"not_picked":["ats:Ignite","ats:Thorns","ats:Healing Strengthening","ats:Shadow Assault"],"picked":"ats:Closed Bolt Burst Fire","floor":12},{"not_picked":["ats:Cat Scratch","ats:Revitalization","ats:Flexible Camouflage","ats:Part Time Job"],"picked":"ats:Ignite","floor":14},{"not_picked":["ats:Disruption Kick","ats:Nebulous Foxfire","ats:Fractured Body","ats:Wolf Pack"],"picked":"ats:Rat Pack","floor":16},{"not_picked":["ats:Automatic Cover","ats:Curse Doll+1","ats:Soul Absorption+1","ats:Apocalypse"],"picked":"ats:Thermite Blade+1","floor":18},{"not_picked":["ats:Cat Scratch+1","ats:Sunburst","ats:Beaten Up+1","ats:Curse Doll+1"],"picked":"ats:Hammer On","floor":19},{"not_picked":["ats:Explosion Area Strengthen","ats:Ignite","ats:Chain Hook","ats:Counter Healing Mode+1"],"picked":"ats:Flexible Camouflage+1","floor":20}],"player_experience":21263,"relics_obtained":[{"floor":1,"key":"SynthV:TestCard"},{"floor":7,"key":"Gremlin Horn"},{"floor":7,"key":"ats:Originium"},{"floor":10,"key":"DemoMod:WeirdEgg"},{"floor":12,"key":"ats:Originium"},{"floor":12,"key":"Unceasing Top"},{"floor":17,"key":"DemoMod:MonsterBlood"},{"floor":17,"key":"Onion Ring"}],"event_choices":[{"damage_healed":0,"gold_gain":0,"player_choice":"Ignored","damage_taken":0,"max_hp_gain":0,"max_hp_loss":0,"event_name":"Vampires","floor":22,"gold_loss":0}],"is_beta":false,"boss_relics":[{"not_picked":["SacredBark","MostiFishMod:Hod"],"picked":"Calling Bell"}],"items_purged_floors":[],"is_endless":false,"potions_floor_spawned":[3,8,11,14],"killed_by":"Book of Stabbing","ascension_level":0}}