{"host":"bxn2em57qlx5u4i0","time":1610233336,"event":{"mods":["BaseMod","Colored Map","Colored Powertips","Highlight Path","Minty Spire (QoL Compilation)","Random Character Button","Relic Sorter","Relic Stats","StSLib","SuperFastMode"],"gold_per_floor":[109,384,397,6,6,6,38,38,38,50,77,6,32,91,91,164,164,175,90,90,9,26,26,26],"floor_reached":23,"playtime":491,"items_purged":["Regret"],"score":460,"play_id":"f317a61f-bfa6-476c-88e4-6a480e3970fb","local_time":"20210109180216","is_ascension_mode":true,"campfire_choices":[{"data":"Dagger Spray","floor":6.0,"key":"SMITH"},{"data":"Glass Knife","floor":8.0,"key":"SMITH"},{"data":"Noxious Fumes","floor":15.0,"key":"SMITH"}],"circlet_count":0,"master_deck":["AscendersBane","Strike_G","Strike_G","Strike_G","Strike_G","Strike_G","Defend_G+1","Defend_G","Defend_G","Defend_G","Defend_G+1","Survivor","Neutralize","Dagger Spray+1","Blur","Glass Knife+1","PiercingWail","Noxious Fumes+1","Blur","Footwork","Bullet Time","Acrobatics","Reflex","Reflex","Prepared"],"relics":["Ring of the Snake","NeowsBlessing","HornCleat","Strawberry","Eternal Feather","MawBank","Singing Bowl","Akabeko","Black Star"],"acts_visited":["Exordium","TheCity"],"potions_floor_usage":[22],"damage_taken":[{"damage":0.0,"enemies":"Jaw Worm","floor":1.0,"turns":1.0},{"damage":0.0,"enemies":"Cultist","floor":3.0,"turns":1.0},{"damage":0.0,"enemies":"Gremlin Nob","floor":7.0,"turns":1.0},{"damage":0.0,"enemies":"2 Louse","floor":10.0,"turns":2.0},{"damage":3.0,"enemies":"Lagavulin","floor":11.0,"turns":5.0},{"damage":24.0,"enemies":"Gremlin Nob","floor":13.0,"turns":4.0},{"damage":0.0,"enemies":"Gremlin Nob","floor":14.0,"turns":3.0},{"damage":21.0,"enemies":"Slime Boss","floor":16.0,"turns":10.0},{"damage":4.0,"enemies":"3 Byrds","floor":18.0,"turns":5.0},{"damage":13,"enemies":"2 Thieves","floor":22,"turns":5},{"damage":49,"enemies":"Book of Stabbing","floor":23,"turns":5}],"seed_played":"5726901576789180555","potions_obtained":[{"floor":1.0,"key":"Fruit Juice"},{"floor":3.0,"key":"AttackPotion"},{"floor":11.0,"key":"AttackPotion"},{"floor":13.0,"key":"FearPotion"},{"floor":16.0,"key":"Swift Potion"}],"is_trial":false,"path_per_floor":["M","?","M","$","?","R","E","R","T","M","E","$","E","?","R","B",null,"M","$","?","$","M","E"],"character_chosen":"THE_SILENT","items_purchased":["HornCleat","Fire Potion","Noxious Fumes","Reflex","Reflex"],"campfire_rested":0,"item_purchase_floors":[4,4,12,19,21],"current_hp_per_floor":[59,59,59,64,43,43,50,50,50,50,47,47,23,23,35,14,62,58,58,58,58,45,0,0],"gold":26,"neow_bonus":"THREE_ENEMY_KILL","is_daily":false,"chose_seed":false,"campfire_upgraded":3,"win_rate":0.0,"timestamp":1610233336,"path_taken":["M","?","M","$","?","R","E","R","T","M","E","$","E","?","R","BOSS","M","$","?","$","M","E"],"items_purchased_type":["Relic","Potion","Card","Card","Card"],"build_version":"2020-12-22","purchased_purges":1,"victory":false,"max_hp_per_floor":[66,66,66,71,71,71,78,78,78,78,78,78,78,78,78,78,78,78,78,78,78,78,78,78],"relic_stats":{"Singing Bowl":0,"counters":[11,42],"Eternal Feather":12,"Black Star":0,"MawBank":12,"obtain_stats":[{"HornCleat":4,"NeowsBlessing":0,"Singing Bowl":13,"Strawberry":7,"Eternal Feather":9,"Black Star":17,"MawBank":11,"Akabeko":14,"Ring of the Snake":0},{"HornCleat":2,"NeowsBlessing":0,"Singing Bowl":6,"Strawberry":3,"Eternal Feather":3,"Black Star":8,"MawBank":5,"Akabeko":7,"Ring of the Snake":0},{"HornCleat":2,"NeowsBlessing":0,"Singing Bowl":14,"Strawberry":3,"Eternal Feather":3,"Black Star":27,"MawBank":10,"Akabeko":17,"Ring of the Snake":0}],"Ring of the Snake":[22]},"card_choices":[{"not_picked":["Concentrate","Dagger Throw"],"picked":"Dagger Spray","floor":1.0},{"not_picked":["Cloak And Dagger","Sucker Punch"],"picked":"Blur","floor":3.0},{"not_picked":["Skewer","Expertise"],"picked":"Glass Knife","floor":7.0},{"not_picked":["Flying Knee","Outmaneuver","Tactician"],"picked":"SKIP","floor":10.0},{"not_picked":["Quick Slash","Backflip"],"picked":"PiercingWail","floor":11.0},{"not_picked":["Calculated Gamble","Prepared"],"picked":"Blur","floor":13.0},{"not_picked":["Masterful Stab","Endless Agony"],"picked":"Footwork","floor":14.0},{"not_picked":["Malaise","Grand Finale"],"picked":"Bullet Time","floor":16.0},{"not_picked":["Flying Knee","Cloak And Dagger"],"picked":"Acrobatics","floor":18.0},{"not_picked":["Skewer","Setup"],"picked":"Prepared","floor":22}],"player_experience":2901409,"relics_obtained":[{"floor":7.0,"key":"Strawberry"},{"floor":9.0,"key":"Eternal Feather"},{"floor":11.0,"key":"MawBank"},{"floor":13.0,"key":"Singing Bowl"},{"floor":14.0,"key":"Akabeko"}],"event_choices":[{"damage_healed":0.0,"max_hp_gain":0.0,"max_hp_loss":0.0,"gold_gain":275.0,"event_name":"Golden Shrine","player_choice":"Desecrate","floor":2.0,"gold_loss":0.0,"damage_taken":0.0,"cards_obtained":["Regret"]},{"damage_healed":0.0,"max_hp_gain":0.0,"max_hp_loss":0.0,"gold_gain":0.0,"event_name":"Shining Light","player_choice":"Entered Light","floor":5.0,"gold_loss":0.0,"damage_taken":21.0,"cards_upgraded":["Defend_G","Defend_G"]},{"damage_healed":0.0,"max_hp_gain":0.0,"max_hp_loss":0.0,"gold_gain":30.0,"event_name":"Dead Adventurer","player_choice":"Searched \u00273\u0027 times","floor":14.0,"gold_loss":0.0,"damage_taken":0.0},{"damage_healed":0.0,"max_hp_gain":0.0,"max_hp_loss":0.0,"gold_gain":0.0,"event_name":"The Mausoleum","player_choice":"Ignored","floor":20.0,"gold_loss":0.0,"damage_taken":0.0}],"is_beta":false,"boss_relics":[{"not_picked":["Runic Dome","SacredBark"],"picked":"Black Star"}],"items_purged_floors":[4],"is_endless":false,"potions_floor_spawned":[1,3,11,13,16],"killed_by":"Book of Stabbing","ascension_level":20}}