{"host":"mmqs5ul2bvb60kyc","time":1610168924,"event":{"mods":["AchievementEnabler","BaseMod","Minty Spire (QoL Compilation)","StSLib"],"gold_per_floor":[115,134,35,52,70,70,104,104,130,142,142,174,192,220,220,318,318,329,317,317,416,94,94,94,94,121,46,86,110,110,110,110],"floor_reached":31,"playtime":1407,"items_purged":["Strike_B"],"score":432,"play_id":"77660b05-4643-4975-b21a-eff900406e25","local_time":"20210109130844","is_ascension_mode":true,"campfire_choices":[{"data":"Dualcast","floor":6.0,"key":"SMITH"},{"data":"Turbo","floor":8.0,"key":"SMITH"},{"data":"Hologram","floor":15.0,"key":"SMITH"},{"data":"Sunder","floor":23.0,"key":"SMITH"},{"data":"Hello World","floor":25.0,"key":"SMITH"},{"floor":30.0,"key":"REST"}],"circlet_count":0,"master_deck":["Strike_B","Strike_B+1","Defend_B","Defend_B","Defend_B","Defend_B","Zap","Dualcast+1","FTL+1","Conserve Battery","Turbo+1","Biased Cognition","Hello World+1","Heatsinks","Consume","Glacier","Hologram+1","Core Surge","Conserve Battery+1","Sunder+1","Capacitor","Core Surge","Force Field+1"],"relics":["Black Star","Tiny Chest","Strawberry","Bronze Scales","DataDisk","Juzu Bracelet","Darkstone Periapt","Kunai","Whetstone","Snecko Eye","Singing Bowl","CeramicFish","Turnip","Blue Candle"],"acts_visited":["Exordium","TheCity"],"potions_floor_usage":[],"damage_taken":[{"damage":6.0,"enemies":"Cultist","floor":1.0,"turns":4.0},{"damage":8.0,"enemies":"Jaw Worm","floor":2.0,"turns":4.0},{"damage":0.0,"enemies":"Small Slimes","floor":4.0,"turns":4.0},{"damage":5.0,"enemies":"Exordium Wildlife","floor":5.0,"turns":4.0},{"damage":6.0,"enemies":"Lagavulin","floor":7.0,"turns":7.0},{"damage":1.0,"enemies":"Looter","floor":10.0,"turns":4.0},{"damage":13.0,"enemies":"3 Sentries","floor":12.0,"turns":5.0},{"damage":0.0,"enemies":"3 Louse","floor":13.0,"turns":3.0},{"damage":0.0,"enemies":"Lagavulin","floor":14.0,"turns":7.0},{"damage":22.0,"enemies":"Hexaghost","floor":16.0,"turns":11.0},{"damage":14.0,"enemies":"Chosen","floor":18.0,"turns":7.0},{"damage":11.0,"enemies":"2 Thieves","floor":19.0,"turns":4.0},{"damage":28.0,"enemies":"Book of Stabbing","floor":28.0,"turns":6.0},{"damage":4.0,"enemies":"Shelled Parasite and Fungi","floor":29.0,"turns":8.0},{"damage":35,"enemies":"Slavers","floor":31,"turns":4}],"seed_played":"-2911335685331321511","potions_obtained":[{"floor":4.0,"key":"PowerPotion"},{"floor":7.0,"key":"AttackPotion"},{"floor":10.0,"key":"FocusPotion"},{"floor":12.0,"key":"Explosive Potion"},{"floor":14.0,"key":"Swift Potion"},{"floor":18.0,"key":"SpeedPotion"}],"is_trial":false,"path_per_floor":["M","M","$","M","M","R","E","R","T","M","?","E","M","E","R","B",null,"M","M","?","?","$","R","T","R","T","?","E","M","R","E"],"character_chosen":"DEFECT","items_purchased":["Turbo","Capacitor","Singing Bowl"],"campfire_rested":1,"item_purchase_floors":[3,22,22],"current_hp_per_floor":[62,54,54,54,49,49,50,50,50,49,46,33,33,33,33,11,64,50,39,39,39,39,39,39,39,39,39,11,7,31,0,0],"gold":110,"neow_bonus":"BOSS_RELIC","is_daily":false,"chose_seed":false,"campfire_upgraded":5,"win_rate":0.0,"timestamp":1610168924,"path_taken":["M","?","?","M","M","R","E","R","T","M","?","E","M","E","R","BOSS","M","M","?","?","$","R","?","R","T","?","E","M","R","E"],"items_purchased_type":["Card","Card","Relic"],"build_version":"2020-12-22","purchased_purges":1,"victory":false,"max_hp_per_floor":[75,75,75,75,75,75,82,82,82,82,82,82,82,82,82,82,82,82,82,82,82,82,82,82,82,82,82,82,82,82,82,82],"card_choices":[{"not_picked":["Conserve Battery","Gash"],"picked":"FTL","floor":1.0},{"not_picked":["Sweeping Beam","Stack"],"picked":"Conserve Battery","floor":2.0},{"not_picked":["Auto Shields","Blizzard"],"picked":"Biased Cognition","floor":4.0},{"not_picked":["Redo","Rip and Tear"],"picked":"Hello World","floor":5.0},{"not_picked":["Sweeping Beam","Conserve Battery"],"picked":"Heatsinks","floor":7.0},{"not_picked":["Aggregate","Loop"],"picked":"Consume","floor":10.0},{"not_picked":["Rebound","Turbo","Sweeping Beam"],"picked":"SKIP","floor":12.0},{"not_picked":["Seek","Stack"],"picked":"Glacier","floor":13.0},{"not_picked":["Static Discharge","Rebound"],"picked":"Hologram","floor":14.0},{"not_picked":["Electrodynamics","Rainbow"],"picked":"Core Surge","floor":16.0},{"not_picked":["BootSequence","Go for the Eyes","Leap"],"picked":"SKIP","floor":18.0},{"not_picked":["Gash","Aggregate"],"picked":"Conserve Battery+1","floor":19.0},{"not_picked":["Rebound","Turbo"],"picked":"Core Surge","floor":28.0},{"not_picked":["White Noise","Turbo+1"],"picked":"Force Field+1","floor":29.0}],"player_experience":248033,"relics_obtained":[{"floor":7.0,"key":"Tiny Chest"},{"floor":7.0,"key":"Strawberry"},{"floor":9.0,"key":"Bronze Scales"},{"floor":12.0,"key":"Juzu Bracelet"},{"floor":12.0,"key":"Darkstone Periapt"},{"floor":14.0,"key":"Kunai"},{"floor":14.0,"key":"Whetstone"},{"floor":26.0,"key":"CeramicFish"},{"floor":28.0,"key":"Turnip"},{"floor":28.0,"key":"Blue Candle"}],"event_choices":[{"damage_healed":0.0,"max_hp_gain":0.0,"max_hp_loss":0.0,"gold_gain":0.0,"event_name":"Scrap Ooze","player_choice":"Success","floor":11.0,"gold_loss":0.0,"damage_taken":3.0,"relics_obtained":["DataDisk"]},{"damage_healed":0.0,"max_hp_gain":0.0,"max_hp_loss":0.0,"gold_gain":0.0,"event_name":"The Library","player_choice":"Read","floor":20.0,"gold_loss":0.0,"damage_taken":0.0,"cards_obtained":["Sunder"]},{"damage_healed":0.0,"max_hp_gain":0.0,"max_hp_loss":0.0,"gold_gain":99.0,"event_name":"Nest","player_choice":"Stole From Cult","floor":21.0,"gold_loss":0.0,"damage_taken":0.0},{"cards_removed":["Strike_B"],"damage_healed":0.0,"max_hp_gain":0.0,"max_hp_loss":0.0,"gold_gain":0.0,"event_name":"Beggar","player_choice":"Gave Gold","floor":27.0,"gold_loss":75.0,"damage_taken":0.0}],"is_beta":false,"boss_relics":[{"not_picked":["Coffee Dripper","Velvet Choker"],"picked":"Snecko Eye"}],"items_purged_floors":[3],"is_endless":false,"potions_floor_spawned":[4,7,10,12,14,18],"killed_by":"Slavers","ascension_level":9}}