{"host":"vm3f1ccwgbs4oygt","time":1610199243,"event":{"mods":["BaseMod","BetterRewards","Colored Powertips","Energized Spire","Minty Spire (QoL Compilation)","Permanent Neow","Shop Mod","StSLib"],"gold_per_floor":[111,126,146,146,164,164,176,210,290,146,161,261,261,293,293,389,389,363,391,391,411,422,422,372,372,424,424,424],"floor_reached":27,"playtime":4247,"items_purged":[],"score":273,"play_id":"6351c2d7-adbe-45e2-842e-c011c0994e0f","local_time":"20210109143403","is_ascension_mode":false,"campfire_choices":[{"floor":6,"key":"REST"},{"data":"Armaments","floor":13,"key":"SMITH"},{"data":"Fire Breathing","floor":15,"key":"SMITH"},{"floor":23,"key":"REST"},{"floor":25,"key":"REST"}],"circlet_count":0,"master_deck":["Strike_R","Strike_R","Strike_R","Strike_R","Strike_R","Defend_R","Defend_R","Defend_R","Defend_R","Bash","Feed+1","Fire Breathing+1","Armaments+1","Power Through","Metallicize","Rage","Perfected Strike","Iron Wave","Blood for Blood","Barricade","Wild Strike","Armaments","Anger","Uppercut"],"relics":["Burning Blood","StoneCalendar","Darkstone Periapt","Nunchaku","Mango","energizedSpire:SpiderWeb","Red Mask","Vajra","Bag of Marbles"],"acts_visited":["Exordium","TheCity"],"potions_floor_usage":[16,18,19,19],"damage_taken":[{"damage":9,"enemies":"Jaw Worm","floor":1,"turns":4},{"damage":5,"enemies":"2 Louse","floor":2,"turns":3},{"damage":6,"enemies":"Cultist","floor":3,"turns":3},{"damage":9,"enemies":"2 Fungi Beasts","floor":5,"turns":5},{"damage":2,"enemies":"Blue Slaver","floor":7,"turns":5},{"damage":13,"enemies":"3 Sentries","floor":8,"turns":6},{"damage":7,"enemies":"Gremlin Gang","floor":11,"turns":7},{"damage":2,"enemies":"Lagavulin","floor":14,"turns":7},{"damage":58,"enemies":"Hexaghost","floor":16,"turns":10},{"damage":25,"enemies":"2 Thieves","floor":18,"turns":5},{"damage":71,"enemies":"Masked Bandits","floor":19,"turns":7},{"damage":16,"enemies":"Shell Parasite","floor":21,"turns":7},{"damage":15,"enemies":"Snake Plant","floor":22,"turns":5},{"damage":0,"enemies":"Cultist and Chosen","floor":27,"turns":1}],"seed_played":"88952702767374615","potions_obtained":[{"floor":3,"key":"Ancient Potion"},{"floor":7,"key":"Energy Potion"},{"floor":8,"key":"SkillPotion"},{"floor":14,"key":"Dexterity Potion"},{"floor":18,"key":"Fire Potion"}],"is_trial":false,"path_per_floor":["M","M","M","?","M","R","M","E","T","$","M","?","R","E","R","B",null,"M","?","?","M","M","R","?","R","T","M"],"character_chosen":"IRONCLAD","items_purchased":["Nunchaku"],"campfire_rested":3,"item_purchase_floors":[10],"current_hp_per_floor":[56,60,63,63,64,91,97,90,90,90,93,93,93,111,111,59,115,96,31,31,25,16,51,51,86,86,86,86],"gold":424,"neow_bonus":"THREE_RARE_CARDS","is_daily":false,"chose_seed":false,"campfire_upgraded":2,"win_rate":0.0,"timestamp":1610199243,"path_taken":["M","M","M","?","M","R","M","E","T","$","M","?","R","E","R","BOSS","M","?","?","M","M","R","?","R","T","?"],"items_purchased_type":["Relic"],"build_version":"2020-12-22","purchased_purges":0,"victory":false,"max_hp_per_floor":[83,86,89,89,93,93,97,97,97,97,101,101,101,115,115,115,115,115,115,115,119,119,119,119,119,119,119,119],"card_choices":[{"not_picked":["Barricade","Bludgeon"],"picked":"Feed","floor":0},{"not_picked":["Pommel Strike","Disarm"],"picked":"Fire Breathing","floor":1},{"not_picked":["Second Wind","Anger"],"picked":"Armaments","floor":2},{"not_picked":["Headbutt","Battle Trance"],"picked":"Power Through","floor":3},{"not_picked":["True Grit","Flex"],"picked":"Metallicize","floor":5},{"not_picked":["Feel No Pain","Evolve"],"picked":"Rage","floor":7},{"not_picked":["Twin Strike","Shrug It Off"],"picked":"Perfected Strike","floor":8},{"not_picked":["Cleave","Rampage"],"picked":"Iron Wave","floor":11},{"not_picked":["Rage","Battle Trance"],"picked":"Blood for Blood","floor":14},{"not_picked":["Berserk","Feed"],"picked":"Barricade","floor":16},{"not_picked":["Rampage","Anger"],"picked":"Wild Strike","floor":18},{"not_picked":["Heavy Blade+1","Burning Pact"],"picked":"Armaments","floor":19},{"not_picked":["Rupture","Flex"],"picked":"Anger","floor":21},{"not_picked":["Sword Boomerang+1","Dropkick"],"picked":"Uppercut","floor":22}],"player_experience":136922,"relics_obtained":[{"floor":8,"key":"StoneCalendar"},{"floor":9,"key":"Darkstone Periapt"},{"floor":14,"key":"Mango"},{"floor":19,"key":"Red Mask"},{"floor":26,"key":"Bag of Marbles"}],"event_choices":[{"damage_healed":0,"gold_gain":0,"player_choice":"Grow","damage_taken":0,"max_hp_gain":0,"max_hp_loss":0,"event_name":"Living Wall","floor":4,"gold_loss":0,"cards_upgraded":["Feed"]},{"damage_healed":0,"gold_gain":100,"player_choice":"Pray","damage_taken":0,"max_hp_gain":0,"max_hp_loss":0,"event_name":"Golden Shrine","floor":12,"gold_loss":0},{"damage_healed":0,"gold_gain":0,"player_choice":"Fought Bandits","damage_taken":0,"max_hp_gain":0,"max_hp_loss":0,"event_name":"Masked Bandits","floor":19,"gold_loss":0},{"damage_healed":0,"gold_gain":0,"player_choice":"Opened","damage_taken":0,"relics_obtained":["Vajra"],"max_hp_gain":0,"max_hp_loss":0,"event_name":"The Mausoleum","floor":20,"gold_loss":0},{"damage_healed":0,"gold_gain":0,"player_choice":"Bet on Owner","damage_taken":0,"max_hp_gain":0,"max_hp_loss":0,"event_name":"The Joust","floor":24,"gold_loss":50}],"is_beta":false,"boss_relics":[{"not_picked":["Cursed Key","Black Blood"],"picked":"energizedSpire:SpiderWeb"}],"items_purged_floors":[],"is_endless":false,"potions_floor_spawned":[3,7,8,14,18],"killed_by":"Cultist and Chosen","ascension_level":0}}