{"host":"6ld56ls1xbe0aj21","time":1610173254,"event":{"mods":["AchievementEnabler","BaseMod","Colored Powertips","Minty Spire (QoL Compilation)","Quick Restart","Rare Cards Sparkle","StSLib","SuperFastMode","everything is the same but u backflip on backflip","slay the spire mod where everything is the same but ironclad has a cowboy hat"],"gold_per_floor":[112,112,28,28,51,90,117,292,370,410,428,468,468,491,491,585,585,599,623,623,638,638,638,657,698,698,698,733,428,428,447,447,543,543,567,567,633,292,312,356,0,25,25,25,66,399,399,429,429,429,429,429,9,40,40],"floor_reached":56,"playtime":2739,"items_purged":["Strike_R","Doubt"],"score":2234,"play_id":"092d4231-eb7f-46a6-962e-b7b07176f102","local_time":"20210109172054","is_ascension_mode":true,"campfire_choices":[{"floor":15.0,"key":"REST"},{"data":"Whirlwind","floor":23.0,"key":"SMITH"},{"data":"Metallicize","floor":27.0,"key":"SMITH"},{"data":"Inflame","floor":32.0,"key":"SMITH"},{"floor":49.0,"key":"RECALL"},{"floor":52,"key":"REST"}],"circlet_count":0,"master_deck":["AscendersBane","Strike_R","Strike_R","Strike_R","Strike_R","Defend_R","Defend_R","Defend_R","Bash","Headbutt","Havoc+1","Carnage","Metallicize+1","Warcry+1","Pommel Strike","Ghostly Armor+1","Inflame","Whirlwind+1","Limit Break+1","Battle Trance+1","Ghostly+1","Ghostly+1","Ghostly+1","Ghostly+1","Ghostly+1","Armaments+1","True Grit+1","Exhume+1","Inflame+1","RitualDagger","Corruption","Disarm+1","Bloodletting+1","Warcry+1","Disarm+1","Pummel+1","Havoc+1","Fiend Fire","Flex+1","Panacea+1","Chrysalis+1","Dark Shackles+1","Havoc+1","Flex+1","Dual Wield+1","Flash of Steel","Intimidate+1","Barricade"],"relics":["Burning Blood","NeowsBlessing","Toxic Egg 2","StoneCalendar","Akabeko","Gremlin Horn","Regal Pillow","Incense Burner","FaceOfCleric","Calling Bell","Omamori","Blue Candle","Pocketwatch","MutagenicStrength","Pear","Juzu Bracelet","Medical Kit","Velvet Choker","Prayer Wheel","Bottled Flame","PreservedInsect","Vajra","Strange Spoon","Gambling Chip","Dream Catcher","Bottled Lightning","Thread and Needle","StrikeDummy"],"acts_visited":["Exordium","TheCity","TheBeyond","TheEnding"],"potions_floor_usage":[50,55],"damage_taken":[{"damage":0.0,"enemies":"2 Louse","floor":1.0,"turns":1.0},{"damage":0.0,"enemies":"Cultist","floor":5.0,"turns":1.0},{"damage":0.0,"enemies":"Lagavulin","floor":6.0,"turns":1.0},{"damage":43.0,"enemies":"3 Sentries","floor":10.0,"turns":7.0},{"damage":0.0,"enemies":"Jaw Worm","floor":11.0,"turns":1.0},{"damage":31.0,"enemies":"Gremlin Nob","floor":12.0,"turns":4.0},{"damage":0.0,"enemies":"3 Louse","floor":14.0,"turns":2.0},{"damage":47.0,"enemies":"Hexaghost","floor":16.0,"turns":10.0},{"damage":27.0,"enemies":"Chosen","floor":18.0,"turns":5.0},{"damage":16.0,"enemies":"Shell Parasite","floor":19.0,"turns":4.0},{"damage":5.0,"enemies":"Centurion and Healer","floor":21.0,"turns":7.0},{"damage":3.0,"enemies":"Snake Plant","floor":24.0,"turns":3.0},{"damage":7.0,"enemies":"Book of Stabbing","floor":25.0,"turns":7.0},{"damage":2.0,"enemies":"Gremlin Leader","floor":28.0,"turns":7.0},{"damage":3.0,"enemies":"Sentry and Sphere","floor":31.0,"turns":5.0},{"damage":40.0,"enemies":"Champ","floor":33.0,"turns":8.0},{"damage":2.0,"enemies":"Orb Walker","floor":35.0,"turns":3.0},{"damage":1.0,"enemies":"2 Orb Walkers","floor":37.0,"turns":3.0},{"damage":3.0,"enemies":"3 Shapes","floor":39.0,"turns":1.0},{"damage":1.0,"enemies":"Reptomancer","floor":40.0,"turns":6.0},{"damage":0.0,"enemies":"Maw","floor":42.0,"turns":7.0},{"damage":0.0,"enemies":"Nemesis","floor":45.0,"turns":7.0},{"damage":6.0,"enemies":"Giant Head","floor":48.0,"turns":6.0},{"damage":47,"enemies":"Donu and Deca","floor":50,"turns":12},{"damage":15,"enemies":"Shield and Spear","floor":54,"turns":6},{"damage":19,"enemies":"The Heart","floor":55,"turns":14}],"seed_played":"3255853850955782004","potions_obtained":[{"floor":10.0,"key":"LiquidMemories"},{"floor":11.0,"key":"LiquidBronze"},{"floor":12.0,"key":"SteroidPotion"},{"floor":24.0,"key":"LiquidBronze"},{"floor":25.0,"key":"Dexterity Potion"},{"floor":28.0,"key":"LiquidMemories"},{"floor":35.0,"key":"SneckoOil"},{"floor":39.0,"key":"Strength Potion"},{"floor":54,"key":"DistilledChaos"}],"is_trial":false,"path_per_floor":["M","?","$","?","M","E","T","?","T","E","M","E","?","M","R","B",null,"M","M","?","M","?","R","M","E","T","R","E","$","?","M","R","B",null,"M","?","?","$","M","E","$","M","T","?","E","?","?","E","R","B",null,"R","$","E","B",null],"character_chosen":"IRONCLAD","items_purchased":["Havoc+1","Carnage","Medical Kit","Inflame","Bottled Flame","Vajra","Strange Spoon","Havoc+1","Thread and Needle","Flash of Steel","Intimidate+1"],"campfire_rested":2,"item_purchase_floors":[3,3,29,29,38,41,41,41,53,53,53],"current_hp_per_floor":[74,74,74,56,62,68,68,68,68,31,37,12,12,19,56,16,62,42,33,33,35,35,35,39,49,49,49,53,53,47,51,51,18,46,51,51,57,57,58,59,59,60,60,50,57,57,57,58,58,18,52,63,63,55,43],"gold":40,"neow_bonus":"THREE_ENEMY_KILL","is_daily":false,"chose_seed":false,"campfire_upgraded":3,"win_rate":0.0,"timestamp":1610173254,"path_taken":["M","?","?","?","M","E","?","?","T","E","M","E","?","M","R","BOSS","M","?","?","M","?","R","M","E","T","R","E","$","?","M","R","BOSS","M","?","?","$","M","E","$","M","T","?","E","?","?","E","R","BOSS","R","$","E","BOSS"],"items_purchased_type":["Card","Card","Relic","Card","Relic","Relic","Relic","Card","Relic","Card","Card"],"build_version":"2020-12-22","purchased_purges":2,"victory":true,"max_hp_per_floor":[75,75,75,75,75,75,75,75,75,75,75,75,75,76,76,77,77,78,79,39,40,40,40,41,52,52,52,53,53,53,54,54,55,55,56,56,57,57,58,59,59,60,60,60,61,61,61,62,62,63,63,63,63,64,65],"card_choices":[{"not_picked":["True Grit","Thunderclap"],"picked":"Headbutt","floor":1.0},{"not_picked":["Pommel Strike","Anger"],"picked":"Metallicize","floor":5.0},{"not_picked":["Feel No Pain","True Grit+1"],"picked":"Warcry+1","floor":6.0},{"not_picked":["Twin Strike","Body Slam"],"picked":"Pommel Strike","floor":10.0},{"not_picked":["Anger","Dropkick"],"picked":"Ghostly Armor+1","floor":11.0},{"not_picked":["Infernal Blade+1","Cleave"],"picked":"Inflame","floor":12.0},{"not_picked":["Rampage","Power Through+1"],"picked":"Whirlwind","floor":14.0},{"not_picked":["Barricade","Exhume+1"],"picked":"Limit Break+1","floor":16.0},{"not_picked":["Thunderclap+1","Bloodletting+1"],"picked":"Battle Trance+1","floor":18.0},{"not_picked":["Feel No Pain","Intimidate+1","Dark Embrace+1"],"picked":"SKIP","floor":19.0},{"not_picked":["Iron Wave","Flex+1"],"picked":"Armaments+1","floor":21.0},{"not_picked":["Heavy Blade","Wild Strike"],"picked":"True Grit+1","floor":24.0},{"not_picked":["Flame Barrier+1","Infernal Blade+1"],"picked":"Exhume+1","floor":25.0},{"not_picked":["Iron Wave","Sever Soul","Reckless Charge"],"picked":"SKIP","floor":28.0},{"not_picked":["Sword Boomerang","Rampage","True Grit+1"],"picked":"SKIP","floor":31.0},{"not_picked":["Berserk","Bludgeon"],"picked":"Corruption","floor":33.0},{"not_picked":["Anger","Armaments+1"],"picked":"Disarm+1","floor":35.0},{"not_picked":["Clash","Shrug It Off+1"],"picked":"Bloodletting+1","floor":37.0},{"not_picked":["Perfected Strike","Headbutt"],"picked":"Warcry+1","floor":39.0},{"not_picked":["Body Slam","Metallicize+1"],"picked":"Disarm+1","floor":39.0},{"not_picked":["True Grit+1","Uppercut+1"],"picked":"Pummel+1","floor":40.0},{"not_picked":["Headbutt","Twin Strike"],"picked":"Fiend Fire","floor":42.0},{"not_picked":["Bloodletting+1","Iron Wave"],"picked":"Flex+1","floor":42.0},{"not_picked":["Finesse+1","Flash of Steel"],"picked":"Panacea+1","floor":44.0},{"not_picked":["Bandage Up+1","Good Instincts+1"],"picked":"Chrysalis+1","floor":44.0},{"not_picked":["Mind Blast","Swift Strike"],"picked":"Dark Shackles+1","floor":44.0},{"not_picked":["Flex+1","Pummel"],"picked":"Havoc+1","floor":45.0},{"not_picked":["Armaments+1","Rupture"],"picked":"Flex+1","floor":48.0},{"not_picked":["Clothesline","Havoc+1"],"picked":"Dual Wield+1","floor":52},{"not_picked":["Feel No Pain","Anger"],"picked":"Barricade","floor":54}],"player_experience":306931,"relics_obtained":[{"floor":2.0,"key":"Toxic Egg 2"},{"floor":6.0,"key":"StoneCalendar"},{"floor":7.0,"key":"Akabeko"},{"floor":9.0,"key":"Gremlin Horn"},{"floor":10.0,"key":"Regal Pillow"},{"floor":12.0,"key":"Incense Burner"},{"floor":17.0,"key":"Omamori"},{"floor":17.0,"key":"Blue Candle"},{"floor":17.0,"key":"Pocketwatch"},{"floor":25.0,"key":"Pear"},{"floor":28.0,"key":"Juzu Bracelet"},{"floor":37.0,"key":"Prayer Wheel"},{"floor":40.0,"key":"PreservedInsect"},{"floor":43.0,"key":"Gambling Chip"},{"floor":45.0,"key":"Dream Catcher"},{"floor":48.0,"key":"Bottled Lightning"},{"floor":54,"key":"StrikeDummy"}],"event_choices":[{"damage_healed":0.0,"max_hp_gain":0.0,"max_hp_loss":0.0,"gold_gain":0.0,"event_name":"Wheel of Change","player_choice":"Relic","floor":2.0,"gold_loss":0.0,"damage_taken":0.0},{"damage_healed":0.0,"max_hp_gain":0.0,"max_hp_loss":0.0,"gold_gain":0.0,"event_name":"Golden Idol","player_choice":"Take Damage","floor":4.0,"gold_loss":0.0,"damage_taken":18.0,"relics_obtained":["Golden Idol"]},{"damage_healed":0.0,"max_hp_gain":0.0,"max_hp_loss":0.0,"gold_gain":175.0,"event_name":"Liars Game","player_choice":"AGREE","floor":8.0,"gold_loss":0.0,"damage_taken":0.0,"cards_obtained":["Doubt"]},{"damage_healed":0.0,"max_hp_gain":0.0,"max_hp_loss":0.0,"gold_gain":0.0,"event_name":"FaceTrader","player_choice":"Trade","floor":13.0,"gold_loss":0.0,"damage_taken":0.0,"relics_obtained":["FaceOfCleric"]},{"damage_healed":0.0,"max_hp_gain":0.0,"max_hp_loss":40.0,"gold_gain":0.0,"event_name":"Ghosts","player_choice":"Became a Ghost","floor":20.0,"gold_loss":0.0,"damage_taken":0.0,"cards_obtained":["Ghostly","Ghostly","Ghostly","Ghostly","Ghostly"]},{"damage_healed":0.0,"max_hp_gain":0.0,"max_hp_loss":0.0,"gold_gain":0.0,"event_name":"Drug Dealer","player_choice":"Inject Mutagens","floor":22.0,"gold_loss":0.0,"damage_taken":0.0,"relics_obtained":["MutagenicStrength"]},{"damage_healed":0.0,"max_hp_gain":0.0,"max_hp_loss":0.0,"gold_gain":0.0,"event_name":"Nest","player_choice":"Joined the Cult","floor":30.0,"gold_loss":0.0,"damage_taken":6.0,"cards_obtained":["RitualDagger"]},{"cards_removed":["Defend_R"],"damage_healed":0.0,"max_hp_gain":0.0,"max_hp_loss":0.0,"gold_gain":0.0,"event_name":"Falling","player_choice":"Removed Skill","floor":36.0,"gold_loss":0.0,"damage_taken":0.0},{"damage_healed":0.0,"max_hp_gain":0.0,"max_hp_loss":0.0,"gold_gain":0.0,"event_name":"Mysterious Sphere","player_choice":"Fight","floor":37.0,"gold_loss":0.0,"damage_taken":0.0},{"damage_healed":0.0,"max_hp_gain":0.0,"max_hp_loss":0.0,"gold_gain":0.0,"event_name":"SensoryStone","player_choice":"Memory 3","floor":44.0,"gold_loss":0.0,"damage_taken":10.0},{"damage_healed":0.0,"max_hp_gain":0.0,"max_hp_loss":0.0,"gold_gain":333.0,"event_name":"The Moai Head","player_choice":"Gave Idol","floor":46.0,"relics_lost":["Golden Idol"],"gold_loss":0.0,"damage_taken":0.0},{"damage_healed":0.0,"max_hp_gain":0.0,"max_hp_loss":0.0,"gold_gain":0.0,"event_name":"Tomb of Lord Red Mask","player_choice":"Ignored","floor":47.0,"gold_loss":0.0,"damage_taken":0.0}],"is_beta":false,"boss_relics":[{"not_picked":["Empty Cage","Runic Dome"],"picked":"Calling Bell"},{"not_picked":["Runic Cube","Mark of Pain"],"picked":"Velvet Choker"}],"items_purged_floors":[29,38],"is_endless":false,"potions_floor_spawned":[10,11,12,24,25,28,35,39,42,54],"ascension_level":14}}