{"host":"oiw60b5ins9fyx34","time":1610201024,"event":{"mods":["BaseMod","Colored Map","Colored Powertips","Minty Spire (QoL Compilation)","Permanent Neow","Quick Restart","Relic Stats","StSLib"],"gold_per_floor":[17,30,30,50,50,50,50,50],"floor_reached":7,"playtime":267,"items_purged":[],"score":41,"play_id":"5a7e49ac-f299-4d9e-b972-eb38770178c6","local_time":"20210109230344","is_ascension_mode":false,"campfire_choices":[{"data":"Glacier","floor":6,"key":"SMITH"}],"circlet_count":0,"master_deck":["Strike_B","Strike_B","Strike_B","Strike_B","Defend_B","Defend_B","Defend_B","Defend_B","Zap","Dualcast","Sweeping Beam","Glacier+1","Leap"],"relics":["Cracked Core","FossilizedHelix","Golden Idol"],"acts_visited":["Exordium"],"potions_floor_usage":[],"damage_taken":[{"damage":0,"enemies":"2 Louse","floor":1,"turns":3},{"damage":4,"enemies":"Jaw Worm","floor":2,"turns":4},{"damage":0,"enemies":"Small Slimes","floor":4,"turns":3},{"damage":22,"enemies":"3 Sentries","floor":7,"turns":9}],"seed_played":"-1721964162452513284","potions_obtained":[{"floor":1,"key":"EssenceOfSteel"},{"floor":4,"key":"LiquidBronze"}],"is_trial":false,"path_per_floor":["M","M","$","M","?","R","E"],"character_chosen":"DEFECT","items_purchased":[],"campfire_rested":0,"item_purchase_floors":[],"current_hp_per_floor":[75,71,71,71,53,53,31,31],"gold":50,"neow_bonus":"ONE_RARE_RELIC","is_daily":false,"chose_seed":false,"campfire_upgraded":1,"win_rate":0.0,"timestamp":1610201024,"path_taken":["M","M","$","M","?","R","E"],"items_purchased_type":[],"build_version":"2020-12-22","purchased_purges":0,"victory":false,"max_hp_per_floor":[75,75,75,75,75,75,75,75],"relic_stats":{"counters":[4,19],"Golden Idol":0,"obtain_stats":[{"Golden Idol":5,"Cracked Core":0,"FossilizedHelix":0},{"Golden Idol":3,"Cracked Core":0,"FossilizedHelix":0},{"Golden Idol":10,"Cracked Core":0,"FossilizedHelix":0}]},"card_choices":[{"not_picked":["Hello World","Gash"],"picked":"Sweeping Beam","floor":1},{"not_picked":["Coolheaded","Seek"],"picked":"Glacier","floor":2},{"not_picked":["Coolheaded","Steam"],"picked":"Leap","floor":4}],"player_experience":590106,"relics_obtained":[],"event_choices":[{"damage_healed":0,"gold_gain":0,"player_choice":"Take Damage","damage_taken":18,"relics_obtained":["Golden Idol"],"max_hp_gain":0,"max_hp_loss":0,"event_name":"Golden Idol","floor":5,"gold_loss":0}],"is_beta":false,"boss_relics":[],"items_purged_floors":[],"is_endless":false,"potions_floor_spawned":[1,4],"killed_by":"3 Sentries","ascension_level":0}}