{"host":"kg3sujd0l7l0va61","time":1610205373,"event":{"mods":["ATMod(阿瑾Mod)","AchievementEnabler","Arknights The Spire","Aspiration","BaseMod","Challenge The Spire","Colored Powertips","Custom Start","Decade(王小明)","Displayed Cursed Tome","Downfall","GifTheSpireLib","Hermit","Infinite Spire","KinomotoSakuraMod(木之本樱)","Koishi","KomeijiMod","Marisa（F雨　魔理沙）","Marked Mod","Minty Spire (QoL Compilation)","MostiFishMod","Prisma Mod","Quick Restart","Replay The Spire","RumiaBox-露米娅的神秘盒子","StSLib","The Jungle","Waifu the Spire","Yakumo Yukari mod"],"gold_per_floor":[109,119,119,257,59,91,105,105,177,177,197,197,209,209,119,119,119],"floor_reached":16,"playtime":626,"items_purged":[],"score":127,"play_id":"e8671cba-2ef2-435e-a931-bcd84a30b4b3","local_time":"20210109231613","is_ascension_mode":false,"campfire_choices":[{"data":"ReplayTheSpireMod:Necrosis","floor":12,"key":"SMITH"}],"circlet_count":0,"master_deck":["Strike_G","Strike_G","Strike_G","Strike_G","Strike_G","Defend_G","Defend_G","Defend_G+1","Defend_G","Defend_G","Survivor","Neutralize","AT_FamilyPortrait","Replay:Poison Smokescreen","Poisoned Stab","expansioncontent:DefensiveStance","AT_ArcaneSupremacy","Finisher","ReplayTheSpireMod:Necrosis+1"],"relics":["Ring of the Snake","AT_ATBox","DaveBox","MostiFishMod:Hod","Calipers","AddBug","SecretRecord","Baka","SecretRecord","SecretRecord"],"acts_visited":["Exordium"],"potions_floor_usage":[],"damage_taken":[{"damage":0,"enemies":"Small Slimes","floor":1,"turns":2},{"damage":5,"enemies":"2 Louse","floor":2,"turns":3},{"damage":0,"enemies":"Cultist","floor":4,"turns":2},{"damage":0,"enemies":"Gremlin Nob","floor":6,"turns":5},{"damage":10,"enemies":"Looter","floor":7,"turns":2},{"damage":0,"enemies":"Gremlin Gang","floor":11,"turns":1},{"damage":0,"enemies":"2 Fungi Beasts","floor":13,"turns":3},{"damage":0,"enemies":"Hexaghost","floor":16,"turns":1}],"seed_played":"-6228642839035257672","potions_obtained":[{"floor":7,"key":"RedTea"},{"floor":8,"key":"Poison Potion"}],"is_trial":false,"path_per_floor":["M","M","?","M","$","E","M","?","T","$","M","R","M","?","R","B"],"character_chosen":"THE_SILENT","items_purchased":["BargainBundle","expansioncontent:DefensiveStance","AT_ArcaneSupremacy","Finisher","SkillPotion","CultistPotion","Energy Potion"],"campfire_rested":0,"item_purchase_floors":[5,5,5,5,5,5,5],"current_hp_per_floor":[49,44,44,44,44,44,34,34,34,34,34,34,34,39,39,39,39],"gold":119,"neow_bonus":"ONE_RARE_RELIC","is_daily":false,"chose_seed":false,"campfire_upgraded":1,"win_rate":0.0,"timestamp":1610205373,"path_taken":["M","M","?","M","$","E","M","?","T","$","?","R","M","?","R","BOSS"],"items_purchased_type":["Relic","Card","Card","Card","Potion","Potion","Potion"],"build_version":"2020-12-22","purchased_purges":0,"victory":false,"max_hp_per_floor":[70,70,70,70,70,70,70,70,70,70,70,70,70,70,70,70,70],"card_choices":[{"not_picked":["Dodge and Roll","MostiFishMod:PerfectParry","PiercingWail"],"picked":"SKIP","floor":1},{"not_picked":["Bouncing Flask","Deflect"],"picked":"Replay:Poison Smokescreen","floor":2},{"not_picked":["PiercingWail","Choke","Poisoned Stab"],"picked":"SKIP","floor":4},{"not_picked":["PiercingWail","Choke"],"picked":"Poisoned Stab","floor":4},{"not_picked":["Flying Knee","Blade Dance"],"picked":"ReplayTheSpireMod:Necrosis","floor":6},{"not_picked":["Footwork","Outmaneuver","Infinite Blades"],"picked":"SKIP","floor":7},{"not_picked":["ReplayTheSpireMod:Tripwire","Outmaneuver","ReplayTheSpireMod:Speed Training"],"picked":"SKIP","floor":11},{"not_picked":["Flying Knee","Sucker Punch"],"picked":"Slice","floor":13}],"player_experience":52471,"relics_obtained":[{"floor":1,"key":"AddBug"},{"floor":1,"key":"Baka"},{"floor":1,"key":"SynthV:TestCard"},{"floor":4,"key":"SecretRecord"},{"floor":6,"key":"Grinning Jar"},{"floor":9,"key":"Frozen Egg 2"},{"floor":13,"key":"SecretRecord"}],"event_choices":[{"damage_healed":0,"gold_gain":0,"player_choice":"Got Potions","damage_taken":0,"max_hp_gain":0,"max_hp_loss":0,"event_name":"Lab","floor":8,"gold_loss":0},{"cards_removed":["Slice"],"damage_healed":5,"gold_gain":0,"player_choice":"Offered Common","damage_taken":0,"max_hp_gain":0,"max_hp_loss":0,"event_name":"Bonfire Elementals","floor":14,"gold_loss":0},{"cards_removed":["Slice"],"damage_healed":5,"gold_gain":0,"player_choice":"Offered Special","damage_taken":0,"max_hp_gain":0,"max_hp_loss":0,"event_name":"Bonfire Elementals","floor":14,"gold_loss":0},{"cards_removed":["MostiFishMod:SephirahHod"],"damage_healed":0,"gold_gain":0,"player_choice":"Upgrade and Remove","damage_taken":0,"max_hp_gain":0,"max_hp_loss":0,"event_name":"Designer","floor":15,"gold_loss":90,"cards_upgraded":["Defend_G"]}],"is_beta":false,"boss_relics":[],"items_purged_floors":[],"is_endless":false,"potions_floor_spawned":[6,7,11,13],"killed_by":"Hexaghost","ascension_level":0}}