{"host":"kh6fvhxn285ncg0o","time":1610183812,"event":{"mods":["Act Like it!","BaseMod","Colored Map","Friendly Minions","Keyboard Shortcuts","Minty Spire (QoL Compilation)","Quick Restart","Relic Stats","StSLib","SuperFastMode"],"gold_per_floor":[112,112,112,127,147,147,180,180,203,128,128,143,143,163,163,163,163],"floor_reached":16,"playtime":220,"items_purged":["Strike_R"],"score":200,"play_id":"0c76099a-25c3-4e3c-bd59-21e3435db558","local_time":"20210109181652","is_ascension_mode":true,"campfire_choices":[{"data":"Bash","floor":6,"key":"SMITH"},{"data":"Immolate","floor":11,"key":"SMITH"},{"data":"Anger","floor":13,"key":"SMITH"},{"floor":15,"key":"REST"}],"circlet_count":0,"master_deck":["AscendersBane","Strike_R","Strike_R","Strike_R","Defend_R","Defend_R","Defend_R","Defend_R","Bash+1","Anger+1","Immolate+1"],"relics":["Burning Blood","NeowsBlessing","Golden Idol","Regal Pillow","InkBottle","Toy Ornithopter"],"acts_visited":["Exordium"],"potions_floor_usage":[7,16],"damage_taken":[{"damage":0,"enemies":"Small Slimes","floor":1,"turns":1},{"damage":0,"enemies":"2 Louse","floor":4,"turns":1},{"damage":0,"enemies":"Cultist","floor":5,"turns":1},{"damage":32,"enemies":"Gremlin Nob","floor":7,"turns":4},{"damage":17,"enemies":"Exordium Wildlife","floor":12,"turns":3},{"damage":0,"enemies":"Gremlin Gang","floor":14,"turns":1},{"damage":73,"enemies":"Slime Boss","floor":16,"turns":10}],"seed_played":"-7502052987948992298","potions_obtained":[{"floor":4,"key":"ElixirPotion"},{"floor":5,"key":"SkillPotion"},{"floor":7,"key":"Fruit Juice"}],"is_trial":false,"path_per_floor":["M","?","?","M","M","R","E","?","T","$","R","M","R","M","R","B"],"character_chosen":"IRONCLAD","items_purchased":[],"campfire_rested":1,"item_purchase_floors":[],"current_hp_per_floor":[74,48,48,54,60,60,34,34,34,34,34,23,23,29,66,0,0],"gold":163,"neow_bonus":"THREE_ENEMY_KILL","is_daily":false,"chose_seed":false,"campfire_upgraded":3,"win_rate":0.0,"timestamp":1610183812,"path_taken":["M","?","?","?","M","R","E","?","T","$","R","M","R","M","R","BOSS"],"items_purchased_type":[],"build_version":"2020-12-22","purchased_purges":1,"victory":false,"max_hp_per_floor":[75,75,75,75,75,75,75,75,75,75,75,75,75,75,75,75,75],"relic_stats":{"Regal Pillow":15,"counters":[7,21],"Golden Idol":21,"obtain_stats":[{"Regal Pillow":7,"NeowsBlessing":0,"Golden Idol":2,"Burning Blood":0,"InkBottle":8,"Toy Ornithopter":9},{"Regal Pillow":4,"NeowsBlessing":0,"Golden Idol":1,"Burning Blood":0,"InkBottle":4,"Toy Ornithopter":4},{"Regal Pillow":7,"NeowsBlessing":0,"Golden Idol":1,"Burning Blood":0,"InkBottle":7,"Toy Ornithopter":7}],"Burning Blood":36,"InkBottle":[3],"Toy Ornithopter":5},"card_choices":[{"not_picked":["Dark Embrace","Sword Boomerang"],"picked":"Anger","floor":5},{"not_picked":["Twin Strike","Combust"],"picked":"Immolate","floor":7}],"player_experience":3396175,"relics_obtained":[{"floor":7,"key":"Regal Pillow"},{"floor":9,"key":"Toy Ornithopter"}],"event_choices":[{"damage_healed":0,"gold_gain":0,"player_choice":"Take Damage","damage_taken":26,"relics_obtained":["Golden Idol"],"max_hp_gain":0,"max_hp_loss":0,"event_name":"Golden Idol","floor":2,"gold_loss":0},{"cards_removed":["Strike_R"],"damage_healed":0,"gold_gain":0,"player_choice":"Offered Basic","damage_taken":0,"max_hp_gain":0,"max_hp_loss":0,"event_name":"Bonfire Elementals","floor":3,"gold_loss":0},{"damage_healed":0,"gold_gain":0,"player_choice":"Gave Potion","damage_taken":0,"relics_obtained":["InkBottle"],"max_hp_gain":0,"max_hp_loss":0,"event_name":"WeMeetAgain","floor":8,"gold_loss":0}],"is_beta":false,"boss_relics":[],"items_purged_floors":[10],"is_endless":false,"potions_floor_spawned":[4,5,7],"killed_by":"Slime Boss","ascension_level":20}}