{"host":"a1u4jo6xlg3w0wsm","time":1610190626,"event":{"mods":["BaseMod","Better Third Choice","DeckTracker","Downfall","Hermit","Hubris","Minty Spire (QoL Compilation)","Rare Cards Sparkle","Replay The Spire","StSLib","The Cursed"],"gold_per_floor":[119,135,22,99,99,127,127,152,176,176,196,91,111,136,136,235,235,247,247,264,282,282,308,322,322,322],"floor_reached":25,"playtime":938,"items_purged":["Bash"],"score":279,"play_id":"ad3a77f7-d3ed-47ae-a639-30acec875c3a","local_time":"20210110001026","is_ascension_mode":true,"campfire_choices":[{"data":"Blood for Blood","floor":10.0,"key":"SMITH"}],"circlet_count":0,"master_deck":["Strike_R","Strike_R","Strike_R","Strike_R","Strike_R","Defend_R","Defend_R","Defend_R","Defend_R","Blood for Blood+1","Anger","Massacre","Perfected Strike+1","Twin Strike+1","Perfected Strike","Hemogenesis","Headbutt","Hemogenesis","Inflame","Twin Strike","RitualDagger"],"relics":["Burning Blood","NeowsBlessing","hubris:Towel","Replay:Baseball","ReplayTheSpireMod:TigerMarble","Smiling Mask","Bag of Marbles","Black Star","Tiny Chest","PreservedInsect","Prayer Wheel"],"acts_visited":["Exordium","TheCity"],"potions_floor_usage":[21],"damage_taken":[{"damage":0.0,"enemies":"2 Louse","floor":1.0,"turns":1.0},{"damage":0.0,"enemies":"Small Slimes","floor":2.0,"turns":2.0},{"damage":0.0,"enemies":"Gremlin Nob","floor":6.0,"turns":1.0},{"damage":26.0,"enemies":"Lagavulin","floor":8.0,"turns":4.0},{"damage":0.0,"enemies":"Cultist","floor":11.0,"turns":2.0},{"damage":2.0,"enemies":"Blue Slaver","floor":13.0,"turns":2.0},{"damage":17.0,"enemies":"3 Sentries","floor":14.0,"turns":5.0},{"damage":67.0,"enemies":"The Guardian","floor":16.0,"turns":6.0},{"damage":10.0,"enemies":"Chosen","floor":18.0,"turns":3.0},{"damage":10.0,"enemies":"2 Thieves","floor":20.0,"turns":2.0},{"damage":0,"enemies":"Snecko","floor":21,"turns":1},{"damage":40,"enemies":"Slavers","floor":23,"turns":4},{"damage":36,"enemies":"Snake Plant","floor":24,"turns":4}],"seed_played":"3964303861562871331","potions_obtained":[{"floor":1.0,"key":"champ:CounterPotion"},{"floor":6.0,"key":"BlessingOfTheForge"},{"floor":8.0,"key":"BlessingOfTheForge"},{"floor":11.0,"key":"Swift Potion"},{"floor":18.0,"key":"SteroidPotion"},{"floor":24,"key":"Venom Potion"}],"is_trial":false,"path_per_floor":["M","M","$","?","?","E","?","E","T","R","M","$","M","E","R","B",null,"M","?","M","M","?","E","M","$"],"character_chosen":"IRONCLAD","items_purchased":["Massacre","Fruit Juice"],"campfire_rested":0,"item_purchase_floors":[3,12],"current_hp_per_floor":[80,80,80,80,80,80,80,60,60,60,66,71,75,64,85,24,85,81,81,77,83,77,43,13,13,13],"gold":322,"neow_bonus":"THREE_ENEMY_KILL","is_daily":false,"chose_seed":false,"campfire_upgraded":1,"win_rate":0.0,"timestamp":1610190626,"path_taken":["M","M","$","?","?","E","?","E","T","R","M","$","M","E","R","BOSS","M","?","M","?","?","E","M","?"],"items_purchased_type":["Card","Potion"],"build_version":"2020-12-13","purchased_purges":1,"victory":false,"max_hp_per_floor":[80,80,80,80,80,80,80,80,80,80,80,85,85,85,85,85,85,85,85,85,85,85,85,85,85,85],"card_choices":[{"not_picked":["Replay:Undeath\u0027s Touch","Anger"],"picked":"Blood for Blood","floor":1.0},{"not_picked":["Burning Pact","Pommel Strike"],"picked":"Anger","floor":2.0},{"not_picked":["Pommel Strike","Shockwave"],"picked":"Perfected Strike","floor":6.0},{"not_picked":["ReplayTheSpireMod:Muscle Training","Pommel Strike"],"picked":"Twin Strike","floor":8.0},{"not_picked":["Pommel Strike","Armaments"],"picked":"Perfected Strike","floor":11.0},{"not_picked":["Sentinel","True Grit"],"picked":"Hemogenesis","floor":13.0},{"not_picked":["ReplayTheSpireMod:Corrosion Curse","Dark Embrace"],"picked":"Headbutt","floor":14.0},{"not_picked":["Replay:Many Hands","Impervious"],"picked":"Hemogenesis","floor":16.0},{"not_picked":["True Grit","Cleave","Clothesline+1"],"picked":"SKIP","floor":18.0},{"not_picked":["True Grit","Armaments"],"picked":"Inflame","floor":20.0},{"not_picked":["Thunderclap","ReplayTheSpireMod:Limb From Limb"],"picked":"Twin Strike","floor":21},{"not_picked":["Fiend Fire","Cleave","Warcry+1"],"picked":"SKIP","floor":23},{"not_picked":["Flame Barrier","Entrench","Dual Wield"],"picked":"SKIP","floor":24},{"not_picked":["Havoc+1","Spot Weakness","Shockwave"],"picked":"SKIP","floor":24}],"player_experience":319357,"relics_obtained":[{"floor":6.0,"key":"Replay:Baseball"},{"floor":8.0,"key":"ReplayTheSpireMod:TigerMarble"},{"floor":9.0,"key":"Smiling Mask"},{"floor":14.0,"key":"Bag of Marbles"},{"floor":19.0,"key":"Tiny Chest"},{"floor":23,"key":"PreservedInsect"},{"floor":23,"key":"Prayer Wheel"}],"event_choices":[{"damage_healed":0.0,"max_hp_gain":0.0,"max_hp_loss":0.0,"gold_gain":77.0,"event_name":"Golden Wing","player_choice":"Gained Gold","floor":4.0,"gold_loss":0.0,"damage_taken":0.0},{"damage_healed":0.0,"max_hp_gain":0.0,"max_hp_loss":0.0,"gold_gain":0.0,"event_name":"Living Wall","player_choice":"Grow","floor":7.0,"gold_loss":0.0,"damage_taken":0.0,"cards_upgraded":["Perfected Strike"]},{"damage_healed":0.0,"max_hp_gain":0.0,"max_hp_loss":0.0,"gold_gain":0.0,"event_name":"Wheel of Change","player_choice":"Relic","floor":19.0,"gold_loss":0.0,"damage_taken":0.0},{"damage_healed":0,"gold_gain":0,"player_choice":"Dagger","damage_taken":6,"max_hp_gain":0,"max_hp_loss":0,"event_name":"betterThird:BetterNest","floor":22,"gold_loss":0,"cards_obtained":["RitualDagger"]}],"is_beta":false,"boss_relics":[{"not_picked":["Kintsugi","Runic Cube"],"picked":"Black Star"}],"items_purged_floors":[3],"is_endless":false,"potions_floor_spawned":[1,6,8,11,18,24],"ascension_level":1}}