{"host":"ta9mufxydm4vkknf","time":1610222319,"event":{"mods":["AchievementEnabler","BaseMod","Minty Spire (QoL Compilation)","Quick Restart"],"gold_per_floor":[115,131,147,159,170,200,200,200,200],"floor_reached":8,"playtime":282,"items_purged":[],"score":72,"play_id":"b7213d90-6d63-4dbc-89d5-835d2551a4d9","local_time":"20210109205839","is_ascension_mode":true,"campfire_choices":[{"data":"Cold Snap","floor":7,"key":"SMITH"}],"circlet_count":0,"master_deck":["Strike_B","Strike_B","Strike_B","Strike_B","Defend_B","Defend_B","Defend_B","Defend_B","Zap","Dualcast","Skim","Fusion","White Noise","Redo","Capacitor","Cold Snap+1"],"relics":["Cracked Core","Vajra"],"acts_visited":["Exordium"],"potions_floor_usage":[],"damage_taken":[{"damage":11,"enemies":"2 Louse","floor":1,"turns":3},{"damage":0,"enemies":"Cultist","floor":2,"turns":4},{"damage":8,"enemies":"Jaw Worm","floor":3,"turns":4},{"damage":12,"enemies":"Lots of Slimes","floor":4,"turns":3},{"damage":3,"enemies":"Blue Slaver","floor":5,"turns":5},{"damage":25,"enemies":"3 Sentries","floor":6,"turns":4},{"damage":26,"enemies":"Lagavulin","floor":8,"turns":3}],"seed_played":"-7057866729040432858","potions_obtained":[{"floor":1,"key":"EssenceOfSteel"},{"floor":2,"key":"Weak Potion"},{"floor":6,"key":"Dexterity Potion"}],"is_trial":false,"path_per_floor":["M","M","M","M","M","E","R","E"],"character_chosen":"DEFECT","items_purchased":[],"campfire_rested":0,"item_purchase_floors":[],"current_hp_per_floor":[71,71,63,51,48,23,23,0,0],"gold":200,"neow_bonus":"TEN_PERCENT_HP_BONUS","is_daily":false,"chose_seed":false,"campfire_upgraded":1,"win_rate":0.0,"timestamp":1610222319,"path_taken":["M","M","M","M","M","E","R","E"],"items_purchased_type":[],"build_version":"2020-12-22","purchased_purges":0,"victory":false,"max_hp_per_floor":[82,82,82,82,82,82,82,82,82],"card_choices":[{"not_picked":["Consume","Self Repair"],"picked":"Skim","floor":1},{"not_picked":["Stack","Force Field"],"picked":"Fusion","floor":2},{"not_picked":["Turbo","Barrage"],"picked":"White Noise","floor":3},{"not_picked":["Barrage","Hologram"],"picked":"Redo","floor":4},{"not_picked":["Beam Cell","Storm"],"picked":"Capacitor","floor":5},{"not_picked":["White Noise","BootSequence"],"picked":"Cold Snap","floor":6}],"player_experience":264777,"relics_obtained":[{"floor":6,"key":"Vajra"}],"event_choices":[],"is_beta":false,"boss_relics":[],"items_purged_floors":[],"is_endless":false,"potions_floor_spawned":[1,2,6],"killed_by":"Lagavulin","ascension_level":4}}