{"host":"8u7tvcybuv0u72fd","time":1610166031,"event":{"mods":["BaseMod","BetterRewards","Colored Map","Colored Powertips","Minty Spire (QoL Compilation)","Quick Restart","Shop Mod"],"gold_per_floor":[116,135,154,104,124,124,151,169,169,187,212,231,231,231,231,332,332,350,74,89,139,154,154,69,69,69,94,112,112,132,151,151,248,248,260,260,22,35,135,135,168,187,187,187,200,250,280,240,240,240,240,240,9,39,39],"floor_reached":56,"playtime":2799,"items_purged":["Strike_R"],"score":1664,"play_id":"6fe10daf-85e3-430a-a031-f92c4620f2b0","local_time":"20210108232031","is_ascension_mode":false,"campfire_choices":[{"data":"Bash","floor":6.0,"key":"SMITH"},{"data":"Heavy Blade","floor":13.0,"key":"SMITH"},{"data":"Flex","floor":15.0,"key":"SMITH"},{"data":"1","floor":23.0,"key":"LIFT"},{"data":"2","floor":25.0,"key":"LIFT"},{"data":"3","floor":29.0,"key":"LIFT"},{"floor":32,"key":"RECALL"},{"floor":40,"key":"REST"},{"floor":44,"key":"REST"},{"floor":49,"key":"REST"},{"floor":52,"key":"REST"}],"circlet_count":0,"master_deck":["Strike_R","Strike_R+1","Strike_R","Strike_R","Defend_R","Defend_R+1","Defend_R","Bash+1","Shrug It Off","Cleave","Flex+1","Clash","Heavy Blade+1","Offering","Apotheosis+1","Headbutt","Feed","Body Slam","Pommel Strike+1","Rage+1","Spot Weakness+1","Shockwave"],"relics":["Black Blood","Sling","Potion Belt","Lizard Tail","Vajra","HornCleat","Pantograph","Bottled Lightning","Girya","Fusion Hammer","MerchantsRug","Singing Bowl","Mercury Hourglass","Bird Faced Urn","Gambling Chip","Oddly Smooth Stone","Pen Nib"],"acts_visited":["Exordium","TheCity","TheBeyond","TheEnding"],"potions_floor_usage":[41,42,46,55,55,55,55,55],"damage_taken":[{"damage":0.0,"enemies":"Cultist","floor":1.0,"turns":3.0},{"damage":3.0,"enemies":"Jaw Worm","floor":2.0,"turns":3.0},{"damage":0.0,"enemies":"Small Slimes","floor":3.0,"turns":3.0},{"damage":7.0,"enemies":"Gremlin Gang","floor":5.0,"turns":6.0},{"damage":8.0,"enemies":"Lagavulin","floor":7.0,"turns":5.0},{"damage":0.0,"enemies":"Blue Slaver","floor":8.0,"turns":3.0},{"damage":14.0,"enemies":"Exordium Thugs","floor":10.0,"turns":4.0},{"damage":0.0,"enemies":"Gremlin Nob","floor":11.0,"turns":3.0},{"damage":0.0,"enemies":"3 Louse","floor":12.0,"turns":2.0},{"damage":27.0,"enemies":"Hexaghost","floor":16.0,"turns":8.0},{"damage":0.0,"enemies":"Chosen","floor":18.0,"turns":3.0},{"damage":11.0,"enemies":"Shell Parasite","floor":20.0,"turns":3.0},{"damage":9.0,"enemies":"Shelled Parasite and Fungi","floor":22.0,"turns":5.0},{"damage":11.0,"enemies":"Gremlin Leader","floor":27.0,"turns":4.0},{"damage":6.0,"enemies":"Sentry and Sphere","floor":28.0,"turns":2.0},{"damage":0.0,"enemies":"3 Cultists","floor":30.0,"turns":4.0},{"damage":6,"enemies":"Cultist and Chosen","floor":31,"turns":3},{"damage":65,"enemies":"Automaton","floor":33,"turns":9},{"damage":10,"enemies":"Orb Walker","floor":35,"turns":3},{"damage":2,"enemies":"3 Shapes","floor":38,"turns":2},{"damage":24,"enemies":"Nemesis","floor":41,"turns":5},{"damage":20,"enemies":"Maw","floor":42,"turns":5},{"damage":16,"enemies":"Writhing Mass","floor":45,"turns":3},{"damage":33,"enemies":"Mind Bloom Boss Battle","floor":46,"turns":4},{"damage":19,"enemies":"Giant Head","floor":47,"turns":4},{"damage":88,"enemies":"Donu and Deca","floor":50,"turns":7},{"damage":47,"enemies":"Shield and Spear","floor":54,"turns":4},{"damage":184,"enemies":"The Heart","floor":55,"turns":9}],"seed_played":"-7417474036183963470","potions_obtained":[{"floor":3.0,"key":"FairyPotion"},{"floor":7.0,"key":"FearPotion"},{"floor":11.0,"key":"PowerPotion"},{"floor":16.0,"key":"Strength Potion"},{"floor":20.0,"key":"Energy Potion"},{"floor":28.0,"key":"PowerPotion"},{"floor":35,"key":"DuplicationPotion"},{"floor":41,"key":"Fire Potion"},{"floor":42,"key":"HeartOfIron"},{"floor":47,"key":"SkillPotion"}],"is_trial":false,"path_per_floor":["M","M","M","$","M","R","E","M","T","M","E","M","R","?","R","B",null,"M","$","M","?","M","R","$","R","T","E","M","R","M","M","R","B",null,"M","?","$","M","?","R","E","M","T","R","M","?","E","?","R","B",null,"R","$","E","B",null],"character_chosen":"IRONCLAD","items_purchased":["Sling","Potion Belt","Vajra","HornCleat","Shrug It Off","Weak Potion","BloodPotion","Apotheosis","MerchantsRug","Fruit Juice","Mercury Hourglass","Oddly Smooth Stone","BloodPotion","Shockwave"],"campfire_rested":4,"item_purchase_floors":[0,0,0,0,0,0,4,19,19,24,37,53,53,53],"current_hp_per_floor":[54,57,63,63,62,62,60,66,66,58,64,70,70,54,54,58,80,80,80,75,75,72,72,77,77,87,84,86,86,94,96,96,44,103,103,103,103,106,106,106,107,99,99,119,117,104,103,103,131,55,131,131,131,102,78],"gold":39,"neow_bonus":"","is_daily":false,"chose_seed":false,"campfire_upgraded":3,"win_rate":0.0,"timestamp":1610166031,"path_taken":["M","?","M","$","M","R","E","M","T","M","E","M","R","?","R","BOSS","M","$","M","?","M","R","$","R","T","E","M","R","M","?","R","BOSS","M","?","?","M","?","R","E","?","T","R","?","?","E","?","R","BOSS","R","$","E","BOSS"],"items_purchased_type":["Relic","Relic","Relic","Relic","Card","Potion","Potion","Card","Relic","Potion","Relic","Relic","Potion","Card"],"build_version":"2020-12-22","purchased_purges":1,"victory":true,"max_hp_per_floor":[80,80,80,80,80,80,80,80,80,80,80,80,80,80,80,80,80,80,80,80,80,80,80,85,85,95,97,99,99,101,103,103,103,103,103,103,103,106,106,106,119,119,119,119,121,125,131,131,131,131,131,131,131,137,137],"card_choices":[{"not_picked":["Clothesline","Infernal Blade"],"picked":"Cleave","floor":1.0},{"not_picked":["Armaments","Perfected Strike","Inflame"],"picked":"SKIP","floor":2.0},{"not_picked":["Clash","Armaments"],"picked":"Flex","floor":3.0},{"not_picked":["Heavy Blade","Searing Blow","Sentinel"],"picked":"SKIP","floor":5.0},{"not_picked":["Rampage","Clothesline"],"picked":"Clash","floor":7.0},{"not_picked":["Armaments","Demon Form","Thunderclap"],"picked":"SKIP","floor":8.0},{"not_picked":["Havoc","Whirlwind","Rage"],"picked":"SKIP","floor":10.0},{"not_picked":["Heavy Blade","Reckless Charge","Shockwave"],"picked":"SKIP","floor":11.0},{"not_picked":["Reckless Charge","Shockwave"],"picked":"Heavy Blade","floor":11.0},{"not_picked":["True Grit","Perfected Strike","Clash"],"picked":"SKIP","floor":12.0},{"not_picked":["Berserk","Corruption"],"picked":"Offering","floor":16.0},{"not_picked":["Heavy Blade","Second Wind","Spot Weakness"],"picked":"SKIP","floor":18.0},{"not_picked":["Entrench","Pummel","Carnage+1"],"picked":"SKIP","floor":20.0},{"not_picked":["Havoc","Power Through"],"picked":"Headbutt","floor":22.0},{"not_picked":["Infernal Blade","Fire Breathing+1","Heavy Blade"],"picked":"Singing Bowl","floor":27.0},{"not_picked":["Ghostly Armor","Wild Strike+1","Perfected Strike"],"picked":"Singing Bowl","floor":28.0},{"not_picked":["Power Through","Perfected Strike","Flame Barrier"],"picked":"Singing Bowl","floor":30.0},{"not_picked":["Sword Boomerang","True Grit","Warcry"],"picked":"Singing Bowl","floor":31},{"not_picked":["Offering","Bludgeon"],"picked":"Feed","floor":33},{"not_picked":["Bloodletting","Flame Barrier"],"picked":"Body Slam","floor":35},{"not_picked":["Dark Embrace","Carnage+1"],"picked":"Pommel Strike+1","floor":38},{"not_picked":["True Grit+1","Clothesline","Ghostly Armor+1"],"picked":"Singing Bowl","floor":41},{"not_picked":["Perfected Strike+1","Shrug It Off+1"],"picked":"Rage+1","floor":42},{"not_picked":["Evolve","Second Wind","Shrug It Off+1"],"picked":"Singing Bowl","floor":45},{"not_picked":["Whirlwind","Sword Boomerang+1"],"picked":"Spot Weakness+1","floor":46},{"not_picked":["Twin Strike","Spot Weakness","Sentinel"],"picked":"Singing Bowl","floor":47},{"not_picked":["Reckless Charge+1","Wild Strike","Iron Wave"],"picked":"Singing Bowl","floor":54}],"player_experience":1282803,"relics_obtained":[{"floor":7.0,"key":"Pantograph"},{"floor":9.0,"key":"Bottled Lightning"},{"floor":11.0,"key":"Girya"},{"floor":26.0,"key":"Pear"},{"floor":27.0,"key":"Singing Bowl"},{"floor":41,"key":"Strawberry"},{"floor":46,"key":"Bird Faced Urn"},{"floor":47,"key":"Gambling Chip"},{"floor":54,"key":"Pen Nib"}],"event_choices":[{"damage_healed":0.0,"max_hp_gain":0.0,"max_hp_loss":0.0,"gold_gain":0.0,"event_name":"Shining Light","player_choice":"Entered Light","floor":14.0,"gold_loss":0.0,"damage_taken":16.0,"cards_upgraded":["Strike_R","Defend_R"]},{"damage_healed":0.0,"max_hp_gain":0.0,"max_hp_loss":0.0,"gold_gain":100.0,"event_name":"The Joust","player_choice":"Bet on Murderer","floor":21.0,"gold_loss":50.0,"damage_taken":0.0},{"cards_removed":["Defend_R"],"damage_healed":0,"gold_gain":0,"player_choice":"Removed Skill","damage_taken":0,"max_hp_gain":0,"max_hp_loss":0,"event_name":"Falling","floor":36,"gold_loss":0},{"damage_healed":0,"gold_gain":100,"player_choice":"Pray","damage_taken":0,"max_hp_gain":0,"max_hp_loss":0,"event_name":"Golden Shrine","floor":39,"gold_loss":0},{"damage_healed":0,"gold_gain":0,"player_choice":"Fight","damage_taken":0,"max_hp_gain":0,"max_hp_loss":0,"event_name":"MindBloom","floor":46,"gold_loss":0},{"damage_healed":0,"gold_gain":0,"player_choice":"Upgrade","damage_taken":0,"max_hp_gain":0,"max_hp_loss":0,"event_name":"Designer","floor":48,"gold_loss":40,"cards_upgraded":["Apotheosis"]}],"is_beta":false,"boss_relics":[{"not_picked":["Snecko Eye","Astrolabe"],"picked":"Fusion Hammer"},{"not_picked":["Runic Cube","Sozu"],"picked":"Black Blood"}],"items_purged_floors":[0],"is_endless":false,"potions_floor_spawned":[3,7,11,16,20,28,31,35,41,42,47],"ascension_level":0}}