{"host":"f1yp41yk4w46r4xn","time":1610155305,"event":{"mods":["AchievementEnabler","Act Like it!","BaseMod","BetterRewards","Block Reminder","Conspire","Downfall","GifTheSpireLib","Highlight Path","Hubris","Infinite Spire","Jedi Mod","Minty Spire (QoL Compilation)","Pale of the Ancients","Replay The Spire","StSLib","Stuff the Spire"],"gold_per_floor":[119,129,144,61,77,77,95,95,147,209,222,222,249,249,249,321,321,337,337,173,173,186,186,186,205,278,292,312,312,312],"floor_reached":29,"playtime":1976,"items_purged":[],"score":529,"play_id":"d4fd2331-2b0e-4bc5-8820-480762cfcea9","local_time":"20210108232145","daily_mods":["SealedDeck"],"is_ascension_mode":true,"campfire_choices":[{"data":"TalkToTheHand","floor":6,"key":"SMITH"},{"data":"Fasting2","floor":8,"key":"SMITH"},{"floor":12,"key":"REST"},{"data":"Crescendo","floor":15,"key":"SMITH"},{"floor":23,"key":"REST"}],"circlet_count":0,"master_deck":["AscendersBane","EmptyBody","EmptyBody","Fasting2+1","Replay:BluntJabs","FollowUp","Consecrate","FearNoEvil","Replay:BluntJabs","Replay:BluntJabs","Replay:BluntJabs","ReachHeaven","Crescendo+1","Conclude","TalkToTheHand+1","CutThroughFate","CrushJoints","Weave","FollowUp","DevaForm+1","ClearTheMind","DevaForm","Tantrum","ThirdEye","Consecrate","FollowUp"],"relics":["PureWater","Ring of Chaos","StuffTheSpire:Gunfinga","StuffTheSpire:EmeraldSignet","hubris:Backtick","Bottled Tornado","hubris:Icosahedron","jedi:heavyjacket"],"acts_visited":["Exordium","TheCity"],"potions_floor_usage":[16,25,25],"damage_taken":[{"damage":1,"enemies":"Small Slimes","floor":1,"turns":2},{"damage":5,"enemies":"Jaw Worm","floor":2,"turns":2},{"damage":6,"enemies":"2 Louse","floor":3,"turns":3},{"damage":7,"enemies":"Looter","floor":5,"turns":2},{"damage":0,"enemies":"2 Fungi Beasts","floor":7,"turns":2},{"damage":0,"enemies":"Large Slime","floor":11,"turns":3},{"damage":0,"enemies":"Gremlin Nob","floor":13,"turns":3},{"damage":49,"enemies":"Fading Forest","floor":16,"turns":13},{"damage":0,"enemies":"conspire:FuzzyDice","floor":18,"turns":4},{"damage":18,"enemies":"Chosen","floor":22,"turns":4},{"damage":48,"enemies":"Snake Plant","floor":25,"turns":4},{"damage":19,"enemies":"Centurion and Healer","floor":27,"turns":3},{"damage":34,"enemies":"Cultist and Chosen","floor":28,"turns":4},{"damage":49,"enemies":"Book of Stabbing","floor":29,"turns":3}],"seed_played":"-4623166891329714018","potions_obtained":[{"floor":2,"key":"Adrenaline Potion"},{"floor":11,"key":"conspire:TimeTravelPotion"},{"floor":16,"key":"CultistPotion"},{"floor":27,"key":"Reflective Coating"}],"is_trial":true,"path_per_floor":["M","M","M","$","M","R","M","R","T","?","M","R","E","?","R","B",null,"M","?","$","?","M","R","?","M","T","M","M","E"],"character_chosen":"WATCHER","items_purchased":["TalkToTheHand","DevaForm"],"campfire_rested":2,"item_purchase_floors":[4,20],"current_hp_per_floor":[60,55,49,49,42,42,42,42,42,42,42,62,62,62,62,21,56,58,58,58,58,42,62,62,40,40,49,15,0,0],"gold":312,"neow_bonus":"","is_daily":false,"chose_seed":false,"campfire_upgraded":3,"win_rate":0.0,"timestamp":1610155305,"path_taken":["M","M","M","$","M","R","M","R","T","?","M","R","E","?","R","BOSS","M","?","$","?","M","R","?","M","T","M","M","E"],"items_purchased_type":["Card","Card"],"build_version":"2020-12-22","purchased_purges":0,"victory":false,"max_hp_per_floor":[68,68,68,68,68,68,68,68,68,68,68,68,68,68,68,68,68,68,68,68,68,68,68,68,68,68,68,68,68,68],"card_choices":[{"not_picked":["Replay:BluntJabs","Replay:ManipulateFuture"],"picked":"ReachHeaven","floor":1},{"not_picked":["Evaluate","Protect"],"picked":"Crescendo","floor":2},{"not_picked":["ReachHeaven","Replay:Cycle"],"picked":"Conclude","floor":3},{"not_picked":["Protect","EmptyBody"],"picked":"CutThroughFate","floor":5},{"not_picked":["Blasphemy","Study"],"picked":"CrushJoints","floor":7},{"not_picked":["Replay:Cycle","FlurryOfBlows"],"picked":"Weave","floor":11},{"not_picked":["Perseverance","ThirdEye"],"picked":"FollowUp","floor":13},{"not_picked":["Omniscience","Ragnarok"],"picked":"DevaForm","floor":16},{"not_picked":["Evaluate","Replay:ManipulateFuture"],"picked":"ClearTheMind","floor":18},{"not_picked":["Replay:AtTheReady","Replay:ManipulateFuture","LikeWater"],"picked":"SKIP","floor":22},{"not_picked":["Weave","Replay:Cycle"],"picked":"ThirdEye","floor":25},{"not_picked":["CrushJoints","PathToVictory"],"picked":"Consecrate","floor":27},{"not_picked":["TalkToTheHand","Conclude"],"picked":"FollowUp","floor":28}],"player_experience":205414,"relics_obtained":[{"floor":9,"key":"StuffTheSpire:Gunfinga"},{"floor":13,"key":"StuffTheSpire:EmeraldSignet"},{"floor":26,"key":"jedi:heavyjacket"}],"event_choices":[{"damage_healed":0,"gold_gain":62,"player_choice":"Gained Gold","damage_taken":0,"max_hp_gain":0,"max_hp_loss":0,"event_name":"Golden Wing","floor":10,"gold_loss":0},{"damage_healed":0,"gold_gain":0,"player_choice":"Ignored","damage_taken":0,"max_hp_gain":0,"max_hp_loss":0,"event_name":"Liars Game","floor":14,"gold_loss":0},{"damage_healed":0,"gold_gain":0,"player_choice":"Read","damage_taken":0,"max_hp_gain":0,"max_hp_loss":0,"event_name":"The Library","floor":24,"gold_loss":0,"cards_obtained":["Tantrum"]}],"is_beta":false,"boss_relics":[{"not_picked":["Runic Pyramid","Empty Cage"],"picked":"hubris:Backtick"}],"items_purged_floors":[],"is_endless":false,"potions_floor_spawned":[2,11,16,27],"killed_by":"Book of Stabbing","ascension_level":20}}