{"host":"f5n4tidiz2n5sooh","time":1610150580,"event":{"mods":["BaseMod","Colored Map","Minty Spire (QoL Compilation)","Relic Stats","StSLib"],"gold_per_floor":[117,133,208,220,237,265,265,283,283,299,299,299],"floor_reached":11,"playtime":426,"items_purged":[],"score":154,"play_id":"cc43f9d9-bbb9-4eb8-b76f-3958f522d7fa","local_time":"20210108180300","is_ascension_mode":true,"campfire_choices":[{"floor":7,"key":"REST"}],"circlet_count":0,"master_deck":["AscendersBane","Strike_G","Strike_G","Strike_G","Strike_G","Strike_G","Defend_G","Defend_G","Defend_G","Defend_G","Defend_G","Survivor","Neutralize","Noxious Fumes","Dagger Throw","Bane","Dagger Throw","PiercingWail"],"relics":["Ring of the Snake","Omamori","Meat on the Bone"],"acts_visited":["Exordium"],"potions_floor_usage":[5,6,8],"damage_taken":[{"damage":0,"enemies":"2 Louse","floor":1,"turns":5},{"damage":4,"enemies":"Small Slimes","floor":2,"turns":4},{"damage":6,"enemies":"Jaw Worm","floor":4,"turns":7},{"damage":0,"enemies":"Gremlin Gang","floor":5,"turns":3},{"damage":25,"enemies":"Lagavulin","floor":6,"turns":5},{"damage":7,"enemies":"Large Slime","floor":8,"turns":5},{"damage":2,"enemies":"2 Fungi Beasts","floor":10,"turns":4},{"damage":56,"enemies":"Gremlin Nob","floor":11,"turns":4}],"seed_played":"822843541137125159","potions_obtained":[{"floor":1,"key":"SkillPotion"},{"floor":5,"key":"CunningPotion"},{"floor":6,"key":"AttackPotion"}],"is_trial":false,"path_per_floor":["M","M","?","M","M","E","R","M","T","M","E"],"character_chosen":"THE_SILENT","items_purchased":[],"campfire_rested":1,"item_purchase_floors":[],"current_hp_per_floor":[65,61,50,44,44,19,40,33,33,43,0,0],"gold":299,"neow_bonus":"TEN_PERCENT_HP_BONUS","is_daily":false,"chose_seed":false,"campfire_upgraded":0,"win_rate":0.0,"timestamp":1610150580,"path_taken":["M","M","?","M","M","E","R","M","T","M","E"],"items_purchased_type":[],"build_version":"2020-12-22","purchased_purges":0,"victory":false,"max_hp_per_floor":[72,72,72,72,72,72,72,72,72,72,72,72],"relic_stats":{"counters":[8,37],"obtain_stats":[{"Omamori":6,"Ring of the Snake":0,"Meat on the Bone":9},{"Omamori":5,"Ring of the Snake":0,"Meat on the Bone":6},{"Omamori":24,"Ring of the Snake":0,"Meat on the Bone":29}],"Ring of the Snake":[16],"Meat on the Bone":12},"card_choices":[{"not_picked":["Heel Hook","PiercingWail"],"picked":"Noxious Fumes","floor":1},{"not_picked":["Underhanded Strike","Leg Sweep"],"picked":"Dagger Throw","floor":2},{"not_picked":["Backstab","Tactician"],"picked":"Bane","floor":4},{"not_picked":["Bane","Riddle With Holes"],"picked":"Dagger Throw","floor":5},{"not_picked":["Flying Knee","Deadly Poison"],"picked":"PiercingWail","floor":6},{"not_picked":["Backstab","Cloak And Dagger","Dodge and Roll"],"picked":"SKIP","floor":8},{"not_picked":["Heel Hook","Quick Slash","Tactician"],"picked":"SKIP","floor":10}],"player_experience":1982832,"relics_obtained":[{"floor":6,"key":"Omamori"},{"floor":9,"key":"Meat on the Bone"}],"event_choices":[{"damage_healed":0,"gold_gain":75,"player_choice":"Gather Gold","damage_taken":11,"max_hp_gain":0,"max_hp_loss":0,"event_name":"World of Goop","floor":3,"gold_loss":0}],"is_beta":false,"boss_relics":[],"items_purged_floors":[],"is_endless":false,"potions_floor_spawned":[1,5,6],"killed_by":"Gremlin Nob","ascension_level":20}}