{"host":"k85tjwrh7mjrrc9a","time":1610230810,"event":{"mods":["AchievementEnabler","BaseMod","Colored Powertips","Highlight Path","Minty Spire (QoL Compilation)","Rare Cards Sparkle","StSLib"],"gold_per_floor":[112,126,55,55,55,55,80,99,126,143,170,188,188,25,25,124,124,142,160,75,75,95,95,105,121,121,166,166,166,166,166],"floor_reached":30,"playtime":1191,"items_purged":[],"score":373,"play_id":"1a7b346b-67f1-49bd-b3d6-f2c1d2c50294","local_time":"20210109172010","is_ascension_mode":true,"campfire_choices":[{"data":"Evolve","floor":6.0,"key":"SMITH"},{"data":"Cleave","floor":13.0,"key":"SMITH"},{"data":"Apotheosis","floor":15.0,"key":"SMITH"},{"floor":23,"key":"REST"}],"circlet_count":0,"master_deck":["Defend_R","Defend_R","Defend_R","Defend_R","Bash+1","Cleave+1","Inflame","Evolve+1","Wild Strike","Wild Strike","Iron Wave","Apotheosis+1","Feed","Shockwave","Pommel Strike","Bite","Bite","Bite","Bite","Bite","Pommel Strike","True Grit"],"relics":["Burning Blood","Smiling Mask","MealTicket","Happy Flower","Mango","Black Star","Letter Opener","Calipers","Bag of Marbles"],"acts_visited":["Exordium","TheCity"],"potions_floor_usage":[25],"damage_taken":[{"damage":13.0,"enemies":"Jaw Worm","floor":1.0,"turns":5.0},{"damage":0.0,"enemies":"Small Slimes","floor":2.0,"turns":3.0},{"damage":38.0,"enemies":"Gremlin Nob","floor":7.0,"turns":5.0},{"damage":1.0,"enemies":"2 Louse","floor":8.0,"turns":4.0},{"damage":21.0,"enemies":"Blue Slaver","floor":10.0,"turns":5.0},{"damage":15.0,"enemies":"3 Sentries","floor":11.0,"turns":6.0},{"damage":0.0,"enemies":"Exordium Wildlife","floor":12.0,"turns":3.0},{"damage":28.0,"enemies":"Slime Boss","floor":16.0,"turns":7.0},{"damage":53.0,"enemies":"3 Byrds","floor":18.0,"turns":8.0},{"damage":8.0,"enemies":"Chosen","floor":19.0,"turns":4.0},{"damage":46,"enemies":"Sentry and Sphere","floor":22,"turns":6},{"damage":32,"enemies":"Chosen and Byrds","floor":24,"turns":6},{"damage":21,"enemies":"Snecko","floor":25,"turns":5},{"damage":44,"enemies":"Colosseum Slavers","floor":29,"turns":7},{"damage":32,"enemies":"Slavers","floor":30,"turns":2}],"seed_played":"-7133576673055758020","potions_obtained":[{"floor":1.0,"key":"FearPotion"},{"floor":7.0,"key":"FearPotion"},{"floor":8.0,"key":"GamblersBrew"},{"floor":12.0,"key":"BlessingOfTheForge"},{"floor":24,"key":"Swift Potion"}],"is_trial":false,"path_per_floor":["M","M","$","?","?","R","E","M","T","M","E","M","R","$","R","B",null,"M","M","?","?","M","R","M","M","T","T","$","?","E"],"character_chosen":"IRONCLAD","items_purchased":["Evolve","Apotheosis"],"campfire_rested":1,"item_purchase_floors":[3,14],"current_hp_per_floor":[65,71,71,71,71,71,39,44,44,29,34,40,40,55,55,33,79,36,38,38,38,16,37,28,28,28,28,43,26,0,0],"gold":166,"neow_bonus":"RANDOM_COMMON_RELIC","is_daily":false,"chose_seed":false,"campfire_upgraded":3,"win_rate":0.0,"timestamp":1610230810,"path_taken":["M","M","$","?","?","R","E","M","T","M","E","M","R","$","R","BOSS","M","M","?","?","M","R","M","?","T","?","$","?","E"],"items_purchased_type":["Card","Card"],"build_version":"2020-12-22","purchased_purges":0,"victory":false,"max_hp_per_floor":[80,80,80,80,80,80,80,80,80,80,94,94,94,94,94,94,94,98,102,102,71,71,71,71,75,75,75,75,79,79,79],"card_choices":[{"not_picked":["Thunderclap","True Grit"],"picked":"Cleave","floor":1.0},{"not_picked":["Clothesline","Power Through"],"picked":"Inflame","floor":2.0},{"not_picked":["Body Slam","Anger"],"picked":"Wild Strike","floor":7.0},{"not_picked":["Impervious","Cleave"],"picked":"Wild Strike","floor":8.0},{"not_picked":["Twin Strike","Burning Pact"],"picked":"Iron Wave","floor":10.0},{"not_picked":["Offering","Headbutt","Ghostly Armor"],"picked":"SKIP","floor":11.0},{"not_picked":["Clash","Havoc","Sever Soul"],"picked":"SKIP","floor":12.0},{"not_picked":["Bludgeon","Berserk"],"picked":"Feed","floor":16.0},{"not_picked":["Uppercut","Carnage"],"picked":"Shockwave","floor":18.0},{"not_picked":["Twin Strike","Perfected Strike"],"picked":"Pommel Strike","floor":19.0},{"not_picked":["Thunderclap","Sword Boomerang"],"picked":"Pommel Strike","floor":22},{"not_picked":["Rupture+1","Twin Strike"],"picked":"True Grit","floor":24},{"not_picked":["Intimidate","Sever Soul","Infernal Blade+1"],"picked":"SKIP","floor":25}],"player_experience":178816,"relics_obtained":[{"floor":7.0,"key":"MealTicket"},{"floor":9.0,"key":"Happy Flower"},{"floor":11.0,"key":"Mango"},{"floor":26,"key":"Calipers"},{"floor":27,"key":"Bag of Marbles"}],"event_choices":[{"damage_healed":0.0,"max_hp_gain":0.0,"max_hp_loss":0.0,"gold_gain":0.0,"event_name":"Liars Game","player_choice":"Ignored","floor":4.0,"gold_loss":0.0,"damage_taken":0.0},{"damage_healed":0.0,"max_hp_gain":0.0,"max_hp_loss":0.0,"gold_gain":0.0,"event_name":"Living Wall","player_choice":"Grow","floor":5.0,"gold_loss":0.0,"damage_taken":0.0,"cards_upgraded":["Bash"]},{"damage_healed":0.0,"max_hp_gain":0.0,"max_hp_loss":0.0,"gold_gain":0.0,"event_name":"Addict","player_choice":"Obtained Relic","floor":20.0,"gold_loss":85.0,"damage_taken":0.0,"relics_obtained":["Letter Opener"]},{"damage_healed":0.0,"max_hp_gain":0.0,"max_hp_loss":31.0,"gold_gain":0.0,"event_name":"Vampires","player_choice":"Became a vampire","floor":21.0,"gold_loss":0.0,"damage_taken":0.0,"cards_obtained":["Bite","Bite","Bite","Bite","Bite"]},{"damage_healed":0,"gold_gain":0,"player_choice":"Fight","damage_taken":0,"max_hp_gain":0,"max_hp_loss":0,"event_name":"Colosseum","floor":29,"gold_loss":0},{"damage_healed":0,"gold_gain":0,"player_choice":"Fled From Nobs","damage_taken":0,"max_hp_gain":0,"max_hp_loss":0,"event_name":"Colosseum","floor":29,"gold_loss":0}],"is_beta":false,"boss_relics":[{"not_picked":["Tiny House","Runic Pyramid"],"picked":"Black Star"}],"items_purged_floors":[],"is_endless":false,"potions_floor_spawned":[1,7,8,12,24],"killed_by":"Slavers","ascension_level":9}}