{"host":"m5bsg12zcyqnofur","time":1610182595,"event":{"mods":["BaseMod","BetterRewards","Colored Powertips","Downfall","Highlight Path","Minty Spire (QoL Compilation)","Quick Restart","Replay The Spire","Shop Mod","StSLib"],"gold_per_floor":[110,121,121,196,51,51,83,83,159,159,173,187,202,227,227,326,326,342,355,370,382,396,429,344,344,344],"floor_reached":25,"playtime":2484,"items_purged":["Bash"],"score":378,"play_id":"8c9436b5-af23-4b09-b882-b21da158355e","local_time":"20210109025635","is_ascension_mode":true,"campfire_choices":[{"data":"Twin Strike","floor":6,"key":"SMITH"},{"data":"Pommel Strike","floor":8,"key":"SMITH"},{"floor":10,"key":"REST"},{"data":"Defend_R","floor":15,"key":"PURGE"}],"circlet_count":0,"master_deck":["Strike_R","Strike_R","Strike_R","Strike_R","Strike_R","Defend_R","Defend_R","Battle Trance+1","Violence","PanicButton","Pommel Strike+1","Twin Strike+1","Warcry","Perfected Strike","Perfected Strike","Burning Pact","Perfected Strike","Immolate"],"relics":["Burning Blood","Kunai","Ginger","Medical Kit","Pet Ghost","Shuriken","Dream Catcher","Philosopher\u0027s Stone","Meat on the Bone","Art of War"],"acts_visited":["Exordium","TheCity"],"potions_floor_usage":[7,14,23,25],"damage_taken":[{"damage":0,"enemies":"2 Louse","floor":1,"turns":3},{"damage":0,"enemies":"Cultist","floor":2,"turns":4},{"damage":22,"enemies":"Lagavulin","floor":7,"turns":7},{"damage":1,"enemies":"Jaw Worm","floor":11,"turns":2},{"damage":0,"enemies":"Looter","floor":12,"turns":2},{"damage":5,"enemies":"3 Louse","floor":13,"turns":3},{"damage":0,"enemies":"Gremlin Nob","floor":14,"turns":3},{"damage":7,"enemies":"Slime Boss","floor":16,"turns":8},{"damage":0,"enemies":"Spheric Guardian","floor":18,"turns":2},{"damage":12,"enemies":"Chosen","floor":19,"turns":3},{"damage":31,"enemies":"Shelled Parasite and Fungi","floor":20,"turns":4},{"damage":1,"enemies":"Snake Plant","floor":21,"turns":3},{"damage":14,"enemies":"3 Cultists","floor":22,"turns":4},{"damage":36,"enemies":"Book of Stabbing","floor":23,"turns":4},{"damage":22,"enemies":"Slavers","floor":25,"turns":1}],"seed_played":"3579483229381582211","potions_obtained":[{"floor":2,"key":"SkillPotion"},{"floor":7,"key":"Dexterity Potion"},{"floor":13,"key":"BlessingOfTheForge"},{"floor":20,"key":"Adrenaline Potion"},{"floor":21,"key":"Energy Potion"}],"is_trial":false,"path_per_floor":["M","M","?","?","$","R","E","R","T","R","M","M","M","E","R","B",null,"M","M","M","M","M","E","?","E"],"character_chosen":"IRONCLAD","items_purchased":["Kunai","Battle Trance+1","Violence","Medical Kit"],"campfire_rested":1,"item_purchase_floors":[0,0,0,5],"current_hp_per_floor":[52,58,51,43,43,43,27,27,27,51,56,62,63,69,69,68,80,80,74,49,54,46,16,16,0,0],"gold":344,"neow_bonus":"","is_daily":false,"chose_seed":false,"campfire_upgraded":2,"win_rate":0.0,"timestamp":1610182595,"path_taken":["M","M","?","?","$","R","E","R","T","R","?","M","M","E","R","BOSS","M","M","?","M","M","E","?","E"],"items_purchased_type":["Relic","Card","Card","Relic"],"build_version":"2020-12-22","purchased_purges":1,"victory":false,"max_hp_per_floor":[80,80,80,80,80,80,80,80,80,80,80,80,80,80,80,80,80,80,80,80,80,80,80,80,80,80],"card_choices":[{"not_picked":["Iron Wave","Power Through"],"picked":"Pommel Strike","floor":1},{"not_picked":["Headbutt","Warcry"],"picked":"Twin Strike","floor":2},{"not_picked":["ReplayTheSpireMod:LeadingStrike","Bloodletting","Heavy Blade"],"picked":"SKIP","floor":7},{"not_picked":["Pummel","Thunderclap"],"picked":"Warcry","floor":11},{"not_picked":["Whirlwind","Clothesline","Warcry"],"picked":"SKIP","floor":12},{"not_picked":["Cleave","Second Wind"],"picked":"Perfected Strike","floor":13},{"not_picked":["Demonic Infusion","Shrug It Off"],"picked":"Perfected Strike","floor":14},{"not_picked":["Sword Boomerang+1","Headbutt","Ghostly Armor"],"picked":"SKIP","floor":18},{"not_picked":["Body Slam","Iron Wave"],"picked":"Burning Pact","floor":19},{"not_picked":["ReplayTheSpireMod:Limb From Limb","Warcry","Anger"],"picked":"SKIP","floor":20},{"not_picked":["Wild Strike+1","Iron Wave"],"picked":"Perfected Strike","floor":21},{"not_picked":["Bloodletting","Flame Barrier","Thunderclap"],"picked":"SKIP","floor":22},{"not_picked":["Thunderclap","Clothesline"],"picked":"Immolate","floor":23}],"player_experience":107732,"relics_obtained":[{"floor":7,"key":"Pet Ghost"},{"floor":9,"key":"Shuriken"},{"floor":14,"key":"Dream Catcher"},{"floor":23,"key":"Meat on the Bone"}],"event_choices":[{"cards_removed":["Defend_R"],"damage_healed":0,"gold_gain":0,"player_choice":"Card Removal","damage_taken":7,"max_hp_gain":0,"max_hp_loss":0,"event_name":"Golden Wing","floor":3,"gold_loss":0},{"damage_healed":0,"gold_gain":75,"player_choice":"Touch","damage_taken":8,"max_hp_gain":0,"max_hp_loss":0,"event_name":"FaceTrader","floor":4,"gold_loss":0},{"damage_healed":0,"gold_gain":0,"player_choice":"Obtained Relic","damage_taken":0,"relics_obtained":["Art of War"],"max_hp_gain":0,"max_hp_loss":0,"event_name":"Addict","floor":24,"gold_loss":85}],"is_beta":false,"boss_relics":[{"not_picked":["Astrolabe","Honey Jar"],"picked":"Philosopher\u0027s Stone"}],"items_purged_floors":[0],"is_endless":false,"potions_floor_spawned":[2,7,13,20,21,22],"killed_by":"Slavers","ascension_level":1}}