{"host":"aaqofma31c3gm2hj","time":1610200203,"event":{"mods":["BaseMod","Minty Spire (QoL Compilation)","Replay The Spire","Spicy Shops","StSLib"],"gold_per_floor":[112,187,187,202,0,27,27,60,60,60,60,60],"floor_reached":11,"playtime":130,"items_purged":["Strike_R"],"score":208,"play_id":"70d55af0-e2f5-41a1-a1eb-8ae233473d26","local_time":"20210109215003","is_ascension_mode":true,"campfire_choices":[{"data":"Combust","floor":7.0,"key":"SMITH"}],"circlet_count":0,"master_deck":["AscendersBane","Strike_R","Strike_R","Strike_R","Defend_R","Defend_R","Defend_R","Defend_R","Bash","Combust+1","Feel No Pain"],"relics":["Burning Blood","NeowsBlessing","Membership Card","Pear","ReplayTheSpireMod:Shallot","Golden Egg","Golden Idol"],"acts_visited":["Exordium"],"potions_floor_usage":[],"damage_taken":[{"damage":0.0,"enemies":"2 Louse","floor":1.0,"turns":1.0},{"damage":0.0,"enemies":"Jaw Worm","floor":4.0,"turns":1.0},{"damage":0.0,"enemies":"Gremlin Nob","floor":6.0,"turns":1.0},{"damage":20.0,"enemies":"Lagavulin","floor":8.0,"turns":7.0},{"damage":31,"enemies":"Gremlin Nob","floor":11,"turns":4}],"seed_played":"7134199961624545668","potions_obtained":[{"floor":1.0,"key":"PowerPotion"},{"floor":6.0,"key":"DistilledChaos"}],"is_trial":false,"path_per_floor":["M","?","?","M","$","E","R","E","T","?","E"],"character_chosen":"IRONCLAD","items_purchased":["Membership Card"],"campfire_rested":0,"item_purchase_floors":[5],"current_hp_per_floor":[74,63,63,69,69,85,85,71,71,42,11,11],"gold":60,"neow_bonus":"THREE_ENEMY_KILL","is_daily":false,"chose_seed":false,"campfire_upgraded":1,"win_rate":0.0,"timestamp":1610200203,"path_taken":["M","?","?","?","?","E","R","E","T","?","E"],"items_purchased_type":["Relic"],"build_version":"2020-12-22","purchased_purges":1,"victory":false,"max_hp_per_floor":[75,75,75,75,75,85,85,85,85,85,85,85],"card_choices":[{"not_picked":["Massacre","ReplayTheSpireMod:Strike From Hell","Clash"],"picked":"SKIP","floor":1.0},{"not_picked":["Twin Strike","Replay:Undeath\u0027s Touch","Havoc"],"picked":"SKIP","floor":4.0},{"not_picked":["ReplayReversal","Perfected Strike"],"picked":"Feel No Pain","floor":6.0},{"not_picked":["Run Through","Havoc","Disarm"],"picked":"SKIP","floor":8.0}],"player_experience":573085,"relics_obtained":[{"floor":6.0,"key":"Pear"},{"floor":8.0,"key":"ReplayTheSpireMod:Shallot"},{"floor":9.0,"key":"Golden Egg"}],"event_choices":[{"damage_healed":0.0,"max_hp_gain":0.0,"max_hp_loss":0.0,"gold_gain":75.0,"event_name":"World of Goop","player_choice":"Gather Gold","floor":2.0,"gold_loss":0.0,"damage_taken":11.0},{"damage_healed":0.0,"max_hp_gain":0.0,"max_hp_loss":0.0,"gold_gain":0.0,"cards_transformed":["Strike_R"],"event_name":"Living Wall","player_choice":"Change","floor":3.0,"gold_loss":0.0,"damage_taken":0.0,"cards_obtained":["Combust"]},{"damage_healed":0,"gold_gain":0,"player_choice":"Take Damage","damage_taken":29,"relics_obtained":["Golden Idol"],"max_hp_gain":0,"max_hp_loss":0,"event_name":"Golden Idol","floor":10,"gold_loss":0}],"is_beta":false,"boss_relics":[],"items_purged_floors":[5],"is_endless":false,"potions_floor_spawned":[1,6],"killed_by":"Gremlin Nob","ascension_level":20}}