{"host":"52m1o8iwwagurbjs","time":1610205810,"event":{"mods":["AchievementEnabler","BaseMod","Bestiary","Colored Powertips","GifTheSpireLib","Minty Spire (QoL Compilation)","Quick Restart","RNG Fix","Relic Stats","StSLib"],"gold_per_floor":[110,129,141,141,151,176,176,176,227,50,125,157,118,145,145,218,218,233,245,245,245,245,245,3,3,3,3,13,28,56,68,68,147,147,158,183,196,196,196],"floor_reached":38,"playtime":1362,"items_purged":["Strike_B+1"],"score":901,"play_id":"6b30e69d-97ac-4630-90f2-04b37f659559","local_time":"20210109102330","is_ascension_mode":true,"campfire_choices":[{"floor":8.0,"key":"REST"},{"floor":15.0,"key":"REST"},{"data":"Chill","floor":23.0,"key":"SMITH"},{"floor":32.0,"key":"REST"}],"circlet_count":0,"master_deck":["AscendersBane","Strike_B+1","Defend_B+1","Defend_B+1","Defend_B+1","Defend_B+1","Zap","Dualcast","White Noise","FTL","Redo","Ball Lightning","Sunder","Rebound","Electrodynamics","Coolheaded","Conserve Battery","Core Surge+1","Static Discharge","Chill+1","Rainbow","Leap","Cold Snap+1","Echo Form","Recycle","Amplify"],"relics":["Cracked Core","NeowsBlessing","Akabeko","DataDisk","White Beast Statue","Bag of Marbles","Molten Egg 2","Inserter","Lee\u0027s Waffle","Enchiridion","Shovel","Darkstone Periapt","Empty Cage","Girya"],"acts_visited":["Exordium","TheCity","TheBeyond"],"potions_floor_usage":[38],"damage_taken":[{"damage":0.0,"enemies":"Small Slimes","floor":1.0,"turns":1.0},{"damage":0.0,"enemies":"Jaw Worm","floor":2.0,"turns":1.0},{"damage":0.0,"enemies":"2 Louse","floor":3.0,"turns":1.0},{"damage":0.0,"enemies":"Large Slime","floor":5.0,"turns":3.0},{"damage":28.0,"enemies":"Gremlin Nob","floor":6.0,"turns":4.0},{"damage":27.0,"enemies":"Lagavulin","floor":12.0,"turns":4.0},{"damage":0.0,"enemies":"3 Sentries","floor":14.0,"turns":2.0},{"damage":22.0,"enemies":"Slime Boss","floor":16.0,"turns":6.0},{"damage":0.0,"enemies":"Chosen","floor":18.0,"turns":3.0},{"damage":9.0,"enemies":"Spheric Guardian","floor":19.0,"turns":4.0},{"damage":0.0,"enemies":"3 Cultists","floor":28.0,"turns":4.0},{"damage":13.0,"enemies":"Shelled Parasite and Fungi","floor":29.0,"turns":5.0},{"damage":36.0,"enemies":"Book of Stabbing","floor":30.0,"turns":5.0},{"damage":0.0,"enemies":"Cultist and Chosen","floor":31.0,"turns":4.0},{"damage":20.0,"enemies":"Champ","floor":33.0,"turns":19.0},{"damage":0.0,"enemies":"3 Shapes","floor":35.0,"turns":4.0},{"damage":0.0,"enemies":"Mind Bloom Boss Battle","floor":36.0,"turns":6.0},{"damage":35.0,"enemies":"3 Darklings","floor":37.0,"turns":6.0},{"damage":88,"enemies":"Transient","floor":38,"turns":6}],"seed_played":"5600109567186841348","potions_obtained":[{"floor":1.0,"key":"DistilledChaos"},{"floor":6.0,"key":"FocusPotion"},{"floor":12.0,"key":"Swift Potion"},{"floor":14.0,"key":"Regen Potion"},{"floor":16.0,"key":"Energy Potion"},{"floor":18.0,"key":"ColorlessPotion"},{"floor":19.0,"key":"Block Potion"},{"floor":27.0,"key":"Fire Potion"},{"floor":28.0,"key":"LiquidMemories"},{"floor":29.0,"key":"FairyPotion"},{"floor":31.0,"key":"SteroidPotion"}],"is_trial":false,"path_per_floor":["M","M","M","?","M","E","?","R","T","$","T","E","?","E","R","B",null,"M","M","?","?","?","R","$","?","T","?","M","M","E","M","R","B",null,"M","?","M","M"],"character_chosen":"DEFECT","items_purchased":["Electrodynamics","Lee\u0027s Waffle"],"campfire_rested":3,"item_purchase_floors":[10,24],"current_hp_per_floor":[64,64,64,64,64,36,15,36,36,36,36,9,9,9,30,23,59,59,50,50,50,50,50,78,57,57,57,57,44,8,8,31,11,61,61,61,26,0,0],"gold":196,"neow_bonus":"THREE_ENEMY_KILL","is_daily":false,"chose_seed":false,"campfire_upgraded":1,"win_rate":0.0,"timestamp":1610205810,"path_taken":["M","?","M","?","M","E","?","R","T","$","?","E","?","E","R","BOSS","M","M","?","?","?","R","$","?","T","?","M","?","E","M","R","BOSS","M","?","M","?"],"items_purchased_type":["Card","Relic"],"build_version":"2020-12-22","purchased_purges":1,"victory":false,"max_hp_per_floor":[71,71,71,71,71,71,71,71,71,71,71,71,71,71,71,71,71,71,71,71,71,71,71,78,78,78,78,78,78,78,78,78,78,78,78,78,78,78,78],"relic_stats":{"Darkstone Periapt":0,"Lee\u0027s Waffle":28,"Inserter":[29],"Shovel":0,"counters":[19,88],"obtain_stats":[{"Darkstone Periapt":30,"Girya":36,"Lee\u0027s Waffle":24,"Inserter":17,"NeowsBlessing":0,"Enchiridion":25,"Empty Cage":34,"Akabeko":6,"White Beast Statue":11,"DataDisk":9,"Shovel":26,"Molten Egg 2":14,"Bag of Marbles":12,"Cracked Core":0},{"Darkstone Periapt":13,"Girya":17,"Lee\u0027s Waffle":10,"Inserter":8,"NeowsBlessing":0,"Enchiridion":10,"Empty Cage":15,"Akabeko":5,"White Beast Statue":5,"DataDisk":5,"Shovel":10,"Molten Egg 2":7,"Bag of Marbles":6,"Cracked Core":0},{"Darkstone Periapt":43,"Girya":76,"Lee\u0027s Waffle":29,"Inserter":22,"NeowsBlessing":0,"Enchiridion":29,"Empty Cage":66,"Akabeko":10,"White Beast Statue":10,"DataDisk":10,"Shovel":29,"Molten Egg 2":16,"Bag of Marbles":14,"Cracked Core":0}]},"card_choices":[{"not_picked":["Streamline","Hello World"],"picked":"White Noise","floor":1.0},{"not_picked":["Rebound","Genetic Algorithm"],"picked":"FTL","floor":2.0},{"not_picked":["Skim","Hologram"],"picked":"Redo","floor":3.0},{"not_picked":["Heatsinks","Sweeping Beam"],"picked":"Sunder","floor":5.0},{"not_picked":["Steam Power","Beam Cell"],"picked":"Rebound","floor":6.0},{"not_picked":["Auto Shields","Machine Learning"],"picked":"Coolheaded","floor":12.0},{"not_picked":["Doom and Gloom+1","Chaos"],"picked":"Conserve Battery","floor":14.0},{"not_picked":["Reboot","Buffer"],"picked":"Core Surge+1","floor":16.0},{"not_picked":["Conserve Battery","Steam"],"picked":"Static Discharge","floor":18.0},{"not_picked":["Compile Driver+1","Beam Cell+1"],"picked":"Chill","floor":19.0},{"not_picked":["Creative AI","Lockon+1"],"picked":"Leap","floor":28.0},{"not_picked":["FTL+1","Redo"],"picked":"Cold Snap+1","floor":29.0},{"not_picked":["Auto Shields","Force Field+1"],"picked":"Echo Form","floor":30.0},{"not_picked":["Redo","Go for the Eyes+1"],"picked":"Recycle","floor":31.0},{"not_picked":["All For One+1","Machine Learning"],"picked":"Amplify","floor":33.0},{"not_picked":["Leap","Lockon+1","Stack+1"],"picked":"SKIP","floor":35.0},{"not_picked":["Recycle+1","Stack","Conserve Battery+1"],"picked":"SKIP","floor":37.0}],"player_experience":1101133,"relics_obtained":[{"floor":6.0,"key":"Akabeko"},{"floor":9.0,"key":"DataDisk"},{"floor":11.0,"key":"White Beast Statue"},{"floor":12.0,"key":"Bag of Marbles"},{"floor":14.0,"key":"Molten Egg 2"},{"floor":25.0,"key":"Enchiridion"},{"floor":26.0,"key":"Shovel"},{"floor":30.0,"key":"Darkstone Periapt"},{"floor":36.0,"key":"Girya"}],"event_choices":[{"damage_healed":0.0,"max_hp_gain":0.0,"max_hp_loss":0.0,"gold_gain":0.0,"event_name":"Match and Keep!","player_choice":"1 cards matched","floor":4.0,"gold_loss":0.0,"damage_taken":0.0,"cards_obtained":["Ball Lightning"]},{"damage_healed":0.0,"max_hp_gain":0.0,"max_hp_loss":0.0,"gold_gain":0.0,"event_name":"Shining Light","player_choice":"Entered Light","floor":7.0,"gold_loss":0.0,"damage_taken":21.0,"cards_upgraded":["Defend_B","Strike_B"]},{"damage_healed":0.0,"max_hp_gain":0.0,"max_hp_loss":0.0,"gold_gain":0.0,"event_name":"World of Goop","player_choice":"Left Gold","floor":13.0,"gold_loss":39.0,"damage_taken":0.0},{"damage_healed":0.0,"max_hp_gain":0.0,"max_hp_loss":0.0,"gold_gain":0.0,"event_name":"Match and Keep!","player_choice":"1 cards matched","floor":20.0,"gold_loss":0.0,"damage_taken":0.0,"cards_obtained":["Rainbow"]},{"damage_healed":0.0,"max_hp_gain":0.0,"max_hp_loss":0.0,"gold_gain":0.0,"event_name":"Back to Basics","player_choice":"Simplicity","floor":21.0,"gold_loss":0.0,"damage_taken":0.0,"cards_upgraded":["Strike_B","Strike_B","Strike_B","Defend_B","Defend_B","Defend_B"]},{"damage_healed":0.0,"max_hp_gain":0.0,"max_hp_loss":0.0,"gold_gain":0.0,"event_name":"Vampires","player_choice":"Ignored","floor":22.0,"gold_loss":0.0,"damage_taken":0.0},{"damage_healed":0.0,"max_hp_gain":0.0,"max_hp_loss":0.0,"gold_gain":0.0,"event_name":"Cursed Tome","player_choice":"Obtained Book","floor":25.0,"gold_loss":0.0,"damage_taken":21.0},{"damage_healed":0.0,"max_hp_gain":0.0,"max_hp_loss":0.0,"gold_gain":0.0,"event_name":"Lab","player_choice":"Got Potions","floor":27.0,"gold_loss":0.0,"damage_taken":0.0},{"damage_healed":0.0,"max_hp_gain":0.0,"max_hp_loss":0.0,"gold_gain":0.0,"event_name":"MindBloom","player_choice":"Fight","floor":36.0,"gold_loss":0.0,"damage_taken":0.0}],"is_beta":false,"boss_relics":[{"not_picked":["Snecko Eye","Cursed Key"],"picked":"Inserter"},{"not_picked":["Philosopher\u0027s Stone","SacredBark"],"picked":"Empty Cage"}],"items_purged_floors":[24],"is_endless":false,"potions_floor_spawned":[1,6,12,14,16,18,19,28,29,30,31,33,35,36,37],"killed_by":"Transient","ascension_level":19}}