{"host":"2c1pg2m9wpz3w4c0","time":1610223770,"event":{"mods":["AchievementEnabler","Act Like it!","Aspiration","BaseMod","Better Note","BetterRewards","Curses Come First","Disable Question Mark Monsters","Halation","Hubris","Infinite Spire","Lotus Mark","Marisa????????","Minty Spire (QoL Compilation)","Replay The Spire","StSLib","SuperFastMode","The Clintock","The Jungle","The Marked","The Runesmith","Transform Curses"],"gold_per_floor":[112,0,0,17,17,17,52,68,68,17,17,17,17,36,36,36,36,135,135,245,245,36,36,48,28,28,28,54,69,69,69,69,69,69,172,172,192,192,192,192],"floor_reached":39,"playtime":1063,"items_purged":[],"score":616,"play_id":"c51f97a7-d6da-4b94-b90a-13feeb1ed5ac","local_time":"20210109132250","is_ascension_mode":false,"campfire_choices":[{"data":"1","floor":6,"key":"LIFT"},{"floor":15,"key":"REST"},{"data":"2","floor":17,"key":"LIFT"},{"data":"3","floor":31,"key":"LIFT"},{"floor":34,"key":"REST"}],"circlet_count":0,"master_deck":["Runesmith:Strike_RS","Runesmith:Strike_RS","Runesmith:Strike_RS","Runesmith:Strike_RS","Runesmith:Defend_RS","Runesmith:Defend_RS","Runesmith:Defend_RS","Runesmith:Defend_RS","Runesmith:CraftFirestone","Runesmith:Fortify+1","Runesmith:CraftMagma","Runesmith:EnergizedChisel","Runesmith:PoweredAnvil","Runesmith:LithiumIon","Runesmith:WhiteBalance","Runesmith:EarthShield","After Image+1","Runesmith:CraftMagma","Runesmith:ChiselStab","Runesmith:Grindstone","hubris:InfiniteBlow+799","Runesmith:HammerThrow","Runesmith:DuctTape","Runesmith:NanitesCloud+1","Runesmith:Terraform","Runesmith:Firestorm","Runesmith:Firestorm","Runesmith:CraftProtectio","Runesmith:BackupBattery","Runesmith:CreatorForm","Runesmith:HeatedChisel+1","hubris:NaturalOne"],"relics":["Runesmith:BrokenRuby","Girya","Meat on the Bone","Bag of Marbles","Runesmith:AutoHammer","hubris:Icosahedron","Replay:Grab Bag","hubris:TerracottaHorce","hubris:RunicObelisk","Empty Cage","Juzu Bracelet","Toy Ornithopter","hubris:Towel","Blue Doll","theJungle:BirthdayCakeSlice","hubris:Backtick","halation:LettersToHer"],"acts_visited":["Exordium","theJungle:Jungle","TheBeyond"],"potions_floor_usage":[18,18,18,25,35],"damage_taken":[{"damage":2,"enemies":"Cultist","floor":1,"turns":5},{"damage":5,"enemies":"Jaw Worm","floor":4,"turns":4},{"damage":45,"enemies":"Gremlin Nob","floor":7,"turns":6},{"damage":8,"enemies":"infinitespire:Voidling","floor":8,"turns":4},{"damage":0,"enemies":"Large Slime","floor":14,"turns":2},{"damage":0,"enemies":"Fading Forest","floor":18,"turns":3},{"damage":0,"enemies":"theJungle:MUSHROOMGANG","floor":20,"turns":3},{"damage":13,"enemies":"theJungle:5_Spyders","floor":24,"turns":7},{"damage":6,"enemies":"theJungle:Cassacara","floor":25,"turns":4},{"damage":0,"enemies":"theJungle:Snecko_Cultist_And_Trap","floor":29,"turns":5},{"damage":20,"enemies":"theJungle:TotemBoss","floor":35,"turns":10},{"damage":1,"enemies":"Orb Walker","floor":37,"turns":3},{"damage":0,"enemies":"3 Shapes","floor":39,"turns":1}],"seed_played":"-1844162340023852639","potions_obtained":[{"floor":4,"key":"EssenceOfSteel"},{"floor":7,"key":"Regen Potion"},{"floor":14,"key":"Explosive Potion"},{"floor":25,"key":"PowerPotion"},{"floor":29,"key":"Elixir"}],"is_trial":false,"path_per_floor":["M","$","?","M","?","R","E","M","T","$","?","PTL","PTL","M","R","?","R","B",null,"M","?","$","?","M","E","?","?","T","M","?","R","?","?","R","B",null,"M","?","M"],"character_chosen":"RUNESMITH_CLASS","items_purchased":["Girya","Runesmith:CraftMagma","Runesmith:EnergizedChisel","Runesmith:PoweredAnvil","FairyPotion","Runesmith:LithiumIon","Runesmith:WhiteBalance","Runesmith:Grindstone","Juzu Bracelet","Runesmith:Firestorm"],"campfire_rested":2,"item_purchase_floors":[0,0,0,0,0,2,2,10,22,22],"current_hp_per_floor":[48,48,48,43,43,43,38,37,37,37,37,37,37,37,58,58,58,67,69,69,69,69,70,57,51,51,51,51,51,51,51,56,56,75,55,70,69,75,75,75],"gold":192,"neow_bonus":"","is_daily":false,"chose_seed":false,"campfire_upgraded":0,"win_rate":0.0,"timestamp":1610223770,"path_taken":["M","$","?","M","?","R","E","?","T","$","?","PTL","PTL","M","R","?","R","BOSS","M","?","$","?","M","E","?","?","T","M","?","R","?","?","R","BOSS","M","?","M"],"items_purchased_type":["Relic","Card","Card","Card","Potion","Card","Card","Card","Relic","Card"],"build_version":"2020-12-22","purchased_purges":0,"victory":false,"max_hp_per_floor":[70,70,70,70,70,70,70,70,70,70,70,70,70,70,70,70,70,70,70,70,70,70,70,70,70,70,70,70,70,70,70,75,75,75,75,75,75,75,75,75],"card_choices":[{"not_picked":["Runesmith:HeatExchange","Runesmith:HammerTime"],"picked":"Runesmith:Empowerment","floor":1},{"not_picked":["Runesmith:BackupBattery","Runesmith:CraftProtectio"],"picked":"Runesmith:EarthShield","floor":4},{"not_picked":["Runesmith:Permafrost","Runesmith:NegativeSpace"],"picked":"Runesmith:CraftMagma","floor":7},{"not_picked":["Runesmith:RuneHurl","Runesmith:StaticCage"],"picked":"Runesmith:ChiselStab","floor":8},{"not_picked":["ReplayTheSpireMod:Haul","infinitespire:Execution"],"picked":"hubris:InfiniteBlow+799","floor":11},{"not_picked":["Runesmith:ShiftingStrike","Runesmith:HammerAndChisel"],"picked":"Runesmith:HammerThrow","floor":14},{"not_picked":["Runesmith:CraftMedicinae","Runesmith:GenerateForcefield"],"picked":"Runesmith:DuctTape","floor":18},{"not_picked":["Runesmith:PoweredAnvil","Runesmith:CraftProtectio"],"picked":"Runesmith:NanitesCloud+1","floor":20},{"not_picked":["Runesmith:CraftVitae","Runesmith:Grindstone"],"picked":"Runesmith:CraftProtectio","floor":24},{"not_picked":["Runesmith:HeatExchange","Runesmith:Overpower+1","Runesmith:ChaoticBlast+1"],"picked":"SKIP","floor":25},{"not_picked":["aspiration:UnbridledHammer","Runesmith:Empowerment"],"picked":"Runesmith:BackupBattery","floor":29},{"not_picked":["Runesmith:GrandSlam","Runesmith:Supernova"],"picked":"Runesmith:CreatorForm","floor":35},{"not_picked":["Runesmith:ShiftingStrike","Runesmith:ChiselStab"],"picked":"Runesmith:HeatedChisel+1","floor":37}],"player_experience":1151737,"relics_obtained":[{"floor":3,"key":"Meat on the Bone"},{"floor":7,"key":"Bag of Marbles"},{"floor":9,"key":"Runesmith:AutoHammer"},{"floor":25,"key":"Toy Ornithopter"},{"floor":28,"key":"Blue Doll"}],"event_choices":[{"cards_removed":["Runesmith:EarthShield"],"damage_healed":0,"gold_gain":0,"player_choice":"Take \u0026 Give","damage_taken":0,"max_hp_gain":0,"max_hp_loss":0,"event_name":"betterNote:BetterNote","floor":5,"gold_loss":0,"cards_obtained":["After Image"]},{"damage_healed":0,"gold_gain":0,"player_choice":"1 cards matched","damage_taken":0,"max_hp_gain":0,"max_hp_loss":0,"event_name":"Match and Keep!","floor":21,"gold_loss":0,"cards_obtained":["Runesmith:Terraform"]},{"cards_removed":["Runesmith:Empowerment"],"damage_healed":1,"gold_gain":0,"player_choice":"Offered Uncommon","damage_taken":0,"max_hp_gain":0,"max_hp_loss":0,"event_name":"Bonfire Elementals","floor":23,"gold_loss":0},{"damage_healed":0,"gold_gain":0,"player_choice":"Forge","damage_taken":0,"max_hp_gain":0,"max_hp_loss":0,"event_name":"Accursed Blacksmith","floor":30,"gold_loss":0,"cards_upgraded":["Runesmith:Fortify"]}],"is_beta":false,"boss_relics":[{"not_picked":["halation:PlatinumPhoenix","Runesmith:PocketReactor"],"picked":"Replay:Grab Bag"},{"not_picked":["Abe\u0027s Treasure","ReplayTheSpireMod:Onyx Gauntlets"],"picked":"hubris:TerracottaHorce"},{"not_picked":["Replay:Bronze Core","ReplayTheSpireMod:DimensionalGlitch"],"picked":"hubris:RunicObelisk"},{"not_picked":["hubris:Stopwatch","aspiration:SecretTechniqueScroll"],"picked":"Empty Cage"},{"not_picked":["Pandora\u0027s Box","Astrolabe"],"picked":"hubris:Backtick"}],"items_purged_floors":[],"is_endless":false,"potions_floor_spawned":[4,7,14,25,29],"killed_by":"3 Shapes","ascension_level":0}}