{"host":"Connor","time":1610178715,"event":{"mods":["Aspiration","BaseMod","Downfall","Hubris","Marisa????????","Minty Spire (QoL Compilation)","Replay The Spire","StSLib","The Cursed","The Jungle","The Servant 0.9.4"],"gold_per_floor":[119,119,137,212,225,258,258,278,352,406,4,31,45,58,58,135,135,154,154,165,165,181,215,215,242,267,57,157,157,72,83,83,154,154,164,189,44,44,57,88,88,114,141,141,141,176,176,46,46,46,46,46,46,75,75],"floor_reached":56,"playtime":2088,"items_purged":["Decay"],"score":2582,"play_id":"558b8244-6242-4b5b-88f0-f50637f2b5d7","local_time":"20210108235155","is_ascension_mode":true,"campfire_choices":[{"floor":7,"key":"RECALL"},{"data":"Pommel Strike","floor":24,"key":"SMITH"},{"data":"expansioncontent:QuickStudy","floor":29,"key":"SMITH"},{"data":"Berserk","floor":32,"key":"SMITH"},{"data":"Offering","floor":41,"key":"SMITH"},{"data":"Perfected Strike","floor":44,"key":"SMITH"},{"data":"Armaments","floor":49,"key":"SMITH"},{"data":"expansioncontent:DonusPower","floor":52,"key":"SMITH"}],"circlet_count":0,"master_deck":["AscendersBane","Strike_R","Strike_R","Strike_R","Strike_R","Strike_R","Defend_R","Defend_R","Defend_R","Defend_R","Bash","Pommel Strike","Shrug It Off","Pommel Strike+1","Infernal Blade","Iron Wave+1","Swift Strike","Iron Wave","ReplayTheSpireMod:Strike From Hell","hubris:StunningStrike+1","Pommel Strike","Inflame","Flame Barrier","Twin Strike+1","Berserk+1","Twin Strike","Replay:Sluggish","Replay:SS_hec_1","Thinking Ahead","expansioncontent:QuickStudy+1","expansioncontent:DonusPower+1","Infernal Blade","Offering+1","Iron Wave","Intimidate","Perfected Strike+1","Pommel Strike","ReplayTheSpireMod:Faulty Equipment","Armaments+1","ReplayTheSpireMod:Uncanny Aura","ReplayTheSpireMod:Uncanny Aura"],"relics":["Burning Blood","NeowsBlessing","Durian","StrikeDummy","ReplayTheSpireMod:TigerMarble","Lee\u0027s Waffle","PreservedInsect","Replay:Mystery Machine","Cursed Key","Enchiridion","Vajra","King of Hearts","Blue Doll","ReplayTheSpireMod:ShopPack","Charon\u0027s Ashes","Snack Pack","Happy Flower","SacredBark","hubris:Spice","ReplayTheSpireMod:CursedCoin","Nunchaku","Replay:Baseball","Pear","Blood Vial","Centennial Puzzle","hubris:ToyBattleship"],"acts_visited":["Exordium","TheCity","TheBeyond","TheEnding"],"potions_floor_usage":[6,12,16,16,28,33,36,40,50,50,55],"damage_taken":[{"damage":0,"enemies":"Jaw Worm","floor":1,"turns":1},{"damage":0,"enemies":"Cultist","floor":3,"turns":1},{"damage":0,"enemies":"2 Louse","floor":5,"turns":1},{"damage":37,"enemies":"Lagavulin","floor":6,"turns":6},{"damage":0,"enemies":"Large Slime","floor":8,"turns":6},{"damage":25,"enemies":"3 Sentries","floor":12,"turns":4},{"damage":0,"enemies":"3 Louse","floor":13,"turns":3},{"damage":5,"enemies":"Blue Slaver","floor":14,"turns":2},{"damage":47,"enemies":"Hexaghost","floor":16,"turns":9},{"damage":0,"enemies":"Chosen","floor":18,"turns":4},{"damage":0,"enemies":"Spheric Guardian","floor":20,"turns":3},{"damage":20,"enemies":"Snake Plant","floor":22,"turns":3},{"damage":2,"enemies":"Book of Stabbing","floor":23,"turns":3},{"damage":0,"enemies":"Gremlin Leader","floor":25,"turns":2},{"damage":18,"enemies":"Colosseum Slavers","floor":28,"turns":4},{"damage":3,"enemies":"Colosseum Nobs","floor":28,"turns":3},{"damage":0,"enemies":"Snecko","floor":31,"turns":3},{"damage":40,"enemies":"Pondfish","floor":33,"turns":5},{"damage":15,"enemies":"Orb Walker","floor":35,"turns":3},{"damage":22,"enemies":"Mind Bloom Boss Battle","floor":36,"turns":6},{"damage":2,"enemies":"3 Shapes","floor":39,"turns":3},{"damage":18,"enemies":"Giant Head","floor":40,"turns":4},{"damage":9,"enemies":"R_Hoarder","floor":42,"turns":3},{"damage":37,"enemies":"Nemesis","floor":46,"turns":4},{"damage":15,"enemies":"hubris:GrandSnecko","floor":50,"turns":13},{"damage":10,"enemies":"Shield and Spear","floor":54,"turns":3},{"damage":111,"enemies":"The Heart","floor":55,"turns":9}],"seed_played":"-5284420778211925694","potions_obtained":[{"floor":2,"key":"BlessingOfTheForge"},{"floor":2,"key":"DistilledChaos"},{"floor":6,"key":"Ancient Potion"},{"floor":10,"key":"AttackPotion"},{"floor":12,"key":"LifebloodPotion"},{"floor":25,"key":"PowerPotion"},{"floor":28,"key":"BlessingOfTheForge"},{"floor":31,"key":"Slimebound:ThreeZeroPotion"},{"floor":33,"key":"Strength Potion"},{"floor":36,"key":"AttackPotion"},{"floor":46,"key":"SkillPotion"},{"floor":54,"key":"LiquidBronze"}],"is_trial":false,"path_per_floor":["M","?","M","?","M","E","R","M","T","?","$","E","M","M","R","B",null,"M","?","M","?","M","E","R","E","T","$","?","R","?","M","R","B",null,"M","?","$","?","M","E","R","E","T","R","?","E","?","$","R","B",null,"R","$","E","B",null],"character_chosen":"IRONCLAD","items_purchased":["Lee\u0027s Waffle","PreservedInsect","Swift Strike","ReplayTheSpireMod:ShopPack","Replay:SS_hec_1","ReplayTheSpireMod:CursedCoin","Nunchaku","Replay:Baseball","ReplayTheSpireMod:Uncanny Aura"],"campfire_rested":0,"item_purchase_floors":[11,11,11,27,27,37,37,37,48],"current_hp_per_floor":[74,74,75,64,70,44,44,50,50,30,87,68,74,79,87,46,77,83,67,73,73,67,71,71,77,77,77,87,87,87,87,87,61,81,81,81,81,91,95,99,99,102,102,102,102,74,74,74,74,93,102,102,102,105,13],"gold":75,"neow_bonus":"THREE_ENEMY_KILL","is_daily":false,"chose_seed":false,"campfire_upgraded":7,"win_rate":0.0,"timestamp":1610178715,"path_taken":["M","?","?","?","M","E","R","M","T","?","$","E","M","M","R","BOSS","M","?","M","?","?","E","R","E","T","$","?","R","?","M","R","BOSS","M","?","$","?","M","E","R","E","T","R","?","E","?","$","R","BOSS","R","$","E","BOSS"],"items_purchased_type":["Relic","Relic","Card","Relic","Card","Relic","Relic","Relic","Card"],"build_version":"2020-12-18","purchased_purges":1,"victory":true,"max_hp_per_floor":[75,75,75,75,75,80,80,80,80,80,87,87,87,87,87,87,87,87,87,87,87,87,87,87,87,87,87,87,87,87,87,87,87,87,87,95,95,95,95,105,105,105,105,105,105,105,105,105,105,105,105,105,105,105,105],"card_choices":[{"not_picked":["hubris:ReadiedAction","Clash"],"picked":"Pommel Strike","floor":1},{"not_picked":["ReplayTheSpireMod:LeadingStrike","Pommel Strike"],"picked":"Shrug It Off","floor":3},{"not_picked":["Twin Strike","Wild Strike"],"picked":"Pommel Strike","floor":5},{"not_picked":["Searing Blow","Rage"],"picked":"Infernal Blade","floor":6},{"not_picked":["hubris:ReadiedAction","Pommel Strike"],"picked":"Iron Wave","floor":8},{"not_picked":["hubris:ReadiedAction","Evolve"],"picked":"Fire Breathing","floor":10},{"not_picked":["Run Through","Shrug It Off"],"picked":"Iron Wave","floor":12},{"not_picked":["Dark Embrace","Second Wind","Havoc"],"picked":"SKIP","floor":13},{"not_picked":["Burning Pact","Power Through"],"picked":"ReplayTheSpireMod:Strike From Hell","floor":14},{"not_picked":["Limit Break","Reaper"],"picked":"hubris:StunningStrike","floor":16},{"not_picked":["Havoc","Clothesline+1"],"picked":"Pommel Strike","floor":18},{"not_picked":["Shrug It Off","Clash"],"picked":"Inflame","floor":20},{"not_picked":["Pommel Strike","Clash"],"picked":"Twin Strike+1","floor":22},{"not_picked":["Hemokinesis+1","Headbutt"],"picked":"Berserk","floor":23},{"not_picked":["Cleave","Fiend Fire"],"picked":"Twin Strike","floor":25},{"not_picked":["Crow Ritual","Transmutation"],"picked":"Thinking Ahead","floor":27},{"not_picked":["expansioncontent:Hexaburn","Enlightenment"],"picked":"expansioncontent:QuickStudy","floor":27},{"not_picked":["Secret Weapon","Purity"],"picked":"expansioncontent:DonusPower","floor":27},{"not_picked":["Uppercut","Cleave"],"picked":"Infernal Blade","floor":28},{"not_picked":["Sword Boomerang","Replay:Undeath\u0027s Touch","Twin Strike"],"picked":"SKIP","floor":31},{"not_picked":["Barricade","Juggernaut"],"picked":"Offering","floor":33},{"not_picked":["Clash","hubris:ReadiedAction"],"picked":"Iron Wave","floor":35},{"not_picked":["Headbutt","Havoc"],"picked":"Intimidate","floor":36},{"not_picked":["ReplayTheSpireMod:Strike From Hell","True Grit"],"picked":"Perfected Strike","floor":39},{"not_picked":["Clothesline","Fiend Fire"],"picked":"Pommel Strike","floor":40},{"not_picked":["Pummel","Hemokinesis","Iron Wave"],"picked":"SKIP","floor":42},{"not_picked":["Berserk","Anger+1"],"picked":"Armaments","floor":46},{"not_picked":["ReplayTheSpireMod:Strike From Hell","Heavy Blade","Dark Embrace"],"picked":"SKIP","floor":54}],"player_experience":569970,"relics_obtained":[{"floor":6,"key":"Durian"},{"floor":9,"key":"StrikeDummy"},{"floor":10,"key":"ReplayTheSpireMod:TigerMarble"},{"floor":12,"key":"Replay:Mystery Machine"},{"floor":19,"key":"Enchiridion"},{"floor":23,"key":"Vajra"},{"floor":25,"key":"King of Hearts"},{"floor":26,"key":"Blue Doll"},{"floor":28,"key":"Charon\u0027s Ashes"},{"floor":28,"key":"Snack Pack"},{"floor":36,"key":"hubris:Spice"},{"floor":40,"key":"Pear"},{"floor":42,"key":"Blood Vial"},{"floor":46,"key":"Centennial Puzzle"},{"floor":54,"key":"hubris:ToyBattleship"}],"event_choices":[{"damage_healed":0,"gold_gain":0,"player_choice":"Got Potions","damage_taken":0,"max_hp_gain":0,"max_hp_loss":0,"event_name":"Lab","floor":2,"gold_loss":0},{"damage_healed":0,"gold_gain":75,"player_choice":"Gather Gold","damage_taken":11,"max_hp_gain":0,"max_hp_loss":0,"event_name":"World of Goop","floor":4,"gold_loss":0},{"damage_healed":0,"gold_gain":0,"player_choice":"Obtained Book","damage_taken":16,"max_hp_gain":0,"max_hp_loss":0,"event_name":"Cursed Tome","floor":19,"gold_loss":0},{"damage_healed":0,"gold_gain":0,"player_choice":"Read","damage_taken":0,"max_hp_gain":0,"max_hp_loss":0,"event_name":"The Library","floor":21,"gold_loss":0,"cards_obtained":["Flame Barrier"]},{"damage_healed":0,"gold_gain":0,"player_choice":"Fight","damage_taken":0,"max_hp_gain":0,"max_hp_loss":0,"event_name":"Colosseum","floor":28,"gold_loss":0},{"damage_healed":0,"gold_gain":0,"player_choice":"Fought Nobs","damage_taken":0,"max_hp_gain":0,"max_hp_loss":0,"event_name":"Colosseum","floor":28,"gold_loss":0},{"damage_healed":0,"gold_gain":0,"player_choice":"Obtained Relic","damage_taken":0,"relics_obtained":["Happy Flower"],"max_hp_gain":0,"max_hp_loss":0,"event_name":"Addict","floor":30,"gold_loss":85},{"damage_healed":0,"gold_gain":0,"player_choice":"Fight","damage_taken":0,"max_hp_gain":0,"max_hp_loss":0,"event_name":"MindBloom","floor":36,"gold_loss":0},{"cards_removed":["Fire Breathing"],"damage_healed":0,"gold_gain":0,"player_choice":"Removed Power","damage_taken":0,"max_hp_gain":0,"max_hp_loss":0,"event_name":"Falling","floor":47,"gold_loss":0}],"is_beta":true,"boss_relics":[{"not_picked":["Velvet Choker","hubris:ScarierMask"],"picked":"Cursed Key"},{"not_picked":["Pandora\u0027s Box","Runic Dome"],"picked":"SacredBark"}],"items_purged_floors":[48],"is_endless":false,"potions_floor_spawned":[6,12,13,14,25,28,31,33,35,36,39,46,54],"ascension_level":14}}