{"host":"okln270zkafj6dck","time":1610184888,"event":{"mods":["BaseMod","Minty Spire (QoL Compilation)","Permanent Neow","Quick Restart","Relic Stats","StSLib","SuperFastMode"],"gold_per_floor":[119,131,101,117,42,42,57,57,57,89,14,33,33,67,67,67,67],"floor_reached":16,"playtime":306,"items_purged":["Strike_G"],"score":220,"play_id":"5f710633-e47d-446a-bad5-f83f41b5db1f","local_time":"20210109013448","is_ascension_mode":true,"campfire_choices":[{"data":"Dash","floor":6,"key":"SMITH"},{"data":"Poisoned Stab","floor":8,"key":"SMITH"},{"floor":13,"key":"REST"},{"floor":15,"key":"REST"}],"circlet_count":0,"master_deck":["AscendersBane","Strike_G","Strike_G","Strike_G","Defend_G","Defend_G","Defend_G","Defend_G","Defend_G","Survivor","Neutralize","Poisoned Stab+1","Dash+1","Dagger Throw","Leg Sweep","PiercingWail"],"relics":["Black Star","Omamori","Ornamental Fan","Incense Burner","MealTicket","HornCleat"],"acts_visited":["Exordium"],"potions_floor_usage":[10,12,14,16],"damage_taken":[{"damage":12,"enemies":"Cultist","floor":1,"turns":6},{"damage":4,"enemies":"Jaw Worm","floor":2,"turns":4},{"damage":0,"enemies":"Small Slimes","floor":4,"turns":4},{"damage":0,"enemies":"Looter","floor":7,"turns":3},{"damage":18,"enemies":"Gremlin Nob","floor":10,"turns":4},{"damage":2,"enemies":"3 Louse","floor":12,"turns":5},{"damage":18,"enemies":"Lagavulin","floor":14,"turns":6},{"damage":43,"enemies":"Hexaghost","floor":16,"turns":15}],"seed_played":"8249084167850094866","potions_obtained":[{"floor":2,"key":"SmokeBomb"},{"floor":3,"key":"PowerPotion"},{"floor":3,"key":"GamblersBrew"},{"floor":4,"key":"DistilledChaos"},{"floor":12,"key":"SteroidPotion"},{"floor":14,"key":"Block Potion"}],"is_trial":false,"path_per_floor":["M","M","?","M","?","R","M","R","T","E","$","M","R","E","R","B"],"character_chosen":"THE_SILENT","items_purchased":[],"campfire_rested":2,"item_purchase_floors":[],"current_hp_per_floor":[47,43,43,43,43,43,43,43,43,25,25,23,42,24,43,0,0],"gold":67,"neow_bonus":"BOSS_RELIC","is_daily":false,"chose_seed":false,"campfire_upgraded":2,"win_rate":0.0,"timestamp":1610184888,"path_taken":["M","M","?","?","?","R","M","R","T","E","$","M","R","E","R","BOSS"],"items_purchased_type":[],"build_version":"2020-12-22","purchased_purges":1,"victory":false,"max_hp_per_floor":[66,66,66,66,66,66,66,66,66,66,66,66,66,66,66,66,66],"relic_stats":{"counters":[8,47],"Ornamental Fan":[16],"MealTicket":0,"Black Star":2,"obtain_stats":[{"HornCleat":14,"Ornamental Fan":10,"MealTicket":14,"Black Star":0,"Omamori":9,"Incense Burner":10,"Ring of the Snake":0},{"HornCleat":7,"Ornamental Fan":5,"MealTicket":7,"Black Star":0,"Omamori":4,"Incense Burner":5,"Ring of the Snake":0},{"HornCleat":32,"Ornamental Fan":21,"MealTicket":32,"Black Star":0,"Omamori":17,"Incense Burner":21,"Ring of the Snake":0}]},"card_choices":[{"not_picked":["Flying Knee","Blur"],"picked":"Poisoned Stab","floor":1},{"not_picked":["Accuracy","Sucker Punch"],"picked":"Dash","floor":2},{"not_picked":["Underhanded Strike","Cloak And Dagger"],"picked":"Dagger Throw","floor":4},{"not_picked":["Accuracy","Caltrops"],"picked":"Leg Sweep","floor":7},{"not_picked":["Dodge and Roll","Underhanded Strike"],"picked":"PiercingWail","floor":10},{"not_picked":["Cloak And Dagger","Riddle With Holes","Choke"],"picked":"SKIP","floor":12},{"not_picked":["Backflip","Dash","Deflect"],"picked":"SKIP","floor":14}],"player_experience":97712,"relics_obtained":[{"floor":9,"key":"Omamori"},{"floor":10,"key":"Ornamental Fan"},{"floor":10,"key":"Incense Burner"},{"floor":14,"key":"MealTicket"},{"floor":14,"key":"HornCleat"}],"event_choices":[{"damage_healed":0,"gold_gain":0,"player_choice":"Bought 2 Potions","damage_taken":0,"max_hp_gain":0,"max_hp_loss":0,"event_name":"The Woman in Blue","floor":3,"gold_loss":0},{"cards_removed":["Strike_G"],"damage_healed":0,"gold_gain":0,"player_choice":"Card Removal","damage_taken":0,"max_hp_gain":0,"max_hp_loss":0,"event_name":"The Cleric","floor":5,"gold_loss":75}],"is_beta":false,"boss_relics":[],"items_purged_floors":[11],"is_endless":false,"potions_floor_spawned":[2,4,12,14],"killed_by":"Hexaghost","ascension_level":20}}