{"host":"jvd5k9mqzerszifx","time":1610177147,"event":{"mods":["AchievementEnabler","Act Like it!","BaseMod","Better Note","Better Third Choice","Colored Map","Colored Powertips","Conspire","Gensokyo","Hallownest","Hubris","Infinite Spire","Jorbs\u0027s Wanderer Trilogy","Lobotomy","Minty Spire (QoL Compilation)","MostiFishMod","Replay The Spire","Reworked Bosses","Spicy Shops","StSLib","The Factory","The Jungle","【功能Mod】聪明的最终Boss"],"gold_per_floor":[126,126,162,200,228,228,288,288,288,288,322,26,26,96,96,96,96],"floor_reached":16,"playtime":1063,"items_purged":[],"score":110,"play_id":"a4a0e8c5-e70b-4f01-a341-d83229518f27","local_time":"20210109152547","is_ascension_mode":false,"campfire_choices":[{"data":"stsjorbsmod:Strike_Wanderer","floor":6,"key":"SMITH"},{"data":"stsjorbsmod:Strike_Wanderer","floor":6,"key":"SMITH"},{"data":"stsjorbsmod:Strike_Wanderer","floor":6,"key":"SMITH"},{"data":"stsjorbsmod:Strike_Wanderer","floor":6,"key":"SMITH"},{"data":"stsjorbsmod:Defend_Wanderer","floor":6,"key":"SMITH"},{"data":"stsjorbsmod:Defend_Wanderer","floor":6,"key":"SMITH"},{"data":"stsjorbsmod:Defend_Wanderer","floor":6,"key":"SMITH"},{"data":"stsjorbsmod:Defend_Wanderer","floor":6,"key":"SMITH"},{"data":"stsjorbsmod:FreshAdventure","floor":6,"key":"SMITH"},{"floor":6,"key":"REST"},{"data":"stsjorbsmod:EyeOfTheStorm","floor":10,"key":"SMITH"},{"data":"stsjorbsmod:Thorns","floor":10,"key":"SMITH"},{"data":"stsjorbsmod:Firebolt","floor":10,"key":"SMITH"},{"data":"stsjorbsmod:Hibernate","floor":10,"key":"SMITH"},{"data":"stsjorbsmod:Stalwart","floor":10,"key":"SMITH"},{"data":"stsjorbsmod:LocateObject","floor":10,"key":"SMITH"},{"floor":10,"key":"REST"},{"data":"stsjorbsmod:TollTheDead","floor":13,"key":"SMITH"},{"floor":13,"key":"RECALL"}],"circlet_count":0,"master_deck":["stsjorbsmod:ForbiddenGrimoire+1","stsjorbsmod:Strike_Wanderer+1","stsjorbsmod:Strike_Wanderer+1","stsjorbsmod:Strike_Wanderer+1","stsjorbsmod:Strike_Wanderer+1","stsjorbsmod:Defend_Wanderer+1","stsjorbsmod:Defend_Wanderer+1","stsjorbsmod:Defend_Wanderer+1","stsjorbsmod:Defend_Wanderer+1","stsjorbsmod:FreshAdventure+1","stsjorbsmod:EyeOfTheStorm+1","stsjorbsmod:Thorns+1","stsjorbsmod:Firebolt+1","stsjorbsmod:Hibernate+1","stsjorbsmod:Stalwart+1","stsjorbsmod:Prepare+1","stsjorbsmod:LocateObject+1","stsjorbsmod:FaerieFire+1","stsjorbsmod:TollTheDead+1","stsjorbsmod:GatherPower","stsjorbsmod:BurningFlask","stsjorbsmod:TinyHut","stsjorbsmod:TinyHut"],"relics":["stsjorbsmod:GrimoireRelic","Peace Pipe","Ginger","Turnip","Unceasing Top","Omamori","Ice Cream","The Courier","Medical Kit","WingedGreaves","DaveBox","Membership Card","SynthV:TestCard","ReplayFunnel","Question Card","War Paint","stsjorbsmod:BottledMemoryRelic","MealTicket","Dream Catcher","Boot","SynthV:C4","conspire:GiftBox"],"acts_visited":["Gensokyo:Gensokyo"],"potions_floor_usage":[7,14],"damage_taken":[{"damage":2,"enemies":"Gensokyo:Gryphon","floor":1,"turns":4},{"damage":0,"enemies":"Gensokyo:3_Fairies","floor":3,"turns":4},{"damage":0,"enemies":"Gensokyo:Python","floor":4,"turns":5},{"damage":11,"enemies":"Gensokyo:3_Kodama","floor":5,"turns":4},{"damage":29,"enemies":"Gensokyo:Aya","floor":7,"turns":8},{"damage":4,"enemies":"Gensokyo:Kitsune","floor":11,"turns":5},{"damage":2,"enemies":"Gensokyo:Cirno","floor":14,"turns":6},{"damage":74,"enemies":"Gensokyo:Yukari","floor":16,"turns":7}],"seed_played":"-5234568054049288881","potions_obtained":[{"floor":1,"key":"Swift Potion"},{"floor":7,"key":"Energy Potion"},{"floor":11,"key":"Milkshake"}],"is_trial":false,"path_per_floor":["M","?","M","M","M","R","E","?","T","R","M","$","R","E","R_BF","B"],"character_chosen":"WANDERER","items_purchased":["stsjorbsmod:BottledMemoryRelic","MealTicket","Dream Catcher","Boot","SynthV:C4"],"campfire_rested":2,"item_purchase_floors":[12,12,12,12,12],"current_hp_per_floor":[68,68,68,68,59,68,39,39,39,59,58,58,58,61,61,0,0],"gold":96,"neow_bonus":"THREE_CARDS","is_daily":false,"chose_seed":false,"campfire_upgraded":16,"win_rate":0.0,"timestamp":1610177147,"path_taken":["M","?","M","M","M","R","E","?","T","R","M","?","R","E","R_BF","BOSS"],"items_purchased_type":["Relic","Relic","Relic","Relic","Relic"],"build_version":"2020-12-22","purchased_purges":0,"victory":false,"max_hp_per_floor":[68,68,68,68,68,68,68,68,68,68,68,68,68,68,68,68,68],"card_choices":[{"not_picked":["stsjorbsmod:Introspection","stsjorbsmod:Patron"],"picked":"stsjorbsmod:Thorns","floor":0},{"not_picked":["stsjorbsmod:Message","stsjorbsmod:FlameWard"],"picked":"stsjorbsmod:Firebolt","floor":1},{"not_picked":["stsjorbsmod:WanderingMind","stsjorbsmod:LocateObject","stsjorbsmod:Mindworm","stsjorbsmod:MageArmor"],"picked":"stsjorbsmod:Stalwart","floor":3},{"not_picked":["stsjorbsmod:ChatteringStrike","stsjorbsmod:Channel","stsjorbsmod:Mending","stsjorbsmod:BlackTentacles"],"picked":"stsjorbsmod:Prepare","floor":4},{"not_picked":["stsjorbsmod:SchoolsOfMagic","stsjorbsmod:TinyHut","stsjorbsmod:DeathThroes","stsjorbsmod:Prepare"],"picked":"stsjorbsmod:LocateObject","floor":5},{"not_picked":["stsjorbsmod:Mindworm","stsjorbsmod:ArcaneWeapon","stsjorbsmod:ColorSpray","stsjorbsmod:Thorns"],"picked":"stsjorbsmod:FaerieFire","floor":7},{"not_picked":["stsjorbsmod:UnseenServant","stsjorbsmod:BlackTentacles","stsjorbsmod:Index","stsjorbsmod:LoseGrip","stsjorbsmod:OldPocket"],"picked":"stsjorbsmod:TollTheDead","floor":11},{"not_picked":["stsjorbsmod:IvoryTower","stsjorbsmod:Fear","stsjorbsmod:ArcaneForm"],"picked":"stsjorbsmod:GatherPower","floor":14},{"not_picked":["stsjorbsmod:ChatteringStrike","stsjorbsmod:BookOfTongues","stsjorbsmod:ChainLightning","stsjorbsmod:TollTheDead","stsjorbsmod:Mindworm"],"picked":"stsjorbsmod:BurningFlask","floor":14},{"not_picked":["stsjorbsmod:Rediscovery","stsjorbsmod:Prestidigitation","stsjorbsmod:TrueStrike","stsjorbsmod:Will","stsjorbsmod:Channel"],"picked":"stsjorbsmod:TinyHut","floor":15},{"not_picked":["stsjorbsmod:Firebolt","stsjorbsmod:MirrorImage","stsjorbsmod:TrueStrike","stsjorbsmod:ChatteringStrike","stsjorbsmod:Hibernate"],"picked":"stsjorbsmod:TinyHut","floor":15}],"player_experience":189908,"relics_obtained":[{"floor":1,"key":"SynthV:TestCard"},{"floor":7,"key":"ReplayFunnel"},{"floor":9,"key":"War Paint"},{"floor":14,"key":"conspire:GiftBox"}],"event_choices":[],"is_beta":false,"boss_relics":[],"items_purged_floors":[],"is_endless":false,"potions_floor_spawned":[1,7,11],"killed_by":"Gensokyo:Yukari","ascension_level":0}}