{"host":"w7o06k3e8uel8euj","time":1610200522,"event":{"mods":["AchievementEnabler","BaseMod","Colored Powertips","Custom Start","DeckTracker","Keyboard Shortcuts","Minty Spire (QoL Compilation)","Quick Restart","Relic Stats","StSLib","SuperFastMode","everything is the same but u backflip on backflip"],"gold_per_floor":[114,125,125,125,125,169,187,112,136,136,136,136,159,177,177,177,177],"floor_reached":16,"playtime":332,"items_purged":["Strike_G"],"score":160,"play_id":"84677715-8c4a-4106-a568-6812b289b98d","local_time":"20210109225522","is_ascension_mode":true,"campfire_choices":[{"data":"Dagger Spray","floor":10.0,"key":"SMITH"},{"data":"Cloak And Dagger","floor":12.0,"key":"SMITH"},{"data":"Blade Dance","floor":15.0,"key":"SMITH"}],"circlet_count":0,"master_deck":["AscendersBane","Strike_G","Strike_G","Strike_G","Defend_G","Defend_G","Defend_G","Defend_G","Defend_G","Survivor","Neutralize","Backstab","Reflex","Dagger Spray+1","Cloak And Dagger+1","Blade Dance+1"],"relics":["Ring of the Snake","FossilizedHelix","Golden Idol","Potion Belt","White Beast Statue","PreservedInsect","CultistMask"],"acts_visited":["Exordium"],"potions_floor_usage":[16,16,16,16],"damage_taken":[{"damage":0.0,"enemies":"Jaw Worm","floor":1.0,"turns":5.0},{"damage":0.0,"enemies":"2 Louse","floor":2.0,"turns":2.0},{"damage":19.0,"enemies":"3 Sentries","floor":6.0,"turns":13.0},{"damage":0.0,"enemies":"Cultist","floor":7.0,"turns":4.0},{"damage":1.0,"enemies":"Red Slaver","floor":13.0,"turns":3.0},{"damage":0.0,"enemies":"Looter","floor":14.0,"turns":3.0},{"damage":32,"enemies":"Hexaghost","floor":16,"turns":14}],"seed_played":"-7522046048298569381","potions_obtained":[{"floor":1.0,"key":"Block Potion"},{"floor":6.0,"key":"GamblersBrew"},{"floor":7.0,"key":"Dexterity Potion"},{"floor":13.0,"key":"Explosive Potion"},{"floor":14.0,"key":"Fire Potion"}],"is_trial":false,"path_per_floor":["M","M","?","?","?","E","M","$","T","R","?","R","M","M","R","B"],"character_chosen":"THE_SILENT","items_purchased":[],"campfire_rested":0,"item_purchase_floors":[],"current_hp_per_floor":[63,63,63,48,48,29,29,29,29,29,29,29,28,28,28,0,0],"gold":177,"neow_bonus":"ONE_RARE_RELIC","is_daily":false,"chose_seed":false,"campfire_upgraded":3,"win_rate":0.0,"timestamp":1610200522,"path_taken":["M","M","?","?","?","E","?","?","T","R","?","R","M","?","R","BOSS"],"items_purchased_type":[],"build_version":"2020-12-22","purchased_purges":1,"victory":false,"max_hp_per_floor":[63,63,63,63,63,63,63,63,63,63,63,63,63,63,63,63,63],"relic_stats":{"counters":[7,44],"Golden Idol":22,"PreservedInsect":0,"obtain_stats":[{"Potion Belt":5,"Golden Idol":4,"PreservedInsect":9,"CultistMask":11,"FossilizedHelix":0,"White Beast Statue":6,"Ring of the Snake":0},{"Potion Belt":2,"Golden Idol":2,"PreservedInsect":4,"CultistMask":4,"FossilizedHelix":0,"White Beast Statue":3,"Ring of the Snake":0},{"Potion Belt":7,"Golden Idol":7,"PreservedInsect":24,"CultistMask":24,"FossilizedHelix":0,"White Beast Statue":20,"Ring of the Snake":0}],"Ring of the Snake":[14]},"card_choices":[{"not_picked":["Flechettes","Tactician"],"picked":"Backstab","floor":1.0},{"not_picked":["Dagger Throw","PiercingWail"],"picked":"Reflex","floor":2.0},{"not_picked":["Heel Hook","All Out Attack"],"picked":"Cloak And Dagger","floor":6.0},{"not_picked":["Footwork","Distraction","Deflect"],"picked":"SKIP","floor":7.0},{"not_picked":["Concentrate","Flying Knee","Bane"],"picked":"SKIP","floor":13.0},{"not_picked":["Blur","Dagger Spray"],"picked":"Blade Dance","floor":14.0}],"player_experience":579914,"relics_obtained":[{"floor":6.0,"key":"White Beast Statue"},{"floor":9.0,"key":"PreservedInsect"}],"event_choices":[{"damage_healed":0.0,"max_hp_gain":0.0,"max_hp_loss":0.0,"gold_gain":0.0,"cards_transformed":["Strike_G"],"event_name":"Living Wall","player_choice":"Change","floor":3.0,"gold_loss":0.0,"damage_taken":0.0,"cards_obtained":["Dagger Spray"]},{"damage_healed":0.0,"max_hp_gain":0.0,"max_hp_loss":0.0,"gold_gain":0.0,"event_name":"Golden Idol","player_choice":"Take Damage","floor":4.0,"gold_loss":0.0,"damage_taken":15.0,"relics_obtained":["Golden Idol"]},{"damage_healed":0.0,"max_hp_gain":0.0,"max_hp_loss":0.0,"gold_gain":0.0,"event_name":"WeMeetAgain","player_choice":"Gave Potion","floor":5.0,"gold_loss":0.0,"damage_taken":0.0,"relics_obtained":["Potion Belt"]},{"damage_healed":0.0,"max_hp_gain":0.0,"max_hp_loss":0.0,"gold_gain":0.0,"event_name":"FaceTrader","player_choice":"Trade","floor":11.0,"gold_loss":0.0,"damage_taken":0.0,"relics_obtained":["CultistMask"]}],"is_beta":false,"boss_relics":[],"items_purged_floors":[8],"is_endless":false,"potions_floor_spawned":[1,6,7,13,14],"killed_by":"Hexaghost","ascension_level":12}}