{"host":"g8a0qo0vjtg6u5wv","time":1610179696,"event":{"mods":["BaseMod","Colored Map","Custom Start","KOR Keyword Fix","Minty Spire (QoL Compilation)","StSLib","SuperFastMode"],"gold_per_floor":[119,119,119,119,44,79,79,121,121,21,46,70,70,99,99,234,234,255,130,139,139,162,162,197,197,223,223,242,266,316,325,325,459,486,518,387,407,407,425,477,477,810,833,860,860,885,914,940,940,940],"floor_reached":51,"playtime":1808,"items_purged":["Defend_P","Strike_P","Strike_P","Shame"],"score":989,"play_id":"b664071f-08bf-4969-8763-7a2d308f617f","local_time":"20210109170816","is_ascension_mode":true,"campfire_choices":[{"data":"Eruption","floor":7.0,"key":"SMITH"},{"data":"ClearTheMind","floor":15.0,"key":"SMITH"},{"floor":23.0,"key":"REST"},{"floor":25.0,"key":"REST"},{"floor":32.0,"key":"REST"},{"floor":41.0,"key":"REST"},{"data":"Scrawl","floor":45.0,"key":"SMITH"},{"data":"Indignation","floor":49,"key":"SMITH"}],"circlet_count":0,"master_deck":["Defend_P+1","Eruption+1","Vigilance+1","CrushJoints","Study+1","EmptyMind","ReachHeaven","ClearTheMind+1","Halt+1","LessonLearned+1","Perseverance+1","EmptyFist","Tantrum","Tantrum+1","Scrawl+1","ReachHeaven+1","InnerPeace+1","Indignation+1","Panacea","FlurryOfBlows+1","ForeignInfluence+1","FearNoEvil"],"relics":["HolyWater","NeowsBlessing","Matryoshka","CeramicFish","Oddly Smooth Stone","CloakClasp","Gremlin Horn","Orichalcum","Strawberry","Bag of Marbles","CultistMask","Smiling Mask","Astrolabe","Regal Pillow","Akabeko","Vajra","Happy Flower"],"acts_visited":["Exordium","TheCity","TheBeyond"],"potions_floor_usage":[50,50,50],"damage_taken":[{"damage":0.0,"enemies":"Jaw Worm","floor":1.0,"turns":2.0},{"damage":0.0,"enemies":"Lagavulin","floor":6.0,"turns":2.0},{"damage":0.0,"enemies":"Gremlin Nob","floor":8.0,"turns":1.0},{"damage":0.0,"enemies":"2 Louse","floor":11.0,"turns":3.0},{"damage":0.0,"enemies":"Small Slimes","floor":12.0,"turns":3.0},{"damage":0.0,"enemies":"3 Louse","floor":14.0,"turns":3.0},{"damage":29.0,"enemies":"Hexaghost","floor":16.0,"turns":9.0},{"damage":10.0,"enemies":"Chosen","floor":18.0,"turns":6.0},{"damage":34.0,"enemies":"3 Byrds","floor":22.0,"turns":6.0},{"damage":10.0,"enemies":"Book of Stabbing","floor":24.0,"turns":5.0},{"damage":36.0,"enemies":"Centurion and Healer","floor":28.0,"turns":10.0},{"damage":9.0,"enemies":"Shelled Parasite and Fungi","floor":29.0,"turns":9.0},{"damage":16.0,"enemies":"Gremlin Leader","floor":30.0,"turns":8.0},{"damage":25.0,"enemies":"Champ","floor":33.0,"turns":8.0},{"damage":35.0,"enemies":"3 Shapes","floor":35.0,"turns":6.0},{"damage":0.0,"enemies":"3 Darklings","floor":37.0,"turns":4.0},{"damage":0.0,"enemies":"Jaw Worm Horde","floor":39.0,"turns":3.0},{"damage":35.0,"enemies":"Giant Head","floor":40.0,"turns":8.0},{"damage":0.0,"enemies":"Nemesis","floor":44.0,"turns":5.0},{"damage":0.0,"enemies":"Sphere and 2 Shapes","floor":46.0,"turns":1.0},{"damage":0.0,"enemies":"Giant Head","floor":47.0,"turns":5.0},{"damage":0,"enemies":"Maw","floor":48,"turns":3},{"damage":14,"enemies":"Donu and Deca","floor":50,"turns":4}],"seed_played":"1668095616049599348","potions_obtained":[{"floor":8.0,"key":"BottledMiracle"},{"floor":12.0,"key":"Block Potion"},{"floor":14.0,"key":"BlessingOfTheForge"},{"floor":22.0,"key":"Strength Potion"},{"floor":28.0,"key":"Ancient Potion"},{"floor":33.0,"key":"SpeedPotion"},{"floor":40.0,"key":"SpeedPotion"},{"floor":44.0,"key":"Strength Potion"},{"floor":46.0,"key":"Ambrosia"},{"floor":47.0,"key":"CultistPotion"}],"is_trial":false,"path_per_floor":["M","?","?","?","$","E","R","E","T","$","M","M","?","M","R","B",null,"M","$","?","$","M","R","E","R","T","?","M","M","E","?","R","B",null,"M","$","M","?","M","E","R","?","T","E","R","M","E","M","R","B",null],"character_chosen":"WATCHER","items_purchased":["Panacea"],"campfire_rested":4,"item_purchase_floors":[36],"current_hp_per_floor":[72,77,62,55,55,55,55,55,55,55,55,55,55,55,55,26,71,61,61,61,61,27,48,38,59,66,66,30,21,5,5,28,3,78,43,43,43,48,48,13,51,51,51,51,51,51,51,51,51,37],"gold":940,"neow_bonus":"THREE_ENEMY_KILL","is_daily":false,"chose_seed":false,"campfire_upgraded":4,"win_rate":0.0,"timestamp":1610179696,"path_taken":["M","?","?","?","$","E","R","E","T","$","M","M","?","M","R","BOSS","M","$","?","$","M","R","E","R","T","?","?","M","E","?","R","BOSS","M","$","M","?","?","E","R","?","T","E","R","M","E","M","R","BOSS"],"items_purchased_type":["Card"],"build_version":"2020-12-22","purchased_purges":4,"victory":true,"max_hp_per_floor":[72,77,77,77,77,77,77,77,77,77,77,77,71,71,71,71,71,71,71,71,71,71,71,71,71,78,78,78,78,78,78,78,78,78,78,78,78,78,78,78,78,78,78,78,78,78,78,78,78,78],"card_choices":[{"not_picked":["SashWhip","BowlingBash"],"picked":"CrushJoints","floor":1.0},{"not_picked":["WaveOfTheHand","Blasphemy"],"picked":"Study","floor":6.0},{"not_picked":["Prostrate","Weave"],"picked":"EmptyMind","floor":8.0},{"not_picked":["ThirdEye","PathToVictory"],"picked":"ReachHeaven","floor":11.0},{"not_picked":["Collect","BattleHymn"],"picked":"ClearTheMind","floor":12.0},{"not_picked":["SashWhip","FlurryOfBlows"],"picked":"Halt","floor":14.0},{"not_picked":["Brilliance","Omniscience"],"picked":"LessonLearned","floor":16.0},{"not_picked":["Weave","CutThroughFate","Meditate"],"picked":"SKIP","floor":18.0},{"not_picked":["Evaluate","BowlingBash"],"picked":"Perseverance+1","floor":22.0},{"not_picked":["FollowUp","Protect","Fasting2"],"picked":"SKIP","floor":24.0},{"not_picked":["Evaluate+1","PathToVictory","Consecrate"],"picked":"SKIP","floor":28.0},{"not_picked":["Wireheading","CrushJoints+1"],"picked":"EmptyFist","floor":29.0},{"not_picked":["Weave","BattleHymn"],"picked":"Tantrum","floor":30.0},{"not_picked":["LessonLearned","SpiritShield"],"picked":"Scrawl","floor":33.0},{"not_picked":["Swivel","Prostrate"],"picked":"Indignation","floor":35.0},{"not_picked":["ClearTheMind+1","PathToVictory","ReachHeaven"],"picked":"SKIP","floor":37.0},{"not_picked":["InnerPeace","SashWhip","Prostrate"],"picked":"SKIP","floor":39.0},{"not_picked":["Weave","Evaluate+1"],"picked":"FlurryOfBlows+1","floor":40.0},{"not_picked":["Study","Crescendo","SpiritShield"],"picked":"SKIP","floor":44.0},{"not_picked":["FollowUp","JustLucky+1"],"picked":"ForeignInfluence+1","floor":46.0},{"not_picked":["PathToVictory","Crescendo+1","Perseverance+1"],"picked":"SKIP","floor":47.0},{"not_picked":["Wireheading","Pray"],"picked":"FearNoEvil","floor":48}],"player_experience":553088,"relics_obtained":[{"floor":6.0,"key":"Matryoshka"},{"floor":8.0,"key":"CeramicFish"},{"floor":9.0,"key":"Oddly Smooth Stone"},{"floor":9.0,"key":"CloakClasp"},{"floor":24.0,"key":"Orichalcum"},{"floor":26.0,"key":"Strawberry"},{"floor":26.0,"key":"Bag of Marbles"},{"floor":30.0,"key":"Smiling Mask"},{"floor":40.0,"key":"Regal Pillow"},{"floor":43.0,"key":"Akabeko"},{"floor":44.0,"key":"Vajra"},{"floor":47.0,"key":"Happy Flower"}],"event_choices":[{"damage_healed":0.0,"max_hp_gain":5.0,"max_hp_loss":0.0,"gold_gain":0.0,"event_name":"Big Fish","player_choice":"Donut","floor":2.0,"gold_loss":0.0,"damage_taken":0.0},{"damage_healed":0.0,"max_hp_gain":0.0,"max_hp_loss":0.0,"gold_gain":0.0,"event_name":"Shining Light","player_choice":"Entered Light","floor":3.0,"gold_loss":0.0,"damage_taken":15.0,"cards_upgraded":["Defend_P","Vigilance"]},{"cards_removed":["Strike_P"],"damage_healed":0.0,"max_hp_gain":0.0,"max_hp_loss":0.0,"gold_gain":0.0,"event_name":"Golden Wing","player_choice":"Card Removal","floor":4.0,"gold_loss":0.0,"damage_taken":7.0},{"damage_healed":0.0,"max_hp_gain":0.0,"max_hp_loss":6.0,"gold_gain":0.0,"event_name":"Golden Idol","player_choice":"Lose Max HP","floor":13.0,"gold_loss":0.0,"damage_taken":0.0,"relics_obtained":["Golden Idol"]},{"damage_healed":0.0,"max_hp_gain":0.0,"max_hp_loss":0.0,"gold_gain":0.0,"event_name":"Addict","player_choice":"Stole Relic","floor":20.0,"gold_loss":0.0,"damage_taken":0.0,"relics_obtained":["Gremlin Horn"],"cards_obtained":["Shame"]},{"damage_healed":0.0,"max_hp_gain":0.0,"max_hp_loss":0.0,"gold_gain":0.0,"event_name":"FaceTrader","player_choice":"Trade","floor":27.0,"gold_loss":0.0,"damage_taken":0.0,"relics_obtained":["CultistMask"]},{"damage_healed":0.0,"max_hp_gain":0.0,"max_hp_loss":0.0,"gold_gain":0.0,"event_name":"Duplicator","player_choice":"Copied","floor":31.0,"gold_loss":0.0,"damage_taken":0.0,"cards_obtained":["Tantrum"]},{"cards_removed":["CutThroughFate"],"damage_healed":5.0,"max_hp_gain":0.0,"max_hp_loss":0.0,"gold_gain":0.0,"event_name":"Bonfire Elementals","player_choice":"Offered Common","floor":38.0,"gold_loss":0.0,"damage_taken":0.0},{"cards_removed":["CutThroughFate"],"damage_healed":5.0,"max_hp_gain":0.0,"max_hp_loss":0.0,"gold_gain":0.0,"event_name":"Bonfire Elementals","player_choice":"Offered Special","floor":38.0,"gold_loss":0.0,"damage_taken":0.0},{"damage_healed":0.0,"max_hp_gain":0.0,"max_hp_loss":0.0,"gold_gain":333.0,"event_name":"The Moai Head","player_choice":"Gave Idol","floor":42.0,"relics_lost":["Golden Idol"],"gold_loss":0.0,"damage_taken":0.0}],"is_beta":false,"boss_relics":[{"not_picked":["Velvet Choker","Calling Bell"],"picked":"HolyWater"},{"not_picked":["Philosopher\u0027s Stone","Runic Pyramid"],"picked":"Astrolabe"}],"items_purged_floors":[5,10,19,36],"is_endless":false,"potions_floor_spawned":[8,12,14,22,28,33,40,44,46,47,48],"ascension_level":2}}