{"host":"onmzcmq5a68cxj3d","time":1610205598,"event":{"mods":["BaseMod","Colored Map","Minty Spire (QoL Compilation)","Remove Card Discount Mod"],"gold_per_floor":[109,26,38,38,57,90,90,90,160,160,160,160,160,177,177,276,276,296,296,40,58,56,56,67,67,67,67,67,67,67,67,67,163,163,178,178,198,64,77,103,103,103,127,127,127,127,125,77,77,77],"floor_reached":51,"playtime":2977,"items_purged":["Wraith Form v2","Dualcast","Strike_B","Strike_B","Defend_B","Defend_B","Tempest+1","Defend_B+1","Buffer"],"score":765,"play_id":"552b4dce-3eb5-424d-b3cf-505bdeb74cc2","local_time":"20210109081958","daily_mods":["Heirloom","Time Dilation","Flight"],"is_ascension_mode":false,"campfire_choices":[{"floor":7,"key":"REST"},{"data":"Echo Form","floor":8,"key":"SMITH"},{"floor":10,"key":"REST"},{"data":"Demon Form","floor":13,"key":"SMITH"},{"data":"Conserve Battery","floor":15,"key":"SMITH"},{"data":"White Noise","floor":23,"key":"SMITH"},{"data":"Sweeping Beam","floor":25,"key":"SMITH"},{"floor":27,"key":"DIG"},{"data":"Zap","floor":29,"key":"SMITH"},{"floor":30,"key":"REST"},{"floor":32,"key":"DIG"},{"floor":41,"key":"REST"},{"data":"Writhe","floor":44,"key":"PURGE"},{"data":"Defragment","floor":46,"key":"SMITH"},{"floor":49,"key":"DIG"}],"circlet_count":0,"master_deck":["Demon Form+1","Echo Form+1","DevaForm+1","Strike_B+1","Strike_B+1","Zap+1","Cold Snap","White Noise+1","BootSequence","Conserve Battery+1","Sweeping Beam+1","Genetic Algorithm+1","Defragment+1","Conserve Battery+1","Reinforced Body+1","Conserve Battery+1"],"relics":["Unceasing Top","Peace Pipe","Ancient Tea Set","Cables","Black Star","Bottled Tornado","Shovel","Toxic Egg 2","MutagenicStrength","Sundial","Nuclear Battery","Mango","Calipers","Oddly Smooth Stone","Pen Nib"],"acts_visited":["Exordium","TheCity","TheBeyond"],"potions_floor_usage":[16,21,21,39,39],"damage_taken":[{"damage":6,"enemies":"2 Louse","floor":1,"turns":3},{"damage":4,"enemies":"Cultist","floor":3,"turns":4},{"damage":8,"enemies":"Small Slimes","floor":5,"turns":4},{"damage":49,"enemies":"Gremlin Nob","floor":6,"turns":6},{"damage":2,"enemies":"3 Louse","floor":14,"turns":5},{"damage":33,"enemies":"Hexaghost","floor":16,"turns":8},{"damage":17,"enemies":"Spheric Guardian","floor":18,"turns":7},{"damage":8,"enemies":"Chosen","floor":21,"turns":5},{"damage":10,"enemies":"Snake Plant","floor":24,"turns":5},{"damage":0,"enemies":"Automaton","floor":33,"turns":8},{"damage":0,"enemies":"3 Shapes","floor":35,"turns":4},{"damage":24,"enemies":"Orb Walker","floor":37,"turns":4},{"damage":7,"enemies":"3 Darklings","floor":39,"turns":3},{"damage":36,"enemies":"Nemesis","floor":40,"turns":9},{"damage":0,"enemies":"Awakened One","floor":50,"turns":12}],"seed_played":"6747415686595285720","potions_obtained":[{"floor":3,"key":"LiquidMemories"},{"floor":6,"key":"AttackPotion"},{"floor":14,"key":"FearPotion"},{"floor":33,"key":"Explosive Potion"},{"floor":37,"key":"DistilledChaos"}],"is_trial":true,"path_per_floor":["M","$","M","?","M","E","R","R","T","R","?","?","R","M","R","B",null,"M","?","$","M","$","R","M","R","T","R","?","R","R","?","R","B",null,"M","?","M","$","M","E","R","?","T","R","?","R","$","$","R","B",null],"character_chosen":"DEFECT","items_purchased":["White Noise","Bottled Tornado","Defragment","Conserve Battery+1","Conserve Battery+1"],"campfire_rested":4,"item_purchase_floors":[2,20,38,38,48],"current_hp_per_floor":[69,69,65,65,57,8,30,30,30,52,57,57,57,55,55,22,80,63,63,63,55,55,55,45,45,45,45,45,45,69,69,69,69,80,80,80,56,56,49,27,55,79,79,79,79,79,79,79,79,79],"gold":77,"neow_bonus":"","is_daily":false,"chose_seed":false,"campfire_upgraded":7,"win_rate":0.0,"timestamp":1610205598,"path_taken":["M","$","M","?","?","E","R","R","T","R","?","?","R","?","R","BOSS","M","?","$","M","$","R","?","R","T","R","?","R","R","?","R","BOSS","M","?","M","$","?","E","R","?","T","R","?","R","$","$","R","BOSS"],"items_purchased_type":["Card","Relic","Card","Card","Card"],"build_version":"2020-12-22","purchased_purges":9,"victory":true,"max_hp_per_floor":[75,75,75,75,75,75,75,75,75,75,80,80,80,80,80,80,80,80,80,80,80,80,80,80,80,80,80,80,80,80,80,80,80,80,80,80,80,80,80,94,94,94,94,94,94,94,94,94,94,94],"card_choices":[{"not_picked":["Reprogram","Rebound"],"picked":"Cold Snap","floor":1},{"not_picked":["Barrage","Turbo"],"picked":"BootSequence","floor":3},{"not_picked":["FTL","Gash"],"picked":"Conserve Battery","floor":5},{"not_picked":["Hologram","Storm","Compile Driver"],"picked":"SKIP","floor":6},{"not_picked":["Coolheaded","Streamline"],"picked":"Sweeping Beam","floor":14},{"not_picked":["Coolheaded","Sweeping Beam","Barrage"],"picked":"SKIP","floor":18},{"not_picked":["Hello World","Redo"],"picked":"Genetic Algorithm+1","floor":21},{"not_picked":["Storm","Lockon","Darkness+1"],"picked":"SKIP","floor":24},{"not_picked":["Amplify+1","Thunder Strike"],"picked":"Buffer","floor":33},{"not_picked":["Loop","Sweeping Beam+1","Stack+1"],"picked":"SKIP","floor":35},{"not_picked":["Lockon+1","Barrage"],"picked":"Tempest+1","floor":37},{"not_picked":["Steam Power+1","Force Field+1","Rip and Tear"],"picked":"SKIP","floor":39},{"not_picked":["Recycle+1","Compile Driver+1"],"picked":"Reinforced Body+1","floor":40}],"player_experience":439848,"relics_obtained":[{"floor":6,"key":"Ancient Tea Set"},{"floor":9,"key":"Cables"},{"floor":26,"key":"Shovel"},{"floor":27,"key":"Toxic Egg 2"},{"floor":32,"key":"Sundial"},{"floor":40,"key":"Mango"},{"floor":40,"key":"Calipers"},{"floor":43,"key":"Oddly Smooth Stone"},{"floor":49,"key":"Pen Nib"}],"event_choices":[{"damage_healed":0,"gold_gain":0,"player_choice":"Upgraded","damage_taken":0,"max_hp_gain":0,"max_hp_loss":0,"event_name":"Upgrade Shrine","floor":4,"gold_loss":0,"cards_upgraded":["DevaForm"]},{"damage_healed":0,"gold_gain":0,"player_choice":"Donut","damage_taken":0,"max_hp_gain":5,"max_hp_loss":0,"event_name":"Big Fish","floor":11,"gold_loss":0},{"damage_healed":0,"gold_gain":0,"player_choice":"Leave","damage_taken":0,"max_hp_gain":0,"max_hp_loss":0,"event_name":"FaceTrader","floor":12,"gold_loss":0},{"cards_removed":["Defend_B"],"damage_healed":0,"gold_gain":0,"player_choice":"Offered Basic","damage_taken":0,"max_hp_gain":0,"max_hp_loss":0,"event_name":"Bonfire Elementals","floor":19,"gold_loss":0},{"damage_healed":0,"gold_gain":0,"player_choice":"Inject Mutagens","damage_taken":0,"relics_obtained":["MutagenicStrength"],"max_hp_gain":0,"max_hp_loss":0,"event_name":"Drug Dealer","floor":28,"gold_loss":0},{"damage_healed":0,"gold_gain":0,"player_choice":"Simplicity","damage_taken":0,"max_hp_gain":0,"max_hp_loss":0,"event_name":"Back to Basics","floor":31,"gold_loss":0,"cards_upgraded":["Strike_B","Strike_B","Defend_B"]},{"damage_healed":0,"gold_gain":0,"player_choice":"Bought 0 Potions","damage_taken":0,"max_hp_gain":0,"max_hp_loss":0,"event_name":"The Woman in Blue","floor":36,"gold_loss":0},{"damage_healed":24,"gold_gain":0,"player_choice":"Writhe","damage_taken":0,"max_hp_gain":0,"max_hp_loss":0,"event_name":"Winding Halls","floor":42,"gold_loss":0,"cards_obtained":["Writhe"]},{"damage_healed":0,"gold_gain":0,"player_choice":"Ignored","damage_taken":0,"max_hp_gain":0,"max_hp_loss":0,"event_name":"Tomb of Lord Red Mask","floor":45,"gold_loss":0}],"is_beta":false,"boss_relics":[{"not_picked":["Sozu","Pandora\u0027s Box"],"picked":"Black Star"},{"not_picked":["Runic Dome","Busted Crown"],"picked":"Nuclear Battery"}],"items_purged_floors":[2,2,20,20,20,22,38,38,47],"is_endless":false,"potions_floor_spawned":[3,6,14,33,37],"ascension_level":0}}