{"host":"fm9e0lfunjlbhzxv","time":1610180317,"event":{"mods":["2.2 Compatiblity","Astrologer","BaseMod","Better Match","Better Skull","Better Third Choice","Colored Map","Colored Powertips","Downfall","Key Reminder","Marisa????????","Minty Spire (QoL Compilation)","Permanent Neow","Rare Cards Sparkle","Relic Stats","Remilia??????","StSLib","The Administrix","The Bug Knight","The Disciple","The Servant 0.9.4","The Vixen","slay the spire mod where everything is the same but ironclad has a cowboy hat"],"gold_per_floor":[420,124,141,141,141,141,159,159,159,134,149,179,157,191,191,294,294,310,310,310,91,91,117,148,148,148,148,173,193,203,203,203,300,300,310,360,360,3,22,47,47,75,75,102,102,102],"floor_reached":45,"playtime":5559,"items_purged":["Burn","Wrath_TH"],"score":756,"play_id":"c6347f8b-cf77-42e1-974d-d198a1bd1f22","local_time":"20210109001837","is_ascension_mode":true,"campfire_choices":[{"data":"AdministrixMod:ArmillarySphere","floor":6,"key":"SMITH"},{"data":"AdministrixMod:TouchOfCinnabar","floor":8,"key":"SMITH"},{"data":"AdministrixMod:Untouchable","floor":15,"key":"SMITH"},{"floor":25,"key":"REST"},{"floor":27,"key":"RECALL"},{"floor":32,"key":"REST"},{"floor":41,"key":"REST"}],"circlet_count":0,"master_deck":["AdministrixMod:RedCloak","AdministrixMod:Defend_Administrix","AdministrixMod:Defend_Administrix","AdministrixMod:Defend_Administrix","AdministrixMod:Defend_Administrix","AdministrixMod:BlueCloak","AdministrixMod:SipOfSparks","AdministrixMod:ArmillarySphere+1","AdministrixMod:Untouchable+1","AdministrixMod:TouchOfCinnabar+1","AdministrixMod:UnstableVigor","AdministrixMod:ExtolVirtue","AdministrixMod:TrickOfTheLight","AdministrixMod:FaithfulFlames","AdministrixMod:BrewingCloister","AdministrixMod:Transition+1","Bite","Bite","Bite","Bite","Bite","AdministrixMod:WifeLightning","EndlessPower","AdministrixMod:HiddenPower+1","AdministrixMod:TrickOfTheLight","AdministrixMod:BloodBargain+1","AdministrixMod:Transition+1","AdministrixMod:CenturiesAscent","AdministrixMod:HiddenPower+1","AdministrixMod:AmassedMasks","Sadistic Nature+1","AdministrixMod:XianArts+1","AdministrixMod:Untouchable+1","AdministrixMod:BishamonBlessing+1","AdministrixMod:SealAway"],"relics":["AdministrixMod:ConductorRitualBaton","Old Coin","Lee\u0027s Waffle","WingedGreaves","betterThird:SlimedRelic","Bronze Scales","Fusion Hammer","Mango","Toy Ornithopter","Mummified Hand","Frozen Egg 2","Snecko Eye","StoneCalendar","Bag of Preparation","Potion Belt","Anchor","FossilizedHelix"],"acts_visited":["Exordium","TheCity","TheBeyond"],"potions_floor_usage":[12,12,16,18,23,24,24,29,30,33,35,35,36,39,39,42],"damage_taken":[{"damage":0,"enemies":"Cultist","floor":1,"turns":3},{"damage":11,"enemies":"Jaw Worm","floor":3,"turns":4},{"damage":5,"enemies":"2 Louse","floor":7,"turns":4},{"damage":5,"enemies":"Large Slime","floor":11,"turns":6},{"damage":11,"enemies":"3 Sentries","floor":12,"turns":9},{"damage":1,"enemies":"HollowMod:MossKnight","floor":14,"turns":12},{"damage":4,"enemies":"Hexaghost","floor":16,"turns":11},{"damage":6,"enemies":"Shell Parasite","floor":18,"turns":5},{"damage":18,"enemies":"Book of Stabbing","floor":23,"turns":6},{"damage":36,"enemies":"Gremlin Leader","floor":24,"turns":9},{"damage":40,"enemies":"Book of Stabbing","floor":28,"turns":6},{"damage":11,"enemies":"Spheric Guardian","floor":29,"turns":5},{"damage":3,"enemies":"Snake Plant","floor":30,"turns":5},{"damage":54,"enemies":"Automaton","floor":33,"turns":11},{"damage":12,"enemies":"3 Darklings","floor":35,"turns":6},{"damage":25,"enemies":"Mind Bloom Boss Battle","floor":36,"turns":8},{"damage":13,"enemies":"Orb Walker","floor":39,"turns":5},{"damage":14,"enemies":"Giant Head","floor":40,"turns":11},{"damage":10,"enemies":"Nemesis","floor":42,"turns":7},{"damage":79,"enemies":"Giant Head","floor":44,"turns":10},{"damage":24,"enemies":"Spire Growth","floor":45,"turns":5}],"seed_played":"4729185548304580745","potions_obtained":[{"floor":1,"key":"EssenceOfSteel"},{"floor":7,"key":"Weak Potion"},{"floor":12,"key":"SkillPotion"},{"floor":14,"key":"champ:CounterPotion"},{"floor":23,"key":"Guardian:BlockOnCardUsePotion"},{"floor":29,"key":"Guardian:BlockOnCardUsePotion"},{"floor":39,"key":"SkillPotion"}],"is_trial":false,"path_per_floor":["M","$","M","?","$","R","M","R","T","$","M","E","?","E","R","B",null,"M","?","?","$","?","E","E","R","T","R","E","M","M","?","R","B",null,"M","?","?","$","M","E","R","E","T","E","M"],"character_chosen":"TheAdministrix","items_purchased":["AdministrixMod:ArmillarySphere","AdministrixMod:Untouchable","Lee\u0027s Waffle","AdministrixMod:ExtolVirtue","AdministrixMod:WifeLightning","Sadistic Nature+1","AdministrixMod:XianArts+1"],"campfire_rested":3,"item_purchase_floors":[2,2,2,10,21,38,38],"current_hp_per_floor":[59,66,55,55,55,55,50,50,50,50,45,34,23,22,22,18,66,60,60,46,46,46,50,34,52,52,52,24,28,38,38,56,30,60,55,51,51,51,55,56,57,54,54,21,0,0],"gold":102,"neow_bonus":"ONE_RARE_RELIC","is_daily":false,"chose_seed":false,"campfire_upgraded":3,"win_rate":0.0,"timestamp":1610180317,"path_taken":["M","$","M","?","?","R","M","R","T","?","M","E","?","E","R","BOSS","M","?","?","$","?","E","E","R","T","R","E","M","M","?","R","BOSS","M","?","?","$","M","E","R","E","T","E","M"],"items_purchased_type":["Card","Card","Relic","Card","Card","Card","Card"],"build_version":"2020-12-22","purchased_purges":2,"victory":false,"max_hp_per_floor":[59,66,66,66,66,66,66,66,66,66,66,66,66,66,66,66,66,66,66,46,46,46,60,60,60,60,60,60,60,60,60,60,60,60,60,60,57,57,57,57,57,57,57,57,57,57],"relic_stats":{"Lee\u0027s Waffle":7,"counters":[21,148],"Mummified Hand":[101],"Bronze Scales":[394],"Snecko Eye":[116,81,106,101],"StoneCalendar":[104],"Bag of Preparation":[5],"obtain_stats":[{"Potion Belt":42,"Lee\u0027s Waffle":2,"Mango":23,"StoneCalendar":36,"AdministrixMod:ConductorRitualBaton":0,"Bag of Preparation":40,"Frozen Egg 2":28,"Old Coin":0,"keyreminder:keyreminder":9,"Anchor":43,"Mummified Hand":26,"betterThird:SlimedRelic":13,"Bronze Scales":14,"Snecko Eye":34,"WingedGreaves":12,"Fusion Hammer":17,"Toy Ornithopter":24,"FossilizedHelix":44},{"Potion Belt":19,"Lee\u0027s Waffle":1,"Mango":9,"StoneCalendar":16,"AdministrixMod:ConductorRitualBaton":0,"Bag of Preparation":18,"Frozen Egg 2":11,"Old Coin":0,"keyreminder:keyreminder":3,"Anchor":19,"Mummified Hand":10,"betterThird:SlimedRelic":5,"Bronze Scales":6,"Snecko Eye":14,"WingedGreaves":5,"Fusion Hammer":7,"Toy Ornithopter":10,"FossilizedHelix":20},{"Potion Belt":133,"Lee\u0027s Waffle":3,"Mango":60,"StoneCalendar":110,"AdministrixMod:ConductorRitualBaton":0,"Bag of Preparation":126,"Frozen Egg 2":75,"Old Coin":0,"keyreminder:keyreminder":11,"Anchor":133,"Mummified Hand":69,"betterThird:SlimedRelic":26,"Bronze Scales":38,"Snecko Eye":96,"WingedGreaves":26,"Fusion Hammer":49,"Toy Ornithopter":69,"FossilizedHelix":143}],"Toy Ornithopter":29},"card_choices":[{"not_picked":["AdministrixMod:BishamonBlessing","AdministrixMod:ExtolVirtue"],"picked":"AdministrixMod:SipOfSparks","floor":1},{"not_picked":["AdministrixMod:PlateOfAntiquity","AdministrixMod:ChooseYourEnd"],"picked":"AdministrixMod:TouchOfCinnabar","floor":3},{"not_picked":["AdministrixMod:FuneraryRites","AdministrixMod:DiversionaryTactic"],"picked":"AdministrixMod:UnstableVigor","floor":7},{"not_picked":["AdministrixMod:GuanyinBlessing","AdministrixMod:CastOffRegrets","AdministrixMod:SipOfSparks"],"picked":"SKIP","floor":11},{"not_picked":["AdministrixMod:ImmortalGrace","AdministrixMod:FuneraryRites"],"picked":"AdministrixMod:TrickOfTheLight","floor":12},{"not_picked":["AdministrixMod:SeventeenArticleLaser","AdministrixMod:SipOfSparks"],"picked":"AdministrixMod:FaithfulFlames","floor":14},{"not_picked":["AdministrixMod:ImmortalClarity","AdministrixMod:TenDesires"],"picked":"AdministrixMod:BrewingCloister","floor":16},{"not_picked":["AdministrixMod:SyncreticPlunge+1","AdministrixMod:MixOfMercury"],"picked":"AdministrixMod:Transition+1","floor":18},{"not_picked":["AdministrixMod:PassageOfAges+1","AdministrixMod:PlateOfAntiquity"],"picked":"AdministrixMod:HiddenPower+1","floor":23},{"not_picked":["AdministrixMod:FuneraryRites","AdministrixMod:CrackingPangu"],"picked":"AdministrixMod:TrickOfTheLight","floor":24},{"not_picked":["AdministrixMod:Katabasis","AdministrixMod:LuminaryPath"],"picked":"AdministrixMod:BloodBargain+1","floor":28},{"not_picked":["AdministrixMod:ImmortalPurity","AdministrixMod:FeastOfDew"],"picked":"AdministrixMod:Transition+1","floor":29},{"not_picked":["AdministrixMod:RebukeDesires","AdministrixMod:PlateOfAntiquity"],"picked":"AdministrixMod:CenturiesAscent","floor":30},{"not_picked":["AdministrixMod:Schism","AdministrixMod:HopeInTheDark"],"picked":"AdministrixMod:AmassedMasks","floor":33},{"not_picked":["AdministrixMod:MixOfMercury","AdministrixMod:RegentEdict","AdministrixMod:ShadowPlay+1"],"picked":"SKIP","floor":35},{"not_picked":["AdministrixMod:Transition+1","AdministrixMod:RebukeDesires"],"picked":"AdministrixMod:Untouchable+1","floor":39},{"not_picked":["AdministrixMod:BloodBargain","AdministrixMod:Overdrive"],"picked":"AdministrixMod:BishamonBlessing+1","floor":40},{"not_picked":["AdministrixMod:SyncreticSurge+1","AdministrixMod:SipOfSparks+1","AdministrixMod:ImmortalGrace"],"picked":"SKIP","floor":42},{"not_picked":["AdministrixMod:NoblePath+1","AdministrixMod:QuietConspiracy+1"],"picked":"AdministrixMod:SealAway","floor":44}],"player_experience":714781,"relics_obtained":[{"floor":12,"key":"WingedGreaves"},{"floor":14,"key":"Bronze Scales"},{"floor":23,"key":"Mango"},{"floor":24,"key":"Toy Ornithopter"},{"floor":26,"key":"Mummified Hand"},{"floor":28,"key":"Frozen Egg 2"},{"floor":36,"key":"StoneCalendar"},{"floor":40,"key":"Bag of Preparation"},{"floor":42,"key":"Potion Belt"},{"floor":43,"key":"Anchor"},{"floor":44,"key":"FossilizedHelix"}],"event_choices":[{"damage_healed":55,"gold_gain":0,"player_choice":"Embrace Burn","damage_taken":0,"max_hp_gain":0,"max_hp_loss":66,"event_name":"betterThird:BetterShining","floor":4,"gold_loss":0},{"damage_healed":0,"gold_gain":0,"player_choice":"Slimed","damage_taken":11,"max_hp_gain":0,"max_hp_loss":0,"event_name":"betterThird:BetterGoop","floor":13,"gold_loss":22},{"damage_healed":0,"gold_gain":0,"player_choice":"Ignored","damage_taken":0,"max_hp_gain":0,"max_hp_loss":0,"event_name":"Ghosts","floor":19,"gold_loss":0},{"damage_healed":0,"gold_gain":0,"player_choice":"Became a vampire","damage_taken":0,"max_hp_gain":0,"max_hp_loss":20,"event_name":"Vampires","floor":20,"gold_loss":0,"cards_obtained":["Bite","Bite","Bite","Bite","Bite"]},{"damage_healed":0,"gold_gain":0,"player_choice":"Copied","damage_taken":0,"max_hp_gain":0,"max_hp_loss":0,"event_name":"Duplicator","floor":31,"gold_loss":0,"cards_obtained":["AdministrixMod:HiddenPower"]},{"damage_healed":0,"gold_gain":0,"player_choice":"Fight","damage_taken":0,"max_hp_gain":0,"max_hp_loss":0,"event_name":"MindBloom","floor":36,"gold_loss":0},{"damage_healed":0,"gold_gain":0,"player_choice":"Max HP","damage_taken":0,"max_hp_gain":0,"max_hp_loss":3,"event_name":"Winding Halls","floor":37,"gold_loss":0}],"is_beta":false,"boss_relics":[{"not_picked":["SacredBark","Runic Dome"],"picked":"Fusion Hammer"},{"not_picked":["Tiny House","Sozu"],"picked":"Snecko Eye"}],"items_purged_floors":[21,38],"is_endless":false,"potions_floor_spawned":[1,7,12,14,23,29,33,39,40],"killed_by":"Spire Growth","ascension_level":4}}