{"host":"ueaobptuyu87ouwy","time":1610184085,"event":{"mods":["Aspiration","Bard","BaseMod","Better Altar","Better Match","Better Note","Better Sensory Stone","Better Skull","Better Third Choice","BetterRewards","CCEM","Colored Map","Conspire","Downfall","GifTheSpireLib","GungeonMod","Halation","Hermit","Highlight Path","Hubris","Infinite Spire","Jedi Mod","Jorbs\u0027s Wanderer Trilogy","Marisa????????","Marked Mod","Mimic Mod","Minty Spire (QoL Compilation)","Permanent Neow","Replay The Spire","Shop Mod","Small Relic Pack","StSLib","Stuff the Spire","The Runesmith","Unceasing Turn Reminder","everything is the same but u backflip on backflip","slay the spire mod where everything is the same but ironclad has a cowboy hat"],"gold_per_floor":[111,211,223,233,252,287,304,304,329,329,329,362,82,98,98,202,202,218,74,88,88,100,135,135,135,135,335,346,381,381,397,397,500,500,519,530,582,617,617,617],"floor_reached":39,"playtime":2337,"items_purged":["Normality"],"score":681,"play_id":"dd0da027-e002-4603-b4dd-9c4bd2db89d2","local_time":"20210109172125","is_ascension_mode":false,"campfire_choices":[{"data":"hermit:HighCaliber","floor":8,"key":"SMITH"},{"data":"hermit:Showdown","floor":10,"key":"SMITH"},{"data":"hermit:Enervate","floor":15,"key":"SMITH"},{"floor":24,"key":"REST"},{"floor":32,"key":"RECALL"}],"circlet_count":0,"master_deck":["hermit:Strike_Hermit","hermit:Strike_Hermit","hermit:Strike_Hermit","hermit:Strike_Hermit","hermit:Defend_Hermit","hermit:Defend_Hermit","hermit:Defend_Hermit","hermit:Defend_Hermit","hermit:Snapshot","hermit:Covet","hermit:WideOpen","hermit:HighCaliber+1","hermit:GhostlyPresence","hermit:Showdown+1","hermit:BlackWind","hermit:HighCaliber","hermit:Enervate+1","hermit:Shortfuse","hermit:Ricochet","hermit:FatalDesire","jedi:thedog","Looming Evil","hermit:Misfire+1","hermit:Headshot","infinitespire:Gouge","hermit:Headshot+1","hermit:FullyLoaded","hermit:Maintenance","hermit:Dissolve","hermit:Gambit","hermit:Snipe","hermit:Snipe+1"],"relics":["hermit:Momento","aspiration:Nostalgia","Burning Blood","Vajra","PreservedInsect","aspiration:ChemicalBlood","Meat on the Bone","DemoMod:Metronome","Replay:Ringing Soul","Calipers","StuffTheSpire:Saxophone","hubris:EmptyBottle","Replay:PocketPolymizer","Nloth\u0027s Gift","infinitespire:Lucky Rock","GremlinMask","Cursed Key","StuffTheSpire:MayFlowers","relicPack:NeonSign"],"acts_visited":["Exordium","TheCity","TheBeyond"],"potions_floor_usage":[16,22,23,28,31,33,33,33,33,35,36,37,37,38,38,38,38,39,39],"damage_taken":[{"damage":6,"enemies":"Jaw Worm","floor":1,"turns":3},{"damage":0,"enemies":"Cultist","floor":3,"turns":3},{"damage":0,"enemies":"2 Louse","floor":4,"turns":2},{"damage":0,"enemies":"Red Slaver","floor":5,"turns":3},{"damage":24,"enemies":"Lagavulin","floor":6,"turns":7},{"damage":9,"enemies":"Gremlin Gang","floor":7,"turns":4},{"damage":0,"enemies":"Gremlin Nob","floor":12,"turns":2},{"damage":13,"enemies":"Exordium Wildlife","floor":14,"turns":3},{"damage":9,"enemies":"Slime Boss","floor":16,"turns":11},{"damage":30,"enemies":"conspire:FuzzyDice","floor":18,"turns":6},{"damage":32,"enemies":"3 Byrds","floor":20,"turns":7},{"damage":37,"enemies":"Snake Plant","floor":22,"turns":3},{"damage":21,"enemies":"Slavers","floor":23,"turns":3},{"damage":0,"enemies":"Cultist and Chosen","floor":28,"turns":4},{"damage":17,"enemies":"Book of Stabbing","floor":29,"turns":3},{"damage":12,"enemies":"Chosen and Byrds","floor":31,"turns":6},{"damage":54,"enemies":"Pondfish","floor":33,"turns":16},{"damage":36,"enemies":"3 Darklings","floor":35,"turns":7},{"damage":34,"enemies":"Orb Walker","floor":36,"turns":4},{"damage":36,"enemies":"2 Orb Walkers","floor":37,"turns":5},{"damage":34,"enemies":"conspire:MimicChest","floor":38,"turns":5},{"damage":36,"enemies":"Spire Growth","floor":39,"turns":3}],"seed_played":"-5712880653469207117","potions_obtained":[{"floor":1,"key":"SkillPotion"},{"floor":4,"key":"sneckomod:MuddlingPotion"},{"floor":6,"key":"Languid Potion"},{"floor":7,"key":"hermit:BlackBile"},{"floor":11,"key":"Reflective Coating"},{"floor":18,"key":"AttackPotion"},{"floor":22,"key":"Block Potion"},{"floor":31,"key":"DemoMod:LeadSkinPotion"},{"floor":31,"key":"Fire Potion"},{"floor":33,"key":"Guardian:BlockOnCardUsePotion"},{"floor":33,"key":"Elixir"},{"floor":33,"key":"Reflective Coating"},{"floor":35,"key":"Swift Potion"},{"floor":36,"key":"Block Potion"},{"floor":37,"key":"SkillPotion"},{"floor":38,"key":"jedi:StrikingPotion"}],"is_trial":false,"path_per_floor":["M","?","M","M","M","E","M","R","T","R","?","E","$","M","R","B",null,"M","$","M","AVR","M","E","R","?","T","?","M","E","?","M","R","B",null,"M","M","?","?","M"],"character_chosen":"HERMIT","items_purchased":["Meat on the Bone","hermit:Shortfuse","StuffTheSpire:Saxophone"],"campfire_rested":1,"item_purchase_floors":[13,13,19],"current_hp_per_floor":[75,75,75,75,75,57,54,54,54,54,54,60,60,53,53,50,78,57,57,46,49,33,30,57,57,57,57,66,58,58,64,64,31,99,72,59,44,28,0,0],"gold":617,"neow_bonus":"NOSTALGIA","is_daily":false,"chose_seed":false,"campfire_upgraded":3,"win_rate":0.0,"timestamp":1610184085,"path_taken":["M","?","M","M","?","E","M","R","T","R","?","E","$","?","R","BOSS","M","$","?","AVR","M","E","R","?","T","?","M","E","?","?","R","BOSS","M","M","?","?","M"],"items_purchased_type":["Relic","Card","Relic"],"build_version":"2020-12-13","purchased_purges":1,"victory":false,"max_hp_per_floor":[75,75,75,75,75,75,75,75,75,75,75,75,75,75,75,75,78,81,81,84,87,90,90,90,90,90,90,93,96,96,96,96,99,99,102,105,108,108,108,108],"card_choices":[{"not_picked":["hermit:Gestalt","hermit:Snipe"],"picked":"hermit:WideOpen","floor":1},{"not_picked":["hermit:Misfire","hermit:Desperado"],"picked":"hermit:HighCaliber","floor":3},{"not_picked":["hermit:GoldenBullet","hermit:Dive"],"picked":"hermit:GhostlyPresence","floor":4},{"not_picked":["hermit:Vantage","hermit:Ricochet"],"picked":"hermit:Showdown","floor":5},{"not_picked":["hermit:EternalForm","hermit:FinalCanter"],"picked":"hermit:BlackWind","floor":6},{"not_picked":["hermit:BodyArmor","hermit:Glare"],"picked":"hermit:HighCaliber","floor":7},{"not_picked":["hermit:Virtue","hermit:Spite"],"picked":"hermit:Enervate","floor":12},{"not_picked":["hermit:EyeOfTheStorm","hermit:OverwhelmingPower"],"picked":"hermit:Ricochet","floor":14},{"not_picked":["hermit:Reprieve","hermit:Purgatory"],"picked":"hermit:FatalDesire","floor":16},{"not_picked":["Delirium","hubris:Lust"],"picked":"jedi:thedog","floor":17},{"not_picked":["hubris:Sloth","ReplayTheSpireMod:Faulty Equipment"],"picked":"Normality","floor":17},{"not_picked":["jedi:thedog","ReplayTheSpireMod:Doomed"],"picked":"Looming Evil","floor":17},{"not_picked":["hermit:ShadowCloak","hermit:Glare"],"picked":"hermit:Misfire+1","floor":18},{"not_picked":["hermit:HoleUp","hermit:Glare"],"picked":"hermit:Headshot","floor":20},{"not_picked":["hermit:Dive+1","hermit:Snipe+1"],"picked":"hermit:Headshot+1","floor":22},{"not_picked":["hermit:ShadowCloak","hermit:Snipe","hermit:Coalescence"],"picked":"SKIP","floor":23},{"not_picked":["hermit:Roulette","hermit:Glare+1"],"picked":"hermit:FullyLoaded","floor":28},{"not_picked":["hermit:Coalescence","hermit:Manifest+1"],"picked":"hermit:Maintenance","floor":29},{"not_picked":["hermit:Dive","hermit:Glare","hermit:PistolWhip"],"picked":"SKIP","floor":31},{"not_picked":["hermit:EternalForm","hermit:Purgatory"],"picked":"hermit:Dissolve","floor":33},{"not_picked":["hermit:Vantage","hermit:Shortfuse+1"],"picked":"hermit:Gambit","floor":35},{"not_picked":["hermit:HoleUp","hermit:Combo+1"],"picked":"hermit:Snipe","floor":36},{"not_picked":["hermit:Showdown+1","hermit:Glare+1"],"picked":"hermit:Snipe+1","floor":37}],"player_experience":95160,"relics_obtained":[{"floor":6,"key":"Vajra"},{"floor":9,"key":"PreservedInsect"},{"floor":12,"key":"aspiration:ChemicalBlood"},{"floor":23,"key":"Replay:PocketPolymizer"},{"floor":29,"key":"infinitespire:Lucky Rock"},{"floor":37,"key":"StuffTheSpire:MayFlowers"},{"floor":38,"key":"relicPack:NeonSign"}],"event_choices":[{"damage_healed":0,"gold_gain":100,"player_choice":"Pray","damage_taken":0,"max_hp_gain":0,"max_hp_loss":0,"event_name":"Golden Shrine","floor":2,"gold_loss":0},{"damage_healed":0,"gold_gain":0,"player_choice":"Got Potions","damage_taken":0,"max_hp_gain":0,"max_hp_loss":0,"event_name":"Lab","floor":11,"gold_loss":0},{"damage_healed":0,"gold_gain":0,"player_choice":"Traded Relic","damage_taken":0,"relics_obtained":["Nloth\u0027s Gift"],"max_hp_gain":0,"max_hp_loss":0,"event_name":"N\u0027loth","floor":25,"relics_lost":["Replay:Ancient Bell"],"gold_loss":0},{"damage_healed":0,"gold_gain":250,"player_choice":"Bet on Owner","damage_taken":0,"max_hp_gain":0,"max_hp_loss":0,"event_name":"The Joust","floor":27,"gold_loss":50},{"damage_healed":0,"gold_gain":0,"player_choice":"Trade","damage_taken":0,"relics_obtained":["GremlinMask"],"max_hp_gain":0,"max_hp_loss":0,"event_name":"FaceTrader","floor":30,"gold_loss":0},{"damage_healed":0,"gold_gain":0,"player_choice":"Fight","damage_taken":0,"max_hp_gain":0,"max_hp_loss":0,"event_name":"Mysterious Sphere","floor":37,"gold_loss":0}],"is_beta":false,"boss_relics":[{"not_picked":["halation:CatFaceCupcake","halation:Yufonium"],"picked":"Replay:Ancient Bell"},{"not_picked":["Replay:Baseball","CCEMRelics:Pendulum"],"picked":"DemoMod:Metronome"},{"not_picked":["conspire:DeflatedDodgeball","Replay:Bottled Snecko"],"picked":"Replay:Ringing Soul"},{"not_picked":["StuffTheSpire:Wildfire","Pocketwatch"],"picked":"Calipers"},{"not_picked":["aspiration:RunesmithSkillbook","CCEMRelics:GreenEgg"],"picked":"Cursed Key"}],"items_purged_floors":[21],"is_endless":false,"potions_floor_spawned":[1,4,6,7,20,23,31,33,36],"killed_by":"Spire Growth","ascension_level":0}}