{"host":"tzyzz5n7hg2ni9q2","time":1610209315,"event":{"mods":["BaseMod","Minty Spire (QoL Compilation)","Quick Restart"],"gold_per_floor":[117,117,292,302,4,4,30,30,80,93,93,104,104,104,104,202,202,191,191,206,206,106,106,106,106],"floor_reached":24,"playtime":475,"items_purged":["Doubt","Pain"],"score":282,"play_id":"55792fb0-6014-4bd2-9aaa-8001e95d7127","local_time":"20210109172155","is_ascension_mode":true,"campfire_choices":[{"data":"Dualcast","floor":6,"key":"SMITH"},{"data":"Capacitor","floor":8,"key":"SMITH"},{"data":"Multi-Cast","floor":13,"key":"SMITH"},{"data":"Rebound","floor":15,"key":"SMITH"},{"data":"Coolheaded","floor":23,"key":"SMITH"}],"circlet_count":0,"master_deck":["Strike_B","Strike_B","Strike_B","Strike_B","Defend_B+1","Defend_B+1","Defend_B","Defend_B+1","Zap+1","Dualcast+1","Coolheaded+1","Conserve Battery+1","Capacitor+1","Rebound+1","Multi-Cast+1","Seek","Genetic Algorithm"],"relics":["Cracked Core","NeowsBlessing","War Paint","Toy Ornithopter","Bronze Scales","NlothsMask","Velvet Choker","WarpedTongs"],"acts_visited":["Exordium","TheCity"],"potions_floor_usage":[16,24],"damage_taken":[{"damage":0,"enemies":"Jaw Worm","floor":1,"turns":1},{"damage":0,"enemies":"Cultist","floor":4,"turns":1},{"damage":0,"enemies":"3 Sentries","floor":7,"turns":1},{"damage":0,"enemies":"2 Louse","floor":10,"turns":2},{"damage":1,"enemies":"Looter","floor":12,"turns":3},{"damage":18,"enemies":"Hexaghost","floor":16,"turns":9},{"damage":19,"enemies":"2 Thieves","floor":18,"turns":4},{"damage":0,"enemies":"3 Byrds","floor":20,"turns":3},{"damage":76,"enemies":"Gremlin Leader","floor":24,"turns":7}],"seed_played":"2454222769378770582","potions_obtained":[{"floor":1,"key":"CultistPotion"},{"floor":4,"key":"Block Potion"},{"floor":18,"key":"Regen Potion"}],"is_trial":false,"path_per_floor":["M","?","?","M","$","R","E","R","T","M","?","M","R","?","R","B",null,"M","?","M","?","$","R","E"],"character_chosen":"DEFECT","items_purchased":["War Paint","Capacitor"],"campfire_rested":0,"item_purchase_floors":[5,5],"current_hp_per_floor":[68,53,53,53,53,53,53,53,53,53,53,52,52,52,52,39,66,47,47,47,47,47,47,0,0],"gold":106,"neow_bonus":"THREE_ENEMY_KILL","is_daily":false,"chose_seed":false,"campfire_upgraded":5,"win_rate":0.0,"timestamp":1610209315,"path_taken":["M","?","?","?","?","R","E","R","T","M","?","M","R","?","R","BOSS","M","?","M","?","$","R","E"],"items_purchased_type":["Relic","Card"],"build_version":"2020-12-22","purchased_purges":2,"victory":false,"max_hp_per_floor":[75,75,75,75,75,75,75,75,75,75,75,75,75,75,75,75,75,75,75,75,75,75,75,75,75],"card_choices":[{"not_picked":["Redo","Scrape"],"picked":"Coolheaded","floor":1},{"not_picked":["Coolheaded","Redo"],"picked":"Conserve Battery","floor":4},{"not_picked":["Beam Cell","Gash"],"picked":"Rebound","floor":7},{"not_picked":["Coolheaded","Lockon","Hologram"],"picked":"SKIP","floor":10},{"not_picked":["Recycle","Hologram"],"picked":"Multi-Cast","floor":12},{"not_picked":["All For One","Multi-Cast"],"picked":"Seek","floor":16},{"not_picked":["Redo","White Noise","Recycle"],"picked":"SKIP","floor":18},{"not_picked":["Storm","Hello World"],"picked":"Genetic Algorithm","floor":20}],"player_experience":256097,"relics_obtained":[{"floor":7,"key":"Toy Ornithopter"},{"floor":9,"key":"Bronze Scales"}],"event_choices":[{"damage_healed":0,"gold_gain":0,"player_choice":"Entered Light","damage_taken":15,"max_hp_gain":0,"max_hp_loss":0,"event_name":"Shining Light","floor":2,"gold_loss":0,"cards_upgraded":["Zap","Defend_B"]},{"damage_healed":0,"gold_gain":175,"player_choice":"AGREE","damage_taken":0,"max_hp_gain":0,"max_hp_loss":0,"event_name":"Liars Game","floor":3,"gold_loss":0,"cards_obtained":["Doubt"]},{"damage_healed":0,"gold_gain":0,"player_choice":"Grow","damage_taken":0,"max_hp_gain":0,"max_hp_loss":0,"event_name":"Living Wall","floor":11,"gold_loss":0,"cards_upgraded":["Conserve Battery"]},{"damage_healed":0,"gold_gain":0,"player_choice":"Trade","damage_taken":0,"relics_obtained":["NlothsMask"],"max_hp_gain":0,"max_hp_loss":0,"event_name":"FaceTrader","floor":14,"gold_loss":0},{"damage_healed":0,"gold_gain":0,"player_choice":"Ignored","damage_taken":0,"max_hp_gain":0,"max_hp_loss":0,"event_name":"Ghosts","floor":19,"gold_loss":0},{"damage_healed":0,"gold_gain":0,"player_choice":"Rummage","damage_taken":0,"relics_obtained":["WarpedTongs"],"max_hp_gain":0,"max_hp_loss":0,"event_name":"Accursed Blacksmith","floor":21,"gold_loss":0,"cards_obtained":["Pain"]}],"is_beta":false,"boss_relics":[{"not_picked":["Coffee Dripper","FrozenCore"],"picked":"Velvet Choker"}],"items_purged_floors":[5,22],"is_endless":false,"potions_floor_spawned":[1,4,18],"killed_by":"Gremlin Leader","ascension_level":6}}