{"host":"ve5hox67eka4rdnb","time":1610204477,"event":{"mods":["ATMod(∞¢Ë™Mod)","Act Like it!","BaseMod","Downfall","Gensokyo","Hermit","Lobotomy","Marisa£®ÏF”Í°°ƒß¿Ì…≥£©","Minty Spire (QoL Compilation)","Remilia£®¿Ÿ√◊¿Ú—«£©","Replay The Spire","StSLib","The Cursed","The Servant 0.9.4"],"gold_per_floor":[119,119,119,130,150,182,182,194,220,250,250,250,250],"floor_reached":12,"playtime":587,"items_purged":[],"score":88,"play_id":"f30828c3-fdb4-4b1b-8b44-9d61db006c93","local_time":"20210109230117","is_ascension_mode":false,"campfire_choices":[{"floor":7,"key":"REST"},{"floor":11,"key":"REST"}],"circlet_count":0,"master_deck":["Strike_G","Strike_G","Strike_G+1","Strike_G","Strike_G","Defend_G+1","Defend_G","Defend_G","Defend_G","Defend_G","Neutralize","AT_ShrugMaster","CrumblingArmor","Blade Dance","m_Survivalism","NothingThere","AT_WindFlip","Blade Dance","MeatLantern","OSAHOGD","AT_WindFlip"],"relics":["Ring of the Snake","AT_ATBox","CogitoBucket","RabbitCall","Happy Flower","AT_SunfireAegis","Toy Ornithopter"],"acts_visited":["Exordium"],"potions_floor_usage":[10,12],"damage_taken":[{"damage":0,"enemies":"Jaw Worm","floor":1,"turns":4},{"damage":1,"enemies":"2 Louse","floor":4,"turns":2},{"damage":2,"enemies":"Cultist","floor":5,"turns":3},{"damage":61,"enemies":"3 Sentries","floor":6,"turns":6},{"damage":0,"enemies":"Looter","floor":8,"turns":3},{"damage":40,"enemies":"Gremlin Nob","floor":10,"turns":3},{"damage":30,"enemies":"3 Sentries","floor":12,"turns":2}],"seed_played":"1274485076142406726","potions_obtained":[{"floor":4,"key":"Ancient Potion"},{"floor":6,"key":"Adrenaline Potion"},{"floor":10,"key":"Explosive Potion"}],"is_trial":false,"path_per_floor":["M","?","?","M","M","E","R","M","T","E","R","E"],"character_chosen":"THE_SILENT","items_purchased":[],"campfire_rested":2,"item_purchase_floors":[],"current_hp_per_floor":[70,56,56,55,58,17,38,43,43,10,31,8,8],"gold":250,"neow_bonus":"","is_daily":false,"chose_seed":false,"campfire_upgraded":0,"win_rate":0.0,"timestamp":1610204477,"path_taken":["M","?","?","M","M","E","R","M","T","E","R","E"],"items_purchased_type":[],"build_version":"2020-12-22","purchased_purges":0,"victory":false,"max_hp_per_floor":[70,70,70,70,70,70,70,70,70,70,70,70,70],"card_choices":[{"not_picked":["Bloodbath","BodiesMountain"],"picked":"CrumblingArmor","floor":1},{"not_picked":["PiercingWail","Dagger Throw"],"picked":"Blade Dance","floor":1},{"not_picked":["MHz","OSAHOGD"],"picked":"NothingThere","floor":4},{"not_picked":["Blur","ReplayTheSpireMod:Tripwire"],"picked":"AT_WindFlip","floor":4},{"not_picked":["ReplayTheSpireMod:Shiv Toss","Flying Knee"],"picked":"Blade Dance","floor":5},{"not_picked":["Bouncing Flask","Choke","Cloak And Dagger"],"picked":"SKIP","floor":6},{"not_picked":["OSAHOGD","Laetitia"],"picked":"MeatLantern","floor":8},{"not_picked":["Bane","Sneak Up","AT_WomanClash"],"picked":"SKIP","floor":8},{"not_picked":["GalaxyChild","QueenBee"],"picked":"OSAHOGD","floor":10},{"not_picked":["AT_FocusSwordFire","Toxin Wave"],"picked":"AT_WindFlip","floor":10}],"player_experience":148794,"relics_obtained":[{"floor":6,"key":"Happy Flower"},{"floor":9,"key":"AT_SunfireAegis"},{"floor":10,"key":"Toy Ornithopter"}],"event_choices":[{"damage_healed":0,"gold_gain":0,"player_choice":"Entered Light","damage_taken":14,"max_hp_gain":0,"max_hp_loss":0,"event_name":"Shining Light","floor":2,"gold_loss":0,"cards_upgraded":["Defend_G","Strike_G"]}],"is_beta":false,"boss_relics":[],"items_purged_floors":[],"is_endless":false,"potions_floor_spawned":[4,6,10],"killed_by":"3 Sentries","ascension_level":0}}