{"host":"sxuxxxc6yxgqlsd9","time":1610172358,"event":{"mods":["BaseMod","Minty Spire (QoL Compilation)","Shop Mod","StSLib"],"gold_per_floor":[119,135,149,149,166,166,179,199,199,217,217,231,244,258,258,353,353,369,369,36,36,52,52,72,72,96,21,41,41,41,55,55,55,55],"floor_reached":33,"playtime":2144,"items_purged":[],"score":295,"play_id":"86fc075b-ef90-472f-a94f-33e0b1e46cc6","local_time":"20210109140558","is_ascension_mode":false,"campfire_choices":[{"data":"Zap","floor":6.0,"key":"SMITH"},{"data":"Dualcast","floor":11.0,"key":"SMITH"},{"floor":15.0,"key":"REST"},{"data":"Steam","floor":23,"key":"SMITH"},{"floor":25,"key":"REST"},{"floor":30,"key":"REST"},{"data":"Conserve Battery","floor":32,"key":"SMITH"}],"circlet_count":0,"master_deck":["Strike_B","Strike_B","Strike_B","Strike_B","Defend_B","Defend_B","Defend_B","Defend_B","Zap+1","Dualcast+1","Conserve Battery+1","Sweeping Beam","Streamline","Ball Lightning","Gash+1","Steam+1","Sweeping Beam+1","Gash+1","Scrape+1","Gash+1","Shame","Gash+1"],"relics":["FrozenCore","NeowsBlessing","Molten Egg 2","MerchantsRug","Lantern","Strawberry","Bronze Scales"],"acts_visited":["Exordium","TheCity"],"potions_floor_usage":[31,33,33,33],"damage_taken":[{"damage":0.0,"enemies":"Small Slimes","floor":1.0,"turns":1.0},{"damage":0.0,"enemies":"Cultist","floor":2.0,"turns":1.0},{"damage":0.0,"enemies":"2 Louse","floor":3.0,"turns":1.0},{"damage":20.0,"enemies":"Exordium Thugs","floor":5.0,"turns":4.0},{"damage":0.0,"enemies":"Large Slime","floor":7.0,"turns":4.0},{"damage":0.0,"enemies":"Looter","floor":8.0,"turns":3.0},{"damage":8.0,"enemies":"2 Fungi Beasts","floor":10.0,"turns":3.0},{"damage":9.0,"enemies":"Exordium Thugs","floor":12.0,"turns":3.0},{"damage":2.0,"enemies":"Blue Slaver","floor":13.0,"turns":3.0},{"damage":3.0,"enemies":"Looter","floor":14.0,"turns":2.0},{"damage":67.0,"enemies":"The Guardian","floor":16.0,"turns":10.0},{"damage":3.0,"enemies":"3 Byrds","floor":18.0,"turns":5.0},{"damage":8,"enemies":"Chosen","floor":22,"turns":5},{"damage":26,"enemies":"Shelled Parasite and Fungi","floor":24,"turns":6},{"damage":21,"enemies":"Snake Plant","floor":28,"turns":4},{"damage":0,"enemies":"Cultist and Chosen","floor":31,"turns":4},{"damage":67,"enemies":"Collector","floor":33,"turns":7}],"seed_played":"1528974116521727851","potions_obtained":[{"floor":1.0,"key":"ColorlessPotion"},{"floor":2.0,"key":"FairyPotion"},{"floor":5.0,"key":"EntropicBrew"},{"floor":10.0,"key":"Fruit Juice"},{"floor":14.0,"key":"SteroidPotion"},{"floor":22,"key":"LiquidMemories"}],"is_trial":false,"path_per_floor":["M","M","M","?","M","R","M","M","T","M","R","M","M","M","R","B",null,"M","?","$","?","M","R","M","R","T","?","M","?","R","M","R","B"],"character_chosen":"DEFECT","items_purchased":["MerchantsRug","Lantern","Scrape+1"],"campfire_rested":3,"item_purchase_floors":[20,20,20],"current_hp_per_floor":[75,75,75,75,55,55,55,55,55,52,52,43,41,38,62,19,80,77,77,77,62,54,54,28,53,60,60,39,39,66,66,66,0,0],"gold":55,"neow_bonus":"THREE_ENEMY_KILL","is_daily":false,"chose_seed":false,"campfire_upgraded":4,"win_rate":0.0,"timestamp":1610172358,"path_taken":["M","M","M","?","M","R","?","M","T","M","R","M","M","M","R","BOSS","M","?","$","?","M","R","M","R","T","?","M","?","R","M","R","BOSS"],"items_purchased_type":["Relic","Relic","Card"],"build_version":"2020-12-22","purchased_purges":0,"victory":false,"max_hp_per_floor":[75,75,75,75,75,75,75,75,75,80,80,80,80,80,80,80,80,80,80,80,85,85,85,85,85,92,92,92,92,92,92,92,92,92],"card_choices":[{"not_picked":["Hologram","Stack"],"picked":"Sweeping Beam","floor":1.0},{"not_picked":["Turbo","Barrage"],"picked":"Conserve Battery","floor":2.0},{"not_picked":["Turbo","Recycle"],"picked":"Sweeping Beam","floor":3.0},{"not_picked":["Lockon","Force Field","Biased Cognition"],"picked":"SKIP","floor":5.0},{"not_picked":["Compile Driver","Beam Cell"],"picked":"Streamline","floor":7.0},{"not_picked":["Beam Cell","Aggregate"],"picked":"Ball Lightning","floor":8.0},{"not_picked":["Steam","Sweeping Beam+1"],"picked":"Gash+1","floor":10.0},{"not_picked":["Fusion","Rebound+1","Seek"],"picked":"SKIP","floor":12.0},{"not_picked":["Reinforced Body","Skim"],"picked":"Steam","floor":13.0},{"not_picked":["Darkness","BootSequence"],"picked":"Sweeping Beam+1","floor":14.0},{"not_picked":["Streamline+1","Defragment"],"picked":"Gash+1","floor":18.0},{"not_picked":["Compile Driver+1","Heatsinks+1","Amplify"],"picked":"SKIP","floor":22},{"not_picked":["Rip and Tear+1","Cold Snap+1","Hologram"],"picked":"SKIP","floor":24},{"not_picked":["Turbo","Leap"],"picked":"Gash+1","floor":28},{"not_picked":["Aggregate+1","Barrage+1"],"picked":"Gash+1","floor":31}],"player_experience":100391,"relics_obtained":[{"floor":9.0,"key":"Molten Egg 2"},{"floor":26,"key":"Strawberry"}],"event_choices":[{"damage_healed":0.0,"max_hp_gain":0.0,"max_hp_loss":0.0,"gold_gain":0.0,"event_name":"Purifier","player_choice":"Ignored","floor":4.0,"gold_loss":0.0,"damage_taken":0.0},{"damage_healed":0.0,"max_hp_gain":0.0,"max_hp_loss":0.0,"gold_gain":0.0,"event_name":"Vampires","player_choice":"Ignored","floor":19.0,"gold_loss":0.0,"damage_taken":0.0},{"damage_healed":0,"gold_gain":0,"player_choice":"Shed Blood","damage_taken":20,"max_hp_gain":5,"max_hp_loss":0,"event_name":"Forgotten Altar","floor":21,"gold_loss":0},{"cards_removed":["Sweeping Beam"],"damage_healed":0,"gold_gain":0,"player_choice":"Gave Gold","damage_taken":0,"max_hp_gain":0,"max_hp_loss":0,"event_name":"Beggar","floor":27,"gold_loss":75},{"damage_healed":0,"gold_gain":0,"player_choice":"Stole Relic","damage_taken":0,"relics_obtained":["Bronze Scales"],"max_hp_gain":0,"max_hp_loss":0,"event_name":"Addict","floor":29,"gold_loss":0,"cards_obtained":["Shame"]}],"is_beta":false,"boss_relics":[{"not_picked":["Ectoplasm","SlaversCollar"],"picked":"FrozenCore"}],"items_purged_floors":[],"is_endless":false,"potions_floor_spawned":[1,2,5,10,14,22],"killed_by":"Collector","ascension_level":0}}