{"host":"b995t17pt6d05w8c","time":1610223310,"event":{"mods":["AchievementEnabler","BaseMod","Colored Map","Minty Spire (QoL Compilation)","SuperFastMode"],"gold_per_floor":[110,110,110,60,78,78,105,105,105,118,218,229,229,229,229,355,355,374,374,389,314,93,93,93,128,128,128,153,153,153,169,169,298,298,318,333,333,333,357,357,393,297,297,310,323,346,32,57,57,57],"floor_reached":51,"playtime":1699,"items_purged":["Skewer","Flying Knee"],"score":1075,"play_id":"c6d6f6b8-9d3c-4ef8-86e0-357dfb48ac4a","local_time":"20210110051510","is_ascension_mode":true,"campfire_choices":[{"data":"Poisoned Stab","floor":6.0,"key":"SMITH"},{"floor":8.0,"key":"REST"},{"data":"Well Laid Plans","floor":15.0,"key":"SMITH"},{"data":"Cloak And Dagger","floor":24.0,"key":"SMITH"},{"floor":29,"key":"REST"},{"floor":32,"key":"REST"},{"data":"Calculated Gamble","floor":40,"key":"SMITH"},{"floor":49,"key":"REST"}],"circlet_count":0,"master_deck":["AscendersBane","Survivor","Neutralize+1","Poisoned Stab+1","Quick Slash","Blade Dance","Die Die Die","Well Laid Plans+1","Calculated Gamble+1","Infinite Blades","Dash","Cloak And Dagger+1","Dagger Spray","Backstab+1","Backflip","Cloak And Dagger+1","Deflect","Blade Dance+1","PiercingWail+1","Deflect+1","Prepared+1","Venomology+1","Tactician+1","Cloak And Dagger+1","Backflip+1","Acrobatics+1","Blur+1","Accuracy","After Image"],"relics":["Ring of the Snake","Bag of Marbles","Prayer Wheel","Kunai","Gremlin Horn","Golden Idol","Pandora\u0027s Box","Enchiridion","Medical Kit","Smiling Mask","Toxic Egg 2","HornCleat","Philosopher\u0027s Stone","Singing Bowl","Bottled Tornado","InkBottle"],"acts_visited":["Exordium","TheCity","TheBeyond"],"potions_floor_usage":[25,28,36,39,41,41,45,46,50,50,50],"damage_taken":[{"damage":0.0,"enemies":"Jaw Worm","floor":1.0,"turns":5.0},{"damage":4.0,"enemies":"Small Slimes","floor":5.0,"turns":3.0},{"damage":29.0,"enemies":"Lagavulin","floor":7.0,"turns":6.0},{"damage":0.0,"enemies":"2 Louse","floor":10.0,"turns":1.0},{"damage":0.0,"enemies":"2 Fungi Beasts","floor":12.0,"turns":1.0},{"damage":23.0,"enemies":"Slime Boss","floor":16.0,"turns":12.0},{"damage":3.0,"enemies":"Spheric Guardian","floor":18.0,"turns":4.0},{"damage":1.0,"enemies":"Chosen","floor":20.0,"turns":3.0},{"damage":11,"enemies":"Book of Stabbing","floor":25,"turns":6},{"damage":19,"enemies":"Snake Plant","floor":28,"turns":5},{"damage":0,"enemies":"Shelled Parasite and Fungi","floor":31,"turns":1},{"damage":16,"enemies":"Automaton","floor":33,"turns":11},{"damage":0,"enemies":"3 Shapes","floor":35,"turns":2},{"damage":0,"enemies":"3 Darklings","floor":36,"turns":3},{"damage":5,"enemies":"Spire Growth","floor":39,"turns":4},{"damage":9,"enemies":"Reptomancer","floor":41,"turns":3},{"damage":0,"enemies":"4 Shapes","floor":44,"turns":3},{"damage":6,"enemies":"Writhing Mass","floor":45,"turns":11},{"damage":0,"enemies":"3 Darklings","floor":46,"turns":3},{"damage":0,"enemies":"Jaw Worm Horde","floor":48,"turns":3},{"damage":3,"enemies":"Donu and Deca","floor":50,"turns":7}],"seed_played":"8465101843139052677","potions_obtained":[{"floor":7.0,"key":"BlessingOfTheForge"},{"floor":16.0,"key":"Block Potion"},{"floor":18.0,"key":"LiquidMemories"},{"floor":31,"key":"SteroidPotion"},{"floor":35,"key":"ColorlessPotion"}],"is_trial":false,"path_per_floor":["M","?","?","?","M","R","E","R","T","M","?","M","?","?","R","B",null,"M","?","M","?","$","?","R","E","T","T","M","R","?","M","R","B",null,"M","M","?","?","M","R","E","$","T","M","M","M","$","M","R","B",null],"character_chosen":"THE_SILENT","items_purchased":["Medical Kit","Backflip+1","Accuracy","InkBottle"],"campfire_rested":4,"item_purchase_floors":[22,42,47,47],"current_hp_per_floor":[63,56,49,49,45,45,16,37,37,37,37,37,42,42,42,19,57,54,38,37,37,37,37,37,26,26,26,7,27,27,27,47,31,60,60,60,60,60,55,55,46,46,46,50,46,48,48,50,73,70],"gold":57,"neow_bonus":"RANDOM_COMMON_RELIC","is_daily":false,"chose_seed":false,"campfire_upgraded":4,"win_rate":0.0,"timestamp":1610223310,"path_taken":["M","?","?","?","M","R","E","R","T","M","?","?","?","?","R","BOSS","M","?","M","?","$","?","R","E","T","?","M","R","?","M","R","BOSS","M","M","?","?","M","R","E","$","T","?","M","M","$","M","R","BOSS"],"items_purchased_type":["Relic","Card","Card","Relic"],"build_version":"2020-12-22","purchased_purges":2,"victory":true,"max_hp_per_floor":[70,70,70,70,70,70,70,70,70,70,70,70,75,69,69,69,69,69,69,69,69,69,69,69,69,69,69,69,69,69,69,69,69,69,69,69,69,69,69,69,69,69,69,73,75,77,77,79,79,79],"card_choices":[{"not_picked":["Finisher","Prepared"],"picked":"Poisoned Stab","floor":1.0},{"not_picked":["Sucker Punch","Underhanded Strike"],"picked":"Quick Slash","floor":5.0},{"not_picked":["Dodge and Roll","Slice"],"picked":"Blade Dance","floor":5.0},{"not_picked":["Terror","After Image"],"picked":"Die Die Die","floor":7.0},{"not_picked":["Quick Slash","Leg Sweep"],"picked":"Well Laid Plans","floor":10.0},{"not_picked":["Sucker Punch","Dodge and Roll","Bane"],"picked":"SKIP","floor":10.0},{"not_picked":["Underhanded Strike","PiercingWail"],"picked":"Calculated Gamble","floor":12.0},{"not_picked":["Well Laid Plans","Poisoned Stab"],"picked":"Infinite Blades","floor":12.0},{"not_picked":["Flying Knee+1","Blade Dance"],"picked":"Backstab+1","floor":18.0},{"not_picked":["Infinite Blades","Heel Hook"],"picked":"Backflip","floor":18.0},{"not_picked":["Dagger Throw","Outmaneuver+1"],"picked":"Cloak And Dagger+1","floor":20.0},{"not_picked":["Tools of the Trade","Dash+1","Dagger Throw+1"],"picked":"SKIP","floor":20.0},{"not_picked":["Prepared","Slice"],"picked":"Blade Dance+1","floor":25},{"not_picked":["Blade Dance+1","Leg Sweep+1"],"picked":"PiercingWail+1","floor":28},{"not_picked":["Noxious Fumes+1","Quick Slash"],"picked":"Deflect+1","floor":28},{"not_picked":["Unload","Setup+1"],"picked":"Prepared+1","floor":31},{"not_picked":["Catalyst+1","Blade Dance+1","Backstab"],"picked":"SKIP","floor":31},{"not_picked":["Outmaneuver+1","Dagger Spray"],"picked":"Venomology+1","floor":35},{"not_picked":["Underhanded Strike","Heel Hook","Dash+1"],"picked":"SKIP","floor":35},{"not_picked":["Prepared+1","Distraction+1","Quick Slash+1"],"picked":"SKIP","floor":36},{"not_picked":["Poisoned Stab+1","Bouncing Flask+1","Dagger Throw+1"],"picked":"SKIP","floor":36},{"not_picked":["Caltrops","Blade Dance+1"],"picked":"Tactician+1","floor":39},{"not_picked":["Unload","Masterful Stab","Catalyst+1"],"picked":"SKIP","floor":39},{"not_picked":["Blade Dance+1","Prepared+1"],"picked":"Cloak And Dagger+1","floor":41},{"not_picked":["Poisoned Stab+1","Bane+1","Cloak And Dagger+1"],"picked":"Singing Bowl","floor":44},{"not_picked":["Sucker Punch","Bane","Predator"],"picked":"Singing Bowl","floor":44},{"not_picked":["PiercingWail+1","Choke+1","Wraith Form v2"],"picked":"Singing Bowl","floor":45},{"not_picked":["Deflect+1","Expertise+1"],"picked":"Acrobatics+1","floor":45},{"not_picked":["Deflect+1","Sucker Punch+1","Quick Slash+1"],"picked":"Singing Bowl","floor":46},{"not_picked":["Caltrops+1","Slice"],"picked":"Blur+1","floor":46},{"not_picked":["Slice","Quick Slash"],"picked":"After Image","floor":48},{"not_picked":["Sucker Punch","Acrobatics+1","Deflect+1"],"picked":"Singing Bowl","floor":48}],"player_experience":83780,"relics_obtained":[{"floor":7.0,"key":"Kunai"},{"floor":9.0,"key":"Gremlin Horn"},{"floor":19.0,"key":"Enchiridion"},{"floor":25,"key":"Smiling Mask"},{"floor":26,"key":"Toxic Egg 2"},{"floor":27,"key":"HornCleat"},{"floor":41,"key":"Singing Bowl"},{"floor":43,"key":"Bottled Tornado"}],"event_choices":[{"cards_removed":["Strike_G"],"damage_healed":0.0,"max_hp_gain":0.0,"max_hp_loss":0.0,"gold_gain":0.0,"event_name":"Golden Wing","player_choice":"Card Removal","floor":2.0,"gold_loss":0.0,"damage_taken":7.0},{"damage_healed":0.0,"max_hp_gain":0.0,"max_hp_loss":0.0,"gold_gain":0.0,"event_name":"Scrap Ooze","player_choice":"Success","floor":3.0,"gold_loss":0.0,"damage_taken":7.0,"relics_obtained":["Prayer Wheel"]},{"cards_removed":["Defend_G"],"damage_healed":0.0,"max_hp_gain":0.0,"max_hp_loss":0.0,"gold_gain":0.0,"event_name":"The Cleric","player_choice":"Card Removal","floor":4.0,"gold_loss":50.0,"damage_taken":0.0},{"damage_healed":0.0,"max_hp_gain":0.0,"max_hp_loss":0.0,"gold_gain":100.0,"event_name":"Golden Shrine","player_choice":"Pray","floor":11.0,"gold_loss":0.0,"damage_taken":0.0},{"damage_healed":0.0,"max_hp_gain":5.0,"max_hp_loss":0.0,"gold_gain":0.0,"event_name":"Big Fish","player_choice":"Donut","floor":13.0,"gold_loss":0.0,"damage_taken":0.0},{"damage_healed":0.0,"max_hp_gain":0.0,"max_hp_loss":6.0,"gold_gain":0.0,"event_name":"Golden Idol","player_choice":"Lose Max HP","floor":14.0,"gold_loss":0.0,"damage_taken":0.0,"relics_obtained":["Golden Idol"]},{"damage_healed":0.0,"max_hp_gain":0.0,"max_hp_loss":0.0,"gold_gain":0.0,"event_name":"Cursed Tome","player_choice":"Obtained Book","floor":19.0,"gold_loss":0.0,"damage_taken":16.0},{"cards_removed":["Crippling Poison"],"damage_healed":0.0,"max_hp_gain":0.0,"max_hp_loss":0.0,"gold_gain":0.0,"event_name":"Beggar","player_choice":"Gave Gold","floor":21.0,"gold_loss":75.0,"damage_taken":0.0},{"damage_healed":0.0,"max_hp_gain":0.0,"max_hp_loss":0.0,"gold_gain":0.0,"event_name":"The Library","player_choice":"Read","floor":23.0,"gold_loss":0.0,"damage_taken":0.0,"cards_obtained":["Deflect"]},{"cards_removed":["Sucker Punch"],"damage_healed":0,"gold_gain":0,"player_choice":"Purged","damage_taken":0,"max_hp_gain":0,"max_hp_loss":0,"event_name":"Purifier","floor":30,"gold_loss":0},{"cards_removed":["A Thousand Cuts"],"damage_healed":0,"gold_gain":0,"player_choice":"Removed Power","damage_taken":0,"max_hp_gain":0,"max_hp_loss":0,"event_name":"Falling","floor":37,"gold_loss":0},{"damage_healed":0,"gold_gain":0,"player_choice":"Upgraded","damage_taken":0,"max_hp_gain":0,"max_hp_loss":0,"event_name":"Upgrade Shrine","floor":38,"gold_loss":0,"cards_upgraded":["Neutralize"]}],"is_beta":false,"boss_relics":[{"not_picked":["Black Star","Ectoplasm"],"picked":"Pandora\u0027s Box"},{"not_picked":["Ring of the Serpent","Fusion Hammer"],"picked":"Philosopher\u0027s Stone"}],"items_purged_floors":[22,42],"is_endless":false,"potions_floor_spawned":[7,16,18,31,35,36,44],"ascension_level":11}}