{"host":"ydujlihd8f5px9gp","time":1610234887,"event":{"mods":["AchievementEnabler","BaseMod","Block Reminder","Colored Map","Minty Spire (QoL Compilation)","ojb\u0027s Info Mod"],"gold_per_floor":[119,119,132,144,156,156,174,208,233,233,247,90,104,131,131,230,230,247,247,262,262,177,203,203,235,235,254,254,104,118,151,151,255,255,270,282,282,295,345,345,395,423,423,447,559,597,609,635,647,659],"floor_reached":51,"playtime":1916,"items_purged":[],"score":982,"play_id":"33de61db-192b-4c71-8097-a8213a5f66b6","local_time":"20210109212807","is_ascension_mode":true,"campfire_choices":[{"data":"Bash","floor":6,"key":"SMITH"},{"data":"Entrench","floor":10,"key":"SMITH"},{"data":"Battle Trance","floor":15,"key":"SMITH"},{"data":"Sword Boomerang","floor":28,"key":"SMITH"},{"floor":32,"key":"REST"},{"data":"Demon Form","floor":40,"key":"SMITH"},{"data":"Heavy Blade","floor":47,"key":"SMITH"},{"data":"Heavy Blade","floor":49,"key":"SMITH"}],"circlet_count":0,"master_deck":["Strike_R","Strike_R","Strike_R","Strike_R","Defend_R","Defend_R+1","Defend_R","Defend_R+1","Bash+1","Rampage","Twin Strike","Perfected Strike","Battle Trance+1","Entrench+1","Sentinel+1","Shrug It Off+1","Shrug It Off+1","Demon Form+1","Sword Boomerang+1","Heavy Blade+1","Reaper","Double Tap+1","Heavy Blade+1","Blood for Blood+1"],"relics":["Sozu","Toxic Egg 2","Vajra","Lantern","Orichalcum","Mark of Pain","MutagenicStrength","Happy Flower","War Paint","Ornamental Fan","Singing Bowl","Pantograph","Bottled Tornado","Velvet Choker","Bronze Scales","Du-Vu Doll","Anchor","MawBank","Oddly Smooth Stone"],"acts_visited":["Exordium","TheCity","TheBeyond"],"potions_floor_usage":[],"damage_taken":[{"damage":2,"enemies":"Jaw Worm","floor":1,"turns":3},{"damage":0,"enemies":"Small Slimes","floor":3,"turns":3},{"damage":1,"enemies":"2 Louse","floor":4,"turns":2},{"damage":6,"enemies":"Looter","floor":5,"turns":2},{"damage":3,"enemies":"Blue Slaver","floor":7,"turns":3},{"damage":26,"enemies":"3 Sentries","floor":8,"turns":6},{"damage":0,"enemies":"3 Louse","floor":11,"turns":2},{"damage":0,"enemies":"Exordium Thugs","floor":13,"turns":3},{"damage":16,"enemies":"Gremlin Nob","floor":14,"turns":3},{"damage":0,"enemies":"Slime Boss","floor":16,"turns":7},{"damage":0,"enemies":"Chosen","floor":18,"turns":3},{"damage":6,"enemies":"2 Thieves","floor":20,"turns":4},{"damage":0,"enemies":"Gremlin Leader","floor":23,"turns":6},{"damage":15,"enemies":"Book of Stabbing","floor":25,"turns":6},{"damage":20,"enemies":"3 Cultists","floor":27,"turns":5},{"damage":12,"enemies":"Snecko","floor":30,"turns":3},{"damage":13,"enemies":"Gremlin Leader","floor":31,"turns":6},{"damage":42,"enemies":"Champ","floor":33,"turns":8},{"damage":12,"enemies":"3 Shapes","floor":35,"turns":4},{"damage":0,"enemies":"Orb Walker","floor":36,"turns":2},{"damage":37,"enemies":"Sphere and 2 Shapes","floor":38,"turns":5},{"damage":18,"enemies":"Mind Bloom Boss Battle","floor":41,"turns":5},{"damage":14,"enemies":"Nemesis","floor":42,"turns":3},{"damage":11,"enemies":"4 Shapes","floor":44,"turns":4},{"damage":34,"enemies":"Reptomancer","floor":46,"turns":5},{"damage":10,"enemies":"Spire Growth","floor":48,"turns":3},{"damage":19,"enemies":"Time Eater","floor":50,"turns":5}],"seed_played":"-4438609720912921850","potions_obtained":[],"is_trial":false,"path_per_floor":["M","?","M","M","M","R","M","E","T","R","M","$","M","E","R","B",null,"M","?","M","?","?","E","T","E","T","M","R","$","M","E","R","B",null,"M","M","?","M","T","R","?","E","T","M","?","E","R","M","R","B",null],"character_chosen":"IRONCLAD","items_purchased":["Lantern","Reaper"],"campfire_rested":1,"item_purchase_floors":[12,29],"current_hp_per_floor":[78,71,71,70,64,64,61,35,35,35,35,35,35,19,19,19,80,80,80,74,74,74,74,74,61,61,41,41,41,31,44,69,55,86,80,82,82,59,59,59,74,62,62,74,74,69,69,67,67,83],"gold":671,"neow_bonus":"BOSS_RELIC","is_daily":false,"chose_seed":false,"campfire_upgraded":7,"win_rate":0.0,"timestamp":1610234887,"path_taken":["M","?","M","M","M","R","M","E","T","R","M","$","M","E","R","BOSS","M","?","M","?","?","E","?","E","T","M","R","$","?","E","R","BOSS","M","M","?","M","?","R","?","E","T","M","?","E","R","?","R","BOSS"],"items_purchased_type":["Relic","Card"],"build_version":"2020-12-22","purchased_purges":0,"victory":true,"max_hp_per_floor":[80,80,80,80,80,80,80,80,80,80,80,80,80,80,80,80,80,80,80,80,80,80,80,80,82,82,82,82,82,84,86,86,86,86,88,90,90,92,92,92,92,94,94,96,96,98,98,98,98,98],"card_choices":[{"not_picked":["Pummel","Infernal Blade"],"picked":"Rampage","floor":1},{"not_picked":["Shockwave","Body Slam"],"picked":"Twin Strike","floor":3},{"not_picked":["Heavy Blade","Body Slam"],"picked":"Perfected Strike","floor":4},{"not_picked":["Rupture","Headbutt"],"picked":"Battle Trance","floor":5},{"not_picked":["Clash","Sever Soul"],"picked":"Entrench","floor":7},{"not_picked":["Perfected Strike","Twin Strike"],"picked":"Sentinel+1","floor":8},{"not_picked":["Twin Strike","Anger"],"picked":"Shrug It Off+1","floor":11},{"not_picked":["Uppercut","Entrench+1"],"picked":"Shrug It Off+1","floor":13},{"not_picked":["True Grit+1","Clash","Clothesline"],"picked":"SKIP","floor":14},{"not_picked":["Brutality","Juggernaut"],"picked":"Demon Form","floor":16},{"not_picked":["Iron Wave","Warcry+1","Dual Wield+1"],"picked":"SKIP","floor":18},{"not_picked":["Wild Strike+1","Rupture","Burning Pact+1"],"picked":"SKIP","floor":20},{"not_picked":["Warcry+1","Iron Wave","Havoc+1"],"picked":"SKIP","floor":23},{"not_picked":["Hemokinesis","Combust+1","Thunderclap+1"],"picked":"Singing Bowl","floor":25},{"not_picked":["Wild Strike+1","Power Through+1"],"picked":"Heavy Blade","floor":27},{"not_picked":["Exhume+1","Flex+1","Seeing Red+1"],"picked":"Singing Bowl","floor":30},{"not_picked":["Wild Strike+1","Rupture","Havoc+1"],"picked":"Singing Bowl","floor":31},{"not_picked":["Juggernaut","Brutality"],"picked":"Double Tap+1","floor":33},{"not_picked":["Sword Boomerang+1","Feel No Pain","Dark Embrace"],"picked":"Singing Bowl","floor":35},{"not_picked":["Shockwave+1","Iron Wave","Havoc+1"],"picked":"Singing Bowl","floor":36},{"not_picked":["Disarm+1","Hemokinesis","Clothesline+1"],"picked":"Singing Bowl","floor":38},{"not_picked":["Combust","Body Slam"],"picked":"Heavy Blade","floor":41},{"not_picked":["Headbutt+1","Rampage","True Grit+1"],"picked":"Singing Bowl","floor":42},{"not_picked":["Havoc+1","Carnage+1","Infernal Blade+1"],"picked":"Singing Bowl","floor":44},{"not_picked":["Warcry+1","Juggernaut","Rupture+1"],"picked":"Singing Bowl","floor":46},{"not_picked":["Anger","Sentinel+1"],"picked":"Blood for Blood+1","floor":48}],"player_experience":108346,"relics_obtained":[{"floor":8,"key":"Toxic Egg 2"},{"floor":9,"key":"Vajra"},{"floor":14,"key":"Orichalcum"},{"floor":23,"key":"War Paint"},{"floor":24,"key":"Ornamental Fan"},{"floor":25,"key":"Singing Bowl"},{"floor":26,"key":"Pantograph"},{"floor":31,"key":"Bottled Tornado"},{"floor":39,"key":"Bronze Scales"},{"floor":41,"key":"Du-Vu Doll"},{"floor":42,"key":"Anchor"},{"floor":43,"key":"MawBank"},{"floor":46,"key":"Oddly Smooth Stone"}],"event_choices":[{"cards_removed":["Strike_R"],"damage_healed":0,"gold_gain":0,"player_choice":"Card Removal","damage_taken":7,"max_hp_gain":0,"max_hp_loss":0,"event_name":"Golden Wing","floor":2,"gold_loss":0},{"damage_healed":0,"gold_gain":0,"player_choice":"Inject Mutagens","damage_taken":0,"relics_obtained":["MutagenicStrength"],"max_hp_gain":0,"max_hp_loss":0,"event_name":"Drug Dealer","floor":19,"gold_loss":0},{"damage_healed":0,"gold_gain":0,"player_choice":"Read","damage_taken":0,"max_hp_gain":0,"max_hp_loss":0,"event_name":"The Library","floor":21,"gold_loss":0,"cards_obtained":["Sword Boomerang"]},{"damage_healed":0,"gold_gain":0,"player_choice":"Obtained Relic","damage_taken":0,"relics_obtained":["Happy Flower"],"max_hp_gain":0,"max_hp_loss":0,"event_name":"Addict","floor":22,"gold_loss":85},{"damage_healed":0,"gold_gain":0,"player_choice":"Ignored","damage_taken":0,"max_hp_gain":0,"max_hp_loss":0,"event_name":"Tomb of Lord Red Mask","floor":37,"gold_loss":0},{"damage_healed":0,"gold_gain":0,"player_choice":"Fight","damage_taken":0,"max_hp_gain":0,"max_hp_loss":0,"event_name":"MindBloom","floor":41,"gold_loss":0},{"damage_healed":0,"gold_gain":100,"player_choice":"Pray","damage_taken":0,"max_hp_gain":0,"max_hp_loss":0,"event_name":"Golden Shrine","floor":45,"gold_loss":0}],"is_beta":false,"boss_relics":[{"not_picked":["Fusion Hammer","Cursed Key"],"picked":"Mark of Pain"},{"not_picked":["Astrolabe","Runic Dome"],"picked":"Velvet Choker"}],"items_purged_floors":[],"is_endless":false,"potions_floor_spawned":[1,3,4,7,14,16,20,23,30,33,35,36,38,44,48],"ascension_level":2}}