{"host":"04aht2z7d1qbuefv","time":1610169517,"event":{"mods":["AchievementEnabler","BaseMod","Downfall","Minty Spire (QoL Compilation)","StSLib","The Cursed","The Necromancer"],"gold_per_floor":[99,113,113,130,185,95,95,20,45,45,30,46,46,31,49,154,154,4,24,9,20,31,31,58,58,58,58],"floor_reached":25,"playtime":1216,"items_purged":["Regret"],"score":199,"play_id":"af2edf53-5194-4be8-adaf-48c3c1e5f827","local_time":"20210109021837","is_ascension_mode":false,"campfire_choices":[{"floor":1,"key":"RECALL"},{"floor":8,"key":"REST"},{"floor":10,"key":"REST"},{"data":"hexamod:Rewind","floor":13,"key":"SMITH"},{"data":"hexamod:SearingWound","floor":18,"key":"SMITH"},{"floor":23,"key":"REST"}],"circlet_count":0,"master_deck":["hexamod:Strike","hexamod:Strike","hexamod:Strike","hexamod:Strike","hexamod:Defend","hexamod:Defend","hexamod:Defend","hexamod:Defend","hexamod:Sear","hexamod:Float","hexamod:Rewind+1","hexamod:RadiantFlame","hexamod:Firestarter","hexamod:GhostOfSpireFuture","hexamod:HauntingEcho","hexamod:VolcanoVisage","hexamod:SearingWound+1","hexamod:EmpoweringStance","hexamod:Haunted"],"relics":["hexamod:SpiritBrand","Potion Belt","Question Card","downfall:HeartBlessingRed","Anchor","Cursed Key","downfall:HeartBlessingGreen","downfall:HeartBlessingBlue","Orichalcum"],"acts_visited":["Exordium","TheCity"],"potions_floor_usage":[5,9,16],"damage_taken":[{"damage":0,"enemies":"Cultist","floor":2,"turns":3},{"damage":8,"enemies":"Jaw Worm","floor":4,"turns":3},{"damage":34,"enemies":"Lagavulin Event","floor":5,"turns":7},{"damage":3,"enemies":"downfall:FleeingMerchant","floor":6,"turns":4},{"damage":21,"enemies":"3 Sentries","floor":9,"turns":7},{"damage":0,"enemies":"downfall:FleeingMerchant","floor":11,"turns":4},{"damage":0,"enemies":"2 Louse","floor":12,"turns":3},{"damage":10,"enemies":"downfall:FleeingMerchant","floor":14,"turns":4},{"damage":0,"enemies":"2 Fungi Beasts","floor":15,"turns":3},{"damage":30,"enemies":"downfall:Ironclad","floor":16,"turns":9},{"damage":12,"enemies":"Spheric Guardian","floor":19,"turns":4},{"damage":3,"enemies":"downfall:FleeingMerchant","floor":20,"turns":4},{"damage":3,"enemies":"Chosen","floor":21,"turns":5},{"damage":17,"enemies":"3 Cultists","floor":22,"turns":5},{"damage":79,"enemies":"Gremlin Leader","floor":25,"turns":7}],"seed_played":"-8735679655676742447","potions_obtained":[{"floor":0,"key":"EssenceOfSteel"},{"floor":0,"key":"ColorlessPotion"},{"floor":0,"key":"SneckoOil"},{"floor":5,"key":"GamblersBrew"},{"floor":9,"key":"Fire Potion"},{"floor":12,"key":"Regen Potion"},{"floor":22,"key":"CultistPotion"}],"is_trial":false,"path_per_floor":["R","M","?","M","?","$","T","R","E","R","$","M","R","$","M","B",null,"R","M","$","M","M","R","T","E"],"character_chosen":"THE_SPIRIT","items_purchased":[],"campfire_rested":3,"item_purchase_floors":[],"current_hp_per_floor":[70,70,70,62,28,25,25,46,25,46,46,46,46,36,36,21,70,80,68,65,62,45,69,69,0,0,0],"gold":58,"neow_bonus":"THREE_SMALL_POTIONS","is_daily":false,"chose_seed":false,"campfire_upgraded":2,"win_rate":0.0,"timestamp":1610169517,"path_taken":["R","M","?","M","?","$","T","R","E","R","$","M","R","$","M","BOSS","R","M","$","M","M","R","T","E"],"items_purchased_type":[],"build_version":"2020-12-22","purchased_purges":1,"victory":false,"max_hp_per_floor":[70,70,70,70,70,70,70,70,70,70,70,70,70,70,70,70,70,80,80,80,80,80,80,80,80,80,80],"card_choices":[{"not_picked":["hexamod:SpectralSpark","hexamod:HauntingEcho"],"picked":"hexamod:Rewind","floor":2},{"not_picked":["hexamod:ThermalTransfer","hexamod:SwordOfDarkness","hexamod:EtherealExpedition"],"picked":"SKIP","floor":4},{"not_picked":["hexamod:RainOfEmbers","hexamod:SpectersWail"],"picked":"hexamod:RadiantFlame","floor":5},{"not_picked":["hexamod:NightmareGuise","hexamod:SwordOfDarkness","hexamod:SpectralSpark"],"picked":"hexamod:Firestarter","floor":6},{"not_picked":["hexamod:FastForward","hexamod:FifthSeal","hexamod:DynamicBlow"],"picked":"hexamod:GhostOfSpireFuture","floor":9},{"not_picked":["hexamod:ShieldOfDarkness","hexamod:Hexaguard","hexamod:Incineration"],"picked":"hexamod:HauntingEcho","floor":11},{"not_picked":["hexamod:ThermalTransfer","hexamod:InspiringFlames","hexamod:ShieldOfDarkness","hexamod:BurningTouch"],"picked":"SKIP","floor":12},{"not_picked":["hexamod:BacktrackSmack","hexamod:AdvancingGuard","hexamod:PhantomFireball"],"picked":"hexamod:VolcanoVisage","floor":14},{"not_picked":["hexamod:NightmareStrike","hexamod:SoulSteal","hexamod:HauntingEcho","hexamod:FastForward"],"picked":"SKIP","floor":15},{"not_picked":["hexamod:UnleashSpirits","hexamod:VolcanoVisage","hexamod:CrushingStance"],"picked":"hexamod:SearingWound","floor":16},{"not_picked":["hexamod:Again","hexamod:Hexaguard","hexamod:HeatCrush+1","hexamod:ShieldOfDarkness"],"picked":"SKIP","floor":19},{"not_picked":["hexamod:RadiantFlame+1","hexamod:GhostflameBarrier","hexamod:InspiringFlames"],"picked":"hexamod:EmpoweringStance","floor":20},{"not_picked":["hexamod:SpectralAdrenaline+1","hexamod:GhostLash","hexamod:Incineration+1","hexamod:SpectersWail"],"picked":"SKIP","floor":21},{"not_picked":["hexamod:EtherealExpedition","hexamod:AdvancingGuard","hexamod:Hexaguard","hexamod:BurningTouch"],"picked":"SKIP","floor":22}],"player_experience":161588,"relics_obtained":[{"floor":5,"key":"Question Card"},{"floor":9,"key":"Anchor"},{"floor":24,"key":"Orichalcum"}],"event_choices":[{"damage_healed":0,"gold_gain":0,"player_choice":"Box","damage_taken":0,"relics_obtained":["Potion Belt"],"max_hp_gain":0,"max_hp_loss":0,"event_name":"Big Fish","floor":3,"gold_loss":0,"cards_obtained":["Regret"]}],"is_beta":false,"boss_relics":[{"not_picked":["Fusion Hammer","Velvet Choker"],"picked":"Cursed Key"}],"items_purged_floors":[6],"is_endless":false,"potions_floor_spawned":[5,9,12,22],"killed_by":"Gremlin Leader","ascension_level":0}}