{"host":"kpyoctgc7jne3jiy","time":1610218369,"event":{"mods":["AchievementEnabler","BaseMod","Minty Spire (QoL Compilation)","Relic Stats"],"gold_per_floor":[99,99,99,99,99,99,99,99,99,99,99,99,99,99,99,99,99,99,99,39,39,0,0,0,0,0],"floor_reached":25,"playtime":1000,"items_purged":[],"score":246,"play_id":"c032e7d9-e491-472e-9698-5cdc776a8d14","local_time":"20210109195248","is_ascension_mode":true,"campfire_choices":[{"data":"Streamline","floor":6,"key":"SMITH"},{"floor":10,"key":"REST"},{"data":"Ball Lightning","floor":12,"key":"SMITH"},{"floor":15,"key":"REST"},{"floor":23,"key":"REST"}],"circlet_count":0,"master_deck":["Strike_B","Strike_B","Strike_B","Defend_B","Defend_B","Defend_B","Defend_B","Zap","Dualcast","Capacitor","Fusion","Streamline+1","Cold Snap","Compile Driver","Genetic Algorithm","Ball Lightning+1","Leap","All For One","Go for the Eyes","Electrodynamics","Leap","Defragment+1"],"relics":["Ectoplasm","Blue Candle","StrikeDummy","Cursed Key"],"acts_visited":["Exordium","TheCity"],"potions_floor_usage":[7,16,16,21],"damage_taken":[{"damage":7,"enemies":"Small Slimes","floor":1,"turns":4},{"damage":8,"enemies":"2 Louse","floor":2,"turns":3},{"damage":0,"enemies":"Cultist","floor":4,"turns":4},{"damage":16,"enemies":"Blue Slaver","floor":5,"turns":4},{"damage":21,"enemies":"Gremlin Nob","floor":7,"turns":4},{"damage":4,"enemies":"2 Fungi Beasts","floor":8,"turns":4},{"damage":3,"enemies":"Exordium Thugs","floor":11,"turns":5},{"damage":4,"enemies":"Blue Slaver","floor":13,"turns":3},{"damage":56,"enemies":"Slime Boss","floor":16,"turns":11},{"damage":18,"enemies":"3 Byrds","floor":18,"turns":5},{"damage":25,"enemies":"2 Thieves","floor":20,"turns":4},{"damage":24,"enemies":"Snake Plant","floor":21,"turns":4},{"damage":32,"enemies":"Book of Stabbing","floor":25,"turns":5}],"seed_played":"-1614013302172649829","potions_obtained":[{"floor":1,"key":"DistilledChaos"},{"floor":2,"key":"FairyPotion"},{"floor":5,"key":"LiquidMemories"},{"floor":11,"key":"PotionOfCapacity"},{"floor":16,"key":"SkillPotion"},{"floor":18,"key":"SteroidPotion"},{"floor":20,"key":"SkillPotion"},{"floor":24,"key":"SpeedPotion"},{"floor":24,"key":"Block Potion"}],"is_trial":false,"path_per_floor":["M","M","?","M","M","R","E","M","T","R","M","R","M","?","R","B",null,"M","?","M","M","?","R","?","E"],"character_chosen":"DEFECT","items_purchased":[],"campfire_rested":3,"item_purchase_floors":[],"current_hp_per_floor":[68,60,49,49,33,33,12,8,8,30,27,27,23,23,45,22,75,57,57,32,8,8,30,30,0,0],"gold":0,"neow_bonus":"BOSS_RELIC","is_daily":false,"chose_seed":false,"campfire_upgraded":2,"win_rate":0.0,"timestamp":1610218368,"path_taken":["M","M","?","M","M","R","E","M","T","R","M","R","M","?","R","BOSS","M","?","?","M","?","R","?","E"],"items_purchased_type":[],"build_version":"2020-12-22","purchased_purges":0,"victory":false,"max_hp_per_floor":[75,75,75,75,75,75,75,75,75,75,75,75,75,75,75,75,75,75,75,75,75,75,75,75,75,75],"relic_stats":{"counters":[13,60],"Blue Candle":[0],"Ectoplasm":496,"Cursed Key":0,"obtain_stats":[{"Blue Candle":7,"Ectoplasm":0,"Cracked Core":0,"StrikeDummy":9,"Cursed Key":17},{"Blue Candle":5,"Ectoplasm":0,"Cracked Core":0,"StrikeDummy":6,"Cursed Key":9},{"Blue Candle":19,"Ectoplasm":0,"Cracked Core":0,"StrikeDummy":23,"Cursed Key":42}]},"card_choices":[{"not_picked":["Gash","Beam Cell"],"picked":"Capacitor","floor":1},{"not_picked":["Redo","Reinforced Body"],"picked":"Fusion","floor":2},{"not_picked":["Compile Driver","Sweeping Beam"],"picked":"Streamline","floor":4},{"not_picked":["Go for the Eyes","Conserve Battery"],"picked":"Cold Snap","floor":5},{"not_picked":["Thunder Strike","White Noise"],"picked":"Compile Driver","floor":7},{"not_picked":["Fusion","Go for the Eyes"],"picked":"Genetic Algorithm","floor":8},{"not_picked":["Steam","Fusion"],"picked":"Ball Lightning","floor":11},{"not_picked":["Sweeping Beam","Force Field"],"picked":"Leap","floor":13},{"not_picked":["Meteor Strike","Amplify"],"picked":"All For One","floor":16},{"not_picked":["Conserve Battery+1","Redo+1"],"picked":"Go for the Eyes","floor":18},{"not_picked":["Force Field","Redo+1"],"picked":"Leap","floor":20},{"not_picked":["Sweeping Beam","Streamline"],"picked":"Defragment+1","floor":21}],"player_experience":286196,"relics_obtained":[{"floor":7,"key":"Blue Candle"},{"floor":9,"key":"StrikeDummy"}],"event_choices":[{"damage_healed":0,"gold_gain":75,"player_choice":"Gather Gold","damage_taken":11,"max_hp_gain":0,"max_hp_loss":0,"event_name":"World of Goop","floor":3,"gold_loss":0},{"damage_healed":0,"gold_gain":0,"player_choice":"Leave","damage_taken":0,"max_hp_gain":0,"max_hp_loss":0,"event_name":"The Cleric","floor":14,"gold_loss":0},{"damage_healed":0,"gold_gain":0,"cards_transformed":["Strike_B"],"player_choice":"Transformed","damage_taken":0,"max_hp_gain":0,"max_hp_loss":0,"event_name":"Transmorgrifier","floor":19,"gold_loss":0,"cards_obtained":["Electrodynamics"]},{"damage_healed":0,"gold_gain":0,"player_choice":"Paid Fearfully","damage_taken":0,"max_hp_gain":0,"max_hp_loss":0,"event_name":"Masked Bandits","floor":22,"gold_loss":39},{"damage_healed":0,"gold_gain":0,"player_choice":"Got Potions","damage_taken":0,"max_hp_gain":0,"max_hp_loss":0,"event_name":"Lab","floor":24,"gold_loss":0}],"is_beta":false,"boss_relics":[{"not_picked":["Runic Dome","Astrolabe"],"picked":"Cursed Key"}],"items_purged_floors":[],"is_endless":false,"potions_floor_spawned":[1,2,5,11,13,16,18,20],"killed_by":"Book of Stabbing","ascension_level":4}}