{"host":"c95txy58ipbu969e","time":1610204663,"event":{"mods":["Act Like it!","Arknights The Spire","BaseMod","Minty Spire (QoL Compilation)","Quick Restart","StSLib"],"gold_per_floor":[113,127,140,140,159,159,193,193,193,208,208,219,236,263,263,360,360,379,124,143,154,154,154,154,154],"floor_reached":24,"playtime":1281,"items_purged":["ats:Strike V"],"score":235,"play_id":"aad819bf-a493-4917-8765-b23da2fb29bd","local_time":"20210109230423","is_ascension_mode":false,"campfire_choices":[{"data":"ats:Mental Burst","floor":6,"key":"SMITH"},{"data":"ats:Emotion Absorption","floor":11,"key":"SMITH"},{"floor":15,"key":"REST"},{"data":"ats:Healing Strengthening","floor":23,"key":"SMITH"}],"circlet_count":0,"master_deck":["ats:Strike C","ats:Strike G","ats:Strike S","ats:Armor Crushing Shot","ats:Defend","ats:Defend","ats:Defend","ats:Defend","ats:Emotion Absorption+1","ats:Mental Burst+1","ats:Sunburst","ats:Ignite","ats:Sword Rain","ats:Revitalization","ats:Song Of Battle","ats:Apocalypse","ats:Burning Ground","ats:Very Hot Blade","ats:Dogmatic Field","ats:Revitalization","ats:Healing Strengthening+1","ats:Burning Ground","ats:Calcification","Decay"],"relics":["ats:Sanity Plus","NeowsBlessing","ats:Originium","Prayer Wheel","Pocketwatch","Unceasing Top","ats:Hidden Killer","Blood Vial"],"acts_visited":["Exordium","TheCity"],"potions_floor_usage":[7,12,24,24],"damage_taken":[{"damage":0,"enemies":"2 Louse","floor":1,"turns":2},{"damage":0,"enemies":"Cultist","floor":2,"turns":1},{"damage":0,"enemies":"Jaw Worm","floor":3,"turns":1},{"damage":14,"enemies":"Blue Slaver","floor":5,"turns":4},{"damage":0,"enemies":"Gremlin Nob","floor":7,"turns":3},{"damage":1,"enemies":"2 Fungi Beasts","floor":10,"turns":2},{"damage":22,"enemies":"Exordium Thugs","floor":12,"turns":3},{"damage":15,"enemies":"Exordium Wildlife","floor":13,"turns":4},{"damage":30,"enemies":"3 Sentries","floor":14,"turns":6},{"damage":41,"enemies":"Hexaghost","floor":16,"turns":9},{"damage":68,"enemies":"2 Thieves","floor":18,"turns":5},{"damage":32,"enemies":"Chosen","floor":20,"turns":5},{"damage":25,"enemies":"Snecko","floor":21,"turns":5},{"damage":24,"enemies":"Slavers","floor":24,"turns":2}],"seed_played":"-2189238650908489023","potions_obtained":[{"floor":4,"key":"Dexterity Potion"},{"floor":4,"key":"Strength Potion"},{"floor":4,"key":"Fruit Juice"},{"floor":7,"key":"ColorlessPotion"},{"floor":12,"key":"Weak Potion"},{"floor":16,"key":"EssenceOfSteel"},{"floor":21,"key":"Regen Potion"}],"is_trial":false,"path_per_floor":["M","M","M","?","M","R","E","?","T","M","R","M","M","E","R","B",null,"M","$","M","M","?","R","E"],"character_chosen":"DOCTOR_CLASS","items_purchased":["ats:Healing Strengthening","Blood Vial"],"campfire_rested":1,"item_purchase_floors":[19,19],"current_hp_per_floor":[72,72,72,72,58,58,63,56,56,55,55,35,27,7,30,3,77,32,32,19,15,15,15,0,0],"gold":154,"neow_bonus":"THREE_ENEMY_KILL","is_daily":false,"chose_seed":false,"campfire_upgraded":3,"win_rate":0.0,"timestamp":1610204663,"path_taken":["M","M","M","?","?","R","E","?","T","M","R","M","M","E","R","BOSS","M","$","M","M","?","R","E"],"items_purchased_type":["Card","Relic"],"build_version":"2020-12-22","purchased_purges":1,"victory":false,"max_hp_per_floor":[72,72,72,72,72,72,77,77,77,77,77,77,77,77,77,77,77,77,77,77,77,77,77,77,77],"card_choices":[{"not_picked":["ats:Childhood Dance","ats:Cat Scratch","ats:Thermite Blade"],"picked":"SKIP","floor":1},{"not_picked":["ats:Ignite","ats:Curse Doll"],"picked":"ats:Mental Burst","floor":2},{"not_picked":["ats:Healing Strengthening","ats:Part Time Job"],"picked":"ats:Sunburst","floor":3},{"not_picked":["ats:Mental Burst","ats:Fractured Body"],"picked":"ats:Ignite","floor":5},{"not_picked":["ats:Neurotoxin","ats:Thermite Blade"],"picked":"ats:Sword Rain","floor":7},{"not_picked":["ats:Assault Order","ats:Explosion Area Strengthen"],"picked":"ats:Revitalization","floor":10},{"not_picked":["ats:Childhood Dance","ats:Sunburst","ats:Assault Order"],"picked":"SKIP","floor":10},{"not_picked":["ats:Flexible Camouflage","ats:Powerful Strike"],"picked":"ats:Song Of Battle","floor":12},{"not_picked":["ats:Cat Scratch","ats:Spore Proliferation"],"picked":"ats:Apocalypse","floor":12},{"not_picked":["ats:Healing Drone","ats:Counter Healing Mode"],"picked":"ats:Burning Ground","floor":13},{"not_picked":["ats:Defend Order","ats:Apocalypse","ats:Song Of Battle"],"picked":"SKIP","floor":13},{"not_picked":["ats:Childhood Dance","ats:Mental Burst"],"picked":"ats:Very Hot Blade","floor":14},{"not_picked":["ats:Nebulous Foxfire","ats:Ambush"],"picked":"ats:Dogmatic Field","floor":16},{"not_picked":["ats:Shell Defense","ats:Curse Doll"],"picked":"ats:Revitalization","floor":18},{"not_picked":["ats:Apocalypse","ats:Poison Spread","ats:Curse Doll"],"picked":"SKIP","floor":18},{"not_picked":["ats:Powerful Strike","ats:Poison Spread+1"],"picked":"ats:Burning Ground","floor":20},{"not_picked":["ats:Flexible Camouflage","ats:Shadow Raid+1","ats:Explosion Area Strengthen"],"picked":"SKIP","floor":20},{"not_picked":["ats:Ignite","ats:Soul Absorption"],"picked":"ats:Calcification","floor":21},{"not_picked":["ats:Consecutive Shot Auto","ats:Overload","ats:Explosion Area Strengthen"],"picked":"SKIP","floor":21}],"player_experience":256006,"relics_obtained":[{"floor":7,"key":"ats:Originium"},{"floor":7,"key":"Prayer Wheel"},{"floor":9,"key":"Unceasing Top"},{"floor":14,"key":"ats:Originium"},{"floor":14,"key":"ats:Hidden Killer"}],"event_choices":[{"damage_healed":0,"gold_gain":0,"player_choice":"Got Potions","damage_taken":0,"max_hp_gain":0,"max_hp_loss":0,"event_name":"Lab","floor":4,"gold_loss":0},{"damage_healed":0,"gold_gain":0,"player_choice":"Success","damage_taken":7,"relics_obtained":["Pocketwatch"],"max_hp_gain":0,"max_hp_loss":0,"event_name":"Scrap Ooze","floor":8,"gold_loss":0},{"damage_healed":0,"gold_gain":0,"player_choice":"Smashed Altar","damage_taken":0,"max_hp_gain":0,"max_hp_loss":0,"event_name":"Forgotten Altar","floor":22,"gold_loss":0,"cards_obtained":["Decay"]}],"is_beta":false,"boss_relics":[{"not_picked":["ats:Omniscience","Coffee Dripper"],"picked":"ats:Sanity Plus"}],"items_purged_floors":[19],"is_endless":false,"potions_floor_spawned":[7,10,12,13,16,18,21],"killed_by":"Slavers","ascension_level":0}}