{"host":"0e0lo445kffy4sr5","time":1610167974,"event":{"mods":["BaseMod","Colored Map","Colored Powertips","Highlight Path","Key Reminder","Minty Spire (QoL Compilation)","Permanent Neow","StSLib"],"gold_per_floor":[111,111,111,13,31,64,82,96,120,175,175,175,175,193,193,297,297,315,315,315,12,31,58,58,92,92,92,107,107,123,134,134,239,239,252,6,6,6,26,52,102,117,117,151,151,2,2,31,31,31,31],"floor_reached":50,"playtime":4332,"items_purged":[],"score":741,"play_id":"76e78dd4-6368-4089-899d-78100f6e61b1","local_time":"20210108235254","is_ascension_mode":false,"campfire_choices":[{"floor":11,"key":"REST"},{"floor":13,"key":"REST"},{"floor":15,"key":"REST"},{"floor":24,"key":"REST"},{"floor":27,"key":"REST"},{"data":"Phantasmal Killer","floor":32,"key":"SMITH"},{"floor":47,"key":"REST"},{"data":"After Image","floor":49,"key":"SMITH"}],"circlet_count":0,"master_deck":["Strike_G","Strike_G","Strike_G+1","Defend_G+1","Defend_G","Defend_G","Defend_G","Defend_G","Survivor","Neutralize+1","Bouncing Flask","Eviscerate","Deadly Poison","Backflip","Dash","Blur","Outmaneuver","Dagger Throw+1","Corpse Explosion","Acrobatics","Outmaneuver+1","Flying Knee+1","After Image+1","Dagger Throw+1","Footwork","Phantasmal Killer+1","After Image","Terror+1","Enlightenment","Madness","Madness","Catalyst+1","Bullet Time","Bullet Time","Bullet Time"],"relics":["HoveringKite","Omamori","Happy Flower","WarpedTongs","Black Star","Necronomicon","PreservedInsect","Sling","Vajra","Question Card","Pantograph","Ancient Tea Set","Ornamental Fan","Nloth\u0027s Gift","SlaversCollar","TwistedFunnel","Shovel","Whetstone","TungstenRod","Darkstone Periapt","Ice Cream","Blood Vial","Strawberry","Oddly Smooth Stone","Ninja Scroll"],"acts_visited":["Exordium","TheCity","TheBeyond"],"potions_floor_usage":[23,25,25,30,33,42,42,44,48,48,50,50],"damage_taken":[{"damage":0,"enemies":"2 Louse","floor":1,"turns":4},{"damage":8,"enemies":"Jaw Worm","floor":5,"turns":4},{"damage":23,"enemies":"Gremlin Nob","floor":6,"turns":4},{"damage":0,"enemies":"Cultist","floor":7,"turns":3},{"damage":16,"enemies":"Gremlin Gang","floor":8,"turns":6},{"damage":5,"enemies":"Exordium Thugs","floor":14,"turns":4},{"damage":14,"enemies":"Hexaghost","floor":16,"turns":9},{"damage":2,"enemies":"Chosen","floor":18,"turns":4},{"damage":7,"enemies":"Spheric Guardian","floor":22,"turns":4},{"damage":0,"enemies":"Gremlin Leader","floor":23,"turns":5},{"damage":0,"enemies":"Book of Stabbing","floor":25,"turns":4},{"damage":7,"enemies":"Chosen and Byrds","floor":28,"turns":5},{"damage":0,"enemies":"Centurion and Healer","floor":30,"turns":5},{"damage":0,"enemies":"Snake Plant","floor":31,"turns":4},{"damage":46,"enemies":"Champ","floor":33,"turns":13},{"damage":0,"enemies":"Orb Walker","floor":35,"turns":3},{"damage":8,"enemies":"3 Shapes","floor":39,"turns":3},{"damage":7,"enemies":"Nemesis","floor":40,"turns":5},{"damage":0,"enemies":"Mind Bloom Boss Battle","floor":41,"turns":6},{"damage":30,"enemies":"Writhing Mass","floor":42,"turns":6},{"damage":0,"enemies":"Reptomancer","floor":44,"turns":2},{"damage":2,"enemies":"Nemesis","floor":48,"turns":3},{"damage":89,"enemies":"Time Eater","floor":50,"turns":12}],"seed_played":"8091522745355886237","potions_obtained":[{"floor":1,"key":"GamblersBrew"},{"floor":8,"key":"Block Potion"},{"floor":14,"key":"GhostInAJar"},{"floor":22,"key":"ColorlessPotion"},{"floor":28,"key":"GhostInAJar"},{"floor":31,"key":"Weak Potion"},{"floor":40,"key":"LiquidBronze"},{"floor":41,"key":"ColorlessPotion"},{"floor":42,"key":"EntropicBrew"},{"floor":48,"key":"Poison Potion"}],"is_trial":false,"path_per_floor":["M","?","?","$","M","E","M","M","T","T","R","?","R","M","R","B",null,"M","?","?","$","M","E","R","E","T","R","M","?","M","M","R","B",null,"M","$","$","?","M","E","?","M","T","E","?","$","R","E","R","B"],"character_chosen":"THE_SILENT","items_purchased":["Eviscerate","Deadly Poison","PreservedInsect","Sling","TwistedFunnel","Enlightenment","Strawberry"],"campfire_rested":6,"item_purchase_floors":[4,4,21,21,36,36,46],"current_hp_per_floor":[70,63,49,49,41,18,18,2,2,2,23,23,44,39,60,46,70,68,52,39,39,32,32,54,54,54,75,68,68,68,68,68,29,75,75,75,75,66,58,51,75,45,45,45,45,52,76,76,76,0,0],"gold":31,"neow_bonus":"BOSS_RELIC","is_daily":false,"chose_seed":false,"campfire_upgraded":2,"win_rate":0.0,"timestamp":1610167974,"path_taken":["M","?","?","?","?","E","M","?","T","?","R","?","R","M","R","BOSS","M","?","?","?","M","E","R","E","T","R","M","?","M","M","R","BOSS","M","?","$","?","M","E","?","M","T","E","?","$","R","E","R","BOSS"],"items_purchased_type":["Card","Card","Relic","Relic","Relic","Card","Relic"],"build_version":"2020-12-13","purchased_purges":0,"victory":false,"max_hp_per_floor":[70,70,70,70,70,70,70,70,70,70,70,70,70,70,70,70,70,70,70,75,75,75,75,75,75,75,75,75,75,75,75,75,75,75,75,75,75,75,75,75,75,75,75,75,75,82,82,82,82,82,82],"card_choices":[{"not_picked":["Terror","Slice"],"picked":"Bouncing Flask","floor":1},{"not_picked":["Quick Slash","Dagger Throw"],"picked":"Backflip","floor":5},{"not_picked":["Outmaneuver","Eviscerate"],"picked":"Dash","floor":6},{"not_picked":["Underhanded Strike","Backstab"],"picked":"Blur","floor":7},{"not_picked":["Sucker Punch","Quick Slash"],"picked":"Outmaneuver","floor":8},{"not_picked":["Poisoned Stab","Dagger Spray"],"picked":"Dagger Throw","floor":14},{"not_picked":["Glass Knife","Wraith Form v2"],"picked":"Corpse Explosion","floor":16},{"not_picked":["PiercingWail","Blade Dance"],"picked":"Acrobatics","floor":18},{"not_picked":["Slice","Eviscerate"],"picked":"Outmaneuver+1","floor":22},{"not_picked":["Caltrops+1","Poisoned Stab+1"],"picked":"Flying Knee+1","floor":23},{"not_picked":["Finisher","Dagger Spray","Flying Knee"],"picked":"After Image","floor":25},{"not_picked":["Deadly Poison+1","Acrobatics","Bane"],"picked":"Dagger Throw+1","floor":28},{"not_picked":["Slice","Reflex","Eviscerate"],"picked":"Footwork","floor":30},{"not_picked":["Deflect","Backflip","Finisher"],"picked":"Phantasmal Killer","floor":31},{"not_picked":["Doppelganger","Night Terror","Phantasmal Killer"],"picked":"After Image","floor":33},{"not_picked":["Finisher+1","PiercingWail","Caltrops"],"picked":"Terror+1","floor":35},{"not_picked":["Distraction","Bane+1","Poisoned Stab+1"],"picked":"Catalyst+1","floor":39},{"not_picked":["Poisoned Stab+1","Masterful Stab+1","Underhanded Strike","Dagger Spray+1"],"picked":"SKIP","floor":40},{"not_picked":["Crippling Poison+1","Blade Dance","Slice"],"picked":"Bullet Time","floor":42},{"not_picked":["Outmaneuver","Masterful Stab+1","Blade Dance","Endless Agony+1"],"picked":"SKIP","floor":44},{"not_picked":["Deadly Poison+1","Quick Slash+1","PiercingWail"],"picked":"Bullet Time","floor":48}],"player_experience":32614,"relics_obtained":[{"floor":6,"key":"Bag of Preparation"},{"floor":9,"key":"Omamori"},{"floor":10,"key":"Happy Flower"},{"floor":19,"key":"Necronomicon"},{"floor":23,"key":"Vajra"},{"floor":23,"key":"Question Card"},{"floor":25,"key":"Pantograph"},{"floor":25,"key":"Ancient Tea Set"},{"floor":26,"key":"Ornamental Fan"},{"floor":40,"key":"Shovel"},{"floor":40,"key":"Whetstone"},{"floor":41,"key":"TungstenRod"},{"floor":43,"key":"Darkstone Periapt"},{"floor":44,"key":"Ice Cream"},{"floor":44,"key":"Blood Vial"},{"floor":48,"key":"Oddly Smooth Stone"},{"floor":48,"key":"Ninja Scroll"}],"event_choices":[{"cards_removed":["Strike_G"],"damage_healed":0,"gold_gain":0,"player_choice":"Card Removal","damage_taken":7,"max_hp_gain":0,"max_hp_loss":0,"event_name":"Golden Wing","floor":2,"gold_loss":0},{"damage_healed":0,"gold_gain":0,"player_choice":"Entered Light","damage_taken":14,"max_hp_gain":0,"max_hp_loss":0,"event_name":"Shining Light","floor":3,"gold_loss":0,"cards_upgraded":["Strike_G","Defend_G"]},{"damage_healed":0,"gold_gain":0,"player_choice":"Rummage","damage_taken":0,"relics_obtained":["WarpedTongs"],"max_hp_gain":0,"max_hp_loss":0,"event_name":"Accursed Blacksmith","floor":12,"gold_loss":0,"cards_obtained":["Pain"]},{"damage_healed":0,"gold_gain":0,"player_choice":"Obtained Book","damage_taken":16,"max_hp_gain":0,"max_hp_loss":0,"event_name":"Cursed Tome","floor":19,"gold_loss":0},{"damage_healed":0,"gold_gain":0,"player_choice":"Shed Blood","damage_taken":18,"max_hp_gain":5,"max_hp_loss":0,"event_name":"Forgotten Altar","floor":20,"gold_loss":0},{"damage_healed":0,"gold_gain":0,"player_choice":"Traded Relic","damage_taken":0,"relics_obtained":["Nloth\u0027s Gift"],"max_hp_gain":0,"max_hp_loss":0,"event_name":"N\u0027loth","floor":29,"relics_lost":["Bag of Preparation"],"gold_loss":0},{"damage_healed":0,"gold_gain":0,"player_choice":"Embrace Madness","damage_taken":9,"max_hp_gain":0,"max_hp_loss":0,"event_name":"Winding Halls","floor":38,"gold_loss":0,"cards_obtained":["Madness","Madness"]},{"damage_healed":0,"gold_gain":0,"player_choice":"Fight","damage_taken":0,"max_hp_gain":0,"max_hp_loss":0,"event_name":"MindBloom","floor":41,"gold_loss":0},{"damage_healed":0,"gold_gain":0,"cards_transformed":["Strike_G"],"player_choice":"Transformed","damage_taken":0,"max_hp_gain":0,"max_hp_loss":0,"event_name":"Transmorgrifier","floor":45,"gold_loss":0,"cards_obtained":["Bullet Time"]}],"is_beta":false,"boss_relics":[{"not_picked":["SacredBark","Runic Dome"],"picked":"Black Star"},{"not_picked":["Velvet Choker","Empty Cage"],"picked":"SlaversCollar"}],"items_purged_floors":[],"is_endless":false,"potions_floor_spawned":[1,8,14,22,28,31,40,41,42,48],"killed_by":"Time Eater","ascension_level":0}}