{"host":"v9ordiuf4xzdpttp","time":1610232872,"event":{"mods":["AchievementEnabler","Act Like it!","AlwaysNeverKeys","Aspiration","Bard","Bartender","BaseMod","Better Third Choice","Better Vampires","BetterRewards","Colored Map","Conspire","Dio Mod","Downfall","Energized Spire","Gold Saver","GungeonMod","Halation","Hubris","Infinite Spire","Ironclad Rager","Jedi Mod","Marked Mod","Melee Mod","Minty Spire (QoL Compilation)","Pale of the Ancients","Remove Card Discount Mod","Replay The Spire","Robot Space Explorer","SOS???????","Shop Mod","Small Relic Pack","Somnambulant","Spicy Shops","StSLib","The Bladedancer","The Bug Knight","The Construct","The Death Knight","The Exalted","The Hayseed","The Hierophant","The Jungle","The Mystic","The Runesmith","The Saiyan","The Senshi","The Servant 0.9.4","The Wild Card","TheBandit","vexMod","??????REMEMod"],"gold_per_floor":[403,56,72,72,84,117,117,132,132,152,167,167,195,220,220,319,319,330,343,343,353,353,353,380,139,139,34,65,17,17,17,17,116,116,116],"floor_reached":34,"playtime":5177,"items_purged":["Go for the Eyes+1","Strike_B","Strike_B","Defend_B","Defend_B"],"score":448,"play_id":"300eb4b4-aa7e-4de9-af49-024775e0dd60","local_time":"20210109175432","is_ascension_mode":false,"campfire_choices":[{"floor":7,"key":"REST"},{"data":"jedi:locknload","floor":12,"key":"SMITH"},{"data":"jedi:reiji","floor":15,"key":"SMITH"},{"floor":23,"key":"REST"},{"data":"Double Energy","floor":30,"key":"SMITH"}],"circlet_count":0,"master_deck":["Strike_B","Strike_B+1","Defend_B+1","Zap","Dualcast","jedi:forcepush","Backstab","Conserve Battery","Sweeping Beam","Ball Lightning","jedi:reiji+1","Thunder Strike","Ball Lightning","jedi:locknload+1","Rebound","hubris:Ukulele","REME_Shoggoth","White Noise+1","infinitespire:UltimateForm+1","ReplayTheSpireMod:Black Plague+1","Gash","jedi:sharpshooter","jedi:sharpshooter+1","Double Energy+1","Loop+1"],"relics":["Cracked Core","REME_ComplimentaryCards","MerchantsRug","Medical Kit","HollowMod:PaleOreRelic","Iron Hammer","Odd Mushroom","halation:Toothbrush","Bromod:ArcaneEnergize","Simple Rune","REME_ChargedStone","Pantograph","Membership Card","Replay:Rubber Ducky","vexMod:Spyglass","Lantern","DemoMod:GlassGuonStoneRelic","vexMod:DeviousBotling"],"acts_visited":["Exordium","TheCity","TheBeyond"],"potions_floor_usage":[],"damage_taken":[{"damage":0,"enemies":"2 Louse","floor":1,"turns":2},{"damage":0,"enemies":"Cultist","floor":3,"turns":2},{"damage":0,"enemies":"Jaw Worm","floor":5,"turns":2},{"damage":18,"enemies":"3 Sentries","floor":6,"turns":7},{"damage":0,"enemies":"Looter","floor":8,"turns":2},{"damage":2,"enemies":"Exordium Thugs","floor":10,"turns":2},{"damage":0,"enemies":"3 Louse","floor":11,"turns":2},{"damage":0,"enemies":"The Mushroom Lair","floor":13,"turns":2},{"damage":9,"enemies":"Lagavulin","floor":14,"turns":3},{"damage":24,"enemies":"Fading Forest","floor":16,"turns":11},{"damage":7,"enemies":"3 Byrds","floor":18,"turns":3},{"damage":0,"enemies":"conspire:FuzzyDice","floor":19,"turns":3},{"damage":0,"enemies":"Centurion and Healer","floor":21,"turns":3},{"damage":4,"enemies":"Gremlin Leader","floor":24,"turns":3},{"damage":0,"enemies":"conspire:SneckoGhost","floor":28,"turns":2},{"damage":29,"enemies":"StardustCrusaders","floor":33,"turns":7}],"seed_played":"-3280342365503064101","potions_obtained":[{"floor":1,"key":"Fire Potion"},{"floor":6,"key":"jedi:wingpotion"},{"floor":8,"key":"Dexterity Potion"},{"floor":14,"key":"Energy Potion"}],"is_trial":false,"path_per_floor":["M","$","M","?","M","E","R","M","T","M","M","R","?","E","R","B",null,"M","M","AVR","M","?","R","E","$","T","$","E","$","R","?","R_BF","B",null],"character_chosen":"DEFECT","items_purchased":["MerchantsRug","Sweeping Beam","Medical Kit","Membership Card","Replay:Rubber Ducky","vexMod:Spyglass","jedi:sharpshooter","Loop"],"campfire_rested":2,"item_purchase_floors":[2,2,2,25,25,27,27,29],"current_hp_per_floor":[75,75,75,75,75,57,75,75,75,73,73,73,73,64,64,56,75,68,68,71,71,48,71,67,79,79,79,79,79,79,79,90,61,90,90],"gold":116,"neow_bonus":"RANDOM_COLORLESS","is_daily":false,"chose_seed":false,"campfire_upgraded":3,"win_rate":0.0,"timestamp":1610232872,"path_taken":["M","$","M","?","M","E","R","M","T","?","M","R","?","E","R","BOSS","M","M","AVR","M","?","R","E","$","T","$","E","?","R","?","R_BF","BOSS"],"items_purchased_type":["Relic","Card","Relic","Relic","Relic","Relic","Card","Card"],"build_version":"2020-12-22","purchased_purges":5,"victory":false,"max_hp_per_floor":[75,75,75,75,75,75,75,75,75,75,75,75,75,75,75,75,75,75,75,78,78,78,78,78,90,90,90,90,90,90,90,90,90,90,90],"card_choices":[{"not_picked":["expansioncontent:ManipulateTime","Replay:SS_fish_3"],"picked":"jedi:forcepush","floor":0},{"not_picked":["Capacitor","Coolheaded"],"picked":"Conserve Battery","floor":1},{"not_picked":["Leap","REME_Compress"],"picked":"Ball Lightning","floor":3},{"not_picked":["Redo","Compile Driver"],"picked":"jedi:reiji","floor":5},{"not_picked":["jedi:BurstLightning","Compile Driver"],"picked":"Thunder Strike","floor":6},{"not_picked":["ReplayTheSpireMod:Dual Polarity","Gash"],"picked":"Ball Lightning","floor":8},{"not_picked":["Cold Snap","Panic Button","Turbo"],"picked":"SKIP","floor":10},{"not_picked":["jedi:markofdeath","Auto Shields"],"picked":"jedi:locknload","floor":11},{"not_picked":["Steam","Redo"],"picked":"Rebound","floor":13},{"not_picked":["Hyperbeam","ReplaySolidLightProjector"],"picked":"hubris:Ukulele","floor":14},{"not_picked":["All For One","hubris:DoWhile"],"picked":"REME_Shoggoth","floor":16},{"not_picked":["Gash","Reprogram"],"picked":"White Noise","floor":18},{"not_picked":["Barrage","jedi:BurstFrost+1"],"picked":"Go for the Eyes+1","floor":19},{"not_picked":["hubris:Prefetch","Hello World","ReplayGash"],"picked":"SKIP","floor":21},{"not_picked":["Compile Driver","Genetic Algorithm"],"picked":"Gash","floor":24},{"not_picked":["aspiration:Polymerization+1","Turbo"],"picked":"Double Energy","floor":28}],"player_experience":260492,"relics_obtained":[{"floor":6,"key":"HollowMod:PaleOreRelic"},{"floor":9,"key":"Iron Hammer"},{"floor":13,"key":"Odd Mushroom"},{"floor":14,"key":"halation:Toothbrush"},{"floor":24,"key":"Pantograph"},{"floor":28,"key":"Lantern"}],"event_choices":[{"cards_removed":["Defend_B"],"damage_healed":0,"gold_gain":0,"player_choice":"Offered Basic","damage_taken":0,"max_hp_gain":0,"max_hp_loss":0,"event_name":"Bonfire Elementals","floor":4,"gold_loss":0},{"damage_healed":0,"gold_gain":0,"player_choice":"Fought Mushrooms","damage_taken":0,"max_hp_gain":0,"max_hp_loss":0,"event_name":"Mushrooms","floor":13,"gold_loss":0},{"damage_healed":0,"gold_gain":0,"player_choice":"Forge","damage_taken":0,"max_hp_gain":0,"max_hp_loss":0,"event_name":"Accursed Blacksmith","floor":31,"gold_loss":0,"cards_upgraded":["Loop"]}],"is_beta":false,"boss_relics":[{"not_picked":["hubris:Backtick","aspiration:SecretTechniqueScroll"],"picked":"Bromod:ArcaneEnergize"},{"not_picked":["energizedSpire:StickyHand","FrozenCore"],"picked":"vexMod:DeviousBotling"}],"items_purged_floors":[20,25,25,25,25],"is_endless":false,"potions_floor_spawned":[1,6,8,11,14,19,28,33],"ascension_level":0}}