{"host":"kiepq204ejgahl1h","time":1610168354,"event":{"mods":["ATMod(°¢èªMod)","Act Like it!","Aspiration","BaseMod","BetterRewards","Booster Modes","Colored Map","Colored Powertips","Conjunction","Conspire","Curses Come First","Dota2Spire","Energized Spire","GifTheSpireLib","Gold Saver","Halation","Hubris","Infinite Spire","Ironclad Rager","Jedi Mod","KinomotoSakuraMod(Ä¾Ö®±¾Ó£)","KomeijiMod","LagranYue(À­¸ñÀÊ¡¤ÔÂ)","Marisa£¨ìFÓê¡¡Ä§ÀíÉ³£©","Minty Spire (QoL Compilation)","MostiFishMod","Pale of the Ancients","Prisma Mod","Quarter Circle Forward PUNCH!","Quick Restart","RRrroohrrRGHHhhh!!","Rare Cards Sparkle","Reimu£¨²©ÀöÁéÃÎ£©","Relic Stats","Remilia£¨ÀÙÃ×ÀòÑÇ£©","Replay The Spire","RumiaBox-Â¶Ã×æ«µÄÉñÃØºÐ×Ó","SCP261 Mod","SIMod","SacredBarkPlus","Spikes Relics","Spires \u0026 Sneckos","StSLib","Stuff the Spire","TestMod","The Animator","The Bug Knight","The Gatherer","The Mystic","The Servant 0.9.4","Virulent Crown","Yakumo Yukari mod","Youmu£¨»êÆÇÑýÃÎ£©","vexMod","¡¾ÒÅÎï¿¨ÅÆ¡¿REMEMod"],"gold_per_floor":[1134,715,756,769,719,754,754,882,882,1003,1003,1147,1147,1164,1164,1282,1282,1292,1333,1333,1333,1374,1486,1624,1624,1647,1670,1620,1654,1579,1713,1713,1836,1836,1868,1190,1263,1297,1317,1455,1492,1649,1674,1730,1730,1730,1768,1768,1768,1815,1845,1867,1904,1904,1904,1946,1946,1946,1946,1948],"floor_reached":61,"playtime":6289,"items_purged":["AT_purpleEX","Defend_purpleEX","AT_purpleEX","animator:Curse_Nutcracker","Defend_purpleEX","RealityDreamConfluencek_purple","Observe_purple_1"],"score":1754,"play_id":"46aea72a-3273-4f96-affe-cd620c4d4499","local_time":"20210109125914","is_ascension_mode":false,"campfire_choices":[{"data":"testmod-DisillusionmentEcho","floor":11.0,"key":"SMITH"},{"data":"Realm_recovery_purpleEX","floor":13.0,"key":"SMITH"},{"data":"Defend_purpleEX","floor":15.0,"key":"PURGE"},{"floor":45,"key":"DIG"},{"data":"vexMod:UltimateCard","floor":49,"key":"PURGE"},{"floor":55,"key":"DIG"},{"floor":57,"key":"DIG"}],"circlet_count":0,"master_deck":["Observe_purple_2+1","AT_FamilyPortrait+1","testmod-DisillusionmentEcho+1","Flash of Steel+1","CommonSense_AntiCommonSense_purple+1","Realm_recovery_purpleEX+1","Boundary_ObjectiveBoundary_purple+1","WeekHit_purple+1","MonsterNeedle_purple+1","conspire:SpireCoStock+1","SfantasyHide_purple+1","Theboundaryofcreation_purpleEX+1","ContainerChange_purple+1","hubris:Gluttony","SharpContractionReality_purple+1","Theboundaryofcreation_purpleEX+1","Charmbait_purple+1","Mirror_FourBoundary_purple+1","Anti_communist_purple+1","SfantasyHide_purple+1","MetroBOOM_purple+1","DimensionStaggered_purple+1"],"relics":["Boundary_crack","Memoryfragments_purpleEX","DaveBox","REME_ComplimentaryCards","testmod-TestBox","AT_ATBox","LagranYue:RandomDrawCardRelic","testmod-Prudence","MetatronsCube","Iron Hammer","SynthV:TestCard","LagranYue:NewUniverseRelic","Dota2Spire:BladeMail","StuffTheSpire:TintedRock","Singing Bowl","MagicDraw4","Replay:Multitool","Shovel","Replay:Ancient Bell","Pen Nib","qcfpunch:Necklace_of_Skulls","LagranYue:RareGoldArmorRelic","Nloth\u0027s Gift","testmod-Motorcycle","Astrolabe","AT_SunfireAegis","Smiling Mask","CultistMask","testmod-ObsoleteBoomerang","Dota2Spire:Bloodstone","Guide Book","CrazyTorch:ReiMu","Ornamental Fan","AT_ImmortalShieldbow","Dota2Spire:Vanguard","HornCleat","MealTicket","testmod-Antiphasic","aspiration:TomeofQuesting","paleoftheancients:Timepiece","paleoftheancients:KeyRelic","Letter Opener","Spirit Poop","paleoftheancients:SoulOfTheGuardian","paleoftheancients:SoulOfTheThorton","testmod-OneHitWonder","Dota2Spire:MaskOfMadness","StuffTheSpire:Experiment12","AT_EbonyIvory"],"acts_visited":["Exordium","TheCity","TheBeyond","paleoftheancients:PaleOfTheAncients"],"potions_floor_usage":[51,52,60,60],"damage_taken":[{"damage":0.0,"enemies":"2 Louse","floor":1.0,"turns":2.0},{"damage":0.0,"enemies":"Jaw Worm","floor":3.0,"turns":3.0},{"damage":0.0,"enemies":"Cultist","floor":4.0,"turns":3.0},{"damage":14.0,"enemies":"HollowMod:MossKnight","floor":6.0,"turns":3.0},{"damage":14.0,"enemies":"Replay:BlueRogue","floor":8.0,"turns":2.0},{"damage":8.0,"enemies":"Lagavulin","floor":10.0,"turns":4.0},{"damage":6.0,"enemies":"3 Sentries","floor":12.0,"turns":3.0},{"damage":0.0,"enemies":"Gremlin Gang","floor":14.0,"turns":4.0},{"damage":8.0,"enemies":"Hexaghost","floor":16.0,"turns":5.0},{"damage":0.0,"enemies":"3 Byrds","floor":18.0,"turns":3.0},{"damage":0.0,"enemies":"conspire:FuzzyDice","floor":19.0,"turns":1.0},{"damage":0.0,"enemies":"3 Cultists","floor":22.0,"turns":4.0},{"damage":0.0,"enemies":"Nightmare","floor":23.0,"turns":4.0},{"damage":0.0,"enemies":"Cultist and Chosen","floor":24.0,"turns":3.0},{"damage":0.0,"enemies":"conspire:HollyBat","floor":27.0,"turns":4.0},{"damage":0.0,"enemies":"3 Cultists","floor":29.0,"turns":4.0},{"damage":16.0,"enemies":"Replay:Snechameleon","floor":31.0,"turns":4.0},{"damage":1.0,"enemies":"Champ","floor":33.0,"turns":4.0},{"damage":1.0,"enemies":"3 Darklings","floor":35.0,"turns":2.0},{"damage":0.0,"enemies":"Orb Walker","floor":38.0,"turns":2.0},{"damage":7,"enemies":"Writhing Mass","floor":39,"turns":2},{"damage":0,"enemies":"Reptomancer","floor":40,"turns":2},{"damage":0,"enemies":"Transient","floor":41,"turns":4},{"damage":0,"enemies":"Giant Head","floor":42,"turns":5},{"damage":0,"enemies":"Sphere and 2 Shapes","floor":44,"turns":3},{"damage":0,"enemies":"Maw","floor":47,"turns":4},{"damage":0,"enemies":"Awakened One","floor":50,"turns":4},{"damage":0,"enemies":"Awakened One","floor":51,"turns":4},{"damage":0,"enemies":"Awakened One","floor":52,"turns":4},{"damage":0,"enemies":"paleoftheancients:Thorton1","floor":53,"turns":2},{"damage":0,"enemies":"paleoftheancients:Thorton1","floor":56,"turns":6},{"damage":0,"enemies":"paleoftheancients:N","floor":60,"turns":7}],"seed_played":"8342777545982988684","potions_obtained":[{"floor":1.0,"key":"REME_GoldPotion"},{"floor":6.0,"key":"Swift Potion"},{"floor":10.0,"key":"SCP261:BarrettColaPotion"},{"floor":12.0,"key":"ColorlessPotion"},{"floor":23.0,"key":"Elixir"},{"floor":27.0,"key":"GrandPatriotsElixir:ReiMu"},{"floor":29.0,"key":"Conjunction:LightningMarble"},{"floor":31.0,"key":"SCP261:BlastolaColaPotion"},{"floor":39,"key":"LiquidBronze"},{"floor":40,"key":"Adrenaline Potion"},{"floor":51,"key":"SCP261:GirlTearsPotion"},{"floor":52,"key":"Dexterity Potion"}],"is_trial":false,"path_per_floor":["M","$","M","M","?","E","T","E","T","E","R","E","R","M","R_BF","B",null,"M","M","?","AVR","M","NM","M","R","T","M","$","M","?","E","R_BF","B",null,"M","$","T","M","M","E","M","E","T","M","R","?","M","AVR","R","B","M","M","M","T","R","M","R","T","?","B",null],"character_chosen":"Youkari","items_purchased":["Iron Hammer","Flash of Steel","CommonSense_AntiCommonSense_purple","Boundary_LightAndDark_purple","Realm_recovery_purpleEX","ExplosiveVial","LagranYue:NewUniverseRelic","RealityDreamConfluencek_purple","Boundary_ObjectiveBoundary_purple","Guide Book","CrazyTorch:ReiMu","Ornamental Fan"],"campfire_rested":0,"item_purchase_floors":[0,0,0,0,0,0,2,2,2,36,36,36],"current_hp_per_floor":[39,39,43,46,46,36,36,25,25,21,21,22,22,25,25,19,76,80,82,82,82,87,91,95,95,95,97,97,101,101,94,94,104,109,111,111,111,113,112,119,123,127,127,129,129,129,133,133,133,133,137,141,143,143,143,147,147,147,147,147],"gold":1948,"neow_bonus":"","is_daily":false,"chose_seed":false,"campfire_upgraded":2,"win_rate":0.0,"timestamp":1610168354,"path_taken":["M","$","M","M","?","E","?","E","T","E","R","E","R","M","R_BF","BOSS","M","M","?","AVR","M","NM","M","R","T","M","$","?","?","E","R_BF","BOSS","M","$","?","M","M","E","M","E","T","M","R","?","M","AVR","R","BOSS","M","M","?","T","R","M","R","T","?","BOSS"],"items_purchased_type":["Relic","Card","Card","Card","Card","Relic","Relic","Card","Card","Relic","Relic","Relic"],"build_version":"2020-12-22","purchased_purges":7,"victory":true,"max_hp_per_floor":[70,70,70,70,70,70,70,70,70,72,72,74,74,76,76,76,76,80,82,82,82,87,91,95,95,95,97,97,101,101,105,105,109,109,111,111,111,113,117,119,123,127,127,129,129,129,133,133,133,133,137,141,143,143,143,147,147,147,147,147],"relic_stats":{"Shovel":8,"Singing Bowl":74,"counters":[250,932],"Ornamental Fan":[76],"Astrolabe":["Theboundaryofcreation_purpleEX","Charmbait_purple","Mirror_FourBoundary_purple"],"MealTicket":0,"Pen Nib":[18],"Nloth\u0027s Gift":5,"Letter Opener":[319],"Smiling Mask":225,"obtain_stats":[{"Replay:Accelerometer":9,"StuffTheSpire:Barrel":25,"AT_ATBox":0,"LagranYue:RandomDrawCardRelic":0,"WarlordEmblem:MantleBaku":13,"Spirit Poop":50,"Whetstone":0,"MagicDraw4":9,"testmod-BlackFramedGlasses":0,"MagicDraw2":21,"jedi:shrinkray":0,"MagicDraw1":24,"testmod-Prudence":0,"MealTicket":43,"vexMod:DeviousBotling":17,"halation:PromiseList":49,"WarlordEmblem:BrokenMantle":0,"testmod-TestBox":0,"testmod-Register":31,"Pen Nib":14,"Dota2Spire:Bloodstone":34,"AT_EbonyIvory":58,"Replay:Ancient Bell":17,"Ling":0,"qcfpunch:Broken_Tusk":26,"StuffTheSpire:MayFlowers":10,"CultistMask":30,"Technique":0,"ChiLing":0,"MetatronsCube":0,"WarlordEmblem:VoidPower":17,"Torii":44,"DaveBox":0,"Singing Bowl":8,"Dota2Spire:Vanguard":40,"Bag of Preparation":0,"Replay:Multitool":10,"LagranYue:MagicReflectiveArmorRelic":0,"Smiling Mask":26,"testmod-CasingShield":25,"Shovel":8,"vexMod:RedPlottingStone":27,"Dota2Spire:BladeMail":6,"testmod-ObsoleteBoomerang":31,"halation:Toothbrush":42,"LagranYue:NewUniverseRelic":13,"Potion Belt":22,"StuffTheSpire:TintedRock":7,"Boundary_crack":0,"halation:SelfBoilingWater":45,"PrismaMod:PrismaSapphireUpgrade":34,"AT_ImmortalShieldbow":37,"Busted Crown":34,"Ornamental Fan":36,"ExplosiveVial":0,"CrazyTorch:ReiMu":36,"halation:AfternoonTea":6,"paleoftheancients:SoulOfTheThorton":53,"AT_SunfireAegis":23,"REME_ComplimentaryCards":0,"Dota2Spire:MaskOfMadness":55,"Chi":0,"HollowMod:StagPassRelic":7,"HornCleat":42,"Prayer Wheel":30,"Iron Hammer":0,"Toxic Egg 2":4,"LugNut":13,"conspire:Dentures":9,"paleoftheancients:KeyRelic":50,"ReplayTheSpireMod:CursedCoin":29,"StuffTheSpire:ForceGauntlet":32,"Astrolabe":21,"WarlordEmblem:WuziBook":43,"Replay:Kaleidoscope":23,"Letter Opener":50,"paleoftheancients:Timepiece":50,"testmod-RealStoneCalender":0,"Replay:Baseball":38,"conspire:GiftBox":41,"Molten Egg 2":5,"Onion Ring":43,"Nloth\u0027s Gift":20,"StuffTheSpire:OldFever":0,"testmod-OneHitWonder":54,"Memoryfragments_purpleEX":0,"PrismaMod:PrismaSapphire":0,"aspiration:TomeofQuesting":48,"LagranYue:RareGoldArmorRelic":17,"StuffTheSpire:Experiment12":57,"Chameleon Ring":15,"testmod-InjuryResistance":44,"paleoftheancients:SoulOfTheGuardian":52,"testmod-Motorcycle":21,"MiniBlackHole":13,"qcfpunch:Necklace_of_Skulls":17,"Guide Book":19,"vexMod:FocusSash":23,"jedi:fakemustache":0,"testmod-Antiphasic":45,"SynthV:TestCard":1,"vexMod:HeadHunter":4,"Bag of Marbles":46},{"Replay:Accelerometer":197,"StuffTheSpire:Barrel":178,"AT_ATBox":0,"LagranYue:RandomDrawCardRelic":167,"WarlordEmblem:MantleBaku":172,"Spirit Poop":245,"Whetstone":191,"MagicDraw4":223,"testmod-BlackFramedGlasses":0,"MagicDraw2":201,"jedi:shrinkray":191,"MagicDraw1":202,"testmod-Prudence":167,"MealTicket":242,"vexMod:DeviousBotling":173,"halation:PromiseList":217,"WarlordEmblem:BrokenMantle":167,"testmod-TestBox":167,"testmod-Register":180,"Pen Nib":172,"Dota2Spire:Bloodstone":236,"AT_EbonyIvory":249,"Replay:Ancient Bell":227,"Ling":191,"qcfpunch:Broken_Tusk":178,"StuffTheSpire:MayFlowers":171,"CultistMask":234,"Technique":0,"ChiLing":191,"MetatronsCube":0,"WarlordEmblem:VoidPower":200,"Torii":187,"DaveBox":0,"Singing Bowl":223,"Dota2Spire:Vanguard":240,"Bag of Preparation":167,"Replay:Multitool":224,"LagranYue:MagicReflectiveArmorRelic":191,"Smiling Mask":232,"testmod-CasingShield":203,"Shovel":197,"vexMod:RedPlottingStone":178,"Dota2Spire:BladeMail":222,"testmod-ObsoleteBoomerang":235,"halation:Toothbrush":214,"LagranYue:NewUniverseRelic":172,"Potion Belt":201,"StuffTheSpire:TintedRock":222,"Boundary_crack":0,"halation:SelfBoilingWater":215,"PrismaMod:PrismaSapphireUpgrade":181,"AT_ImmortalShieldbow":237,"Busted Crown":207,"Ornamental Fan":237,"ExplosiveVial":218,"CrazyTorch:ReiMu":237,"halation:AfternoonTea":196,"paleoftheancients:SoulOfTheThorton":248,"AT_SunfireAegis":231,"REME_ComplimentaryCards":0,"Dota2Spire:MaskOfMadness":248,"Chi":191,"HollowMod:StagPassRelic":170,"HornCleat":242,"Prayer Wheel":180,"Iron Hammer":167,"Toxic Egg 2":169,"LugNut":199,"conspire:Dentures":170,"paleoftheancients:KeyRelic":245,"ReplayTheSpireMod:CursedCoin":204,"StuffTheSpire:ForceGauntlet":206,"Astrolabe":229,"WarlordEmblem:WuziBook":214,"Replay:Kaleidoscope":202,"Letter Opener":245,"paleoftheancients:Timepiece":245,"testmod-RealStoneCalender":167,"Replay:Baseball":183,"conspire:GiftBox":185,"Molten Egg 2":169,"Onion Ring":186,"Nloth\u0027s Gift":229,"StuffTheSpire:OldFever":167,"testmod-OneHitWonder":248,"Memoryfragments_purpleEX":0,"PrismaMod:PrismaSapphire":0,"aspiration:TomeofQuesting":244,"LagranYue:RareGoldArmorRelic":227,"StuffTheSpire:Experiment12":249,"Chameleon Ring":199,"testmod-InjuryResistance":214,"paleoftheancients:SoulOfTheGuardian":247,"testmod-Motorcycle":229,"MiniBlackHole":172,"qcfpunch:Necklace_of_Skulls":227,"Guide Book":201,"vexMod:FocusSash":177,"jedi:fakemustache":191,"testmod-Antiphasic":243,"SynthV:TestCard":219,"vexMod:HeadHunter":194,"Bag of Marbles":188},{"Replay:Accelerometer":746,"StuffTheSpire:Barrel":686,"AT_ATBox":0,"LagranYue:RandomDrawCardRelic":641,"WarlordEmblem:MantleBaku":661,"Spirit Poop":909,"Whetstone":734,"MagicDraw4":834,"testmod-BlackFramedGlasses":0,"MagicDraw2":764,"jedi:shrinkray":734,"MagicDraw1":768,"testmod-Prudence":641,"MealTicket":898,"vexMod:DeviousBotling":666,"halation:PromiseList":816,"WarlordEmblem:BrokenMantle":641,"testmod-TestBox":641,"testmod-Register":691,"Pen Nib":661,"Dota2Spire:Bloodstone":881,"AT_EbonyIvory":925,"Replay:Ancient Bell":850,"Ling":734,"qcfpunch:Broken_Tusk":686,"StuffTheSpire:MayFlowers":656,"CultistMask":873,"Technique":0,"ChiLing":734,"MetatronsCube":0,"WarlordEmblem:VoidPower":762,"Torii":719,"DaveBox":0,"Singing Bowl":834,"Dota2Spire:Vanguard":889,"Bag of Preparation":641,"Replay:Multitool":838,"LagranYue:MagicReflectiveArmorRelic":734,"Smiling Mask":865,"testmod-CasingShield":770,"Shovel":746,"vexMod:RedPlottingStone":686,"Dota2Spire:BladeMail":832,"testmod-ObsoleteBoomerang":877,"halation:Toothbrush":803,"LagranYue:NewUniverseRelic":661,"Potion Belt":764,"StuffTheSpire:TintedRock":832,"Boundary_crack":0,"halation:SelfBoilingWater":810,"PrismaMod:PrismaSapphireUpgrade":696,"AT_ImmortalShieldbow":883,"Busted Crown":785,"Ornamental Fan":883,"ExplosiveVial":821,"CrazyTorch:ReiMu":883,"halation:AfternoonTea":743,"paleoftheancients:SoulOfTheThorton":919,"AT_SunfireAegis":862,"REME_ComplimentaryCards":0,"Dota2Spire:MaskOfMadness":919,"Chi":734,"HollowMod:StagPassRelic":653,"HornCleat":898,"Prayer Wheel":691,"Iron Hammer":641,"Toxic Egg 2":648,"LugNut":751,"conspire:Dentures":653,"paleoftheancients:KeyRelic":909,"ReplayTheSpireMod:CursedCoin":776,"StuffTheSpire:ForceGauntlet":780,"Astrolabe":854,"WarlordEmblem:WuziBook":803,"Replay:Kaleidoscope":768,"Letter Opener":909,"paleoftheancients:Timepiece":909,"testmod-RealStoneCalender":641,"Replay:Baseball":700,"conspire:GiftBox":710,"Molten Egg 2":648,"Onion Ring":714,"Nloth\u0027s Gift":854,"StuffTheSpire:OldFever":641,"testmod-OneHitWonder":919,"Memoryfragments_purpleEX":0,"PrismaMod:PrismaSapphire":0,"aspiration:TomeofQuesting":905,"LagranYue:RareGoldArmorRelic":850,"StuffTheSpire:Experiment12":925,"Chameleon Ring":751,"testmod-InjuryResistance":803,"paleoftheancients:SoulOfTheGuardian":917,"testmod-Motorcycle":854,"MiniBlackHole":661,"qcfpunch:Necklace_of_Skulls":850,"Guide Book":764,"vexMod:FocusSash":682,"jedi:fakemustache":734,"testmod-Antiphasic":901,"SynthV:TestCard":823,"vexMod:HeadHunter":740,"Bag of Marbles":723}]},"card_choices":[{"not_picked":["PurpleNeedle_purple","OmniscientAndOmnipotent_Monster_purple"],"picked":"Charmbait_purple","floor":1.0},{"not_picked":["Mirror_FormAndEmptin_purple","ExistenceContinue_purple","Charmbait_purple","Umbrella_purple"],"picked":"WeekHit_purple","floor":3.0},{"not_picked":["Bait_HighSpeedFlying_purple","ExistenceContinue_purple","Charmbait_purple","WatchEChange_purple"],"picked":"MonsterNeedle_purple","floor":4.0},{"not_picked":["Worldmountain_purple","RuleDissolution_purple","CommonSense_AntiCommonSense_purple","Boundary_ObjectiveBoundary_purple"],"picked":"SfantasyHide_purple","floor":6.0},{"not_picked":["RealityDreamConfluencek_purple","CommonSense_AntiCommonSense_purple","Line_surface_state_purple","PositiveMatter_Antimatter_Universe_purple"],"picked":"Theboundaryofcreation_purpleEX","floor":8.0},{"not_picked":["Nest_LightFlightworm_purple","StateErode_purple","Charmbait_purple","Know_ledgeAbilityRealm_purple","Mirror_FormAndEmptin_purple"],"picked":"Singing Bowl","floor":10.0},{"not_picked":["Worldmountain_purple","Boundary_ObjectiveBoundary_purple","OpenedBox_purple","ExistenceContinue_purple","Shallow_ocean_purpleEX"],"picked":"Singing Bowl","floor":12.0},{"not_picked":["RealityDreamConfluencek_purple","SfantasyHide_purple","Nest_LightFlightworm_purple","WatchEChange_purple","Mirror_FormAndEmptin_purple"],"picked":"Singing Bowl","floor":14.0},{"not_picked":["Computing_the_future_purpleEX","UniverseChoice_purple","WangLiang_LineAndCurveDreams_purple","GluttonyofRealm_purpleEX"],"picked":"ContainerChange_purple","floor":16.0},{"not_picked":["Replay:Hysterical Blindness","Spreading Infection","Voices","Regret"],"picked":"hubris:Gluttony","floor":17.0},{"not_picked":["hubris:Disease","ReplayTheSpireMod:Doomed","ReplayTheSpireMod:IOU","Voices"],"picked":"vexMod:UltimateCard","floor":17.0},{"not_picked":["CurseOfTheBell","ReplayTheSpireMod:Restless Dread","infinitespire:Pacifist","hubris:Compulsion"],"picked":"animator:Curse_Nutcracker","floor":17.0},{"not_picked":["StateDuplicate_purple","Mirror_FormAndEmptin_purple","WatchEChange_purple"],"picked":"Singing Bowl","floor":18.0},{"not_picked":["MeetDecomposer_purple","OmniscientAndOmnipotent_Monster_purple","StateDuplicate_purple","Bait_Toxicbait_purple","StateErode_purple"],"picked":"Singing Bowl","floor":18.0},{"not_picked":["Bait_HighSpeedFlying_purple","Charmbait_purple","SfantasyHide_purple"],"picked":"Singing Bowl","floor":19.0},{"not_picked":["RuleDissolution_purple","ExistenceContinue_purple+1","Mirror_FormAndEmptin_purple","Boundary_of_Extermination_purpleEX+1"],"picked":"SharpContractionReality_purple+1","floor":19.0},{"not_picked":["Boundary_ObjectiveBoundary_purple","RuleDissolution_purple","ExistenceContinue_purple"],"picked":"Singing Bowl","floor":22.0},{"not_picked":["WingOfChimera_purple","Line_surface_state_purple","Realm_recovery_purpleEX","OmniscientAndOmnipotent_Monster_purple+1"],"picked":"Anti_communist_purple+1","floor":22.0},{"not_picked":["Boundary_of_Extermination_purpleEX","Line_surface_state_purple","WatchEChange_purple"],"picked":"Singing Bowl","floor":23.0},{"not_picked":["Anti_communist_purple","CommonSense_AntiCommonSense_purple","ProofOfUnderstanding_purple","OmniscientAndOmnipotent_Monster_purple","UniverseChoice_purple"],"picked":"Singing Bowl","floor":23.0},{"not_picked":["SharpContractionReality_purple","Fancifulhole_purple","SfantasyHide_purple"],"picked":"Singing Bowl","floor":24.0},{"not_picked":["MeetDecomposer_purple","StateErode_purple","Line_surface_state_purple+1","Boundary_LightAndDark_purple","ButterflyHabitatTemple_purple"],"picked":"Singing Bowl","floor":24.0},{"not_picked":["MeetDecomposer_purple","StateDuplicate_purple+1","Know_ledgeAbilityRealm_purple","StateErode_purple","Umbrella_purple+1"],"picked":"Singing Bowl","floor":27.0},{"not_picked":["D_absorption_purple","Charmbait_purple","Bait_HighSpeedFlying_purple"],"picked":"Singing Bowl","floor":29.0},{"not_picked":["Boundary_DreamRealityDamnation_purple","AdvanceAttack_purple","StateDuplicate_purple","Realm_recovery_purpleEX","Mirror_FourBoundary_purple"],"picked":"Singing Bowl","floor":29.0},{"not_picked":["ContainerChange_purple","Extrememeaning_purpleEX","Erosivefilter_purple"],"picked":"Singing Bowl","floor":31.0},{"not_picked":["CommonSense_AntiCommonSense_purple","WangLiang_OokamiKakushi_purple","Boundary_LightAndDark_purple+1","Realm_recovery_purpleEX+1","Anti_communist_purple"],"picked":"Singing Bowl","floor":31.0},{"not_picked":["DimensionStaggered_purple","MonsterNeedle_purple","Umbrella_purple"],"picked":"Singing Bowl","floor":33.0},{"not_picked":["GluttonyofRealm_purpleEX","Computing_the_future_purpleEX","BarrageBoundary_PipeDream_purple","ContainerChange_purple","LoveAcrossDimensions_purple"],"picked":"Singing Bowl","floor":33.0},{"not_picked":["Realm_recovery_purpleEX","Boundary_LightAndDark_purple","MetroBOOM_purple+1","Photoelasticity_Doppler_Effect_purple+1","Boundary_ObjectiveBoundary_purple"],"picked":"Singing Bowl","floor":35.0},{"not_picked":["DimensionStaggered_purple","Shallow_ocean_purpleEX+1","MonsterNeedle_purple","ExistenceContinue_purple","MetroBOOM_purple"],"picked":"Singing Bowl","floor":38.0},{"not_picked":["Line_surface_state_purple","WorldDissolvedintheRealm_purple","Worldmountain_purple"],"picked":"Singing Bowl","floor":39},{"not_picked":["RuleDissolution_purple+1","Shallow_ocean_purpleEX+1","OmniscientAndOmnipotent_Monster_purple+1","Line_surface_state_purple","ExistenceContinue_purple"],"picked":"Singing Bowl","floor":39},{"not_picked":["Realm_recovery_purpleEX","DarkRealmRedLine_purple","SharpContractionReality_purple"],"picked":"Singing Bowl","floor":40},{"not_picked":["MeetDecomposer_purple","Nest_LightFlightworm_purple","AdvanceAttack_purple","Boundary_ObjectiveBoundary_purple"],"picked":"DimensionStaggered_purple+1","floor":40},{"not_picked":["SfantasyHide_purple","StateDuplicate_purple","CommonSense_AntiCommonSense_purple"],"picked":"Singing Bowl","floor":41},{"not_picked":["Shallow_ocean_purpleEX+1","Worldmountain_purple","DimensionStaggered_purple+1","Fantasy_PerpetualMotionMachine_purple+1","WasteWire_Metro_purple"],"picked":"Singing Bowl","floor":41},{"not_picked":["Erosivefilter_purple","AdvanceAttack_purple","AdvanceAttack_purple"],"picked":"Singing Bowl","floor":42},{"not_picked":["StateErode_purple+1","RuleDissolution_purple","SfantasyHide_purple","Charmbait_purple+1","RuptureOfTimeAndSpace_purple"],"picked":"Singing Bowl","floor":42},{"not_picked":["Know_ledgeAbilityRealm_purple","StateDuplicate_purple","Charmbait_purple","Boundary_DreamRealityDamnation_purple+1","Boundary_ObjectiveBoundary_purple+1"],"picked":"Singing Bowl","floor":44},{"not_picked":["OmniscientAndOmnipotent_Monster_purple","StateErode_purple","Worldmountain_purple"],"picked":"Singing Bowl","floor":47},{"not_picked":["Umbrella_purple","RealityDreamConfluencek_purple","StateErode_purple","OmniscientAndOmnipotent_Monster_purple+1","Charmbait_purple+1"],"picked":"Singing Bowl","floor":47},{"not_picked":["Mirror_FormAndEmptin_purple","PositiveMatter_Antimatter_Universe_purple","Computing_the_future_purpleEX"],"picked":"Singing Bowl","floor":51},{"not_picked":["Mirror_FourBoundary_purple","Realm_recovery_purpleEX","DimensionStaggered_purple","Shallow_ocean_purpleEX+1","StateErode_purple"],"picked":"Singing Bowl","floor":51},{"not_picked":["StateErode_purple","MonsterNeedle_purple","PositiveMatter_Antimatter_Universe_purple"],"picked":"Singing Bowl","floor":52},{"not_picked":["StateDuplicate_purple","SharpContractionReality_purple+1","DimensionStaggered_purple","MNeedle_purple+1","SfantasyHide_purple+1"],"picked":"Singing Bowl","floor":52},{"not_picked":["MonsterNeedle_purple","Photoelasticity_Doppler_Effect_purple","StateErode_purple+1","SharpContractionReality_purple","AdvanceAttack_purple+1"],"picked":"Singing Bowl","floor":53},{"not_picked":["Computing_the_future_purpleEX","ContainerChange_purple","AdvanceAttack_purple"],"picked":"Singing Bowl","floor":56},{"not_picked":["Charmbait_purple","RealityDreamConfluencek_purple","MeetDecomposer_purple","ExistenceContinue_purple","Worldmountain_purple"],"picked":"Singing Bowl","floor":56}],"player_experience":1458159,"relics_obtained":[{"floor":1.0,"key":"SynthV:TestCard"},{"floor":6.0,"key":"Dota2Spire:BladeMail"},{"floor":7.0,"key":"StuffTheSpire:TintedRock"},{"floor":8.0,"key":"Singing Bowl"},{"floor":9.0,"key":"MagicDraw4"},{"floor":10.0,"key":"Replay:Multitool"},{"floor":12.0,"key":"Shovel"},{"floor":23.0,"key":"AT_SunfireAegis"},{"floor":26.0,"key":"Smiling Mask"},{"floor":31.0,"key":"testmod-ObsoleteBoomerang"},{"floor":37.0,"key":"AT_ImmortalShieldbow"},{"floor":40,"key":"Dota2Spire:Vanguard"},{"floor":42,"key":"HornCleat"},{"floor":43,"key":"MealTicket"},{"floor":45,"key":"testmod-Antiphasic"},{"floor":52,"key":"paleoftheancients:SoulOfTheGuardian"},{"floor":53,"key":"paleoftheancients:SoulOfTheThorton"},{"floor":54,"key":"testmod-OneHitWonder"},{"floor":55,"key":"Dota2Spire:MaskOfMadness"},{"floor":56,"key":"paleoftheancients:SoulOfTheDefect"},{"floor":57,"key":"StuffTheSpire:Experiment12"},{"floor":58,"key":"AT_EbonyIvory"}],"event_choices":[{"damage_healed":0.0,"max_hp_gain":0.0,"max_hp_loss":0.0,"gold_gain":0.0,"event_name":"conspire:Investor","player_choice":"Invest 1","floor":5.0,"gold_loss":0.0,"damage_taken":0.0},{"damage_healed":0.0,"max_hp_gain":0.0,"max_hp_loss":0.0,"gold_gain":0.0,"event_name":"N\u0027loth","player_choice":"Traded Relic","floor":20.0,"relics_lost":["ExplosiveVial"],"gold_loss":0.0,"damage_taken":0.0,"relics_obtained":["Nloth\u0027s Gift"]},{"damage_healed":0.0,"max_hp_gain":0.0,"max_hp_loss":0.0,"gold_gain":0.0,"event_name":"FaceTrader","player_choice":"Trade","floor":30.0,"gold_loss":0.0,"damage_taken":0.0,"relics_obtained":["CultistMask"]},{"damage_healed":0,"gold_gain":0,"player_choice":"Upgraded","damage_taken":0,"max_hp_gain":0,"max_hp_loss":0,"event_name":"Upgrade Shrine","floor":46,"gold_loss":0,"cards_upgraded":["WeekHit_purple"]}],"is_beta":false,"boss_relics":[{"not_picked":["qcfpunch:Killian_Engine_Alpha","Pandora\u0027s Box"],"picked":"Replay:Ancient Bell"},{"not_picked":["Bag of Marbles","Dota2Spire:LotusOrb"],"picked":"Pen Nib"},{"not_picked":["jedi:archwizardhat","Eternal Feather"],"picked":"qcfpunch:Necklace_of_Skulls"},{"not_picked":["AT_Manta","aspiration:DSix"],"picked":"LagranYue:RareGoldArmorRelic"},{"not_picked":["Replay:Drink Me","conspire:SeveredTorchhead"],"picked":"Dota2Spire:Bloodstone"}],"items_purged_floors":[0,0,2,21,28,36,48],"is_endless":false,"potions_floor_spawned":[1,6,10,12,23,27,29,31,39,40,41,51,52],"ascension_level":0}}