{"host":"Qube","time":1610151849,"event":{"mods":["AchievementEnabler","BaseMod","Colored Map","Colored Powertips","Minty Spire (QoL Compilation)","Quick Restart","Random Character Button","StSLib"],"gold_per_floor":[112,112,92,109,109,109,137,156,182,197,212,240,292,327,327,327,327],"floor_reached":16,"playtime":531,"items_purged":[],"score":283,"play_id":"471258cc-d664-476b-8682-207ef3bfccc8","local_time":"20210108162409","is_ascension_mode":true,"campfire_choices":[{"floor":6,"key":"REST"},{"floor":15,"key":"REST"}],"circlet_count":0,"master_deck":["AscendersBane","Strike_P","Strike_P","Strike_P","Strike_P","Defend_P","Defend_P","Defend_P","Eruption","Vigilance","Perseverance","MentalFortress","Scrawl","EmptyBody","Wallop","FollowUp","WheelKick","Scrawl"],"relics":["PureWater","NeowsBlessing","Anchor","Nunchaku","Vajra","Mercury Hourglass","Bronze Scales","MealTicket"],"acts_visited":["Exordium"],"potions_floor_usage":[11,12],"damage_taken":[{"damage":0,"enemies":"Cultist","floor":1,"turns":1},{"damage":0,"enemies":"2 Louse","floor":4,"turns":1},{"damage":0,"enemies":"3 Sentries","floor":7,"turns":2},{"damage":2,"enemies":"Small Slimes","floor":8,"turns":6},{"damage":0,"enemies":"Blue Slaver","floor":10,"turns":6},{"damage":0,"enemies":"Exordium Wildlife","floor":11,"turns":5},{"damage":3,"enemies":"Lagavulin","floor":12,"turns":8},{"damage":25,"enemies":"Gremlin Nob","floor":14,"turns":4},{"damage":3,"enemies":"The Guardian","floor":16,"turns":7}],"seed_played":"2591376048330659737","potions_obtained":[{"floor":1,"key":"DistilledChaos"},{"floor":3,"key":"Ancient Potion"},{"floor":4,"key":"Strength Potion"}],"is_trial":false,"path_per_floor":["M","?","?","M","?","R","E","M","T","M","M","E","T","E","R","B"],"character_chosen":"WATCHER","items_purchased":[],"campfire_rested":2,"item_purchase_floors":[],"current_hp_per_floor":[61,35,35,35,28,48,48,46,46,46,46,43,43,18,38,35,35],"gold":327,"neow_bonus":"THREE_ENEMY_KILL","is_daily":false,"chose_seed":false,"campfire_upgraded":0,"win_rate":0.0,"timestamp":1610151849,"path_taken":["M","?","?","?","?","R","E","M","T","M","M","E","?","E","R","BOSS"],"items_purchased_type":[],"build_version":"2020-12-18","purchased_purges":0,"victory":false,"max_hp_per_floor":[68,68,68,68,68,68,68,68,68,68,68,68,68,68,68,68,68],"card_choices":[{"not_picked":["FollowUp","ReachHeaven"],"picked":"Perseverance","floor":1},{"not_picked":["JustLucky","Evaluate"],"picked":"MentalFortress","floor":4},{"not_picked":["Pray","ThirdEye"],"picked":"Scrawl","floor":7},{"not_picked":["Nirvana","CrushJoints"],"picked":"EmptyBody","floor":8},{"not_picked":["Fasting2","Pray"],"picked":"Wallop","floor":10},{"not_picked":["EmptyBody","Weave"],"picked":"FollowUp","floor":11},{"not_picked":["DeceiveReality","ThirdEye"],"picked":"WheelKick","floor":12},{"not_picked":["BowlingBash","TalkToTheHand"],"picked":"Scrawl","floor":14}],"player_experience":854477,"relics_obtained":[{"floor":7,"key":"Nunchaku"},{"floor":9,"key":"Vajra"},{"floor":12,"key":"Mercury Hourglass"},{"floor":13,"key":"Bronze Scales"},{"floor":14,"key":"MealTicket"}],"event_choices":[{"damage_healed":0,"gold_gain":0,"player_choice":"Success","damage_taken":26,"relics_obtained":["Anchor"],"max_hp_gain":0,"max_hp_loss":0,"event_name":"Scrap Ooze","floor":2,"gold_loss":0},{"damage_healed":0,"gold_gain":0,"player_choice":"Bought 1 Potion","damage_taken":0,"max_hp_gain":0,"max_hp_loss":0,"event_name":"The Woman in Blue","floor":3,"gold_loss":0},{"cards_removed":["Defend_P"],"damage_healed":0,"gold_gain":0,"player_choice":"Card Removal","damage_taken":7,"max_hp_gain":0,"max_hp_loss":0,"event_name":"Golden Wing","floor":5,"gold_loss":0}],"is_beta":true,"boss_relics":[],"items_purged_floors":[],"is_endless":false,"potions_floor_spawned":[1,4,8],"killed_by":"The Guardian","ascension_level":19}}