{"host":"fnk117zi8wf5078t","time":1610201771,"event":{"mods":["AchievementEnabler","BaseMod","Colored Map","Minty Spire (QoL Compilation)","Rare Cards Sparkle","SuperFastMode","everything is the same but u backflip on backflip"],"gold_per_floor":[138,188,16,55,20,20,20,58,58,95,138,58,58,128,128,227,227,262,262,274,274,274,274,274],"floor_reached":23,"playtime":890,"items_purged":[],"score":348,"play_id":"635f4157-a5ef-4937-93b9-e9b68c0a209a","local_time":"20210109231611","is_ascension_mode":true,"campfire_choices":[{"data":"HandOfGreed","floor":6,"key":"SMITH"},{"floor":15,"key":"REST"}],"circlet_count":0,"master_deck":["AscendersBane","Strike_R","Strike_R","Strike_R+1","Strike_R","Strike_R+1","Defend_R","Defend_R","Defend_R","Defend_R","Bash","HandOfGreed+1","Cleave","Armaments","Body Slam","Dropkick","Bandage Up","Pummel","Impervious","Body Slam","Armaments+1","RitualDagger","Writhe"],"relics":["Burning Blood","Centennial Puzzle","Meat on the Bone","The Courier","Sozu","Strawberry"],"acts_visited":["Exordium","TheCity"],"potions_floor_usage":[8,16,16],"damage_taken":[{"damage":19,"enemies":"Jaw Worm","floor":1,"turns":4},{"damage":2,"enemies":"2 Louse","floor":2,"turns":5},{"damage":3,"enemies":"Small Slimes","floor":4,"turns":2},{"damage":6,"enemies":"2 Fungi Beasts","floor":8,"turns":3},{"damage":11,"enemies":"Blue Slaver","floor":10,"turns":4},{"damage":22,"enemies":"Large Slime","floor":11,"turns":7},{"damage":17,"enemies":"Exordium Wildlife","floor":14,"turns":4},{"damage":42,"enemies":"Hexaghost","floor":16,"turns":8},{"damage":34,"enemies":"Shell Parasite","floor":18,"turns":4},{"damage":16,"enemies":"3 Byrds","floor":20,"turns":5},{"damage":24,"enemies":"Gremlin Leader","floor":23,"turns":7}],"seed_played":"-4827096682901599400","potions_obtained":[{"floor":1,"key":"SmokeBomb"},{"floor":4,"key":"DistilledChaos"},{"floor":10,"key":"PowerPotion"},{"floor":11,"key":"SteroidPotion"}],"is_trial":false,"path_per_floor":["M","M","$","M","?","R","?","M","T","M","M","$","?","M","R","B",null,"M","?","M","?","?","E"],"character_chosen":"IRONCLAD","items_purchased":["Centennial Puzzle","Bandage Up"],"campfire_rested":1,"item_purchase_floors":[3,12],"current_hp_per_floor":[37,41,41,44,62,62,57,57,57,52,48,48,25,30,52,32,64,52,52,46,40,47,27,27],"gold":274,"neow_bonus":"RANDOM_COLORLESS_2","is_daily":false,"chose_seed":false,"campfire_upgraded":1,"win_rate":0.0,"timestamp":1610201771,"path_taken":["M","M","$","M","?","R","?","?","T","M","M","$","?","M","R","BOSS","M","?","M","?","?","E"],"items_purchased_type":["Relic","Card"],"build_version":"2020-12-22","purchased_purges":0,"victory":false,"max_hp_per_floor":[75,75,75,75,75,75,75,75,75,75,75,75,75,75,75,75,75,75,75,75,75,82,82,82],"card_choices":[{"not_picked":["Panache","Master of Strategy"],"picked":"HandOfGreed","floor":0},{"not_picked":["Sword Boomerang","Perfected Strike"],"picked":"Cleave","floor":1},{"not_picked":["Heavy Blade","Disarm"],"picked":"Armaments","floor":2},{"not_picked":["Twin Strike","Cleave","Flex"],"picked":"SKIP","floor":4},{"not_picked":["Cleave","Heavy Blade"],"picked":"Body Slam","floor":8},{"not_picked":["Clothesline","Havoc","Feel No Pain"],"picked":"SKIP","floor":10},{"not_picked":["Heavy Blade","Iron Wave"],"picked":"Dropkick","floor":11},{"not_picked":["Sentinel","Anger"],"picked":"Pummel","floor":14},{"not_picked":["Reaper","Feed"],"picked":"Impervious","floor":16},{"not_picked":["Headbutt","Blood for Blood"],"picked":"Body Slam","floor":18},{"not_picked":["Anger","Wild Strike"],"picked":"Armaments+1","floor":20}],"player_experience":363076,"relics_obtained":[{"floor":9,"key":"The Courier"}],"event_choices":[{"damage_healed":18,"gold_gain":0,"player_choice":"Healed","damage_taken":0,"max_hp_gain":0,"max_hp_loss":0,"event_name":"The Cleric","floor":5,"gold_loss":35},{"damage_healed":0,"gold_gain":0,"player_choice":"Success","damage_taken":5,"relics_obtained":["Meat on the Bone"],"max_hp_gain":0,"max_hp_loss":0,"event_name":"Scrap Ooze","floor":7,"gold_loss":0},{"damage_healed":0,"gold_gain":0,"player_choice":"Entered Light","damage_taken":23,"max_hp_gain":0,"max_hp_loss":0,"event_name":"Shining Light","floor":13,"gold_loss":0,"cards_upgraded":["Strike_R","Strike_R"]},{"damage_healed":0,"gold_gain":0,"player_choice":"Ignored","damage_taken":0,"max_hp_gain":0,"max_hp_loss":0,"event_name":"Vampires","floor":19,"gold_loss":0},{"damage_healed":0,"gold_gain":0,"player_choice":"Joined the Cult","damage_taken":6,"max_hp_gain":0,"max_hp_loss":0,"event_name":"Nest","floor":21,"gold_loss":0,"cards_obtained":["RitualDagger"]},{"damage_healed":0,"gold_gain":0,"player_choice":"Opened","damage_taken":0,"relics_obtained":["Strawberry"],"max_hp_gain":0,"max_hp_loss":0,"event_name":"The Mausoleum","floor":22,"gold_loss":0,"cards_obtained":["Writhe"]}],"is_beta":false,"boss_relics":[{"not_picked":["SacredBark","Busted Crown"],"picked":"Sozu"}],"items_purged_floors":[],"is_endless":false,"potions_floor_spawned":[1,4,10,11],"killed_by":"Gremlin Leader","ascension_level":18}}