{"host":"6pgtslebjnyv5xmi","time":1610171770,"event":{"mods":["AchievementEnabler","BaseMod","Colored Map","Minty Spire (QoL Compilation)","Rare Cards Sparkle","StSLib","SuperFastMode","The Hierophant","everything is the same but u backflip on backflip"],"gold_per_floor":[112,112,187,187,201,201,201,234,234,234,247,247,247,265,265,265,265],"floor_reached":16,"playtime":377,"items_purged":[],"score":209,"play_id":"dfaa6d8a-6d1e-4839-87d4-0702cea658d6","local_time":"20210109145610","is_ascension_mode":true,"campfire_choices":[{"data":"Offering","floor":6,"key":"SMITH"},{"data":"Evolve","floor":10,"key":"SMITH"},{"data":"Twin Strike","floor":13,"key":"SMITH"},{"data":"Bash","floor":15,"key":"SMITH"}],"circlet_count":0,"master_deck":["AscendersBane","Strike_R","Strike_R","Strike_R","Strike_R","Strike_R","Defend_R","Defend_R","Defend_R","Defend_R","Bash+1","Twin Strike+1","Offering+1","Twin Strike","Parasite","Evolve+1","Regret","Wild Strike"],"relics":["Burning Blood","NeowsBlessing","Happy Flower","Self Forming Clay","Turnip"],"acts_visited":["Exordium"],"potions_floor_usage":[16,16],"damage_taken":[{"damage":0,"enemies":"Jaw Worm","floor":1,"turns":1},{"damage":0,"enemies":"2 Louse","floor":5,"turns":2},{"damage":0,"enemies":"3 Sentries","floor":8,"turns":2},{"damage":11,"enemies":"Cultist","floor":11,"turns":5},{"damage":17,"enemies":"Blue Slaver","floor":14,"turns":4},{"damage":89,"enemies":"Hexaghost","floor":16,"turns":9}],"seed_played":"-1080166641996550300","potions_obtained":[{"floor":1,"key":"Regen Potion"},{"floor":8,"key":"PowerPotion"},{"floor":11,"key":"Regen Potion"}],"is_trial":false,"path_per_floor":["M","$","?","?","M","R","?","E","T","R","M","?","R","M","R","B"],"character_chosen":"IRONCLAD","items_purchased":[],"campfire_rested":0,"item_purchase_floors":[],"current_hp_per_floor":[74,74,63,63,69,69,75,75,75,75,70,70,70,59,59,0,0],"gold":265,"neow_bonus":"THREE_ENEMY_KILL","is_daily":false,"chose_seed":false,"campfire_upgraded":4,"win_rate":0.0,"timestamp":1610171770,"path_taken":["M","$","?","?","?","R","?","E","T","R","M","?","R","M","R","BOSS"],"items_purchased_type":[],"build_version":"2020-12-22","purchased_purges":0,"victory":false,"max_hp_per_floor":[75,75,75,75,75,75,75,75,75,75,75,75,75,75,75,75,75],"card_choices":[{"not_picked":["Rupture","Iron Wave"],"picked":"Twin Strike","floor":1},{"not_picked":["Reckless Charge","Carnage"],"picked":"Twin Strike","floor":5},{"not_picked":["Burning Pact","Twin Strike"],"picked":"Evolve","floor":8},{"not_picked":["Heavy Blade","Cleave","Warcry"],"picked":"SKIP","floor":11},{"not_picked":["Disarm","Armaments"],"picked":"Wild Strike","floor":14}],"player_experience":912863,"relics_obtained":[{"floor":8,"key":"Happy Flower"},{"floor":9,"key":"Self Forming Clay"}],"event_choices":[{"damage_healed":0,"gold_gain":75,"player_choice":"Gather Gold","damage_taken":11,"max_hp_gain":0,"max_hp_loss":0,"event_name":"World of Goop","floor":3,"gold_loss":0},{"damage_healed":0,"gold_gain":0,"player_choice":"1 cards matched","damage_taken":0,"max_hp_gain":0,"max_hp_loss":0,"event_name":"Match and Keep!","floor":4,"gold_loss":0,"cards_obtained":["Offering"]},{"damage_healed":18,"gold_gain":0,"player_choice":"Healed and dodged fight","damage_taken":0,"max_hp_gain":0,"max_hp_loss":0,"event_name":"Mushrooms","floor":7,"gold_loss":0,"cards_obtained":["Parasite"]},{"damage_healed":0,"gold_gain":0,"player_choice":"Box","damage_taken":0,"relics_obtained":["Turnip"],"max_hp_gain":0,"max_hp_loss":0,"event_name":"Big Fish","floor":12,"gold_loss":0,"cards_obtained":["Regret"]}],"is_beta":false,"boss_relics":[],"items_purged_floors":[],"is_endless":false,"potions_floor_spawned":[1,8,11],"killed_by":"Hexaghost","ascension_level":14}}