{"host":"pno9h1fupbyz205f","time":1610225322,"event":{"mods":["Aspiration","BaseMod","Better Altar","Better Match","Better Note","Better Sensory Stone","Better Skull","Better Third Choice","Colored Map","Colored Powertips","Hubris","Infinite Spire","Jedi Mod","Mad Scientist","Marisa????????","Minty Spire (QoL Compilation)","Permanent Neow","Potionbrewer","Replay The Spire","Shop Mod","Spicy Shops","StSLib","Td1madao Mod","The Blackbeard","The Gatherer","The Hierophant","The Poker Player","The Runesmith","The Servant 0.9.4","thorton","vexMod"],"gold_per_floor":[110,110,35,45,63,89,89,101,179,179,194,212,212,225,225,331,331,335,335,30,30,86,86,86,86,86,86,512,538,538,563,563,627,627],"floor_reached":33,"playtime":1283,"items_purged":["hierophant:Strike_Hierophant","hierophant:Defend_Hierophant","Blade Dance"],"score":303,"play_id":"e9aae559-e86f-4421-bd13-71596cfa426e","local_time":"20210109124842","is_ascension_mode":false,"campfire_choices":[{"data":"hierophant:HolyVerse","floor":7,"key":"SMITH"},{"floor":13,"key":"REST"},{"data":"hierophant:ChurchCoffers","floor":15,"key":"SMITH"},{"floor":23,"key":"REST"},{"data":"hierophant:Invocation","floor":25,"key":"SMITH"},{"data":"Fluid Movement","floor":27,"key":"SMITH"},{"floor":30,"key":"REST"},{"data":"Outmaneuver","floor":32,"key":"SMITH"}],"circlet_count":0,"master_deck":["hierophant:Punish","hierophant:Defend_Hierophant","hierophant:Defend_Hierophant","hierophant:Defend_Hierophant","hierophant:ChurchCoffers+1","hierophant:HolyVerse","hierophant:HolyVerse+1","hierophant:Alms","hierophant:OrnateBuckler","hierophant:Smite","hierophant:Smite","hierophant:TollTheBells","hierophant:Invocation+1","hierophant:OrnateBuckler","Fluid Movement+1","Deflect","Burst+1","hierophant:PassingBell","hierophant:HolyVerse","hierophant:ThreeLashes","hierophant:Doubloon","hierophant:Charity","All Out Attack","Die Die Die","Slice+1","Flying Knee+1","Outmaneuver+1"],"relics":["hierophant:PropheticMaskRelic","hubris:Zylophone","hubris:DeckOfHolding","Oddly Smooth Stone","aspiration:SilentSkillbook","Question Card","Ornamental Fan","potionbrewer:BoosterPack","vexMod:ConsolationPrize","Old Coin","Shuriken"],"acts_visited":["Exordium","TheCity"],"potions_floor_usage":[6,6,16,16,28,29],"damage_taken":[{"damage":0,"enemies":"Small Slimes","floor":1,"turns":3},{"damage":10,"enemies":"Cultist","floor":4,"turns":4},{"damage":0,"enemies":"2 Louse","floor":5,"turns":1},{"damage":24,"enemies":"3 Sentries","floor":6,"turns":7},{"damage":11,"enemies":"Large Slime","floor":8,"turns":3},{"damage":0,"enemies":"Gremlin Nob","floor":11,"turns":2},{"damage":0,"enemies":"Blue Slaver","floor":12,"turns":2},{"damage":0,"enemies":"Gremlin Gang","floor":14,"turns":1},{"damage":17,"enemies":"Fading Forest","floor":16,"turns":11},{"damage":10,"enemies":"Chosen","floor":18,"turns":2},{"damage":0,"enemies":"Colosseum Slavers","floor":28,"turns":1},{"damage":22,"enemies":"Colosseum Nobs","floor":28,"turns":4},{"damage":0,"enemies":"Shell Parasite","floor":29,"turns":2},{"damage":0,"enemies":"Sentry and Sphere","floor":31,"turns":2},{"damage":85,"enemies":"Champ","floor":33,"turns":9}],"seed_played":"3238825816609434828","potions_obtained":[{"floor":1,"key":"Dexterity Potion"},{"floor":5,"key":"PowerPotion"},{"floor":11,"key":"Ancient Potion"},{"floor":14,"key":"PowerPotion"},{"floor":22,"key":"potionbrewer:BarricadePotion"},{"floor":28,"key":"potionbrewer:HastePotion"}],"is_trial":false,"path_per_floor":["M","?","$","M","M","E","R","M","T","?","E","M","R","M","R","B",null,"M","?","$","?","?","R","AVR","R","T","R","?","M","R","M","R","B"],"character_chosen":"HIEROPHANT","items_purchased":["hierophant:OrnateBuckler","Fluid Movement","Deflect"],"campfire_rested":3,"item_purchase_floors":[20,20,20],"current_hp_per_floor":[75,75,75,65,65,41,41,30,30,23,23,23,45,45,45,44,75,65,65,65,65,47,69,69,69,69,69,47,47,69,69,69,0,0],"gold":627,"neow_bonus":"TRANSFORM_CARD","is_daily":false,"chose_seed":false,"campfire_upgraded":5,"win_rate":0.0,"timestamp":1610225322,"path_taken":["M","?","$","M","?","E","R","M","T","?","E","M","R","M","R","BOSS","M","?","$","?","?","R","AVR","R","T","R","?","M","R","M","R","BOSS"],"items_purchased_type":["Card","Card","Card"],"build_version":"2020-12-22","purchased_purges":3,"victory":false,"max_hp_per_floor":[75,75,75,75,75,75,75,75,75,75,75,75,75,75,75,75,75,75,75,75,75,75,75,75,75,75,75,75,75,75,75,75,75,75],"card_choices":[{"not_picked":["hierophant:MorningPrayer","hierophant:Sermon","hierophant:Shelter"],"picked":"SKIP","floor":1},{"not_picked":["hierophant:EyeForCoin","hierophant:Upheaval"],"picked":"hierophant:HolyVerse","floor":4},{"not_picked":["hierophant:MorningPrayer","hierophant:Shelter","hierophant:RustyCrate"],"picked":"SKIP","floor":5},{"not_picked":["hierophant:FieryStrike","hierophant:Dazzle"],"picked":"hierophant:Alms","floor":6},{"not_picked":["hierophant:Upheaval","hierophant:SecretStash"],"picked":"hierophant:OrnateBuckler","floor":8},{"not_picked":["hierophant:FieryStrike","hierophant:FlamingChariot"],"picked":"hierophant:Smite","floor":11},{"not_picked":["hierophant:Dazzle","hierophant:TollTheBells"],"picked":"hierophant:Smite","floor":12},{"not_picked":["hierophant:HammerAndAnvil","hierophant:Encroach"],"picked":"hierophant:TollTheBells","floor":14},{"not_picked":["hierophant:Batter","hierophant:Kindle"],"picked":"hierophant:Invocation","floor":16},{"not_picked":["Bane","Cloak And Dagger","hierophant:DisplayOfPower","hierophant:Rebuild"],"picked":"SKIP","floor":18},{"not_picked":["Dagger Spray","hierophant:FieryStrike+1","hierophant:Shelter","hierophant:ThreeLashes+1"],"picked":"hierophant:PassingBell","floor":22},{"not_picked":["jedi:studypoison","hierophant:HolyVerse","hierophant:Smite","Quick Slash"],"picked":"Slice+1","floor":28},{"not_picked":["hierophant:Sermon+1","hierophant:CoinFling","hierophant:Encroach","hierophant:FlamingChariot"],"picked":"Flying Knee+1","floor":29},{"not_picked":["hierophant:DisplayOfPower","Replay:Poison Smokescreen+1","hierophant:Encroach","Cloak And Dagger+1"],"picked":"Outmaneuver","floor":31}],"player_experience":134089,"relics_obtained":[{"floor":6,"key":"hubris:Zylophone"},{"floor":9,"key":"hubris:DeckOfHolding"},{"floor":11,"key":"Oddly Smooth Stone"},{"floor":22,"key":"Ornamental Fan"},{"floor":26,"key":"vexMod:ConsolationPrize"},{"floor":28,"key":"Old Coin"},{"floor":28,"key":"Shuriken"}],"event_choices":[{"cards_removed":["hierophant:Strike_Hierophant"],"damage_healed":0,"gold_gain":0,"player_choice":"Purged","damage_taken":0,"max_hp_gain":0,"max_hp_loss":0,"event_name":"Purifier","floor":2,"gold_loss":0},{"cards_removed":["hierophant:Strike_Hierophant"],"damage_healed":0,"gold_gain":0,"player_choice":"Card Removal","damage_taken":7,"max_hp_gain":0,"max_hp_loss":0,"event_name":"Golden Wing","floor":10,"gold_loss":0},{"cards_removed":["hierophant:Invocation"],"damage_healed":0,"gold_gain":0,"player_choice":"Take \u0026 Give","damage_taken":0,"max_hp_gain":0,"max_hp_loss":0,"event_name":"betterNote:BetterNote","floor":21,"gold_loss":0,"cards_obtained":["Burst"]},{"damage_healed":0,"gold_gain":0,"player_choice":"Fight","damage_taken":0,"max_hp_gain":0,"max_hp_loss":0,"event_name":"Colosseum","floor":28,"gold_loss":0},{"damage_healed":0,"gold_gain":0,"player_choice":"Fought Nobs","damage_taken":0,"max_hp_gain":0,"max_hp_loss":0,"event_name":"Colosseum","floor":28,"gold_loss":0}],"is_beta":false,"boss_relics":[{"not_picked":["Velvet Choker","Coffee Dripper"],"picked":"aspiration:SilentSkillbook"}],"items_purged_floors":[3,20,24],"is_endless":false,"potions_floor_spawned":[1,5,11,14,28,28],"killed_by":"Champ","ascension_level":0}}