{"host":"fjaupvxe7fzqrf4j","time":1610189787,"event":{"mods":["ATMod(°¢èªMod)","BaseMod","Minty Spire (QoL Compilation)","StSLib"],"gold_per_floor":[412,99,99,99,174,199,229,229,229,229,256,281,281,306,306,379,379,396,132,132,57,107,135,160,191,191,221,246,246,280,197,197,273,273,285,310,310,236,236,263,292,320,343,371,500,635,770,903,903,1003,1203,1203,1203,538,764,864],"floor_reached":57,"playtime":1680,"items_purged":["CarveReality","CutThroughFate","FlurryOfBlows+1"],"score":4602,"play_id":"53afba6c-14c8-4ded-90db-c8bf897e7d37","local_time":"20210109185627","daily_mods":["SealedDeck","Heirloom","Time Dilation","Flight","Elite Swarm"],"is_ascension_mode":true,"campfire_choices":[{"data":"ForeignInfluence","floor":10.0,"key":"SMITH"},{"floor":13.0,"key":"REST"},{"data":"Ragnarok","floor":15.0,"key":"SMITH"},{"data":"Adaptation","floor":32.0,"key":"SMITH"},{"floor":49,"key":"RECALL"},{"data":"1","floor":53,"key":"LIFT"}],"circlet_count":0,"master_deck":["AscendersBane","ClearTheMind+1","EmptyFist+1","ClearTheMind+1","ForeignInfluence+1","Tantrum+1","Crescendo+1","Halt+1","Adaptation+1","Blasphemy+1","Scrawl+1","Vault+1","Ragnarok+1","LessonLearned+1","Brilliance+1","Scrawl+1","Wallop+1","Adaptation+1","Brilliance+1"],"relics":["PureWater","AT_ATBox","Old Coin","ClockworkSouvenir","Orichalcum","Centennial Puzzle","AT_BellowingDragoncrestRing","Mummified Hand","AT_ArcaneBoots","Incense Burner","Runic Pyramid","Anchor","AT_DeathDance","AT_ForceNature","AT_SeraphEmbrace","Peace Pipe","Molten Egg 2","Damaru","AT_Manta","Fusion Hammer","Girya","Frozen Egg 2","AT_GoldPhoenixTree","Pantograph","AT_TheCollector","Calipers","Bottled Lightning","GoldenEye","AT_ImmortalShieldbow","Sundial","Akabeko","Art of War"],"acts_visited":["Exordium","TheCity","TheBeyond","TheEnding"],"potions_floor_usage":[54],"damage_taken":[{"damage":0.0,"enemies":"Small Slimes","floor":1.0,"turns":1.0},{"damage":20.0,"enemies":"Lagavulin","floor":6.0,"turns":3.0},{"damage":0.0,"enemies":"Gremlin Nob","floor":7.0,"turns":2.0},{"damage":0.0,"enemies":"Lagavulin","floor":11.0,"turns":2.0},{"damage":8.0,"enemies":"3 Sentries","floor":12.0,"turns":2.0},{"damage":0.0,"enemies":"Gremlin Nob","floor":14.0,"turns":2.0},{"damage":0.0,"enemies":"Slime Boss","floor":16.0,"turns":5.0},{"damage":0.0,"enemies":"Shell Parasite","floor":18.0,"turns":1.0},{"damage":2.0,"enemies":"Book of Stabbing","floor":23.0,"turns":2.0},{"damage":0.0,"enemies":"Gremlin Leader","floor":24.0,"turns":2.0},{"damage":4.0,"enemies":"Slavers","floor":25.0,"turns":2.0},{"damage":0.0,"enemies":"Book of Stabbing","floor":27.0,"turns":2.0},{"damage":0.0,"enemies":"Gremlin Leader","floor":28.0,"turns":2.0},{"damage":0.0,"enemies":"Book of Stabbing","floor":30.0,"turns":1.0},{"damage":0.0,"enemies":"Champ","floor":33.0,"turns":2.0},{"damage":0.0,"enemies":"3 Darklings","floor":35.0,"turns":1.0},{"damage":0.0,"enemies":"Mind Bloom Boss Battle","floor":36.0,"turns":1.0},{"damage":0.0,"enemies":"Reptomancer","floor":40.0,"turns":2.0},{"damage":0.0,"enemies":"Nemesis","floor":41.0,"turns":1.0},{"damage":0.0,"enemies":"Giant Head","floor":42.0,"turns":2.0},{"damage":0.0,"enemies":"Nemesis","floor":44.0,"turns":1.0},{"damage":0.0,"enemies":"Reptomancer","floor":45.0,"turns":2.0},{"damage":0.0,"enemies":"Giant Head","floor":46.0,"turns":1.0},{"damage":0,"enemies":"Nemesis","floor":47,"turns":1},{"damage":0,"enemies":"Giant Head","floor":48,"turns":2},{"damage":0,"enemies":"Time Eater","floor":50,"turns":2},{"damage":0,"enemies":"Awakened One","floor":51,"turns":2},{"damage":0,"enemies":"Shield and Spear","floor":55,"turns":1},{"damage":5,"enemies":"The Heart","floor":56,"turns":5}],"seed_played":"-698327423145213763","potions_obtained":[{"floor":7.0,"key":"EssenceOfSteel"},{"floor":14.0,"key":"Energy Potion"},{"floor":23.0,"key":"GamblersBrew"},{"floor":28.0,"key":"EntropicBrew"}],"is_trial":true,"path_per_floor":["M","$","?","$","?","E","E","?","T","R","E","E","R","E","R","B",null,"M","$","T","?","?","E","E","E","T","E","E","?","E","$","R","B",null,"M","?","?","$","?","E","E","E","T","E","E","E","E","E","R","B","B",null,"R","$","E","B",null],"character_chosen":"WATCHER","items_purchased":["Adaptation","ClockworkSouvenir","Anchor","Wallop+1","Adaptation","Sundial","Akabeko","StancePotion"],"campfire_rested":1,"item_purchase_floors":[2,2,19,31,38,54,54,54],"current_hp_per_floor":[61,61,61,61,50,30,30,30,30,30,30,22,42,42,42,42,62,62,62,62,62,62,60,60,56,56,56,56,56,56,56,56,56,65,65,65,65,65,65,65,65,65,65,65,65,65,65,65,65,65,65,65,65,65,65,60],"gold":864,"neow_bonus":"","is_daily":false,"chose_seed":false,"campfire_upgraded":3,"win_rate":0.0,"timestamp":1610189787,"path_taken":["M","$","?","?","?","E","E","?","T","R","E","E","R","E","R","BOSS","M","$","?","?","?","E","E","E","T","E","E","?","E","?","R","BOSS","M","?","?","$","?","E","E","E","T","E","E","E","E","E","R","BOSS","BOSS","R","$","E","BOSS"],"items_purchased_type":["Card","Relic","Relic","Card","Card","Relic","Relic","Potion"],"build_version":"2020-12-22","purchased_purges":3,"victory":true,"max_hp_per_floor":[68,68,68,68,68,68,68,68,68,68,68,68,68,68,68,68,68,68,68,68,68,68,68,68,68,68,68,68,68,68,68,68,68,68,68,68,68,68,65,65,65,65,65,65,65,65,65,65,65,65,65,65,65,65,65,65],"card_choices":[{"not_picked":["FlyingSleeves","FlurryOfBlows"],"picked":"Halt","floor":1.0},{"not_picked":["ConjureBlade","Devotion"],"picked":"Blasphemy","floor":6.0},{"not_picked":["AT_IrregularMenstruation","AT_RealColorLess"],"picked":"Scrawl","floor":7.0},{"not_picked":["AT_IrregularMenstruation","ConjureBlade"],"picked":"Vault","floor":11.0},{"not_picked":["MasterReality","ConjureBlade"],"picked":"Ragnarok","floor":12.0},{"not_picked":["AT_RealColorLess","SpiritShield"],"picked":"LessonLearned","floor":14.0},{"not_picked":["JustLucky","Nirvana","EmptyFist"],"picked":"SKIP","floor":18.0},{"not_picked":["AT_MachinaRedman","Ragnarok","DevaForm"],"picked":"SKIP","floor":23.0},{"not_picked":["Judgement","Establishment"],"picked":"Brilliance","floor":24.0},{"not_picked":["AT_IrregularMenstruation","Alpha","Wish"],"picked":"SKIP","floor":25.0},{"not_picked":["SpiritShield","Establishment","Blasphemy"],"picked":"SKIP","floor":27.0},{"not_picked":["AT_MachinaRedman","Blasphemy"],"picked":"Scrawl","floor":28.0},{"not_picked":["SpiritShield","DevaForm","Establishment"],"picked":"SKIP","floor":30.0},{"not_picked":["CrushJoints+1","Halt","EmptyFist+1"],"picked":"SKIP","floor":35.0},{"not_picked":["Ragnarok+1","Alpha","Establishment+1"],"picked":"SKIP","floor":40.0},{"not_picked":["Omniscience","DeusExMachina","MasterReality+1"],"picked":"SKIP","floor":41.0},{"not_picked":["LessonLearned+1","Alpha"],"picked":"Brilliance+1","floor":42.0},{"not_picked":["Brilliance+1","AT_RealColorLess+1","Blasphemy"],"picked":"SKIP","floor":44.0},{"not_picked":["ConjureBlade","AT_RealColorLess+1","AT_IrregularMenstruation"],"picked":"SKIP","floor":45.0},{"not_picked":["DeusExMachina","Devotion+1","Vault"],"picked":"SKIP","floor":46},{"not_picked":["SpiritShield","Devotion+1","Omniscience"],"picked":"SKIP","floor":47},{"not_picked":["Devotion+1","MasterReality+1","Wish"],"picked":"SKIP","floor":48},{"not_picked":["Alpha","AT_MachinaRedman","Omniscience"],"picked":"SKIP","floor":55}],"player_experience":374794,"relics_obtained":[{"floor":6.0,"key":"Orichalcum"},{"floor":7.0,"key":"Centennial Puzzle"},{"floor":9.0,"key":"AT_BellowingDragoncrestRing"},{"floor":11.0,"key":"Mummified Hand"},{"floor":12.0,"key":"AT_SpeedBoots"},{"floor":14.0,"key":"Incense Burner"},{"floor":20.0,"key":"AT_DeathDance"},{"floor":23.0,"key":"AT_ForceNature"},{"floor":24.0,"key":"AT_ArchangelStaff"},{"floor":25.0,"key":"Peace Pipe"},{"floor":26.0,"key":"Molten Egg 2"},{"floor":27.0,"key":"Damaru"},{"floor":28.0,"key":"AT_Manta"},{"floor":36.0,"key":"Girya"},{"floor":40.0,"key":"Frozen Egg 2"},{"floor":41.0,"key":"AT_GoldPhoenixTree"},{"floor":42.0,"key":"Pantograph"},{"floor":44.0,"key":"AT_TheCollector"},{"floor":45.0,"key":"Calipers"},{"floor":46,"key":"Bottled Lightning"},{"floor":47,"key":"GoldenEye"},{"floor":48,"key":"AT_ImmortalShieldbow"},{"floor":55,"key":"Art of War"}],"event_choices":[{"damage_healed":0.0,"max_hp_gain":0.0,"max_hp_loss":0.0,"gold_gain":0.0,"event_name":"Match and Keep!","player_choice":"0 cards matched","floor":3.0,"gold_loss":0.0,"damage_taken":0.0,"cards_obtained":[]},{"damage_healed":0.0,"max_hp_gain":0.0,"max_hp_loss":0.0,"gold_gain":75.0,"event_name":"World of Goop","player_choice":"Gather Gold","floor":5.0,"gold_loss":0.0,"damage_taken":11.0},{"damage_healed":0.0,"max_hp_gain":0.0,"max_hp_loss":0.0,"gold_gain":0.0,"event_name":"Transmorgrifier","player_choice":"Ignored","floor":8.0,"gold_loss":0.0,"damage_taken":0.0},{"cards_removed":["Consecrate"],"damage_healed":0.0,"max_hp_gain":0.0,"max_hp_loss":0.0,"gold_gain":0.0,"event_name":"Beggar","player_choice":"Gave Gold","floor":21.0,"gold_loss":75.0,"damage_taken":0.0},{"damage_healed":0.0,"max_hp_gain":0.0,"max_hp_loss":0.0,"gold_gain":50.0,"event_name":"Nest","player_choice":"Stole From Cult","floor":22.0,"gold_loss":0.0,"damage_taken":0.0},{"damage_healed":0.0,"max_hp_gain":0.0,"max_hp_loss":0.0,"gold_gain":0.0,"event_name":"Ghosts","player_choice":"Ignored","floor":29.0,"gold_loss":0.0,"damage_taken":0.0},{"damage_healed":0.0,"max_hp_gain":0.0,"max_hp_loss":0.0,"gold_gain":0.0,"event_name":"MindBloom","player_choice":"Fight","floor":36.0,"gold_loss":0.0,"damage_taken":0.0},{"damage_healed":0.0,"max_hp_gain":0.0,"max_hp_loss":0.0,"gold_gain":0.0,"event_name":"SensoryStone","player_choice":"Memory 1","floor":37.0,"gold_loss":0.0,"damage_taken":0.0},{"damage_healed":0.0,"max_hp_gain":0.0,"max_hp_loss":3.0,"gold_gain":0.0,"event_name":"Winding Halls","player_choice":"Max HP","floor":39.0,"gold_loss":0.0,"damage_taken":0.0}],"is_beta":false,"boss_relics":[{"not_picked":["Astrolabe","Coffee Dripper"],"picked":"Runic Pyramid"},{"not_picked":["AT_MortalBlade","Tiny House"],"picked":"Fusion Hammer"}],"items_purged_floors":[2,19,54],"is_endless":false,"potions_floor_spawned":[7,14,16,23,24,28,33,40,41,42,55],"ascension_level":20}}