{"host":"qhn6g0owdgjb77rz","time":1610160476,"event":{"mods":["BaseMod","BetterRewards","Colored Map","Minty Spire (QoL Compilation)","Relic Sorter","Replay The Spire","StSLib"],"gold_per_floor":[111,111,111,129,129,129,129],"floor_reached":6,"playtime":390,"items_purged":[],"score":60,"play_id":"b29299c8-f442-4cda-92f6-6bd2107a8c56","local_time":"20210109114756","is_ascension_mode":true,"campfire_choices":[],"circlet_count":0,"master_deck":["AscendersBane","Strike_B","Strike_B","Strike_B","Strike_B","Defend_B","Defend_B","Defend_B","Zap+1","Dualcast","Conserve Battery","Conserve Battery","ReplayTheSpireMod:Repulse","Conserve Battery","Pot Of Greed","Pot Of Greed","Echo Form","Enlightenment+1","Scrape","Sweeping Beam","ReplayTheSpireMod:Repulse"],"relics":["Cracked Core","Orrery","Grinning Jar","Replay:PocketPolymizer","Sundial","Torii","TheAbacus","Emotion Chip","StrikeDummy","Prayer Wheel"],"acts_visited":["Exordium"],"potions_floor_usage":[0,0],"damage_taken":[{"damage":0,"enemies":"2 Louse","floor":1,"turns":2},{"damage":0,"enemies":"Jaw Worm","floor":4,"turns":4},{"damage":37,"enemies":"Gremlin Nob","floor":6,"turns":4}],"seed_played":"6294056972415007676","potions_obtained":[{"floor":1,"key":"Dexterity Potion"}],"is_trial":false,"path_per_floor":["M","?","?","M","?","E"],"character_chosen":"DEFECT","items_purchased":["Orrery","Grinning Jar","Echo Form","Fruit Juice","Sundial","Torii","TheAbacus","Enlightenment","Fruit Juice","Scrape","Sweeping Beam"],"campfire_rested":0,"item_purchase_floors":[0,0,0,0,0,0,0,0,0,0,0],"current_hp_per_floor":[74,48,24,24,24,0,0],"gold":129,"neow_bonus":"","is_daily":false,"chose_seed":false,"campfire_upgraded":0,"win_rate":0.0,"timestamp":1610160476,"path_taken":["M","?","?","M","?","E"],"items_purchased_type":["Relic","Relic","Card","Potion","Relic","Relic","Relic","Card","Potion","Card","Card"],"build_version":"2020-12-22","purchased_purges":0,"victory":false,"max_hp_per_floor":[81,81,81,81,81,81,81],"card_choices":[{"not_picked":["Multi-Cast","Scrape"],"picked":"ReplayTheSpireMod:Fabricate Wheel","floor":0},{"not_picked":["ReplaySolidLightProjector","Beam Cell"],"picked":"Conserve Battery","floor":0},{"not_picked":["Hologram","Go for the Eyes"],"picked":"Conserve Battery","floor":0},{"not_picked":["Compile Driver","Leap"],"picked":"ReplayTheSpireMod:Repulse","floor":0},{"not_picked":["Coolheaded","Go for the Eyes"],"picked":"Conserve Battery","floor":0},{"not_picked":["Panic Button","Rebound"],"picked":"ReplayTheSpireMod:Repulse","floor":1},{"not_picked":["Chaos","Ball Lightning","Cold Snap"],"picked":"SKIP","floor":4}],"player_experience":438831,"relics_obtained":[],"event_choices":[{"damage_healed":0,"gold_gain":0,"player_choice":"Success","damage_taken":26,"relics_obtained":["StrikeDummy"],"max_hp_gain":0,"max_hp_loss":0,"event_name":"Scrap Ooze","floor":2,"gold_loss":0},{"damage_healed":0,"gold_gain":0,"player_choice":"Entered Light","damage_taken":24,"max_hp_gain":0,"max_hp_loss":0,"event_name":"Shining Light","floor":3,"gold_loss":0,"cards_upgraded":["Zap","Enlightenment"]}],"is_beta":false,"boss_relics":[],"items_purged_floors":[],"is_endless":false,"potions_floor_spawned":[1],"killed_by":"Gremlin Nob","ascension_level":15}}