{"host":"ahe97mou057ugdu8","time":1610158744,"event":{"mods":["BaseMod","Better Vampires","BetterRewards","Colored Map","Colored Powertips","Conspire","Custom Start","Halation","Highlight Path","Infinite Spire","Marisa????????","Minty Spire (QoL Compilation)","Prisma Mod","READ ME - Guardian Mod","READ ME - Snecko Mod","Remilia??????","Shop Mod","StSLib","The Animator","The Bladedancer","The Construct","The Cursed","The Disciple","The Exalted","The Factory","The Jungle","The Necromancer","The Runesmith","The Senshi","The Servant 0.9.4","The Spell Scribe","The Witch"],"gold_per_floor":[118,43,82,82,94,125,138,166,166,166,166],"floor_reached":10,"playtime":1345,"items_purged":["Runesmith:CraftReservo"],"score":151,"play_id":"c1daa976-8e0a-4123-93dc-1f1e0330a4cb","local_time":"20210108211904","daily_mods":["Draft","Heirloom","Elite Swarm"],"is_ascension_mode":false,"campfire_choices":[],"circlet_count":0,"master_deck":["Runesmith:FieryHammer","Runesmith:Firestorm","Runesmith:RuneHurl","Runesmith:RuneHurl","Runesmith:CraftProtectio","Runesmith:RuneHurl","Runesmith:EarthShield","Runesmith:RuneHurl","Runesmith:Firestorm","Runesmith:DoubleUp","Runesmith:ChiselStab","Runesmith:Refine","Runesmith:ChiselStab","Runesmith:HammerTime","Runesmith:GrandSlam","Runesmith:LithiumIon","Runesmith:MetallurgicalResearch"],"relics":["Runesmith:BrokenRuby","Shovel","PreservedInsect","Bag of Preparation","Art of War"],"acts_visited":["Exordium"],"potions_floor_usage":[8,8],"damage_taken":[{"damage":13,"enemies":"2 Louse","floor":1,"turns":3},{"damage":40,"enemies":"conspire:MimicChest","floor":3,"turns":7},{"damage":0,"enemies":"Small Slimes","floor":5,"turns":3},{"damage":0,"enemies":"Lagavulin","floor":6,"turns":7},{"damage":2,"enemies":"Jaw Worm","floor":7,"turns":4},{"damage":0,"enemies":"Gremlin Nob","floor":8,"turns":2},{"damage":18,"enemies":"Lagavulin","floor":10,"turns":2}],"seed_played":"6209932525266749974","potions_obtained":[{"floor":3,"key":"AttackPotion"},{"floor":6,"key":"Block Potion"},{"floor":7,"key":"FearPotion"}],"is_trial":true,"path_per_floor":["M","$","?","?","M","E","M","E","T","E"],"character_chosen":"RUNESMITH_CLASS","items_purchased":[],"campfire_rested":0,"item_purchase_floors":[],"current_hp_per_floor":[57,57,17,17,17,17,15,15,15,0,0],"gold":166,"neow_bonus":"","is_daily":false,"chose_seed":false,"campfire_upgraded":0,"win_rate":0.0,"timestamp":1610158744,"path_taken":["M","$","?","?","M","E","M","E","T","E"],"items_purchased_type":[],"build_version":"2020-12-22","purchased_purges":1,"victory":false,"max_hp_per_floor":[70,70,70,70,70,70,70,70,70,70,70],"card_choices":[{"not_picked":["Runesmith:RuneHurl","Runesmith:EarthShield"],"picked":"Runesmith:FieryHammer","floor":0},{"not_picked":["Runesmith:Repurpose","Runesmith:BackupBattery"],"picked":"Runesmith:Firestorm","floor":0},{"not_picked":["Runesmith:HeatExchange","Runesmith:Repurpose"],"picked":"Runesmith:RuneHurl","floor":0},{"not_picked":["Runesmith:Repurpose","Runesmith:HammerThrow"],"picked":"Runesmith:RuneHurl","floor":0},{"not_picked":["Runesmith:HeatedChisel","Runesmith:HeatExchange"],"picked":"Runesmith:CraftProtectio","floor":0},{"not_picked":["Runesmith:StaticCage","Runesmith:CraftVitae"],"picked":"Runesmith:RuneHurl","floor":0},{"not_picked":["Runesmith:RuneHurl","Runesmith:EnergizedChisel"],"picked":"Runesmith:EarthShield","floor":0},{"not_picked":["Runesmith:ShiftingStrike","Runesmith:HeatExchange"],"picked":"Runesmith:RuneHurl","floor":0},{"not_picked":["Runesmith:HeatExchange","Runesmith:CraftProtectio"],"picked":"Runesmith:Firestorm","floor":0},{"not_picked":["Runesmith:HeatedChisel","Runesmith:GoWithTheFlow"],"picked":"Runesmith:DoubleUp","floor":0},{"not_picked":["Runesmith:Discharge","Runesmith:EnergizedChisel"],"picked":"Runesmith:ChiselStab","floor":0},{"not_picked":["Runesmith:HeatedChisel","Runesmith:EnergizedChisel"],"picked":"Runesmith:Refine","floor":0},{"not_picked":["Runesmith:Malloc","Runesmith:ShiftingStrike"],"picked":"Runesmith:ChiselStab","floor":0},{"not_picked":["Runesmith:UnstableHammer","Runesmith:Repurpose"],"picked":"Runesmith:CraftReservo","floor":0},{"not_picked":["Runesmith:ShiftingStrike","Runesmith:Retool"],"picked":"Runesmith:HammerTime","floor":0},{"not_picked":["Runesmith:RuneHurl","Runesmith:Augment","Runesmith:CraftMagma"],"picked":"SKIP","floor":1},{"not_picked":["Runesmith:UnstableHammer","Runesmith:Malloc","Runesmith:GoWithTheFlow"],"picked":"SKIP","floor":5},{"not_picked":["Runesmith:LightningRod","Runesmith:GenerateForcefield"],"picked":"Runesmith:GrandSlam","floor":6},{"not_picked":["Runesmith:CraftMagma","Runesmith:CraftProtectio"],"picked":"Runesmith:LithiumIon","floor":7},{"not_picked":["Runesmith:LightningRod","Runesmith:Duplicate"],"picked":"Runesmith:MetallurgicalResearch","floor":8}],"player_experience":12803,"relics_obtained":[{"floor":3,"key":"PreservedInsect"},{"floor":8,"key":"Bag of Preparation"},{"floor":9,"key":"Art of War"}],"event_choices":[{"damage_healed":0,"gold_gain":0,"player_choice":"Ignored","damage_taken":0,"max_hp_gain":0,"max_hp_loss":0,"event_name":"Liars Game","floor":4,"gold_loss":0}],"is_beta":false,"boss_relics":[],"items_purged_floors":[2],"is_endless":false,"potions_floor_spawned":[3,6,7],"killed_by":"Lagavulin","ascension_level":0}}