{"host":"o5jvvi5yapo90aia","time":1610189373,"event":{"mods":["BaseMod","CapriCore","Minty Spire (QoL Compilation)","MostiFishMod","Prisma Mod","Spicy Shops","StSLib","TestMod","The Immortal","Yakumo Yukari mod","【人物mod】游戏王New YuGiOh mod","【功能Mod】Neow奖励"],"gold_per_floor":[115,190,590,608,608,637,637,637,712,730,761,779,779,1000779,779,854,854,871,871,887,1000887,897,923,923,950,973,973,898,898,932,946,946,1024,1024,1040,1001058,1100,1112,1129,1165,1165,1195,1268,1296,1296,1296,1322,1358,1358,1363,1370,1370,1370,1001370,1400,1406],"floor_reached":57,"playtime":2104,"items_purged":["Strike_R","Parasite","Parasite","Decay","Strike_R+1"],"score":3835,"play_id":"e27da203-9f71-4b88-90b4-6e91f7870ccd","local_time":"20210109184933","is_ascension_mode":true,"campfire_choices":[{"data":"Strike_R","floor":7,"key":"PURGE"},{"floor":15,"key":"RECALL"},{"data":"Strike_R","floor":24,"key":"PURGE"},{"data":"Defend_R","floor":32,"key":"PURGE"},{"data":"1","floor":45,"key":"LIFT"},{"data":"2","floor":49,"key":"LIFT"},{"data":"3","floor":53,"key":"LIFT"}],"circlet_count":62,"master_deck":["Defend_R+1","Defend_R+1","Defend_R+1","Rampage+1","Offering+1","Shockwave+1","Dark Embrace+1","MostiFishMod:RacingGame+1","Shrug It Off+1","Burning Pact+1"],"relics":["testmod-TestBox","DiscerningMonocle","DianPoetry","testmod-GiftOfSatan","testmod-IndustrialRevolution","Akabeko","Lantern","testmod-Antiphasic","testmod-OneHitWonder","Brimstone","Pantograph","testmod-FatalChain","Strange Spoon","TungstenRod","Pocketwatch","Dream Catcher","Shuriken","testmod-Faith","testmod-CardMagician","MetatronsCube","Turnip","StrikeDummy","Bag of Marbles","Charon\u0027s Ashes","Lee\u0027s Waffle","The Courier","Pen Nib","testmod-ThousandKnives","ChiXiaoBlade","Self Forming Clay","Torii","Strawberry","BirthdayGift-Icosahedron","Centennial Puzzle","testmod-Déjàvu","Blood Vial","Prayer Wheel","testmod-Nyarlathotep","Orichalcum","testmod-AssaultLearning","Red Skull","Happy Flower","testmod-LifeArmor","Omamori","Anchor","SynthV:C4","Singing Bowl","Paper Frog","Mummified Hand","testmod-EqualTreatment","testmod-Hope","Ancient Tea Set","testmod-Acrobat","Gremlin Horn","Pear","testmod-Justice","testmod-BouquetWithThorns","StoneCalendar","HornCleat","Blue Candle","Magic Flower","Meat on the Bone","WingedGreaves","Mercury Hourglass","Vajra","Toy Ornithopter","MealTicket","testmod-InjuryResistance","Boot","CeramicFish","PreservedInsect","Bronze Scales","ImprovedEquipment","testmod-ObsoleteBoomerang","Whetstone","Bag of Preparation","Potion Belt","Matryoshka","Letter Opener","testmod-ArcanaOfDestiny","SentryEyes","Peace Pipe","White Beast Statue","Juzu Bracelet","Nunchaku","InkBottle","Du-Vu Doll","FossilizedHelix","Toxic Egg 2","Art of War","testmod-Laevatain","War Paint","Regal Pillow","Oddly Smooth Stone","Kunai","Sundial","Bottled Lightning","Darkstone Periapt","OriginationStaff","Frozen Egg 2","Ornamental Fan","Molten Egg 2","Eternal Feather","testmod-IntensifyImprint","testmod-Alchemist","testmod-Fortitude","testmod-Brilliant","testmod-BlackFramedGlasses","CaptainsWheel","Cauldron","testmod-CrystalShield","testmod-Maize","Girya","testmod-RealStoneCalender","BionicSphere","Calipers","testmod-CasingShield","Lizard Tail","testmod-ConstraintPeriapt","DaCapo","Bird Faced Urn","Ice Cream","Mango","ThornShield","Champion Belt","testmod-HeartOfStrike","Thread and Needle","DianDianMeat","Unceasing Top","Gambling Chip","CombinedTypeHook","testmod-TheFather","testmod-Muramasa","Ginger","Civilization","ArrowTower","testmod-CyclicPeriapt","Incense Burner","Bottled Tornado","Dead Branch","Bottled Flame","Circlet","SynthV","Dodecahedron"],"acts_visited":["Exordium","TheCity","TheBeyond","TheEnding"],"potions_floor_usage":[36],"damage_taken":[{"damage":0.0,"enemies":"Cultist","floor":1.0,"turns":2.0},{"damage":10.0,"enemies":"Small Slimes","floor":4.0,"turns":3.0},{"damage":32,"enemies":"Gremlin Nob","floor":6,"turns":4},{"damage":0,"enemies":"2 Louse","floor":10,"turns":1},{"damage":15,"enemies":"3 Sentries","floor":11,"turns":3},{"damage":4,"enemies":"Blue Slaver","floor":12,"turns":2},{"damage":0,"enemies":"Slime Boss","floor":16,"turns":3},{"damage":10,"enemies":"3 Byrds","floor":18,"turns":1},{"damage":10,"enemies":"2 Thieves","floor":20,"turns":2},{"damage":0,"enemies":"Snake Plant","floor":22,"turns":2},{"damage":15,"enemies":"Slavers","floor":23,"turns":2},{"damage":10,"enemies":"Book of Stabbing","floor":25,"turns":2},{"damage":0,"enemies":"Gremlin Leader","floor":30,"turns":3},{"damage":14,"enemies":"Shelled Parasite and Fungi","floor":31,"turns":3},{"damage":10,"enemies":"Collector","floor":33,"turns":3},{"damage":10,"enemies":"3 Shapes","floor":35,"turns":1},{"damage":0,"enemies":"2 Orb Walkers","floor":37,"turns":1},{"damage":0,"enemies":"2 Orb Walkers","floor":38,"turns":1},{"damage":0,"enemies":"Orb Walker","floor":39,"turns":1},{"damage":0,"enemies":"Reptomancer","floor":40,"turns":1},{"damage":0,"enemies":"Giant Head","floor":42,"turns":1},{"damage":0,"enemies":"Nemesis","floor":44,"turns":1},{"damage":0,"enemies":"Mind Bloom Boss Battle","floor":47,"turns":1},{"damage":0,"enemies":"Giant Head","floor":48,"turns":1},{"damage":0,"enemies":"Donu and Deca","floor":50,"turns":1},{"damage":0,"enemies":"Awakened One","floor":51,"turns":2},{"damage":0,"enemies":"Shield and Spear","floor":55,"turns":1},{"damage":0,"enemies":"The Heart","floor":56,"turns":2}],"seed_played":"3602861878623562515","potions_obtained":[{"floor":4.0,"key":"BlessingOfTheForge"},{"floor":6,"key":"SpeedPotion"},{"floor":36,"key":"Fruit Juice"},{"floor":36,"key":"testmod-EscapePotion"},{"floor":36,"key":"Block Potion"},{"floor":37,"key":"PowerPotion"},{"floor":42,"key":"testmod-TestPotion"}],"is_trial":false,"path_per_floor":["M","?","?","M","?","E","R","$","T","M","E","M","?","$","R","B",null,"M","?","M","$","M","E","R","E","T","?","?","?","E","M","R","B",null,"M","$","?","?","M","E","T","E","T","E","R","?","?","E","R","B","B",null,"R","$","E","B",null],"character_chosen":"IRONCLAD","items_purchased":["Akabeko","Lantern","testmod-Antiphasic","testmod-OneHitWonder","Brimstone","Strange Spoon","TungstenRod","Pocketwatch","Dream Catcher","Shuriken","testmod-Faith","Offering","MetatronsCube","Turnip","StrikeDummy","Bag of Marbles","Charon\u0027s Ashes","Lee\u0027s Waffle","Self Forming Clay","Torii","Strawberry","BirthdayGift-Icosahedron","Centennial Puzzle","testmod-Déjàvu","Blood Vial","Prayer Wheel","testmod-Nyarlathotep","Orichalcum","testmod-AssaultLearning","Red Skull","Happy Flower","testmod-LifeArmor","Omamori","Anchor","SynthV:C4","Singing Bowl","Paper Frog","Mummified Hand","testmod-EqualTreatment","testmod-Hope","Ancient Tea Set","testmod-Acrobat","Gremlin Horn","Pear","testmod-Justice","testmod-BouquetWithThorns","StoneCalendar","HornCleat","Blue Candle","Magic Flower","Meat on the Bone","WingedGreaves","Mercury Hourglass","Vajra","Toy Ornithopter","MealTicket","testmod-InjuryResistance","Boot","CeramicFish","PreservedInsect","Bronze Scales","ImprovedEquipment","testmod-ObsoleteBoomerang","Whetstone","Bag of Preparation","Potion Belt","Matryoshka","Letter Opener","testmod-ArcanaOfDestiny","SentryEyes","Peace Pipe","White Beast Statue","Juzu Bracelet","Nunchaku","InkBottle","Du-Vu Doll","FossilizedHelix","Toxic Egg 2","Art of War","testmod-Laevatain","War Paint","Regal Pillow","Oddly Smooth Stone","Kunai","Sundial","Bottled Lightning","Darkstone Periapt","OriginationStaff","Frozen Egg 2","Ornamental Fan","Molten Egg 2","Eternal Feather","testmod-IntensifyImprint","testmod-Alchemist","testmod-Fortitude","testmod-Brilliant","testmod-BlackFramedGlasses","CaptainsWheel","Cauldron","testmod-CrystalShield","testmod-Maize","Girya","testmod-RealStoneCalender","BionicSphere","Calipers","testmod-CasingShield","Lizard Tail","testmod-ConstraintPeriapt","DaCapo","Bird Faced Urn","Ice Cream","Mango","ThornShield","Champion Belt","testmod-HeartOfStrike","Thread and Needle","DianDianMeat","Unceasing Top","Gambling Chip","CombinedTypeHook","testmod-TheFather","testmod-Muramasa","Ginger","Civilization","ArrowTower","testmod-CyclicPeriapt","Incense Burner","Bottled Tornado","Dead Branch","Shrug It Off+1","Bottled Flame","Circlet","Circlet","Circlet","Circlet","Circlet","Circlet","Circlet","Fire Potion","SynthV","Dodecahedron","PowerPotion","Circlet","Circlet","Circlet","Circlet","Circlet","Circlet","Circlet","Circlet","Circlet","Circlet","Circlet","Circlet","Circlet","Circlet","Circlet","Circlet","Circlet","Circlet","Circlet","Circlet","Circlet","Circlet","Circlet","Circlet","Circlet","Circlet","Circlet","Circlet","Circlet","Circlet","Circlet","Circlet","Circlet","Circlet","Circlet","Circlet","Circlet","Circlet","Circlet","Circlet","Circlet","Circlet","Circlet","Circlet"],"campfire_rested":0,"item_purchase_floors":[8,8,8,8,8,14,14,14,14,14,14,14,21,21,21,21,21,21,36,36,36,36,36,36,36,36,36,36,36,36,36,36,36,36,36,36,36,36,36,36,36,36,36,36,36,36,36,36,36,36,36,36,36,36,36,36,36,36,36,36,36,36,36,36,36,36,36,36,36,36,36,36,36,36,36,36,36,36,36,36,36,36,36,36,36,36,36,36,36,36,36,36,36,36,36,36,36,36,36,36,36,36,36,36,36,36,36,36,36,36,36,36,36,36,36,36,36,36,36,36,36,36,36,36,36,36,36,36,36,36,36,36,36,36,36,36,36,36,36,54,54,54,54,54,54,54,54,54,54,54,54,54,54,54,54,54,54,54,54,54,54,54,54,54,54,54,54,54,54,54,54,54,54,54,54,54,54,54,54,54,54,54,54,54,54,54],"current_hp_per_floor":[68,57,57,48,48,25,25,25,25,26,43,40,40,40,40,97,97,87,87,88,106,111,96,96,88,88,88,88,88,104,117,117,111,119,128,168,172,185,201,218,218,236,236,255,255,242,262,283,283,304,341,341,341,341,382,422],"gold":1406,"neow_bonus":"BOSS_RELIC","is_daily":false,"chose_seed":false,"campfire_upgraded":0,"win_rate":0.0,"timestamp":1610189373,"path_taken":["M","?","?","M","?","E","R","$","T","M","E","M","?","?","R","BOSS","M","?","M","$","M","E","R","E","T","?","?","?","E","M","R","BOSS","M","$","?","?","M","E","?","E","T","E","R","?","?","E","R","BOSS","BOSS","R","$","E","BOSS"],"items_purchased_type":["Relic","Relic","Relic","Relic","Relic","Relic","Relic","Relic","Relic","Relic","Relic","Card","Relic","Relic","Relic","Relic","Relic","Relic","Relic","Relic","Relic","Relic","Relic","Relic","Relic","Relic","Relic","Relic","Relic","Relic","Relic","Relic","Relic","Relic","Relic","Relic","Relic","Relic","Relic","Relic","Relic","Relic","Relic","Relic","Relic","Relic","Relic","Relic","Relic","Relic","Relic","Relic","Relic","Relic","Relic","Relic","Relic","Relic","Relic","Relic","Relic","Relic","Relic","Relic","Relic","Relic","Relic","Relic","Relic","Relic","Relic","Relic","Relic","Relic","Relic","Relic","Relic","Relic","Relic","Relic","Relic","Relic","Relic","Relic","Relic","Relic","Relic","Relic","Relic","Relic","Relic","Relic","Relic","Relic","Relic","Relic","Relic","Relic","Relic","Relic","Relic","Relic","Relic","Relic","Relic","Relic","Relic","Relic","Relic","Relic","Relic","Relic","Relic","Relic","Relic","Relic","Relic","Relic","Relic","Relic","Relic","Relic","Relic","Relic","Relic","Relic","Relic","Relic","Relic","Card","Relic","Undefined","Undefined","Undefined","Undefined","Undefined","Undefined","Undefined","Potion","Relic","Relic","Potion","Undefined","Undefined","Undefined","Undefined","Undefined","Undefined","Undefined","Undefined","Undefined","Undefined","Undefined","Undefined","Undefined","Undefined","Undefined","Undefined","Undefined","Undefined","Undefined","Undefined","Undefined","Undefined","Undefined","Undefined","Undefined","Undefined","Undefined","Undefined","Undefined","Undefined","Undefined","Undefined","Undefined","Undefined","Undefined","Undefined","Undefined","Undefined","Undefined","Undefined","Undefined","Undefined","Undefined","Undefined"],"build_version":"2020-12-22","purchased_purges":5,"victory":true,"max_hp_per_floor":[75,75,75,75,75,80,80,80,80,80,95,95,95,92,92,97,97,97,97,102,106,111,111,111,111,111,111,111,111,116,121,121,121,121,131,168,172,185,201,218,218,236,236,255,255,242,262,283,283,304,341,341,341,341,382,422],"card_choices":[{"not_picked":["Perfected Strike","Bloodletting","Intimidate"],"picked":"SKIP","floor":1.0},{"not_picked":["Shrug It Off","Perfected Strike","Pommel Strike"],"picked":"SKIP","floor":4.0},{"not_picked":["Intimidate","Dark Embrace"],"picked":"Rampage","floor":6},{"not_picked":["Anger","Sword Boomerang","Inflame"],"picked":"SKIP","floor":10},{"not_picked":["Pommel Strike","Sword Boomerang","Uppercut"],"picked":"SKIP","floor":11},{"not_picked":["Iron Wave","Havoc","Perfected Strike"],"picked":"SKIP","floor":12},{"not_picked":["Sever Soul","Heavy Blade","True Grit"],"picked":"SKIP","floor":18},{"not_picked":["Headbutt+1","Perfected Strike"],"picked":"Shockwave","floor":19},{"not_picked":["Reckless Charge","Anger"],"picked":"Dark Embrace","floor":19},{"not_picked":["Pommel Strike","Hemokinesis","Sword Boomerang"],"picked":"SKIP","floor":20},{"not_picked":["MostiFishMod:BrandingRite","Iron Wave","True Grit"],"picked":"SKIP","floor":22},{"not_picked":["Uppercut","Perfected Strike","Dark Embrace"],"picked":"SKIP","floor":23},{"not_picked":["Shrug It Off","Cleave","Rage"],"picked":"SKIP","floor":25},{"not_picked":["Shrug It Off","Cleave","Rage"],"picked":"SKIP","floor":25},{"not_picked":["Warcry","Fiend Fire","Anger"],"picked":"SKIP","floor":30},{"not_picked":["Armaments","Second Wind","Twin Strike"],"picked":"SKIP","floor":31},{"not_picked":["Juggernaut","Reaper"],"picked":"MostiFishMod:RacingGame","floor":33},{"not_picked":["Shrug It Off","Armaments","Dual Wield"],"picked":"SKIP","floor":35},{"not_picked":["Seeing Red+1","Headbutt+1"],"picked":"Burning Pact+1","floor":37},{"not_picked":["Dark Embrace+1","Clash+1","Pommel Strike+1"],"picked":"Singing Bowl","floor":38},{"not_picked":["Dropkick+1","Spot Weakness+1","Bloodletting+1"],"picked":"Singing Bowl","floor":39},{"not_picked":["Anger+1","Armaments+1","MostiFishMod:404NotFound+1"],"picked":"Singing Bowl","floor":39},{"not_picked":["Metallicize+1","Wild Strike+1","MostiFishMod:BrandingRite+1"],"picked":"Singing Bowl","floor":40},{"not_picked":["Cleave+1","Battle Trance+1","MostiFishMod:NewArrival+1"],"picked":"Singing Bowl","floor":42},{"not_picked":["Berserk+1","Sword Boomerang+1","Flame Barrier+1"],"picked":"Singing Bowl","floor":44},{"not_picked":["Havoc+1","Metallicize+1","True Grit+1"],"picked":"Singing Bowl","floor":47},{"not_picked":["Searing Blow+1","Feed+1","Armaments+1"],"picked":"Singing Bowl","floor":48},{"not_picked":["Pommel Strike+1","MostiFishMod:BrandingRite+1","Combust+1"],"picked":"Singing Bowl","floor":55}],"player_experience":1393733,"relics_obtained":[{"floor":6,"key":"testmod-IndustrialRevolution"},{"floor":9,"key":"Pantograph"},{"floor":11,"key":"testmod-FatalChain"},{"floor":23,"key":"The Courier"},{"floor":25,"key":"Pen Nib"},{"floor":30,"key":"testmod-ThousandKnives"},{"floor":37,"key":"Circlet"},{"floor":40,"key":"Circlet"},{"floor":41,"key":"Circlet"},{"floor":41,"key":"Circlet"},{"floor":42,"key":"Circlet"},{"floor":43,"key":"Circlet"},{"floor":43,"key":"Circlet"},{"floor":44,"key":"Circlet"},{"floor":47,"key":"Circlet"},{"floor":48,"key":"Circlet"},{"floor":55,"key":"Circlet"}],"event_choices":[{"damage_healed":0.0,"max_hp_gain":0.0,"max_hp_loss":0.0,"gold_gain":75.0,"event_name":"World of Goop","player_choice":"Gather Gold","floor":2.0,"gold_loss":0.0,"damage_taken":11.0},{"damage_healed":0.0,"max_hp_gain":0.0,"max_hp_loss":0.0,"gold_gain":400.0,"event_name":"恩洛斯的盘子","player_choice":"Sell","floor":3.0,"relics_lost":["DaveBox"],"gold_loss":0.0,"damage_taken":0.0},{"cards_removed":["Strike_R"],"damage_healed":0,"gold_gain":0,"player_choice":"Forget","damage_taken":0,"max_hp_gain":0,"max_hp_loss":0,"event_name":"Living Wall","floor":5,"gold_loss":0},{"damage_healed":0,"gold_gain":0,"player_choice":"Ignored","damage_taken":0,"max_hp_gain":0,"max_hp_loss":0,"event_name":"Shining Light","floor":13,"gold_loss":0},{"damage_healed":0,"gold_gain":0,"player_choice":"Swap Relic","damage_taken":0,"relics_obtained":["Orrery"],"max_hp_gain":0,"max_hp_loss":0,"event_name":"给自己的盒子","floor":19,"relics_lost":["Orrery"],"gold_loss":0},{"damage_healed":0,"gold_gain":0,"player_choice":"Ignored","damage_taken":0,"max_hp_gain":0,"max_hp_loss":0,"event_name":"Ghosts","floor":27,"gold_loss":0},{"cards_removed":["Bash"],"damage_healed":0,"gold_gain":0,"player_choice":"Gave Gold","damage_taken":0,"max_hp_gain":0,"max_hp_loss":0,"event_name":"Beggar","floor":28,"gold_loss":75},{"damage_healed":0,"gold_gain":0,"player_choice":"Got Potions","damage_taken":0,"max_hp_gain":0,"max_hp_loss":0,"event_name":"Lab","floor":29,"gold_loss":0},{"damage_healed":0,"gold_gain":0,"player_choice":"Fight","damage_taken":0,"max_hp_gain":0,"max_hp_loss":0,"event_name":"Mysterious Sphere","floor":37,"gold_loss":0},{"damage_healed":0,"gold_gain":0,"player_choice":"Max HP","damage_taken":0,"max_hp_gain":0,"max_hp_loss":13,"event_name":"Winding Halls","floor":46,"gold_loss":0},{"damage_healed":0,"gold_gain":0,"player_choice":"Fight","damage_taken":0,"max_hp_gain":0,"max_hp_loss":0,"event_name":"MindBloom","floor":47,"gold_loss":0}],"is_beta":false,"boss_relics":[{"not_picked":["testmod-IncinerationGenerator","ExusiaiGun"],"picked":"testmod-CardMagician"},{"not_picked":["xbg","testmod-Fanaticism"],"picked":"ChiXiaoBlade"}],"items_purged_floors":[8,14,21,36,54],"is_endless":false,"potions_floor_spawned":[4,6,12,22,23,31,35,37,38,39,40,42,44,47,48,55],"ascension_level":20}}