{"host":"f4n39520dv0p5qms","time":1610217138,"event":{"mods":["AchievementEnabler","Act Like it!","BaseMod","BetterRewards","Colored Map","Colored Powertips","DeckTracker","Downfall","Hallownest","Hermit","Infinite Spire","Marisa????????","Minty Spire (QoL Compilation)","Replay The Spire","Shop Mod","StSLib","The Bug Knight","The Cursed","The Servant 0.9.4"],"gold_per_floor":[114,389,402,402,412,412,412],"floor_reached":6,"playtime":527,"items_purged":["TheCursedMod:Strike_TheCursed"],"score":36,"play_id":"38792b6c-5d85-410e-9959-178f2e95dd83","local_time":"20210109213218","is_ascension_mode":false,"campfire_choices":[],"circlet_count":0,"master_deck":["TheCursedMod:Strike_TheCursed","TheCursedMod:Strike_TheCursed","TheCursedMod:Defend_TheCursed","TheCursedMod:Defend_TheCursed","TheCursedMod:Defend_TheCursed","TheCursedMod:Defend_TheCursed","TheCursedMod:CursedWand","TheCursedMod:CleanUpWorkshop","TheCursedMod:Dregs","TheCursedMod:EmpowerCircles","TheCursedMod:FleshFromBone","TheCursedMod:CircleOfBlood","TheCursedMod:CircleOfBlood","ReplayTheSpireMod:Necrogeddon","TheCursedMod:ForbiddenAlchemy","Writhe","TheCursedMod:ManaBullet","Regret","TheCursedMod:WearCloak","TheCursedMod:SmokeScreen"],"relics":["TheCursedMod:BlackMagic101","Sling","Replay:Wax Seal","Dream Catcher"],"acts_visited":["Exordium"],"potions_floor_usage":[3,3,3,3,5,6,6,6,6,6,6,6,6],"damage_taken":[{"damage":0.0,"enemies":"Jaw Worm","floor":1.0,"turns":6.0},{"damage":8,"enemies":"Cultist","floor":3,"turns":5},{"damage":4,"enemies":"2 Louse","floor":5,"turns":3},{"damage":57,"enemies":"Nightmare","floor":6,"turns":12}],"seed_played":"-1389131470067109934","potions_obtained":[{"floor":1.0,"key":"SpeedPotion"}],"is_trial":false,"path_per_floor":["M","?","M","?","M","NM"],"character_chosen":"THE_CURSED","items_purchased":["Sling","Replay:Wax Seal","Dream Catcher","TheCursedMod:EmpowerCircles","TheCursedMod:FleshFromBone","TheCursedMod:CircleOfBlood","ReplayTheSpireMod:Necrogeddon"],"campfire_rested":0,"item_purchase_floors":[0,0,0,0,0,0,0],"current_hp_per_floor":[46,46,44,44,46,0,0],"gold":412,"neow_bonus":"","is_daily":false,"chose_seed":false,"campfire_upgraded":0,"win_rate":0.0,"timestamp":1610217138,"path_taken":["M","?","?","?","?","NM"],"items_purchased_type":["Relic","Relic","Relic","Card","Card","Card","Card"],"build_version":"2020-12-22","purchased_purges":1,"victory":false,"max_hp_per_floor":[75,75,75,75,75,75,75],"card_choices":[{"not_picked":["TheCursedMod:StingEye","TheCursedMod:CursedBlade"],"picked":"TheCursedMod:ManaBullet","floor":1.0},{"not_picked":["TheCursedMod:AbyssShockwave","TheCursedMod:PrepareRite"],"picked":"TheCursedMod:WearCloak","floor":3},{"not_picked":["TheCursedMod:SaltUponWound","TheCursedMod:CursedStaff"],"picked":"TheCursedMod:SmokeScreen","floor":5}],"player_experience":156442,"relics_obtained":[],"event_choices":[{"damage_healed":0.0,"max_hp_gain":0.0,"max_hp_loss":0.0,"gold_gain":275.0,"event_name":"Golden Shrine","player_choice":"Desecrate","floor":2.0,"gold_loss":0.0,"damage_taken":0.0,"cards_obtained":["Regret"]},{"damage_healed":0,"gold_gain":0,"player_choice":"Ignored","damage_taken":0,"max_hp_gain":0,"max_hp_loss":0,"event_name":"Fountain of Cleansing","floor":4,"gold_loss":0}],"is_beta":false,"boss_relics":[],"items_purged_floors":[0],"is_endless":false,"potions_floor_spawned":[1],"killed_by":"Nightmare","ascension_level":0}}