{"host":"yii5it3292r9xs7s","time":1610186980,"event":{"mods":["ATMod(°¢èªMod)","Act Like it!","BaseMod","Better Vampires","Colored Powertips","Hallownest","Minty Spire (QoL Compilation)","Red Circlet Mod","StSLib","The Bug Knight","¡¾¹¦ÄÜMod¡¿»ìãçÖ®»·ÐÞ¸´²¹¶¡","¡¾ÒÅÎï¿¨ÅÆ¡¿REMEMod","óô»ðÖ¸ÄÏ"],"gold_per_floor":[113,133,143,156,166,166,184,184,239,257,257,277,296,123,123,123,123],"floor_reached":16,"playtime":788,"items_purged":["HollowMod:FocusHealStart"],"score":98,"play_id":"76077fda-f05a-40fc-b77f-3704d006de72","local_time":"20210109180940","is_ascension_mode":false,"campfire_choices":[{"data":"HollowMod:RecoilStrike","floor":6,"key":"SMITH"},{"data":"HollowMod:ShadowDash","floor":8,"key":"SMITH"},{"floor":15,"key":"REST"}],"circlet_count":0,"master_deck":["HollowMod:NailStrikeStart","HollowMod:NailStrikeStart","HollowMod:NailStrikeStart","HollowMod:NailStrikeStart","HollowMod:QuickDashStart","HollowMod:QuickDashStart","HollowMod:QuickDashStart","HollowMod:QuickDashStart","HollowMod:PogoStrike","REME_TheLastStrike","AT_KingSlayer","HollowMod:SiblingsSouls","HollowMod:DashSlash","HollowMod:ShadowDash+1","HollowMod:DescendingDark","HollowMod:RecoilStrike+1","HollowMod:GrimmsGift","HollowMod:LifebloodCocoon","HollowMod:DoubleDash","HollowMod:DescendingDark","HollowMod:CloakDash"],"relics":["HollowMod:VesselMask","REME_ComplimentaryCards","AT_ATBox","Strawberry","AT_ForceNature"],"acts_visited":["Exordium"],"potions_floor_usage":[3],"damage_taken":[{"damage":1,"enemies":"Cultist","floor":1,"turns":3},{"damage":11,"enemies":"Jaw Worm","floor":2,"turns":2},{"damage":0,"enemies":"Small Slimes","floor":3,"turns":2},{"damage":12,"enemies":"2 Fungi Beasts","floor":4,"turns":3},{"damage":5,"enemies":"3 Louse","floor":5,"turns":3},{"damage":4,"enemies":"Blue Slaver","floor":7,"turns":4},{"damage":7,"enemies":"Red Slaver","floor":10,"turns":3},{"damage":0,"enemies":"Gremlin Gang","floor":12,"turns":4},{"damage":14,"enemies":"Exordium Wildlife","floor":13,"turns":4},{"damage":69,"enemies":"HollowMod:FalseKnight","floor":16,"turns":11}],"seed_played":"-1731004495035503784","potions_obtained":[{"floor":2,"key":"SteroidPotion"},{"floor":4,"key":"Swift Potion"},{"floor":7,"key":"Strength Potion"},{"floor":10,"key":"LiquidMemories"}],"is_trial":false,"path_per_floor":["M","M","M","M","M","R","M","R","T","M","?","M","M","$","R","B"],"character_chosen":"THE_BUGKNIGHT","items_purchased":["HollowMod:DescendingDark","HollowMod:CloakDash"],"campfire_rested":1,"item_purchase_floors":[14,14],"current_hp_per_floor":[81,70,70,58,53,53,49,49,56,49,49,49,35,35,61,0,0],"gold":123,"neow_bonus":"TEN_PERCENT_HP_BONUS","is_daily":false,"chose_seed":false,"campfire_upgraded":2,"win_rate":0.0,"timestamp":1610186980,"path_taken":["M","M","M","M","?","R","M","R","T","M","?","M","M","?","R","BOSS"],"items_purchased_type":["Card","Card"],"build_version":"2020-12-22","purchased_purges":1,"victory":false,"max_hp_per_floor":[82,82,82,82,82,82,82,82,89,89,89,89,89,89,89,89,89],"card_choices":[{"not_picked":["HollowMod:TaintedHusks","HollowMod:SiblingsShadow"],"picked":"HollowMod:SiblingsSouls","floor":1},{"not_picked":["HollowMod:BaldurShell","HollowMod:NewLittleFool"],"picked":"HollowMod:DashSlash","floor":2},{"not_picked":["HollowMod:LifebloodCocoon","HollowMod:SoulEater"],"picked":"HollowMod:ShadowDash","floor":3},{"not_picked":["HollowMod:NewInfectedGuardian","HollowMod:ShadowDash"],"picked":"HollowMod:DescendingDark","floor":4},{"not_picked":["HollowMod:NewJinnsSoul","HollowMod:InfectedCysts"],"picked":"HollowMod:RecoilStrike","floor":5},{"not_picked":["HollowMod:MonarchWings","HollowMod:HowlingWraiths"],"picked":"HollowMod:GrimmsGift","floor":7},{"not_picked":["HollowMod:SoulSplash","HollowMod:TaintedHusks"],"picked":"HollowMod:LifebloodCocoon","floor":10},{"not_picked":["HollowMod:SharpenedNail","HollowMod:ChannelNail"],"picked":"HollowMod:DoubleDash","floor":12},{"not_picked":["HollowMod:HowlingWraiths","HollowMod:SoulStrike","HollowMod:SoulSplash"],"picked":"SKIP","floor":13}],"player_experience":2954,"relics_obtained":[{"floor":9,"key":"Strawberry"}],"event_choices":[{"damage_healed":0,"gold_gain":0,"player_choice":"Gave Potion","damage_taken":0,"relics_obtained":["AT_ForceNature"],"max_hp_gain":0,"max_hp_loss":0,"event_name":"WeMeetAgain","floor":11,"gold_loss":0}],"is_beta":false,"boss_relics":[],"items_purged_floors":[14],"is_endless":false,"potions_floor_spawned":[2,4,7,10],"killed_by":"HollowMod:FalseKnight","ascension_level":0}}