{"host":"g01l53quoe6lrer0","time":1610217025,"event":{"mods":["2.2 Compatiblity","AchievementEnabler","BaseMod","Colored Map","Highlight Path","Keyboard Shortcuts","Minty Spire (QoL Compilation)","Permanent Neow","StSLib","SuperFastMode","everything is the same but u backflip on backflip"],"gold_per_floor":[112,123,4,17,36,36,64,64,91,91,125,125,139,64,64,163,163,179,179,12,32,32,32,67,67,67,78,93,8,24,34,34,108,108,127,152,165,165,175,75,75,75,101,121,10,10,10,22,22,22],"floor_reached":51,"playtime":1509,"items_purged":["Strike_R","Demon Form"],"score":1273,"play_id":"7cc4865b-6ddb-44bb-8e54-bd4a478e784d","local_time":"20210110033025","is_ascension_mode":true,"campfire_choices":[{"data":"Sword Boomerang","floor":6.0,"key":"SMITH"},{"data":"Inflame","floor":10.0,"key":"SMITH"},{"data":"Flex","floor":12.0,"key":"SMITH"},{"floor":15.0,"key":"REST"},{"data":"Brutality","floor":23.0,"key":"SMITH"},{"floor":25.0,"key":"REST"},{"floor":32.0,"key":"REST"},{"floor":41.0,"key":"REST"},{"data":"Heavy Blade","floor":46.0,"key":"SMITH"},{"data":"Rupture","floor":49.0,"key":"SMITH"}],"circlet_count":0,"master_deck":["AscendersBane","Strike_R+1","Strike_R+1","Defend_R","Defend_R","Blood for Blood","Sword Boomerang+1","Rupture+1","Inflame+1","Combust","Flex+1","Twin Strike","Headbutt","Warcry+1","Demon Form+1","Spot Weakness+1","Brutality+1","Sword Boomerang+1","Flame Barrier+1","Pummel","Headbutt","Heavy Blade+1","CurseOfTheBell","Ghostly Armor+1","PanicButton","Havoc+1","Parasite","Shrug It Off"],"relics":["Burning Blood","Orichalcum","Bloody Idol","Whetstone","Regal Pillow","Astrolabe","Orrery","War Paint","Ancient Tea Set","Anchor","Calling Bell","Happy Flower","Eternal Feather","Turnip","Shovel","Akabeko"],"acts_visited":["Exordium","TheCity","TheBeyond"],"potions_floor_usage":[50,50,50],"damage_taken":[{"damage":2.0,"enemies":"Cultist","floor":1.0,"turns":4.0},{"damage":7.0,"enemies":"Small Slimes","floor":2.0,"turns":4.0},{"damage":2.0,"enemies":"Jaw Worm","floor":4.0,"turns":3.0},{"damage":17.0,"enemies":"Blue Slaver","floor":5.0,"turns":3.0},{"damage":39.0,"enemies":"3 Sentries","floor":7.0,"turns":7.0},{"damage":2.0,"enemies":"Gremlin Nob","floor":11.0,"turns":3.0},{"damage":3.0,"enemies":"2 Fungi Beasts","floor":13.0,"turns":2.0},{"damage":41.0,"enemies":"The Guardian","floor":16.0,"turns":8.0},{"damage":9.0,"enemies":"Chosen","floor":18.0,"turns":3.0},{"damage":24.0,"enemies":"Spheric Guardian","floor":21.0,"turns":4.0},{"damage":44.0,"enemies":"Slavers","floor":24.0,"turns":4.0},{"damage":16.0,"enemies":"Centurion and Healer","floor":27.0,"turns":4.0},{"damage":16.0,"enemies":"Chosen and Byrds","floor":28.0,"turns":4.0},{"damage":31.0,"enemies":"3 Cultists","floor":30.0,"turns":4.0},{"damage":16.0,"enemies":"Snake Plant","floor":31.0,"turns":3.0},{"damage":55.0,"enemies":"Champ","floor":33.0,"turns":7.0},{"damage":17.0,"enemies":"Orb Walker","floor":35.0,"turns":4.0},{"damage":0.0,"enemies":"Mind Bloom Boss Battle","floor":36.0,"turns":5.0},{"damage":44.0,"enemies":"3 Darklings","floor":37.0,"turns":4.0},{"damage":16.0,"enemies":"Transient","floor":39.0,"turns":6.0},{"damage":24.0,"enemies":"Writhing Mass","floor":44.0,"turns":5.0},{"damage":23.0,"enemies":"4 Shapes","floor":48.0,"turns":8.0},{"damage":54,"enemies":"Time Eater","floor":50,"turns":6}],"seed_played":"8164190431853814688","potions_obtained":[{"floor":4.0,"key":"Energy Potion"},{"floor":5.0,"key":"Ancient Potion"},{"floor":7.0,"key":"Fire Potion"},{"floor":16.0,"key":"Regen Potion"},{"floor":24.0,"key":"DuplicationPotion"},{"floor":27.0,"key":"PowerPotion"},{"floor":31.0,"key":"Ancient Potion"},{"floor":33.0,"key":"SkillPotion"},{"floor":35.0,"key":"Strength Potion"},{"floor":39.0,"key":"DuplicationPotion"},{"floor":44.0,"key":"AttackPotion"}],"is_trial":false,"path_per_floor":["M","M","$","M","M","R","E","?","T","R","E","R","M","?","R","B",null,"M","?","$","M","?","R","E","R","T","M","M","?","M","M","R","B",null,"M","?","M","?","M","$","R","?","T","M","$","R","?","M","R","B",null],"character_chosen":"IRONCLAD","items_purchased":["Inflame","Orrery","EntropicBrew"],"campfire_rested":4,"item_purchase_floors":[3,20,45],"current_hp_per_floor":[72,71,71,75,64,64,31,31,31,31,35,35,38,38,68,33,59,56,56,56,55,55,55,22,57,57,52,47,47,27,22,57,13,54,48,59,26,26,21,21,68,68,68,55,55,68,68,56,68,20],"gold":22,"neow_bonus":"TRANSFORM_CARD","is_daily":false,"chose_seed":false,"campfire_upgraded":6,"win_rate":0.0,"timestamp":1610217025,"path_taken":["M","M","$","M","M","R","E","?","T","R","E","R","M","?","R","BOSS","M","?","$","M","?","R","E","R","T","M","M","?","M","M","R","BOSS","M","?","M","?","M","$","R","?","T","M","$","R","?","?","R","BOSS"],"items_purchased_type":["Card","Relic","Potion"],"build_version":"2020-12-22","purchased_purges":2,"victory":true,"max_hp_per_floor":[75,75,75,75,75,75,75,68,68,68,68,68,68,68,68,68,68,68,68,68,68,68,68,68,68,68,68,68,68,68,68,68,68,68,68,68,68,68,68,68,68,68,68,68,68,68,68,68,68,68],"card_choices":[{"not_picked":["Shrug It Off","Twin Strike"],"picked":"Sword Boomerang","floor":1.0},{"not_picked":["Second Wind","Wild Strike"],"picked":"Rupture","floor":2.0},{"not_picked":["True Grit","Wild Strike"],"picked":"Combust","floor":4.0},{"not_picked":["Evolve","Fiend Fire"],"picked":"Flex","floor":5.0},{"not_picked":["Second Wind","Infernal Blade"],"picked":"Twin Strike","floor":7.0},{"not_picked":["True Grit","Rupture"],"picked":"Headbutt","floor":11.0},{"not_picked":["Sword Boomerang","Blood for Blood","Fire Breathing"],"picked":"SKIP","floor":13.0},{"not_picked":["Berserk","Impervious"],"picked":"Demon Form","floor":16.0},{"not_picked":["Rage","Heavy Blade"],"picked":"Spot Weakness","floor":18.0},{"not_picked":["Body Slam","True Grit"],"picked":"Brutality","floor":20.0},{"not_picked":["Sentinel","Corruption"],"picked":"Sword Boomerang+1","floor":20.0},{"not_picked":["Armaments","Sentinel"],"picked":"Flame Barrier","floor":20.0},{"not_picked":["Wild Strike","Anger"],"picked":"Pummel","floor":21.0},{"not_picked":["Clash","Armaments","Bludgeon"],"picked":"SKIP","floor":24.0},{"not_picked":["Shrug It Off","Intimidate"],"picked":"Headbutt","floor":27.0},{"not_picked":["Headbutt","Pummel"],"picked":"Heavy Blade","floor":28.0},{"not_picked":["Wild Strike","Anger","Hemokinesis"],"picked":"SKIP","floor":30.0},{"not_picked":["Wild Strike","Heavy Blade","Dropkick"],"picked":"SKIP","floor":31.0},{"not_picked":["Armaments+1","Heavy Blade","Uppercut"],"picked":"SKIP","floor":35.0},{"not_picked":["True Grit+1","Sever Soul"],"picked":"Ghostly Armor+1","floor":37.0},{"not_picked":["Sadistic Nature","Metamorphosis"],"picked":"PanicButton","floor":38.0},{"not_picked":["Carnage","Headbutt"],"picked":"Havoc+1","floor":39.0},{"not_picked":["Clash+1","Armaments","Entrench"],"picked":"SKIP","floor":44.0},{"not_picked":["Heavy Blade","Hemokinesis+1","Spot Weakness"],"picked":"SKIP","floor":48.0}],"player_experience":116665,"relics_obtained":[{"floor":7.0,"key":"Orichalcum"},{"floor":9.0,"key":"Whetstone"},{"floor":11.0,"key":"Regal Pillow"},{"floor":24.0,"key":"War Paint"},{"floor":26.0,"key":"Ancient Tea Set"},{"floor":34.0,"key":"Happy Flower"},{"floor":34.0,"key":"Eternal Feather"},{"floor":34.0,"key":"Turnip"},{"floor":36.0,"key":"Shovel"},{"floor":43.0,"key":"Akabeko"}],"event_choices":[{"damage_healed":0.0,"max_hp_gain":0.0,"max_hp_loss":7.0,"gold_gain":0.0,"event_name":"Golden Idol","player_choice":"Lose Max HP","floor":8.0,"gold_loss":0.0,"damage_taken":0.0,"relics_obtained":["Golden Idol"]},{"cards_removed":["Strike_R"],"damage_healed":0.0,"max_hp_gain":0.0,"max_hp_loss":0.0,"gold_gain":0.0,"event_name":"The Cleric","player_choice":"Card Removal","floor":14.0,"gold_loss":75.0,"damage_taken":0.0},{"damage_healed":0.0,"max_hp_gain":0.0,"max_hp_loss":0.0,"gold_gain":0.0,"event_name":"Forgotten Altar","player_choice":"Gave Idol","floor":19.0,"relics_lost":["Golden Idol"],"gold_loss":0.0,"damage_taken":0.0,"relics_obtained":["Bloody Idol"]},{"damage_healed":0.0,"max_hp_gain":0.0,"max_hp_loss":0.0,"gold_gain":0.0,"event_name":"Vampires","player_choice":"Ignored","floor":22.0,"gold_loss":0.0,"damage_taken":0.0},{"damage_healed":0.0,"max_hp_gain":0.0,"max_hp_loss":0.0,"gold_gain":0.0,"event_name":"Addict","player_choice":"Obtained Relic","floor":29.0,"gold_loss":85.0,"damage_taken":0.0,"relics_obtained":["Anchor"]},{"damage_healed":0.0,"max_hp_gain":0.0,"max_hp_loss":0.0,"gold_gain":0.0,"event_name":"MindBloom","player_choice":"Fight","floor":36.0,"gold_loss":0.0,"damage_taken":0.0},{"damage_healed":0.0,"max_hp_gain":0.0,"max_hp_loss":0.0,"gold_gain":0.0,"event_name":"SensoryStone","player_choice":"Memory 1","floor":38.0,"gold_loss":0.0,"damage_taken":0.0},{"damage_healed":0.0,"max_hp_gain":0.0,"max_hp_loss":0.0,"gold_gain":0.0,"event_name":"Mysterious Sphere","player_choice":"Ignored","floor":42.0,"gold_loss":0.0,"damage_taken":0.0},{"damage_healed":0.0,"max_hp_gain":0.0,"max_hp_loss":0.0,"gold_gain":0.0,"cards_transformed":["Anger"],"event_name":"Transmorgrifier","player_choice":"Transformed","floor":47.0,"gold_loss":0.0,"damage_taken":0.0,"cards_obtained":["Shrug It Off"]}],"is_beta":false,"boss_relics":[{"not_picked":["Tiny House","Ectoplasm"],"picked":"Astrolabe"},{"not_picked":["Runic Pyramid","Runic Dome"],"picked":"Calling Bell"}],"items_purged_floors":[3,40],"is_endless":false,"potions_floor_spawned":[4,5,7,16,18,24,27,31,33,35,39,44,48],"ascension_level":19}}