{"host":"ktoxvvst1mwxww91","time":1610204898,"event":{"mods":["BaseMod","Hermit","Minty Spire (QoL Compilation)","StSLib","The Hierophant","The Mystic","The Necromancer"],"gold_per_floor":[110,123,48,48,48,48,81,81,106,106,6,16,16,31,31,135,135,155,70,89,37,50,50,77,77,101,113,141,141,141,141],"floor_reached":30,"playtime":841,"items_purged":["Strike_R","Strike_R"],"score":462,"play_id":"2cb25d2b-a331-45d4-aa04-1f61e7779caf","local_time":"20210109160818","is_ascension_mode":true,"campfire_choices":[{"data":"Bash","floor":6,"key":"SMITH"},{"data":"Rampage","floor":10,"key":"SMITH"},{"data":"Pommel Strike","floor":13,"key":"SMITH"},{"data":"Cleave","floor":15,"key":"SMITH"},{"data":"Ghostly","floor":29,"key":"SMITH"}],"circlet_count":0,"master_deck":["AscendersBane","Strike_R","Strike_R","Defend_R","Defend_R","Defend_R","Defend_R","Bash+1","Pommel Strike+1","Cleave+1","Rampage+1","Intimidate","Reaper","Double Tap","Flame Barrier","Shrug It Off","Shrug It Off","Battle Trance","Reaper","Ghostly+1","Ghostly","Ghostly","Ghostly","Ghostly","Iron Wave","Iron Wave"],"relics":["Burning Blood","NeowsBlessing","Vajra","Potion Belt","MealTicket","Snecko Eye","Oddly Smooth Stone","Pen Nib","Akabeko","Nunchaku"],"acts_visited":["Exordium","TheCity"],"potions_floor_usage":[22,24,28,30],"damage_taken":[{"damage":0,"enemies":"Jaw Worm","floor":1,"turns":1},{"damage":0,"enemies":"2 Louse","floor":2,"turns":1},{"damage":0,"enemies":"Lagavulin","floor":7,"turns":1},{"damage":0,"enemies":"Small Slimes","floor":12,"turns":2},{"damage":9,"enemies":"3 Louse","floor":14,"turns":3},{"damage":45,"enemies":"The Guardian","floor":16,"turns":8},{"damage":12,"enemies":"Chosen","floor":18,"turns":3},{"damage":14,"enemies":"Shell Parasite","floor":20,"turns":4},{"damage":18,"enemies":"Cultist and Chosen","floor":22,"turns":7},{"damage":47,"enemies":"Book of Stabbing","floor":24,"turns":6},{"damage":9,"enemies":"Snecko","floor":27,"turns":5},{"damage":3,"enemies":"Slavers","floor":28,"turns":6},{"damage":38,"enemies":"Gremlin Leader","floor":30,"turns":10}],"seed_played":"6115603211732204508","potions_obtained":[{"floor":7,"key":"Explosive Potion"},{"floor":16,"key":"Explosive Potion"},{"floor":22,"key":"DuplicationPotion"},{"floor":24,"key":"Energy Potion"},{"floor":28,"key":"Weak Potion"}],"is_trial":false,"path_per_floor":["M","M","$","?","?","R","E","?","T","R","$","M","R","M","R","B",null,"M","?","M","$","M","$","E","?","T","M","E","R","E"],"character_chosen":"IRONCLAD","items_purchased":["Shrug It Off"],"campfire_rested":0,"item_purchase_floors":[21],"current_hp_per_floor":[78,80,80,80,85,85,85,85,85,85,85,85,85,82,82,43,75,76,76,73,85,78,85,49,42,42,39,42,42,4,4],"gold":141,"neow_bonus":"THREE_ENEMY_KILL","is_daily":false,"chose_seed":false,"campfire_upgraded":5,"win_rate":0.0,"timestamp":1610204898,"path_taken":["M","M","$","?","?","R","E","?","T","R","$","M","R","?","R","BOSS","M","?","M","$","M","$","E","?","T","M","E","R","E"],"items_purchased_type":["Card"],"build_version":"2020-12-22","purchased_purges":2,"victory":false,"max_hp_per_floor":[80,80,80,80,85,85,85,85,85,85,85,85,85,85,85,85,85,85,85,85,85,85,85,85,42,42,42,42,42,42,42],"card_choices":[{"not_picked":["Sword Boomerang","Whirlwind"],"picked":"Pommel Strike","floor":1},{"not_picked":["Body Slam","Ghostly Armor"],"picked":"Cleave","floor":2},{"not_picked":["Twin Strike","Pommel Strike"],"picked":"Rampage","floor":7},{"not_picked":["Heavy Blade","Warcry"],"picked":"Intimidate","floor":12},{"not_picked":["Carnage","Pommel Strike"],"picked":"Reaper","floor":14},{"not_picked":["Exhume","Berserk"],"picked":"Double Tap","floor":16},{"not_picked":["Inflame","Cleave+1"],"picked":"Flame Barrier","floor":18},{"not_picked":["Warcry","Armaments+1"],"picked":"Shrug It Off","floor":20},{"not_picked":["Perfected Strike","Seeing Red"],"picked":"Battle Trance","floor":22},{"not_picked":["Power Through","Thunderclap"],"picked":"Reaper","floor":24},{"not_picked":["Battle Trance+1","Headbutt+1"],"picked":"Iron Wave","floor":27},{"not_picked":["Rage","Infernal Blade+1"],"picked":"Iron Wave","floor":28}],"player_experience":986443,"relics_obtained":[{"floor":7,"key":"Vajra"},{"floor":9,"key":"MealTicket"},{"floor":24,"key":"Pen Nib"},{"floor":26,"key":"Akabeko"},{"floor":28,"key":"Nunchaku"}],"event_choices":[{"cards_removed":["Strike_R"],"damage_healed":0,"gold_gain":0,"player_choice":"Forget","damage_taken":0,"max_hp_gain":0,"max_hp_loss":0,"event_name":"Living Wall","floor":4,"gold_loss":0},{"damage_healed":0,"gold_gain":0,"player_choice":"Donut","damage_taken":0,"max_hp_gain":5,"max_hp_loss":0,"event_name":"Big Fish","floor":5,"gold_loss":0},{"damage_healed":0,"gold_gain":0,"player_choice":"Gave Potion","damage_taken":0,"relics_obtained":["Potion Belt"],"max_hp_gain":0,"max_hp_loss":0,"event_name":"WeMeetAgain","floor":8,"gold_loss":0},{"damage_healed":0,"gold_gain":0,"player_choice":"Obtained Relic","damage_taken":0,"relics_obtained":["Oddly Smooth Stone"],"max_hp_gain":0,"max_hp_loss":0,"event_name":"Addict","floor":19,"gold_loss":85},{"damage_healed":0,"gold_gain":0,"player_choice":"Became a Ghost","damage_taken":0,"max_hp_gain":0,"max_hp_loss":43,"event_name":"Ghosts","floor":25,"gold_loss":0,"cards_obtained":["Ghostly","Ghostly","Ghostly","Ghostly","Ghostly"]}],"is_beta":false,"boss_relics":[{"not_picked":["Astrolabe","Runic Cube"],"picked":"Snecko Eye"}],"items_purged_floors":[3,11],"is_endless":false,"potions_floor_spawned":[7,16,22,24,28],"killed_by":"Gremlin Leader","ascension_level":10}}