{"host":"os9owiyb0rak6c8n","time":1610219518,"event":{"mods":["AchievementEnabler","Astrologer","BaseMod","Beaked The Cultist","Better Third Choice","Block Reminder","Colored Map","Colored Powertips","Dio Mod","Minty Spire (QoL Compilation)","Robot Space Explorer","Spicy Shops","StSLib","The Death Knight","The Necromancer"],"gold_per_floor":[116,131,142,317,330,330,355,355,355,365,365,381,381,410,410,514,514,528,603,603,635,646,666,60,60,133,151,203,233,233,243,243,243,243],"floor_reached":33,"playtime":3239,"items_purged":["Decay"],"score":267,"play_id":"deb05d5f-134e-4b5c-8cd9-fb1000a70759","local_time":"20210109201158","is_ascension_mode":false,"campfire_choices":[{"data":"astrologer:NeutronStar","floor":6,"key":"SMITH"},{"floor":8,"key":"REST"},{"floor":13,"key":"REST"},{"floor":15,"key":"REST"},{"floor":25,"key":"REST"},{"floor":32,"key":"REST"}],"circlet_count":0,"master_deck":["astrologer:Strike+1","astrologer:Strike+1","astrologer:Strike+1","astrologer:Strike+1","astrologer:Defend+1","astrologer:Defend+1","astrologer:Defend+1","astrologer:Defend+1","astrologer:NorthStar+1","astrologer:TheFool","astrologer:CometStrike","astrologer:NeutronStar+1","astrologer:Opposition","Doubt","astrologer:Sunrise","astrologer:Fireball","astrologer:TheChariot","astrologer:SolarFlare","astrologer:Still","astrologer:TheStar"],"relics":["astrologer:SkyMirror","Orichalcum","Bottled Flame","Odd Mushroom","Sozu","Red Mask","astrologer:Telescope","CaptainsWheel","Thread and Needle","The Courier","Ancient Tea Set","Shovel"],"acts_visited":["Exordium","TheCity"],"potions_floor_usage":[12,14,16,16],"damage_taken":[{"damage":2,"enemies":"Jaw Worm","floor":1,"turns":4},{"damage":0,"enemies":"Cultist","floor":2,"turns":4},{"damage":1,"enemies":"2 Louse","floor":3,"turns":3},{"damage":4,"enemies":"Large Slime","floor":5,"turns":6},{"damage":47,"enemies":"3 Sentries","floor":7,"turns":13},{"damage":11,"enemies":"Exordium Thugs","floor":10,"turns":4},{"damage":0,"enemies":"3 Louse","floor":12,"turns":3},{"damage":21,"enemies":"The Mushroom Lair","floor":14,"turns":4},{"damage":46,"enemies":"The Guardian","floor":16,"turns":10},{"damage":2,"enemies":"Chosen","floor":18,"turns":5},{"damage":29,"enemies":"Masked Bandits","floor":21,"turns":5},{"damage":7,"enemies":"Shell Parasite","floor":22,"turns":5},{"damage":20,"enemies":"Snake Plant","floor":23,"turns":5},{"damage":2,"enemies":"Chosen and Byrds","floor":27,"turns":7},{"damage":12,"enemies":"Slavers","floor":29,"turns":8},{"damage":0,"enemies":"Centurion and Healer","floor":31,"turns":5},{"damage":40,"enemies":"Collector","floor":33,"turns":9}],"seed_played":"-7424138312537567718","potions_obtained":[{"floor":2,"key":"AttackPotion"},{"floor":5,"key":"Swift Potion"},{"floor":7,"key":"FearPotion"},{"floor":12,"key":"SpeedPotion"}],"is_trial":false,"path_per_floor":["M","M","M","?","M","R","E","R","T","M","?","M","R","?","R","B",null,"M","?","$","?","M","M","$","R","T","M","T","E","?","M","R","B"],"character_chosen":"ASTROLOGER","items_purchased":["astrologer:Telescope","astrologer:Still","CaptainsWheel","Thread and Needle"],"campfire_rested":5,"item_purchase_floors":[24,24,24,24],"current_hp_per_floor":[68,68,67,67,63,63,16,37,37,26,26,26,47,26,47,1,70,68,61,61,32,25,5,5,26,26,24,24,12,12,12,33,0,0],"gold":243,"neow_bonus":"UPGRADE_CARD","is_daily":false,"chose_seed":false,"campfire_upgraded":1,"win_rate":0.0,"timestamp":1610219518,"path_taken":["M","M","M","?","M","R","E","R","T","M","?","?","R","?","R","BOSS","M","?","?","?","M","M","$","R","T","M","?","E","?","M","R","BOSS"],"items_purchased_type":["Relic","Card","Relic","Relic"],"build_version":"2020-12-22","purchased_purges":1,"victory":false,"max_hp_per_floor":[70,70,70,70,70,70,70,70,70,70,70,70,70,70,70,70,70,70,70,70,70,70,70,70,70,70,70,70,70,70,70,70,70,70],"card_choices":[{"not_picked":["astrologer:Radiance","astrologer:MeteorShower"],"picked":"astrologer:CometStrike","floor":1},{"not_picked":["astrologer:TheHangedMan","astrologer:TheDevil"],"picked":"astrologer:NeutronStar","floor":2},{"not_picked":["astrologer:TheDevil","astrologer:Still"],"picked":"astrologer:Opposition","floor":3},{"not_picked":["astrologer:MeteorShower","astrologer:Conjunction","astrologer:Eclipse"],"picked":"SKIP","floor":5},{"not_picked":["astrologer:MeteorShower","astrologer:TheEmperor","astrologer:DarkMatter"],"picked":"SKIP","floor":7},{"not_picked":["astrologer:CometStrike","astrologer:Shine"],"picked":"astrologer:Sunrise","floor":10},{"not_picked":["astrologer:Opposition","astrologer:StarOfRegret","astrologer:SpaceDust"],"picked":"SKIP","floor":12},{"not_picked":["astrologer:Eclipse","astrologer:Premeditation"],"picked":"astrologer:Fireball","floor":14},{"not_picked":["astrologer:TheSun","astrologer:Premonition"],"picked":"astrologer:TheChariot","floor":16},{"not_picked":["astrologer:Stardust","astrologer:Still","astrologer:Fireball"],"picked":"SKIP","floor":18},{"not_picked":["astrologer:ReadTheStars+1","astrologer:MeteorShower"],"picked":"astrologer:SolarFlare","floor":21},{"not_picked":["astrologer:CosmicExpanse","astrologer:Quincunx","astrologer:TheHighPriestess"],"picked":"SKIP","floor":22},{"not_picked":["astrologer:SolarFlare","astrologer:Radiance","astrologer:Conjunction"],"picked":"SKIP","floor":23},{"not_picked":["astrologer:TheHighPriestess","astrologer:CometStrike+1","astrologer:Moonlight"],"picked":"SKIP","floor":27},{"not_picked":["astrologer:Opposition+1","astrologer:CrystalBall"],"picked":"astrologer:TheStar","floor":29},{"not_picked":["astrologer:CrystalBall","astrologer:LonelyStar","astrologer:StarOfChange+1"],"picked":"SKIP","floor":31}],"player_experience":600285,"relics_obtained":[{"floor":7,"key":"Orichalcum"},{"floor":9,"key":"Bottled Flame"},{"floor":14,"key":"Odd Mushroom"},{"floor":21,"key":"Red Mask"},{"floor":26,"key":"The Courier"},{"floor":28,"key":"Ancient Tea Set"},{"floor":29,"key":"Shovel"}],"event_choices":[{"damage_healed":0,"gold_gain":175,"player_choice":"AGREE","damage_taken":142,"max_hp_gain":0,"max_hp_loss":0,"event_name":"betterThird:BetterSerpent","floor":4,"gold_loss":0},{"damage_healed":0,"gold_gain":0,"player_choice":"Cursed","damage_taken":0,"max_hp_gain":0,"max_hp_loss":0,"event_name":"Wheel of Change","floor":11,"gold_loss":0,"cards_obtained":["Decay"]},{"damage_healed":0,"gold_gain":0,"player_choice":"Fought Mushrooms","damage_taken":0,"max_hp_gain":0,"max_hp_loss":0,"event_name":"Mushrooms","floor":14,"gold_loss":0},{"damage_healed":0,"gold_gain":75,"player_choice":"Touch","damage_taken":7,"max_hp_gain":0,"max_hp_loss":0,"event_name":"FaceTrader","floor":19,"gold_loss":0},{"damage_healed":0,"gold_gain":0,"player_choice":"Fought Bandits","damage_taken":0,"max_hp_gain":0,"max_hp_loss":0,"event_name":"Masked Bandits","floor":21,"gold_loss":0},{"damage_healed":0,"gold_gain":0,"player_choice":"Simplicity","damage_taken":0,"max_hp_gain":0,"max_hp_loss":8,"event_name":"betterThird:BetterWriting","floor":30,"gold_loss":0}],"is_beta":false,"boss_relics":[{"not_picked":["Calling Bell","Philosopher\u0027s Stone"],"picked":"Sozu"}],"items_purged_floors":[24],"is_endless":false,"potions_floor_spawned":[2,5,7,12,21,23,27],"killed_by":"Collector","ascension_level":0}}