{"host":"ci7cmvrwpmzqnw7e","time":1610177346,"event":{"mods":["BaseMod","BetterRewards","Colored Map","Downfall","Highlight Path","Hubris","Minty Spire (QoL Compilation)","Rare Cards Sparkle","Replay The Spire","Shop Mod","StSLib","The Disciple"],"gold_per_floor":[99,99,99,99,36,50,50,50,63,75,90,90,190,210,222,327,327,327,338,102,112,112,112,136,136,136,136,136],"floor_reached":26,"playtime":1117,"items_purged":[],"score":196,"play_id":"f1cba4d3-3121-452b-aead-d70b7dbfd9e1","local_time":"20210109002906","is_ascension_mode":false,"campfire_choices":[{"data":"Guardian:TwinSlam","floor":1,"key":"SMITH"},{"data":"Guardian:SpikerProtocol","floor":12,"key":"SMITH"},{"data":"Guardian:SentryBeam","floor":18,"key":"SMITH"},{"data":"Guardian:EvasiveProtocol","floor":25,"key":"SMITH"}],"circlet_count":0,"master_deck":["Guardian:Strike_Guardian","Guardian:Strike_Guardian","Guardian:Strike_Guardian","Guardian:Defend_Guardian","Guardian:Defend_Guardian","Guardian:Defend_Guardian","Guardian:CurlUp","Guardian:TwinSlam+1","Guardian:TemporalShield","Guardian:SpikerProtocol+1","Guardian:EvasiveProtocol+1","Guardian:PiercingHide+1","Guardian:Gem_Cyan","Guardian:RollAttack","Guardian:VentSteam","Guardian:SentryBeam+1","Guardian:ArmoredProtocol","Guardian:AncientConstruct","CurseOfTheBell","Guardian:Gem_Orange","Guardian:Gem_Fragmented","Guardian:Gem_White","Guardian:StasisStrike","Guardian:FloatingOrbs","Necronomicurse"],"relics":["Guardian:ModeShifter","downfall:HeartsMalice","Snack Pack","Calling Bell","Toy Ornithopter","HornCleat","Guardian:SackOfGems","Bronze Scales","Necronomicon","hubris:BottledHeart","Pen Nib"],"acts_visited":["Exordium","TheCity"],"potions_floor_usage":[16,26,26],"damage_taken":[{"damage":0,"enemies":"Cultist","floor":2,"turns":1},{"damage":0,"enemies":"2 Louse","floor":3,"turns":1},{"damage":0,"enemies":"Jaw Worm","floor":4,"turns":1},{"damage":0,"enemies":"downfall:FleeingMerchant","floor":5,"turns":4},{"damage":3,"enemies":"Exordium Wildlife","floor":6,"turns":6},{"damage":6,"enemies":"2 Fungi Beasts","floor":9,"turns":2},{"damage":6,"enemies":"3 Louse","floor":10,"turns":2},{"damage":7,"enemies":"Lots of Slimes","floor":11,"turns":3},{"damage":5,"enemies":"downfall:Heads","floor":13,"turns":3},{"damage":3,"enemies":"Red Slaver","floor":14,"turns":3},{"damage":0,"enemies":"3 Louse","floor":15,"turns":3},{"damage":19,"enemies":"downfall:Defect","floor":16,"turns":8},{"damage":0,"enemies":"3 Byrds","floor":19,"turns":3},{"damage":0,"enemies":"downfall:FleeingMerchant","floor":20,"turns":4},{"damage":11,"enemies":"Centurion and Healer","floor":21,"turns":7},{"damage":6,"enemies":"Gremlin Leader","floor":26,"turns":6}],"seed_played":"425367788275904853","potions_obtained":[{"floor":6,"key":"Regen Potion"},{"floor":9,"key":"Swift Potion"},{"floor":10,"key":"LiquidBronze"},{"floor":15,"key":"BlessingOfTheForge"},{"floor":16,"key":"Block Potion"}],"is_trial":false,"path_per_floor":["R","M","M","M","$","M","T","?","M","M","M","R","?","M","M","B",null,"R","M","$","M","?","?","T","R","E"],"character_chosen":"GUARDIAN","items_purchased":["Guardian:PiercingHide","Bronze Scales","Guardian:FloatingOrbs"],"campfire_rested":0,"item_purchase_floors":[5,20,20],"current_hp_per_floor":[80,80,80,80,80,77,77,77,75,71,66,66,61,60,60,43,80,80,80,80,75,59,1,1,1,0,0,0],"gold":136,"neow_bonus":"THREE_ENEMY_KILL","is_daily":false,"chose_seed":false,"campfire_upgraded":4,"win_rate":0.0,"timestamp":1610177346,"path_taken":["R","M","M","M","$","?","T","?","?","M","M","R","?","M","M","BOSS","R","M","$","M","?","?","T","R","E"],"items_purchased_type":["Card","Relic","Card"],"build_version":"2020-12-22","purchased_purges":0,"victory":false,"max_hp_per_floor":[80,80,80,80,80,80,80,80,80,80,80,80,80,80,80,80,80,80,80,80,80,80,1,1,1,1,1,1],"card_choices":[{"not_picked":["Guardian:ShieldCharger","Guardian:CrystalBeam"],"picked":"Guardian:TemporalShield","floor":2},{"not_picked":["Guardian:CrystalBeam","Guardian:ArmoredProtocol"],"picked":"Guardian:Gem_White","floor":3},{"not_picked":["Guardian:BronzeArmor","Guardian:Suspension"],"picked":"Guardian:SpikerProtocol","floor":4},{"not_picked":["Guardian:Gem_White","Guardian:ShieldCharger"],"picked":"Guardian:EvasiveProtocol","floor":5},{"not_picked":["Guardian:FierceBash","Guardian:Gem_Red"],"picked":"Guardian:Gem_Fragmented","floor":6},{"not_picked":["Guardian:TemporalStrike","Guardian:Incinerate","Guardian:PrimingBeam"],"picked":"SKIP","floor":9},{"not_picked":["Guardian:TimeBomb","Guardian:PiercingHide"],"picked":"Guardian:Gem_Cyan","floor":10},{"not_picked":["Guardian:PiercingHide","Guardian:CrystalBeam"],"picked":"Guardian:RollAttack","floor":11},{"not_picked":["Guardian:TemporalStrike","Guardian:Suspension"],"picked":"Guardian:SentryBeam","floor":13},{"not_picked":["Guardian:RollAttack","Guardian:StasisField","Guardian:PrismaticBeam"],"picked":"SKIP","floor":14},{"not_picked":["Guardian:Repulse","Guardian:WalkerClaw"],"picked":"Guardian:ArmoredProtocol","floor":15},{"not_picked":["Guardian:StasisStrike","Guardian:StasisField"],"picked":"Guardian:AncientConstruct","floor":16},{"not_picked":["Guardian:Recover+1","Guardian:MultiBeam","Guardian:VentSteam"],"picked":"SKIP","floor":19},{"not_picked":["Guardian:RollAttack","Guardian:BronzeArmor+1"],"picked":"Guardian:StasisStrike","floor":20},{"not_picked":["Guardian:CrystalBeam","Guardian:Gem_Red"],"picked":"Guardian:Gem_Lightblue","floor":21}],"player_experience":35904,"relics_obtained":[{"floor":7,"key":"Snack Pack"},{"floor":17,"key":"Toy Ornithopter"},{"floor":17,"key":"HornCleat"},{"floor":17,"key":"Guardian:SackOfGems"},{"floor":22,"key":"Necronomicon"},{"floor":24,"key":"Pen Nib"}],"event_choices":[],"is_beta":false,"boss_relics":[{"not_picked":["Replay:Bronze Core","Busted Crown"],"picked":"Calling Bell"}],"items_purged_floors":[],"is_endless":false,"potions_floor_spawned":[6,9,10,15,16,21],"killed_by":"Gremlin Leader","ascension_level":0}}