{"host":"minbhrtlkaoly5f0","time":1610190269,"event":{"mods":["Act Like it!","BaseMod","Colored Map","Colored Powertips","Lobotomy","LobotomyExtend","Luminous","Minty Spire (QoL Compilation)","Quick Restart","StSLib"],"gold_per_floor":[113,131,150,75,88,88,106,6,6,21,31,31,31,43,43,43,43],"floor_reached":16,"playtime":595,"items_purged":["SpecialBullet","SpecialBullet"],"score":96,"play_id":"fe0dcc11-46cf-4d00-9934-f30b07b8fb0f","local_time":"20210109190429","is_ascension_mode":false,"campfire_choices":[],"circlet_count":0,"master_deck":["SpecialBullet","SpecialBullet","SpecialBullet","SpecialBullet","SpecialBullet","SpecialBullet","InformationCode","SecurityCode","ExtractionCode","Justitia","Soda","MeatLantern","Lantern","GalaxyChild","DespairKnight","Lamp+4","SwordSharpenedByTears+1","CherryBlossoms","TrainingCode","ShyLook","Amita+1","OldLady","WelfareCode"],"relics":["CogitoBucket","LetterFromLob","Mercury Hourglass","TreeSap"],"acts_visited":["Exordium"],"potions_floor_usage":[7,16],"damage_taken":[{"damage":16,"enemies":"Small Slimes","floor":1,"turns":4},{"damage":20,"enemies":"Jaw Worm","floor":2,"turns":4},{"damage":11,"enemies":"2 Louse","floor":3,"turns":5},{"damage":16,"enemies":"Exordium Thugs","floor":5,"turns":4},{"damage":6,"enemies":"Exordium Wildlife","floor":7,"turns":6},{"damage":27,"enemies":"Gremlin Gang","floor":10,"turns":1},{"damage":11,"enemies":"Large Slime","floor":11,"turns":4},{"damage":8,"enemies":"Exordium Thugs","floor":14,"turns":3},{"damage":41,"enemies":"The Guardian","floor":16,"turns":4}],"seed_played":"-714434778476117474","potions_obtained":[{"floor":5,"key":"Block Potion"},{"floor":10,"key":"Ancient Potion"}],"is_trial":false,"path_per_floor":["M","M","M","$","M","R","M","$","T","M","M","?","R","M","R","B"],"character_chosen":"Angela","items_purchased":[],"campfire_rested":0,"item_purchase_floors":[],"current_hp_per_floor":[62,51,48,48,40,40,46,46,46,19,31,20,20,35,35,0,0],"gold":43,"neow_bonus":"ONE_RANDOM_RARE_CARD","is_daily":false,"chose_seed":false,"campfire_upgraded":0,"win_rate":0.0,"timestamp":1610190269,"path_taken":["M","M","M","$","M","R","M","$","T","M","M","?","R","M","R","BOSS"],"items_purchased_type":[],"build_version":"2020-12-22","purchased_purges":2,"victory":false,"max_hp_per_floor":[70,70,70,70,70,70,70,70,70,70,55,55,55,59,59,59,59],"card_choices":[{"not_picked":["Noise"],"picked":"Soda","floor":1},{"not_picked":["Murderer","Laetitia"],"picked":"MeatLantern","floor":1},{"not_picked":["Horn"],"picked":"Lantern","floor":1},{"not_picked":["FieryBird","LittlePrince"],"picked":"GalaxyChild","floor":2},{"not_picked":["GrinderMk4","Penitence"],"picked":"SKIP","floor":2},{"not_picked":["BeautyBeast","VoidDream"],"picked":"DespairKnight","floor":3},{"not_picked":["CENSORED_ego"],"picked":"Lamp","floor":3},{"not_picked":["BlackSwan_ego","LifeForTheDareDevil"],"picked":"SKIP","floor":3},{"not_picked":["GreenStem"],"picked":"SwordSharpenedByTears","floor":5},{"not_picked":["Yin","Rudolta"],"picked":"CherryBlossoms","floor":5},{"not_picked":["Tough","Regret_ego"],"picked":"SKIP","floor":5},{"not_picked":["FieryBird","SnowQueen"],"picked":"ShyLook","floor":7},{"not_picked":["Penitence"],"picked":"Amita","floor":7},{"not_picked":["Beak","Lantern"],"picked":"SKIP","floor":7},{"not_picked":["ScreamingWedge","GrinderMk4"],"picked":"SKIP","floor":10},{"not_picked":["Tough","Regret_ego"],"picked":"SKIP","floor":11},{"not_picked":["Regret_ego","FourthMatchFlame"],"picked":"SKIP","floor":11},{"not_picked":["Mercenary","PunishingBird"],"picked":"OldLady","floor":14},{"not_picked":["Tough","Adoration"],"picked":"SKIP","floor":14}],"player_experience":27882,"relics_obtained":[{"floor":1,"key":"LetterFromLob"},{"floor":9,"key":"Mercury Hourglass"}],"event_choices":[{"damage_healed":0,"gold_gain":0,"player_choice":"Entered Light","damage_taken":11,"max_hp_gain":0,"max_hp_loss":0,"event_name":"Shining Light","floor":12,"gold_loss":0,"cards_upgraded":["SwordSharpenedByTears","Amita"]}],"is_beta":false,"boss_relics":[],"items_purged_floors":[4,8],"is_endless":false,"potions_floor_spawned":[5,10],"killed_by":"The Guardian","ascension_level":0}}