{"host":"j2lclbvdfoh0nnbr","time":1610183877,"event":{"mods":["ATMod(∞¢Ë™Mod)","Aspiration","BaseMod","Downfall","Lobotomy","LobotomyExtend","Minty Spire (QoL Compilation)","Reimu£®≤©¿ˆ¡È√Œ£©","Replay The Spire","StSLib","The Animator","The Bug Knight","Waifu the Spire","[IsaacMod]“‘»ˆº‚À˛"],"gold_per_floor":[113,113,215,215,140,168,185,213,237,264,264,292,320,345,345,444,444,444,200,225,302,177,284,394,394,443,443,137,189,228,79,79,283,283,322,322,322],"floor_reached":36,"playtime":1667,"items_purged":["Strike_R","Defend_R","Defend_R","Defend_R"],"score":983,"play_id":"3ba4b06b-a94e-4d10-bcd0-5ac22106648d","local_time":"20210109171757","daily_mods":["Vintage","Heirloom","Time Dilation","Flight","downfall:Lament","DeadlyEvents","Elite Swarm"],"is_ascension_mode":false,"campfire_choices":[{"data":"Exhume","floor":11,"key":"SMITH"},{"data":"Limit Break","floor":15,"key":"SMITH"},{"data":"AT_Dispersion","floor":25,"key":"SMITH"},{"data":"AT_EssenceShift","floor":27,"key":"SMITH"},{"data":"Double Tap","floor":32,"key":"SMITH"}],"circlet_count":0,"master_deck":["Strike_R","Strike_R","Strike_R","Strike_R","Bash","AT_EssenceShift+1","Replay:Undeath\u0027s Touch","Demon Form","Double Tap+1","Exhume+1","Limit Break+1","Berserk","Berserk+1","AT_Dispersion+1"],"relics":["Burning Blood","AT_ATBox","NeowsBlessing","HushsDoor","YumHeart","TungstenRod","AT_RedTearstoneRing","LetterFromLob","Orichalcum","Charon\u0027s Ashes","AT_ArcaneBoots","Blood Vial","aspiration:FrozenJewel","Red Skull","BookofShadows","Replay:Rubber Ducky","Thread and Needle","Prayer Wheel","expansioncontent:StudyCardRelic","Heaven_r","AT_MibuBalloonWealth","LaetitiaHeart","AT_ImmortalShieldbow","AT_BellowingDragoncrestRing","Bird Faced Urn","AT_ArchangelStaff","champ:Barbells","champ:DeflectingBracers","Pen Nib","AT_ChloranthyRing","Snecko Heart","Damocles","Bag of Preparation","Boot"],"acts_visited":["Exordium","TheCity","TheBeyond"],"potions_floor_usage":[16,18,33,35],"damage_taken":[{"damage":0,"enemies":"Jaw Worm","floor":1,"turns":1},{"damage":0,"enemies":"Gremlin Nob","floor":6,"turns":1},{"damage":0,"enemies":"Small Slimes","floor":7,"turns":1},{"damage":0,"enemies":"3 Sentries","floor":8,"turns":1},{"damage":10,"enemies":"Lagavulin","floor":10,"turns":6},{"damage":0,"enemies":"Gremlin Nob","floor":12,"turns":4},{"damage":0,"enemies":"3 Sentries","floor":13,"turns":6},{"damage":0,"enemies":"Lagavulin","floor":14,"turns":5},{"damage":0,"enemies":"Fading Forest","floor":16,"turns":10},{"damage":0,"enemies":"Shell Parasite","floor":18,"turns":6},{"damage":0,"enemies":"Shell Parasite","floor":20,"turns":4},{"damage":12,"enemies":"Gremlin Leader","floor":23,"turns":4},{"damage":0,"enemies":"Slavers","floor":24,"turns":4},{"damage":0,"enemies":"HollowMod:Nosk","floor":29,"turns":4},{"damage":0,"enemies":"Shell Parasite","floor":30,"turns":2},{"damage":0,"enemies":"Collector","floor":33,"turns":3},{"damage":2,"enemies":"Orb Walker","floor":35,"turns":4},{"damage":5,"enemies":"Mind Bloom Boss Battle","floor":36,"turns":2}],"seed_played":"-2944030055682916317","potions_obtained":[{"floor":1,"key":"AttackPotion"},{"floor":7,"key":"DuplicationPotion"},{"floor":8,"key":"ColorlessPotion"},{"floor":13,"key":"Slimebound:ThreeZeroPotion"},{"floor":16,"key":"hexamod:EctoCoolerPotion"},{"floor":24,"key":"Block Potion"},{"floor":33,"key":"LiquidBronze"},{"floor":35,"key":"Guardian:BlockOnCardUsePotion"}],"is_trial":true,"path_per_floor":["M","?","?","?","$","E","M","E","T","E","R","E","E","E","R","B",null,"M","$","?","T","$","E","E","R","T","R","$","E","M","$","R","B",null,"M","?"],"character_chosen":"IRONCLAD","items_purchased":["AT_MibuBalloonWealth","champ:Barbells","AT_ChloranthyRing","Damocles"],"campfire_rested":0,"item_purchase_floors":[19,28,31,34],"current_hp_per_floor":[80,74,55,46,46,77,80,80,80,76,76,80,80,80,80,80,80,69,69,58,58,58,54,62,62,62,62,62,82,85,85,85,85,75,75,0,0],"gold":322,"neow_bonus":"","is_daily":false,"chose_seed":false,"campfire_upgraded":5,"win_rate":0.0,"timestamp":1610183877,"path_taken":["M","?","?","?","$","E","?","E","T","E","R","E","E","E","R","BOSS","M","$","?","?","?","E","E","R","T","R","$","E","M","$","R","BOSS","M","?"],"items_purchased_type":["Relic","Relic","Relic","Relic"],"build_version":"2020-12-22","purchased_purges":4,"victory":false,"max_hp_per_floor":[80,80,80,80,80,80,80,80,80,80,80,80,80,80,80,80,80,82,82,85,85,85,85,85,85,85,85,85,85,85,85,85,85,75,75,75,75],"card_choices":[{"not_picked":[],"picked":"Bomb","floor":0},{"not_picked":["Abandon","Shrug It Off"],"picked":"Replay:Undeath\u0027s Touch","floor":3},{"not_picked":["Fiend Fire","Berserk"],"picked":"Demon Form","floor":6},{"not_picked":["Immolate","Brutality"],"picked":"Double Tap","floor":8},{"not_picked":["Immolate","Hemogenesis"],"picked":"Exhume","floor":10},{"not_picked":["Demon Form","Eclipse"],"picked":"Limit Break","floor":12},{"not_picked":["Corruption","Juggernaut"],"picked":"Berserk","floor":13},{"not_picked":["Fiend Fire","Brutality","Demon Form"],"picked":"SKIP","floor":14},{"not_picked":["Impervious","Bludgeon"],"picked":"Berserk","floor":23},{"not_picked":["Bludgeon","Berserk"],"picked":"AT_Dispersion","floor":24},{"not_picked":["Brutality","Double Tap","Impervious"],"picked":"SKIP","floor":29}],"player_experience":339816,"relics_obtained":[{"floor":1,"key":"AT_RedTearstoneRing"},{"floor":1,"key":"LetterFromLob"},{"floor":3,"key":"Orichalcum"},{"floor":6,"key":"AT_SpeedBoots"},{"floor":7,"key":"Blood Vial"},{"floor":8,"key":"aspiration:FrozenJewel"},{"floor":9,"key":"Red Skull"},{"floor":10,"key":"BookofShadows"},{"floor":12,"key":"Replay:Rubber Ducky"},{"floor":13,"key":"Thread and Needle"},{"floor":14,"key":"Prayer Wheel"},{"floor":21,"key":"AT_ImmortalShieldbow"},{"floor":23,"key":"AT_BellowingDragoncrestRing"},{"floor":24,"key":"Bird Faced Urn"},{"floor":26,"key":"AT_ArchangelStaff"},{"floor":29,"key":"champ:DeflectingBracers"},{"floor":30,"key":"Pen Nib"},{"floor":35,"key":"Bag of Preparation"},{"floor":35,"key":"Boot"}],"event_choices":[{"cards_removed":["Defend_R"],"damage_healed":0,"gold_gain":0,"player_choice":"Card Removal","damage_taken":7,"max_hp_gain":0,"max_hp_loss":0,"event_name":"Golden Wing","floor":2,"gold_loss":0},{"damage_healed":0,"gold_gain":0,"player_choice":"Success","damage_taken":12,"relics_obtained":["Charon\u0027s Ashes"],"max_hp_gain":0,"max_hp_loss":0,"event_name":"Scrap Ooze","floor":4,"gold_loss":0},{"damage_healed":0,"gold_gain":0,"player_choice":"Fight","damage_taken":0,"max_hp_gain":0,"max_hp_loss":0,"event_name":"MindBloom","floor":36,"gold_loss":0}],"is_beta":false,"boss_relics":[{"not_picked":["aspiration:SecretTechniqueScroll","Astrolabe"],"picked":"expansioncontent:StudyCardRelic"},{"not_picked":[]},{"not_picked":["aspiration:WatcherSkillbook","Honey Jar"],"picked":"Snecko Heart"},{"not_picked":[]}],"items_purged_floors":[5,19,22,28],"is_endless":true,"potions_floor_spawned":[1,7,8,13,16,18,20,24,33,35],"killed_by":"Mind Bloom Boss Battle","ascension_level":0}}