{"host":"8zow35rkxv448q2r","time":1610226101,"event":{"mods":["AchievementEnabler","BaseMod","Colored Map","Colored Powertips","Minty Spire (QoL Compilation)","Relic Stats"],"gold_per_floor":[113,113,999039,999039,998974,998985,998397,998423,998423,998442,998442,998454,998469,997454,997454,997555,997605,997616,997629,996832,996851,996862,996895,996895,996924,996949,996976,996306,996316,996349,996359,996359,996458,996458,996472,995287,995287,995299,995315,995348,995348,995383,995432,977645,977674,977674,977704,977704,977704,977704],"floor_reached":51,"playtime":3173,"items_purged":["Havoc","Writhe","Decay","Combust"],"score":1492,"play_id":"551c9ac7-24b4-4d64-aabd-f54bfa2f656e","local_time":"20210109160141","is_ascension_mode":true,"campfire_choices":[{"data":"Decay","floor":15,"key":"PURGE"},{"floor":24,"key":"REST"},{"data":"Demon Form","floor":32,"key":"SMITH"},{"data":"Brutality","floor":41,"key":"SMITH"},{"data":"1","floor":46,"key":"LIFT"},{"data":"2","floor":49,"key":"LIFT"}],"circlet_count":23,"master_deck":["Strike_R","Strike_R","Strike_R","Strike_R","Strike_R","Defend_R+1","Defend_R","Defend_R+1","Defend_R","Bash","Anger","Inflame+1","Twin Strike","Sword Boomerang+1","Brutality+1","Demon Form+1","Bloodletting","Blood for Blood","Heavy Blade+1","Reaper","Cleave","Metallicize+1","Combust+1","Demon Form+1","Sword Boomerang+1","The Bomb+1","Twin Strike+1","Whirlwind+1","Rampage+1"],"relics":["Cursed Key","Lee\u0027s Waffle","Gremlin Horn","Peace Pipe","Magic Flower","Lantern","Blue Candle","TheAbacus","Happy Flower","HornCleat","Centennial Puzzle","Pear","Pocketwatch","OrangePellets","Tiny House","Darkstone Periapt","Toolbox","Bag of Marbles","Self Forming Clay","Matryoshka","MealTicket","Nunchaku","Frozen Egg 2","Omamori","Vajra","HandDrill","War Paint","Runic Cube","White Beast Statue","Toxic Egg 2","Sling","Bottled Lightning","The Courier","Question Card","Strawberry","Potion Belt","Ornamental Fan","Blood Vial","Shuriken","Letter Opener","Sundial","Boot","Singing Bowl","Mummified Hand","Toy Ornithopter","Mercury Hourglass","Eternal Feather","Incense Burner","Red Skull","Meat on the Bone","Bag of Preparation","Gambling Chip","Anchor","InkBottle","Art of War","Oddly Smooth Stone","Paper Frog","Pen Nib","Bird Faced Urn","Mango","Molten Egg 2","PreservedInsect","Regal Pillow","CaptainsWheel","Ancient Tea Set","Whetstone","Juzu Bracelet","Orichalcum","Dream Catcher","Pantograph","Kunai","Bottled Tornado","Bottled Flame","Du-Vu Doll","Ginger","Calipers","Thread and Needle","TungstenRod","Girya","Lizard Tail","Prayer Wheel","Dead Branch","Torii","Champion Belt","Ice Cream","Charon\u0027s Ashes","Unceasing Top","StoneCalendar","Turnip","FossilizedHelix","Circlet","Bronze Scales","PrismaticShard"],"acts_visited":["Exordium","TheCity","TheBeyond"],"potions_floor_usage":[8,12,12,12,16,16,18,20,22,23,23,33,33,33,39,39,40,44,50,50,50],"damage_taken":[{"damage":7,"enemies":"Small Slimes","floor":1,"turns":4},{"damage":12,"enemies":"Jaw Worm","floor":6,"turns":2},{"damage":24,"enemies":"3 Sentries","floor":8,"turns":6},{"damage":1,"enemies":"2 Louse","floor":10,"turns":2},{"damage":2,"enemies":"Gremlin Gang","floor":12,"turns":2},{"damage":6,"enemies":"Red Slaver","floor":13,"turns":3},{"damage":11,"enemies":"Hexaghost","floor":16,"turns":4},{"damage":21,"enemies":"2 Thieves","floor":18,"turns":2},{"damage":4,"enemies":"Spheric Guardian","floor":19,"turns":3},{"damage":3,"enemies":"Cultist and Chosen","floor":21,"turns":3},{"damage":29,"enemies":"Snake Plant","floor":22,"turns":4},{"damage":35,"enemies":"Slavers","floor":23,"turns":3},{"damage":11,"enemies":"Book of Stabbing","floor":25,"turns":3},{"damage":20,"enemies":"Slavers","floor":27,"turns":3},{"damage":1,"enemies":"Centurion and Healer","floor":29,"turns":3},{"damage":24,"enemies":"Book of Stabbing","floor":30,"turns":4},{"damage":4,"enemies":"Sentry and Sphere","floor":31,"turns":2},{"damage":50,"enemies":"Champ","floor":33,"turns":6},{"damage":11,"enemies":"3 Darklings","floor":35,"turns":3},{"damage":20,"enemies":"Orb Walker","floor":38,"turns":4},{"damage":15,"enemies":"Maw","floor":39,"turns":4},{"damage":3,"enemies":"Reptomancer","floor":40,"turns":3},{"damage":32,"enemies":"Nemesis","floor":42,"turns":5},{"damage":0,"enemies":"Giant Head","floor":45,"turns":2},{"damage":0,"enemies":"Reptomancer","floor":47,"turns":1},{"damage":0,"enemies":"Awakened One","floor":50,"turns":4}],"seed_played":"872579020309273903","potions_obtained":[{"floor":10,"key":"SpeedPotion"},{"floor":16,"key":"PowerPotion"},{"floor":17,"key":"Swift Potion"},{"floor":23,"key":"Dexterity Potion"},{"floor":29,"key":"SteroidPotion"},{"floor":39,"key":"FearPotion"},{"floor":40,"key":"BloodPotion"},{"floor":42,"key":"LiquidBronze"},{"floor":47,"key":"CultistPotion"}],"is_trial":false,"path_per_floor":["M","?","$","?","?","M","$","E","T","M","T","M","M","$","R","B",null,"M","M","$","M","M","E","R","E","T","E","$","M","E","M","R","B",null,"M","$","?","M","M","E","R","E","T","$","E","R","E","?","R","B",null],"character_chosen":"IRONCLAD","items_purchased":["Havoc","DuplicationPotion","Block Potion","Lee\u0027s Waffle","Gremlin Horn","Peace Pipe","Inflame","Lantern","Blue Candle","TheAbacus","PowerPotion","Pear","Pocketwatch","OrangePellets","LiquidMemories","ColorlessPotion","Swift Potion","Flex","Darkstone Periapt","Regen Potion","Fruit Juice","DistilledChaos","Toolbox","Bag of Marbles","Omamori","Vajra","HandDrill","FearPotion","Weak Potion","FairyPotion","AttackPotion","FearPotion","White Beast Statue","Toxic Egg 2","Sling","The Bomb+1","Potion Belt","Ornamental Fan","Blood Vial","Shuriken","Letter Opener","Sundial","Boot","Singing Bowl","Mummified Hand","Toy Ornithopter","Ancient Potion","AttackPotion","Fruit Juice","Swift Potion","Mercury Hourglass","Eternal Feather","Incense Burner","Red Skull","Meat on the Bone","Bag of Preparation","Gambling Chip","Anchor","InkBottle","Art of War","Oddly Smooth Stone","Paper Frog","Pen Nib","Bird Faced Urn","Mango","Molten Egg 2","PreservedInsect","Regal Pillow","CaptainsWheel","Ancient Tea Set","Whetstone","Juzu Bracelet","Orichalcum","Dream Catcher","Pantograph","Kunai","Bottled Tornado","Bottled Flame","Du-Vu Doll","Ginger","Calipers","Thread and Needle","TungstenRod","Girya","Lizard Tail","Prayer Wheel","Dead Branch","Torii","Champion Belt","Ice Cream","Charon\u0027s Ashes","Unceasing Top","StoneCalendar","Turnip","FossilizedHelix","Circlet","Circlet","Circlet","Circlet","Circlet","Circlet","Circlet","Circlet","Circlet","Circlet","Circlet","Circlet","Circlet","Circlet","Circlet","Circlet","Circlet","Circlet","Bronze Scales","PrismaticShard","Circlet","Circlet","Circlet","Energy Potion","AttackPotion"],"campfire_rested":1,"item_purchase_floors":[3,3,3,3,3,3,3,7,7,7,7,14,14,14,14,14,14,14,20,20,20,20,20,20,28,28,28,28,28,36,36,36,36,36,36,36,44,44,44,44,44,44,44,44,44,44,44,44,44,44,44,44,44,44,44,44,44,44,44,44,44,44,44,44,44,44,44,44,44,44,44,44,44,44,44,44,44,44,44,44,44,44,44,44,44,44,44,44,44,44,44,44,44,44,44,44,44,44,44,44,44,44,44,44,44,44,44,44,44,44,44,44,44,44,44,44,44,44,44,44],"current_hp_per_floor":[65,65,87,87,87,75,75,51,51,50,50,48,42,52,52,41,88,67,63,68,65,55,65,97,101,107,101,113,113,89,90,90,69,102,113,113,113,93,113,110,110,78,85,124,141,141,143,143,143,143],"gold":977704,"neow_bonus":"BOSS_RELIC","is_daily":false,"chose_seed":false,"campfire_upgraded":2,"win_rate":0.0,"timestamp":1610226101,"path_taken":["M","?","$","?","?","?","?","E","T","M","?","M","M","$","R","BOSS","M","M","$","M","M","E","R","E","T","E","$","M","E","M","R","BOSS","M","$","?","M","M","E","R","E","T","$","E","R","E","?","R","BOSS"],"items_purchased_type":["Card","Potion","Potion","Relic","Relic","Relic","Card","Relic","Relic","Relic","Potion","Relic","Relic","Relic","Potion","Potion","Potion","Card","Relic","Potion","Potion","Potion","Relic","Relic","Relic","Relic","Relic","Potion","Potion","Potion","Potion","Potion","Relic","Relic","Relic","Card","Relic","Relic","Relic","Relic","Relic","Relic","Relic","Relic","Relic","Relic","Potion","Potion","Potion","Potion","Relic","Relic","Relic","Relic","Relic","Relic","Relic","Relic","Relic","Relic","Relic","Relic","Relic","Relic","Relic","Relic","Relic","Relic","Relic","Relic","Relic","Relic","Relic","Relic","Relic","Relic","Relic","Relic","Relic","Relic","Relic","Relic","Relic","Relic","Relic","Relic","Relic","Relic","Relic","Relic","Relic","Relic","Relic","Relic","Relic","Undefined","Undefined","Undefined","Undefined","Undefined","Undefined","Undefined","Undefined","Undefined","Undefined","Undefined","Undefined","Undefined","Undefined","Undefined","Undefined","Undefined","Undefined","Relic","Relic","Undefined","Undefined","Undefined","Potion","Potion"],"build_version":"2020-12-22","purchased_purges":4,"victory":true,"max_hp_per_floor":[80,80,87,87,87,87,87,87,87,87,87,87,87,97,97,97,102,102,102,107,107,107,107,107,107,113,113,113,113,113,113,113,113,113,113,113,113,113,113,113,113,113,120,139,141,141,143,143,143,143],"relic_stats":{"Gremlin Horn":[23,23],"Whetstone":["Sword Boomerang","Heavy Blade"],"Ginger":[1],"Boot":[0],"Blood Vial":3,"Centennial Puzzle":[57],"Lizard Tail":0,"Sundial":[0],"MealTicket":27,"Prayer Wheel":0,"HandDrill":[6],"Kunai":[4],"Runic Cube":[29],"Happy Flower":[24],"counters":[26,85],"Blue Candle":[4],"Dead Branch":[0],"Eternal Feather":0,"Pen Nib":[1],"Charon\u0027s Ashes":[0],"Letter Opener":[15],"War Paint":["Defend_R","Defend_R"],"Question Card":2,"OrangePellets":[17],"Shuriken":[4],"Bird Faced Urn":[9],"Bronze Scales":[6],"obtain_stats":[{"Ice Cream":44,"Tiny House":17,"Calipers":44,"Gremlin Horn":3,"Vajra":28,"Whetstone":44,"Ginger":44,"Bottled Tornado":44,"Sling":36,"Boot":44,"Blood Vial":44,"Centennial Puzzle":11,"Lizard Tail":44,"HornCleat":9,"Sundial":44,"Strawberry":43,"MealTicket":26,"Prayer Wheel":44,"HandDrill":28,"Kunai":44,"Toxic Egg 2":36,"Runic Cube":34,"Girya":44,"Pear":14,"Happy Flower":8,"Blue Candle":7,"Dead Branch":44,"Oddly Smooth Stone":44,"Eternal Feather":44,"Pen Nib":44,"Charon\u0027s Ashes":44,"Letter Opener":44,"War Paint":30,"Question Card":43,"Du-Vu Doll":44,"OrangePellets":14,"Bottled Flame":44,"Shuriken":44,"Bird Faced Urn":44,"Bronze Scales":44,"Molten Egg 2":44,"Unceasing Top":44,"Pocketwatch":14,"Meat on the Bone":44,"Darkstone Periapt":20,"Lantern":7,"Regal Pillow":44,"Singing Bowl":44,"Torii":44,"Magic Flower":5,"Mango":44,"StoneCalendar":44,"Incense Burner":44,"Bag of Preparation":44,"Juzu Bracelet":44,"Cursed Key":0,"Ancient Tea Set":44,"PrismaticShard":44,"Burning Blood":0,"Nunchaku":26,"Dream Catcher":44,"TheAbacus":7,"Matryoshka":25,"Mummified Hand":44,"Gambling Chip":44,"Pantograph":44,"Toolbox":20,"Red Skull":44,"InkBottle":44,"Paper Frog":44,"Potion Belt":44,"Lee\u0027s Waffle":3,"Self Forming Clay":23,"Circlet":44,"Thread and Needle":44,"The Courier":42,"PreservedInsect":44,"Omamori":28,"Frozen Egg 2":27,"Orichalcum":44,"White Beast Statue":36,"Mercury Hourglass":44,"Peace Pipe":3,"Anchor":44,"CaptainsWheel":44,"Ornamental Fan":44,"Turnip":44,"Bag of Marbles":20,"Art of War":44,"Bottled Lightning":40,"Champion Belt":44,"Toy Ornithopter":44,"TungstenRod":44,"FossilizedHelix":44},{"Ice Cream":23,"Tiny House":7,"Calipers":23,"Gremlin Horn":1,"Vajra":14,"Whetstone":23,"Ginger":23,"Bottled Tornado":23,"Sling":19,"Boot":23,"Blood Vial":23,"Centennial Puzzle":4,"Lizard Tail":23,"HornCleat":3,"Sundial":23,"Strawberry":23,"MealTicket":13,"Prayer Wheel":23,"HandDrill":14,"Kunai":23,"Toxic Egg 2":19,"Runic Cube":18,"Girya":23,"Pear":6,"Happy Flower":3,"Blue Candle":2,"Dead Branch":23,"Oddly Smooth Stone":23,"Eternal Feather":23,"Pen Nib":23,"Charon\u0027s Ashes":23,"Letter Opener":23,"War Paint":16,"Question Card":23,"Du-Vu Doll":23,"OrangePellets":6,"Bottled Flame":23,"Shuriken":23,"Bird Faced Urn":23,"Bronze Scales":23,"Molten Egg 2":23,"Unceasing Top":23,"Pocketwatch":6,"Meat on the Bone":23,"Darkstone Periapt":9,"Lantern":2,"Regal Pillow":23,"Singing Bowl":23,"Torii":23,"Magic Flower":1,"Mango":23,"StoneCalendar":23,"Incense Burner":23,"Bag of Preparation":23,"Juzu Bracelet":23,"Cursed Key":0,"Ancient Tea Set":23,"PrismaticShard":23,"Burning Blood":0,"Nunchaku":13,"Dream Catcher":23,"TheAbacus":2,"Matryoshka":13,"Mummified Hand":23,"Gambling Chip":23,"Pantograph":23,"Toolbox":9,"Red Skull":23,"InkBottle":23,"Paper Frog":23,"Potion Belt":23,"Lee\u0027s Waffle":1,"Self Forming Clay":12,"Circlet":23,"Thread and Needle":23,"The Courier":23,"PreservedInsect":23,"Omamori":14,"Frozen Egg 2":14,"Orichalcum":23,"White Beast Statue":19,"Mercury Hourglass":23,"Peace Pipe":1,"Anchor":23,"CaptainsWheel":23,"Ornamental Fan":23,"Turnip":23,"Bag of Marbles":9,"Art of War":23,"Bottled Lightning":22,"Champion Belt":23,"Toy Ornithopter":23,"TungstenRod":23,"FossilizedHelix":23},{"Ice Cream":78,"Tiny House":23,"Calipers":78,"Gremlin Horn":4,"Vajra":44,"Whetstone":78,"Ginger":78,"Bottled Tornado":78,"Sling":62,"Boot":78,"Blood Vial":78,"Centennial Puzzle":14,"Lizard Tail":78,"HornCleat":12,"Sundial":78,"Strawberry":78,"MealTicket":41,"Prayer Wheel":78,"HandDrill":44,"Kunai":78,"Toxic Egg 2":62,"Runic Cube":59,"Girya":78,"Pear":19,"Happy Flower":12,"Blue Candle":6,"Dead Branch":78,"Oddly Smooth Stone":78,"Eternal Feather":78,"Pen Nib":78,"Charon\u0027s Ashes":78,"Letter Opener":78,"War Paint":51,"Question Card":78,"Du-Vu Doll":78,"OrangePellets":19,"Bottled Flame":78,"Shuriken":78,"Bird Faced Urn":78,"Bronze Scales":78,"Molten Egg 2":78,"Unceasing Top":78,"Pocketwatch":19,"Meat on the Bone":78,"Darkstone Periapt":28,"Lantern":6,"Regal Pillow":78,"Singing Bowl":78,"Torii":78,"Magic Flower":4,"Mango":78,"StoneCalendar":78,"Incense Burner":78,"Bag of Preparation":78,"Juzu Bracelet":78,"Cursed Key":0,"Ancient Tea Set":78,"PrismaticShard":78,"Burning Blood":0,"Nunchaku":41,"Dream Catcher":78,"TheAbacus":6,"Matryoshka":41,"Mummified Hand":78,"Gambling Chip":78,"Pantograph":78,"Toolbox":28,"Red Skull":78,"InkBottle":78,"Paper Frog":78,"Potion Belt":78,"Lee\u0027s Waffle":4,"Self Forming Clay":38,"Circlet":78,"Thread and Needle":78,"The Courier":78,"PreservedInsect":78,"Omamori":44,"Frozen Egg 2":44,"Orichalcum":78,"White Beast Statue":62,"Mercury Hourglass":78,"Peace Pipe":4,"Anchor":78,"CaptainsWheel":78,"Ornamental Fan":78,"Turnip":78,"Bag of Marbles":28,"Art of War":78,"Bottled Lightning":73,"Champion Belt":78,"Toy Ornithopter":78,"TungstenRod":78,"FossilizedHelix":78}],"Unceasing Top":[1],"Pocketwatch":[33],"Meat on the Bone":0,"Darkstone Periapt":6,"Regal Pillow":0,"Singing Bowl":4,"Torii":0,"Magic Flower":[49],"StoneCalendar":[0],"Bag of Preparation":[6],"Juzu Bracelet":0,"Cursed Key":4,"Nunchaku":[10],"Dream Catcher":0,"TheAbacus":[96],"Mummified Hand":[15],"Gambling Chip":[1],"Pantograph":0,"InkBottle":[3],"Lee\u0027s Waffle":22,"Self Forming Clay":[138],"PreservedInsect":193,"Orichalcum":[6],"Mercury Hourglass":[33],"Peace Pipe":1,"Ornamental Fan":[16],"Turnip":[0],"Art of War":[0],"Champion Belt":[8],"Toy Ornithopter":5,"TungstenRod":5},"card_choices":[{"not_picked":["Pommel Strike","Iron Wave"],"picked":"Anger","floor":1},{"not_picked":["Warcry","Body Slam"],"picked":"Twin Strike","floor":6},{"not_picked":["Armaments","Shrug It Off"],"picked":"Sword Boomerang","floor":8},{"not_picked":["Uppercut","Perfected Strike"],"picked":"Combust","floor":10},{"not_picked":["Havoc","Heavy Blade"],"picked":"Brutality","floor":12},{"not_picked":["Shrug It Off","Flame Barrier","Battle Trance"],"picked":"SKIP","floor":13},{"not_picked":["Feed","Double Tap"],"picked":"Demon Form","floor":16},{"not_picked":["Perfected Strike","Pommel Strike"],"picked":"Bloodletting","floor":17},{"not_picked":["Havoc","Flex+1"],"picked":"Blood for Blood","floor":18},{"not_picked":["Sword Boomerang","Twin Strike"],"picked":"Heavy Blade","floor":19},{"not_picked":["Combust","Iron Wave","Disarm"],"picked":"SKIP","floor":21},{"not_picked":["Wild Strike","True Grit+1"],"picked":"Reaper","floor":22},{"not_picked":["Battle Trance+1","Searing Blow+1"],"picked":"Cleave","floor":23},{"not_picked":["Evolve","Entrench+1","Dropkick"],"picked":"SKIP","floor":25},{"not_picked":["Carnage","Battle Trance"],"picked":"Metallicize+1","floor":27},{"not_picked":["Headbutt","Wild Strike","Armaments"],"picked":"SKIP","floor":29},{"not_picked":["Headbutt","Iron Wave"],"picked":"Combust+1","floor":30},{"not_picked":["Warcry","True Grit","Second Wind"],"picked":"SKIP","floor":31},{"not_picked":["Fiend Fire","Reaper"],"picked":"Demon Form+1","floor":33},{"not_picked":["Body Slam+1","Flex"],"picked":"Sword Boomerang+1","floor":35},{"not_picked":["Clothesline+1","Perfected Strike+1"],"picked":"Twin Strike+1","floor":38},{"not_picked":["Headbutt+1","Second Wind+1"],"picked":"Whirlwind+1","floor":39},{"not_picked":["Thunderclap","Clash+1"],"picked":"Rampage+1","floor":40},{"not_picked":["Feed","Whirlwind","Ghostly Armor+1"],"picked":"SKIP","floor":42},{"not_picked":["Calculated Gamble+1","Glacier+1","Body Slam+1","Jack Of All Trades+1"],"picked":"Singing Bowl","floor":45},{"not_picked":["Reflex+1","Flex+1","Underhanded Strike+1","WreathOfFlame+1"],"picked":"Singing Bowl","floor":47}],"player_experience":144417,"relics_obtained":[{"floor":8,"key":"Happy Flower"},{"floor":9,"key":"HornCleat"},{"floor":11,"key":"Centennial Puzzle"},{"floor":23,"key":"Self Forming Clay"},{"floor":25,"key":"Matryoshka"},{"floor":26,"key":"MealTicket"},{"floor":26,"key":"Nunchaku"},{"floor":27,"key":"Frozen Egg 2"},{"floor":30,"key":"War Paint"},{"floor":40,"key":"Bottled Lightning"},{"floor":42,"key":"The Courier"},{"floor":43,"key":"Question Card"},{"floor":43,"key":"Strawberry"},{"floor":45,"key":"Circlet"},{"floor":47,"key":"Circlet"}],"event_choices":[{"damage_healed":0,"gold_gain":0,"player_choice":"Ignored","damage_taken":0,"max_hp_gain":0,"max_hp_loss":0,"event_name":"Golden Wing","floor":2,"gold_loss":0},{"damage_healed":0,"gold_gain":0,"player_choice":"Ignored","damage_taken":0,"max_hp_gain":0,"max_hp_loss":0,"event_name":"Liars Game","floor":4,"gold_loss":0},{"damage_healed":0,"gold_gain":0,"player_choice":"Paid Gold","damage_taken":0,"relics_obtained":["Magic Flower"],"max_hp_gain":0,"max_hp_loss":0,"event_name":"WeMeetAgain","floor":5,"gold_loss":65},{"cards_removed":["Flex"],"damage_healed":0,"gold_gain":0,"player_choice":"Removed Skill","damage_taken":0,"max_hp_gain":0,"max_hp_loss":0,"event_name":"Falling","floor":37,"gold_loss":0},{"damage_healed":0,"gold_gain":0,"player_choice":"Ignored","damage_taken":0,"max_hp_gain":0,"max_hp_loss":0,"event_name":"Transmorgrifier","floor":48,"gold_loss":0}],"is_beta":false,"boss_relics":[{"not_picked":["Velvet Choker","Coffee Dripper"],"picked":"Tiny House"},{"not_picked":["Runic Pyramid","SacredBark"],"picked":"Runic Cube"}],"items_purged_floors":[3,14,28,36],"is_endless":false,"potions_floor_spawned":[10,16,21,23,29,30,31,38,39,40,42,45,47],"ascension_level":9}}