{"host":"bbjnqymry46jz0fa","time":1610204594,"event":{"mods":["BaseMod","DeckTracker","Minty Spire (QoL Compilation)","Quick Restart","StSLib","SuperFastMode"],"gold_per_floor":[116,116,126,106,31,31,63,63,117,136,153,165,165,165,165,243,243,259,309,234,134,134,153,153,171,196,206,48,65,65,75,75,147,147,165,165,165,165,176,204,79,79,79,79,114,114,145,158,158,158,158],"floor_reached":52,"playtime":1261,"items_purged":["Pain","Body Slam+1","Rampage+1"],"score":1926,"play_id":"900ab7ec-e138-4695-b7a5-a0c387f5d77b","local_time":"20210110000314","is_ascension_mode":true,"campfire_choices":[{"data":"Whirlwind","floor":6.0,"key":"SMITH"},{"data":"Uppercut","floor":8.0,"key":"SMITH"},{"data":"Demon Form","floor":13.0,"key":"SMITH"},{"data":"Disarm","floor":15.0,"key":"SMITH"},{"data":"Evolve","floor":32,"key":"SMITH"},{"data":"Shrug It Off","floor":42,"key":"SMITH"},{"data":"Seeing Red","floor":44,"key":"SMITH"},{"data":"Battle Trance","floor":46,"key":"SMITH"},{"data":"Power Through","floor":49,"key":"SMITH"}],"circlet_count":0,"master_deck":["AscendersBane","Bash","Whirlwind+1","Uppercut+1","Seeing Red+1","Disarm+1","Body Slam+1","Reaper+1","Feed+1","Sword Boomerang+1","Evolve+1","Cleave+1","Reckless Charge+1","Necronomicurse","Shockwave","Shrug It Off+1","Power Through+1","Second Wind+1","Fiend Fire+1","Battle Trance+1","Power Through+1","Fire Breathing+1"],"relics":["Burning Blood","WarpedTongs","Molten Egg 2","Happy Flower","Pear","Pandora\u0027s Box","Necronomicon","Lantern","TheAbacus","Philosopher\u0027s Stone","HornCleat","Boot","Darkstone Periapt","Gambling Chip"],"acts_visited":["Exordium","TheCity","TheBeyond"],"potions_floor_usage":[33,35,50,50,50],"damage_taken":[{"damage":4.0,"enemies":"Small Slimes","floor":1.0,"turns":3.0},{"damage":2.0,"enemies":"Cultist","floor":3.0,"turns":3.0},{"damage":6.0,"enemies":"Gremlin Nob","floor":7.0,"turns":3.0},{"damage":5.0,"enemies":"2 Louse","floor":10.0,"turns":3.0},{"damage":0.0,"enemies":"Lots of Slimes","floor":11.0,"turns":1.0},{"damage":6.0,"enemies":"2 Fungi Beasts","floor":12.0,"turns":2.0},{"damage":20.0,"enemies":"The Guardian","floor":16.0,"turns":9.0},{"damage":30.0,"enemies":"3 Byrds","floor":18.0,"turns":4.0},{"damage":11.0,"enemies":"Spheric Guardian","floor":23.0,"turns":3.0},{"damage":24.0,"enemies":"Centurion and Healer","floor":25.0,"turns":5.0},{"damage":0.0,"enemies":"Shelled Parasite and Fungi","floor":27.0,"turns":1.0},{"damage":11,"enemies":"Cultist and Chosen","floor":29,"turns":5},{"damage":7,"enemies":"Snecko","floor":31,"turns":5},{"damage":33,"enemies":"Champ","floor":33,"turns":7},{"damage":14,"enemies":"3 Shapes","floor":35,"turns":5},{"damage":0,"enemies":"Orb Walker","floor":39,"turns":3},{"damage":39,"enemies":"Nemesis","floor":40,"turns":7},{"damage":23,"enemies":"Giant Head","floor":45,"turns":8},{"damage":3,"enemies":"Reptomancer","floor":47,"turns":4},{"damage":1,"enemies":"Writhing Mass","floor":48,"turns":4},{"damage":82,"enemies":"Awakened One","floor":50,"turns":11},{"damage":48,"enemies":"Time Eater","floor":51,"turns":9}],"seed_played":"1208724993900024613","potions_obtained":[{"floor":3.0,"key":"Weak Potion"},{"floor":4.0,"key":"LiquidMemories"},{"floor":10.0,"key":"GamblersBrew"},{"floor":16.0,"key":"SpeedPotion"},{"floor":24.0,"key":"LiquidMemories"},{"floor":24.0,"key":"DistilledChaos"},{"floor":47,"key":"EntropicBrew"},{"floor":48,"key":"Strength Potion"}],"is_trial":false,"path_per_floor":["M","?","M","?","$","R","E","R","T","M","M","M","R","?","R","B",null,"M","?","?","$","?","M","?","M","T","M","$","M","$","M","R","B",null,"M","?","?","T","M","E","$","R","T","R","E","R","E","M","R","B","B",null],"character_chosen":"IRONCLAD","items_purchased":["TheAbacus"],"campfire_rested":0,"item_purchase_floors":[28],"current_hp_per_floor":[70,70,74,74,74,74,74,74,74,75,75,75,75,74,74,60,79,68,68,68,68,47,42,42,28,28,34,34,59,59,58,58,45,81,87,87,87,87,93,60,60,60,60,60,61,61,64,69,69,37,25],"gold":158,"neow_bonus":"TRANSFORM_TWO_CARDS","is_daily":false,"chose_seed":false,"campfire_upgraded":9,"win_rate":0.0,"timestamp":1610204594,"path_taken":["M","?","?","?","$","R","E","R","T","M","M","?","R","?","R","BOSS","M","?","?","$","?","?","?","?","T","M","$","M","?","M","R","BOSS","M","?","?","?","?","E","$","R","T","R","E","R","E","M","R","BOSS","BOSS"],"items_purchased_type":["Relic"],"build_version":"2020-12-22","purchased_purges":3,"victory":true,"max_hp_per_floor":[75,75,75,75,75,75,75,75,75,75,75,75,75,85,85,85,85,89,89,89,89,89,89,89,93,93,93,93,93,93,93,93,93,93,97,97,97,97,97,97,97,97,97,97,97,97,97,97,97,101,101],"card_choices":[{"not_picked":["Twin Strike","Thunderclap"],"picked":"Uppercut","floor":1.0},{"not_picked":["True Grit","Flex"],"picked":"Seeing Red","floor":3.0},{"not_picked":["Anger+1","Thunderclap+1","Bloodletting"],"picked":"SKIP","floor":7.0},{"not_picked":["Cleave+1","Heavy Blade+1","Berserk"],"picked":"SKIP","floor":10.0},{"not_picked":["Havoc","True Grit"],"picked":"Disarm","floor":11.0},{"not_picked":["Perfected Strike+1","Second Wind"],"picked":"Body Slam+1","floor":12.0},{"not_picked":["Immolate+1","Fiend Fire+1"],"picked":"Reaper+1","floor":16.0},{"not_picked":["Intimidate","Twin Strike+1","Reckless Charge+1"],"picked":"SKIP","floor":18.0},{"not_picked":["Whirlwind+1","Blood for Blood+1"],"picked":"Shockwave","floor":23.0},{"not_picked":["Inflame+1","Intimidate","Cleave+1"],"picked":"SKIP","floor":25.0},{"not_picked":["Blood for Blood+1","Thunderclap+1"],"picked":"Shrug It Off","floor":27.0},{"not_picked":["Cleave+1","Flex"],"picked":"Power Through+1","floor":29},{"not_picked":["Entrench","Headbutt+1"],"picked":"Second Wind+1","floor":31},{"not_picked":["Juggernaut","Feed+1"],"picked":"Fiend Fire+1","floor":33},{"not_picked":["Bloodletting+1","Iron Wave+1","Dual Wield"],"picked":"SKIP","floor":35},{"not_picked":["Headbutt+1","Armaments","Clothesline+1"],"picked":"SKIP","floor":39},{"not_picked":["Uppercut+1","True Grit","Wild Strike+1"],"picked":"SKIP","floor":40},{"not_picked":["Fire Breathing","Sword Boomerang+1"],"picked":"Battle Trance","floor":45},{"not_picked":["Fire Breathing+1","Thunderclap+1"],"picked":"Power Through","floor":47},{"not_picked":["Reckless Charge+1","Thunderclap+1"],"picked":"Fire Breathing+1","floor":48}],"player_experience":730914,"relics_obtained":[{"floor":7.0,"key":"Molten Egg 2"},{"floor":9.0,"key":"Happy Flower"},{"floor":22.0,"key":"Necronomicon"},{"floor":26.0,"key":"Lantern"},{"floor":38,"key":"HornCleat"},{"floor":40,"key":"Boot"},{"floor":45,"key":"Darkstone Periapt"},{"floor":47,"key":"Gambling Chip"}],"event_choices":[{"damage_healed":0.0,"max_hp_gain":0.0,"max_hp_loss":0.0,"gold_gain":0.0,"event_name":"Accursed Blacksmith","player_choice":"Rummage","floor":2.0,"gold_loss":0.0,"damage_taken":0.0,"relics_obtained":["WarpedTongs"],"cards_obtained":["Pain"]},{"damage_healed":0.0,"max_hp_gain":0.0,"max_hp_loss":0.0,"gold_gain":0.0,"event_name":"The Woman in Blue","player_choice":"Bought 1 Potion","floor":4.0,"gold_loss":0.0,"damage_taken":0.0},{"damage_healed":0.0,"max_hp_gain":0.0,"max_hp_loss":0.0,"gold_gain":0.0,"event_name":"Scrap Ooze","player_choice":"Success","floor":14.0,"gold_loss":0.0,"damage_taken":11.0,"relics_obtained":["Pear"]},{"damage_healed":0.0,"max_hp_gain":0.0,"max_hp_loss":0.0,"gold_gain":50.0,"event_name":"Nest","player_choice":"Stole From Cult","floor":19.0,"gold_loss":0.0,"damage_taken":0.0},{"cards_removed":["Regret"],"damage_healed":0.0,"max_hp_gain":0.0,"max_hp_loss":0.0,"gold_gain":0.0,"event_name":"Beggar","player_choice":"Gave Gold","floor":20.0,"gold_loss":75.0,"damage_taken":0.0},{"damage_healed":0.0,"max_hp_gain":0.0,"max_hp_loss":0.0,"gold_gain":0.0,"event_name":"Cursed Tome","player_choice":"Obtained Book","floor":22.0,"gold_loss":0.0,"damage_taken":21.0},{"damage_healed":0.0,"max_hp_gain":0.0,"max_hp_loss":0.0,"gold_gain":0.0,"event_name":"Lab","player_choice":"Got Potions","floor":24.0,"gold_loss":0.0,"damage_taken":0.0},{"cards_removed":["Demon Form"],"damage_healed":0,"gold_gain":0,"player_choice":"Removed Power","damage_taken":0,"max_hp_gain":0,"max_hp_loss":0,"event_name":"Falling","floor":36,"gold_loss":0},{"damage_healed":0,"gold_gain":0,"player_choice":"Ignored","damage_taken":0,"max_hp_gain":0,"max_hp_loss":0,"event_name":"Tomb of Lord Red Mask","floor":37,"gold_loss":0}],"is_beta":false,"boss_relics":[{"not_picked":["Black Star","Runic Pyramid"],"picked":"Pandora\u0027s Box"},{"not_picked":["Empty Cage","Sozu"],"picked":"Philosopher\u0027s Stone"}],"items_purged_floors":[5,21,41],"is_endless":false,"potions_floor_spawned":[3,10,16,18,25,31,47,48],"ascension_level":20}}