{"host":"ci7ivtocgfxh0ueo","time":1610194285,"event":{"mods":["BaseMod","GifTheSpireLib","Minty Spire (QoL Compilation)","StSLib"],"gold_per_floor":[111,111,111,3,19,48,48,80,106,131,131,131,148,166,166,243,243,257,268,284,284,209,209,220,220,243,287,334,334,334],"floor_reached":29,"playtime":2212,"items_purged":[],"score":529,"play_id":"aebc30a4-3b7e-4078-a525-0e54102c4f19","local_time":"20210109201125","is_ascension_mode":true,"campfire_choices":[{"data":"Shockwave","floor":7,"key":"SMITH"},{"floor":11,"key":"REST"},{"data":"Armaments","floor":15,"key":"SMITH"},{"floor":23,"key":"REST"},{"floor":25,"key":"REST"}],"circlet_count":0,"master_deck":["AscendersBane","Strike_R","Strike_R","Strike_R","Strike_R","Strike_R","Defend_R","Defend_R","Defend_R","Defend_R","Bash","Whirlwind+1","Shockwave+1","Flex","Feel No Pain","Armaments+1","Feed","Armaments","Cleave+1","Double Tap"],"relics":["Burning Blood","Akabeko","Tiny Chest","Champion Belt","PreservedInsect","Turnip","SlaversCollar","MealTicket","CeramicFish","Red Skull"],"acts_visited":["Exordium","TheCity"],"potions_floor_usage":[16,16,16,18,24,27],"damage_taken":[{"damage":12,"enemies":"Jaw Worm","floor":1,"turns":2},{"damage":0,"enemies":"Small Slimes","floor":5,"turns":1},{"damage":32,"enemies":"Gremlin Nob","floor":6,"turns":5},{"damage":0,"enemies":"3 Sentries","floor":8,"turns":1},{"damage":25,"enemies":"Lagavulin","floor":10,"turns":7},{"damage":0,"enemies":"Cultist","floor":13,"turns":2},{"damage":7,"enemies":"2 Fungi Beasts","floor":14,"turns":3},{"damage":61,"enemies":"Slime Boss","floor":16,"turns":12},{"damage":21,"enemies":"Shell Parasite","floor":18,"turns":8},{"damage":18,"enemies":"Chosen","floor":19,"turns":5},{"damage":37,"enemies":"Centurion and Healer","floor":20,"turns":9},{"damage":16,"enemies":"Chosen and Byrds","floor":24,"turns":4},{"damage":16,"enemies":"Gremlin Leader","floor":27,"turns":4},{"damage":64,"enemies":"Cultist and Chosen","floor":29,"turns":7}],"seed_played":"7723158722931354071","potions_obtained":[{"floor":1,"key":"FairyPotion"},{"floor":16,"key":"DistilledChaos"},{"floor":19,"key":"CultistPotion"},{"floor":20,"key":"Swift Potion"},{"floor":24,"key":"AttackPotion"}],"is_trial":false,"path_per_floor":["M","?","?","$","M","E","R","E","T","E","R","$","M","M","R","B",null,"M","M","M","?","?","R","M","R","T","E","T","M"],"character_chosen":"IRONCLAD","items_purchased":["EntropicBrew"],"campfire_rested":3,"item_purchase_floors":[4],"current_hp_per_floor":[62,62,62,62,68,42,42,48,48,29,51,51,57,56,56,43,69,54,42,15,15,15,39,33,58,58,48,48,0,0],"gold":334,"neow_bonus":"RANDOM_COMMON_RELIC","is_daily":false,"chose_seed":false,"campfire_upgraded":2,"win_rate":0.0,"timestamp":1610194285,"path_taken":["M","?","?","$","M","E","R","E","T","E","R","$","?","M","R","BOSS","M","M","M","?","?","R","M","R","T","E","?","M"],"items_purchased_type":["Potion"],"build_version":"2020-12-22","purchased_purges":0,"victory":false,"max_hp_per_floor":[75,75,75,75,75,75,75,75,75,75,75,75,75,75,75,78,78,78,78,82,82,82,82,86,86,86,86,86,86,86],"card_choices":[{"not_picked":["Wild Strike","Body Slam"],"picked":"Whirlwind","floor":1},{"not_picked":["Wild Strike","Havoc"],"picked":"Shockwave","floor":5},{"not_picked":["Whirlwind","Perfected Strike"],"picked":"Flex","floor":6},{"not_picked":["Shrug It Off","Sentinel"],"picked":"Feel No Pain","floor":8},{"not_picked":["True Grit","Body Slam","Shrug It Off"],"picked":"SKIP","floor":10},{"not_picked":["Cleave","Clothesline"],"picked":"Armaments","floor":13},{"not_picked":["Uppercut","Pommel Strike"],"picked":"Feed","floor":14},{"not_picked":["Pommel Strike","Heavy Blade","Shrug It Off"],"picked":"SKIP","floor":18},{"not_picked":["Twin Strike","Cleave"],"picked":"Armaments","floor":19},{"not_picked":["Anger","True Grit","Headbutt+1"],"picked":"SKIP","floor":20},{"not_picked":["Dual Wield","Thunderclap"],"picked":"Cleave+1","floor":24},{"not_picked":["Second Wind","Entrench"],"picked":"Double Tap","floor":27}],"player_experience":1323954,"relics_obtained":[{"floor":6,"key":"Tiny Chest"},{"floor":8,"key":"Champion Belt"},{"floor":9,"key":"PreservedInsect"},{"floor":10,"key":"Turnip"},{"floor":26,"key":"MealTicket"},{"floor":27,"key":"CeramicFish"},{"floor":28,"key":"Red Skull"}],"event_choices":[{"damage_healed":0,"gold_gain":0,"player_choice":"Leave","damage_taken":0,"max_hp_gain":0,"max_hp_loss":0,"event_name":"The Cleric","floor":2,"gold_loss":0},{"damage_healed":0,"gold_gain":0,"player_choice":"Upgraded","damage_taken":0,"max_hp_gain":0,"max_hp_loss":0,"event_name":"Upgrade Shrine","floor":3,"gold_loss":0,"cards_upgraded":["Whirlwind"]},{"damage_healed":0,"gold_gain":0,"player_choice":"Smashed Altar","damage_taken":0,"max_hp_gain":0,"max_hp_loss":0,"event_name":"Forgotten Altar","floor":21,"gold_loss":0,"cards_obtained":["Decay"]},{"cards_removed":["Decay"],"damage_healed":0,"gold_gain":0,"player_choice":"Gave Gold","damage_taken":0,"max_hp_gain":0,"max_hp_loss":0,"event_name":"Beggar","floor":22,"gold_loss":75}],"is_beta":false,"boss_relics":[{"not_picked":["Snecko Eye","Runic Dome"],"picked":"SlaversCollar"}],"items_purged_floors":[],"is_endless":false,"potions_floor_spawned":[1,5,8,16,19,20,24],"killed_by":"Cultist and Chosen","ascension_level":17}}