{"host":"w7o06k3e8uel8euj","time":1610204131,"event":{"mods":["AchievementEnabler","BaseMod","Colored Powertips","Custom Start","DeckTracker","Keyboard Shortcuts","Minty Spire (QoL Compilation)","Quick Restart","Relic Stats","StSLib","SuperFastMode","everything is the same but u backflip on backflip"],"gold_per_floor":[111,111,111,186,197,40,66,89,168,168,178,178,211,225,225,303,303,322,65,65,79,79,107,107,134,134,167,167,266,285,301,301,378,378,397,422,474,474,474],"floor_reached":38,"playtime":959,"items_purged":["Strike_G","Strike_G"],"score":846,"play_id":"f1e94da5-d790-403c-9510-e54009701178","local_time":"20210109235531","is_ascension_mode":true,"campfire_choices":[{"data":"Dagger Spray","floor":10.0,"key":"SMITH"},{"data":"Dash","floor":12.0,"key":"SMITH"},{"data":"Well Laid Plans","floor":15.0,"key":"SMITH"},{"data":"Reflex","floor":24.0,"key":"SMITH"},{"data":"Reflex","floor":32.0,"key":"SMITH"}],"circlet_count":0,"master_deck":["AscendersBane","Defend_G","Defend_G","Defend_G","Defend_G","Defend_G","Survivor","Neutralize","Dagger Spray+1","Dash+1","Reflex+1","Finesse","Reflex+1","Acrobatics+1","Well Laid Plans+1","Grand Finale","Writhe","Acrobatics"],"relics":["Ring of the Snake","NeowsBlessing","Ancient Tea Set","Kunai","Tough Bandages","WristBlade","TheAbacus","Pen Nib","HornCleat","Turnip","Girya","Eternal Feather","Black Star","StoneCalendar"],"acts_visited":["Exordium","TheCity","TheBeyond"],"potions_floor_usage":[],"damage_taken":[{"damage":0.0,"enemies":"Jaw Worm","floor":1.0,"turns":1.0},{"damage":0.0,"enemies":"2 Louse","floor":5.0,"turns":1.0},{"damage":0.0,"enemies":"Gremlin Nob","floor":7.0,"turns":1.0},{"damage":0.0,"enemies":"Small Slimes","floor":11.0,"turns":3.0},{"damage":0.0,"enemies":"3 Sentries","floor":13.0,"turns":7.0},{"damage":0.0,"enemies":"Blue Slaver","floor":14.0,"turns":3.0},{"damage":2.0,"enemies":"The Guardian","floor":16.0,"turns":15.0},{"damage":17.0,"enemies":"3 Byrds","floor":18.0,"turns":3.0},{"damage":17.0,"enemies":"2 Thieves","floor":21.0,"turns":2.0},{"damage":13.0,"enemies":"Slavers","floor":23.0,"turns":2.0},{"damage":0.0,"enemies":"Book of Stabbing","floor":25.0,"turns":4.0},{"damage":6.0,"enemies":"Gremlin Leader","floor":27.0,"turns":6.0},{"damage":0.0,"enemies":"Centurion and Healer","floor":30.0,"turns":3.0},{"damage":0.0,"enemies":"Snecko","floor":31.0,"turns":4.0},{"damage":8.0,"enemies":"Collector","floor":33.0,"turns":7.0},{"damage":10.0,"enemies":"3 Shapes","floor":35.0,"turns":3.0},{"damage":0.0,"enemies":"Mind Bloom Boss Battle","floor":36.0,"turns":2.0},{"damage":32,"enemies":"2 Orb Walkers","floor":37,"turns":5},{"damage":43,"enemies":"3 Darklings","floor":38,"turns":3}],"seed_played":"4294980605399384282","potions_obtained":[{"floor":7.0,"key":"CunningPotion"},{"floor":14.0,"key":"DistilledChaos"},{"floor":16.0,"key":"Ancient Potion"},{"floor":21.0,"key":"BlessingOfTheForge"},{"floor":25.0,"key":"Fire Potion"},{"floor":27.0,"key":"FairyPotion"}],"is_trial":false,"path_per_floor":["M","?","?","?","M","$","E","T","T","R","M","R","E","M","R","B",null,"M","$","?","M","?","E","R","E","T","E","?","?","M","M","R","B",null,"M","?","?","M"],"character_chosen":"THE_SILENT","items_purchased":["Finesse","TheAbacus"],"campfire_rested":0,"item_purchase_floors":[6,19],"current_hp_per_floor":[63,63,56,45,45,45,45,45,45,45,45,45,45,45,45,43,63,46,46,46,29,29,16,16,16,16,10,10,10,10,10,19,11,55,45,45,13,0,0],"gold":474,"neow_bonus":"THREE_ENEMY_KILL","is_daily":false,"chose_seed":false,"campfire_upgraded":5,"win_rate":0.0,"timestamp":1610204131,"path_taken":["M","?","?","?","M","$","E","?","T","R","M","R","E","M","R","BOSS","M","$","?","?","?","E","R","E","T","E","?","?","M","M","R","BOSS","M","?","?","M"],"items_purchased_type":["Card","Relic"],"build_version":"2020-12-22","purchased_purges":2,"victory":false,"max_hp_per_floor":[70,70,70,70,70,70,70,70,70,70,70,70,70,70,70,70,70,70,70,70,70,70,70,70,70,70,70,70,70,70,70,70,70,70,70,70,70,70,70],"relic_stats":{"Tough Bandages":[189],"TheAbacus":[168],"counters":[19,75],"Eternal Feather":9,"StoneCalendar":[0],"Pen Nib":[7],"Turnip":[3],"Black Star":0,"Kunai":[18],"obtain_stats":[{"Girya":27,"NeowsBlessing":0,"Eternal Feather":28,"StoneCalendar":37,"Pen Nib":23,"Ancient Tea Set":7,"Tough Bandages":13,"TheAbacus":19,"HornCleat":25,"WristBlade":17,"Turnip":26,"Black Star":34,"Kunai":9,"Ring of the Snake":0},{"Girya":12,"NeowsBlessing":0,"Eternal Feather":12,"StoneCalendar":18,"Pen Nib":10,"Ancient Tea Set":3,"Tough Bandages":5,"TheAbacus":8,"HornCleat":11,"WristBlade":7,"Turnip":11,"Black Star":15,"Kunai":3,"Ring of the Snake":0},{"Girya":48,"NeowsBlessing":0,"Eternal Feather":48,"StoneCalendar":72,"Pen Nib":38,"Ancient Tea Set":3,"Tough Bandages":13,"TheAbacus":34,"HornCleat":42,"WristBlade":31,"Turnip":42,"Black Star":62,"Kunai":3,"Ring of the Snake":0}],"Ring of the Snake":[38]},"card_choices":[{"not_picked":["Flying Knee","Endless Agony"],"picked":"Dagger Spray","floor":1.0},{"not_picked":["Dagger Spray","Underhanded Strike"],"picked":"Reflex","floor":5.0},{"not_picked":["Quick Slash","Accuracy"],"picked":"Reflex","floor":7.0},{"not_picked":["Finisher","Quick Slash","Flying Knee"],"picked":"SKIP","floor":11.0},{"not_picked":["Underhanded Strike","Cloak And Dagger"],"picked":"Acrobatics","floor":13.0},{"not_picked":["PiercingWail","Phantasmal Killer"],"picked":"Well Laid Plans","floor":14.0},{"not_picked":["Glass Knife","A Thousand Cuts"],"picked":"Grand Finale","floor":16.0},{"not_picked":["Dash","Finisher","Deadly Poison"],"picked":"SKIP","floor":18.0},{"not_picked":["All Out Attack+1","Finisher","Accuracy"],"picked":"SKIP","floor":21.0},{"not_picked":["Reflex","Noxious Fumes","Slice"],"picked":"SKIP","floor":23.0},{"not_picked":["Dagger Spray","Underhanded Strike","Outmaneuver"],"picked":"SKIP","floor":25.0},{"not_picked":["Die Die Die","Quick Slash","Caltrops"],"picked":"SKIP","floor":27.0},{"not_picked":["Blur","Underhanded Strike"],"picked":"Acrobatics","floor":30.0},{"not_picked":["Accuracy","Slice+1","Outmaneuver"],"picked":"SKIP","floor":31.0},{"not_picked":["Bane+1","Catalyst","Infinite Blades"],"picked":"SKIP","floor":35.0}],"player_experience":582678,"relics_obtained":[{"floor":7.0,"key":"Ancient Tea Set"},{"floor":9.0,"key":"Kunai"},{"floor":13.0,"key":"Tough Bandages"},{"floor":23.0,"key":"Pen Nib"},{"floor":25.0,"key":"HornCleat"},{"floor":26.0,"key":"Turnip"},{"floor":27.0,"key":"Girya"},{"floor":37,"key":"StoneCalendar"}],"event_choices":[{"damage_healed":0.0,"max_hp_gain":0.0,"max_hp_loss":0.0,"gold_gain":0.0,"cards_transformed":["Strike_G"],"event_name":"Living Wall","player_choice":"Change","floor":2.0,"gold_loss":0.0,"damage_taken":0.0,"cards_obtained":["Dash"]},{"cards_removed":["Strike_G"],"damage_healed":0.0,"max_hp_gain":0.0,"max_hp_loss":0.0,"gold_gain":0.0,"event_name":"Golden Wing","player_choice":"Card Removal","floor":3.0,"gold_loss":0.0,"damage_taken":7.0},{"damage_healed":0.0,"max_hp_gain":0.0,"max_hp_loss":0.0,"gold_gain":75.0,"event_name":"World of Goop","player_choice":"Gather Gold","floor":4.0,"gold_loss":0.0,"damage_taken":11.0},{"damage_healed":0.0,"max_hp_gain":0.0,"max_hp_loss":0.0,"gold_gain":0.0,"event_name":"Accursed Blacksmith","player_choice":"Forge","floor":20.0,"gold_loss":0.0,"damage_taken":0.0,"cards_upgraded":["Acrobatics"]},{"cards_removed":["Strike_G"],"damage_healed":0.0,"max_hp_gain":0.0,"max_hp_loss":0.0,"gold_gain":0.0,"event_name":"Back to Basics","player_choice":"Elegance","floor":22.0,"gold_loss":0.0,"damage_taken":0.0},{"damage_healed":0.0,"max_hp_gain":0.0,"max_hp_loss":0.0,"gold_gain":0.0,"event_name":"The Mausoleum","player_choice":"Opened","floor":28.0,"gold_loss":0.0,"damage_taken":0.0,"relics_obtained":["Eternal Feather"],"cards_obtained":["Writhe"]},{"damage_healed":0.0,"max_hp_gain":0.0,"max_hp_loss":0.0,"gold_gain":99.0,"event_name":"Nest","player_choice":"Stole From Cult","floor":29.0,"gold_loss":0.0,"damage_taken":0.0},{"damage_healed":0.0,"max_hp_gain":0.0,"max_hp_loss":0.0,"gold_gain":0.0,"event_name":"MindBloom","player_choice":"Fight","floor":36.0,"gold_loss":0.0,"damage_taken":0.0},{"damage_healed":0,"gold_gain":0,"player_choice":"Fight","damage_taken":0,"max_hp_gain":0,"max_hp_loss":0,"event_name":"Mysterious Sphere","floor":37,"gold_loss":0}],"is_beta":false,"boss_relics":[{"not_picked":["Cursed Key","Ectoplasm"],"picked":"WristBlade"},{"not_picked":["Runic Pyramid","SacredBark"],"picked":"Black Star"}],"items_purged_floors":[6,19],"is_endless":false,"potions_floor_spawned":[7,14,16,21,25,27,31,35],"killed_by":"3 Darklings","ascension_level":13}}