{"host":"2lvuisjyit3p3u01","time":1610222517,"event":{"mods":["Act Like it!","BaseMod","Bestiary","Better Synergies","CapriCore","Colored Map","Colored Powertips","Duelist Mod","GifTheSpireLib","Minty Spire (QoL Compilation)","Quick Restart","Replay The Spire","StSLib"],"gold_per_floor":[137,137,71,19,39,64,74,74,74,91,110,110,110,130,130,225,225,235,253,18,30,30,30],"floor_reached":22,"playtime":714,"items_purged":[],"score":355,"play_id":"7b0d86b8-ffb8-4d46-94fa-903ef19d7fbf","local_time":"20210109220157","is_ascension_mode":true,"campfire_choices":[{"data":"theDuelist:BusterBladerDDS","floor":8,"key":"SMITH"},{"floor":15,"key":"REST"}],"circlet_count":0,"master_deck":["theDuelist:BabyDragon","theDuelist:CastleWalls","theDuelist:CastleWalls","theDuelist:CaveDragon","theDuelist:CaveDragon","theDuelist:LesserDragon","theDuelist:LesserDragon","theDuelist:Sparks","theDuelist:Sparks","theDuelist:YamataDragon","theDuelist:CastleDragonSouls+1","theDuelist:BusterBladerDDS+1","theDuelist:TwinHeadedFire","theDuelist:Lancephorhynchus","theDuelist:BoosterDragon","theDuelist:TwinBarrelDragon","theDuelist:AtomicScrapDragon+1","theDuelist:Freezadon","theDuelist:SliferSky","theDuelist:LeviaDragon+1","theDuelist:SilverDragon","theDuelist:DarkHorus+1"],"relics":["theDuelist:MillenniumPuzzle","theDuelist:CardPoolRelic","theDuelist:CardPoolBasicRelic","theDuelist:BoosterPackPoolRelic","theDuelist:CardPoolAddRelic","theDuelist:CardPoolMinusRelic","theDuelist:CardPoolSaveRelic","theDuelist:CardPoolOptionsRelic","NeowsBlessing","Replay:Bottled Flurry","Molten Egg 2","theDuelist:BoosterPackHealer","FaceOfCleric","Omamori"],"acts_visited":["Exordium","TheCity"],"potions_floor_usage":[16,16,16,21],"damage_taken":[{"damage":0,"enemies":"Jaw Worm","floor":1,"turns":1},{"damage":0,"enemies":"Small Slimes","floor":5,"turns":1},{"damage":0,"enemies":"3 Sentries","floor":6,"turns":1},{"damage":0,"enemies":"Cultist","floor":7,"turns":3},{"damage":17,"enemies":"3 Louse","floor":10,"turns":3},{"damage":7,"enemies":"2 Fungi Beasts","floor":11,"turns":2},{"damage":11,"enemies":"Lots of Slimes","floor":14,"turns":3},{"damage":0,"enemies":"Slime Boss","floor":16,"turns":7},{"damage":41,"enemies":"3 Byrds","floor":18,"turns":5},{"damage":16,"enemies":"2 Thieves","floor":19,"turns":3},{"damage":21,"enemies":"Chosen and Byrds","floor":21,"turns":8},{"damage":7,"enemies":"Snake Plant","floor":22,"turns":2}],"seed_played":"1759094996291881870","potions_obtained":[{"floor":1,"key":"theDuelist:BottledKuriboh"},{"floor":6,"key":"theDuelist:IcePotion"},{"floor":10,"key":"FearPotion"},{"floor":11,"key":"theDuelist:MegaupgradePotion"},{"floor":18,"key":"DistilledChaos"}],"is_trial":false,"path_per_floor":["M","?","?","$","M","E","M","R","T","M","M","?","?","M","R","B",null,"M","M","$","M","M"],"character_chosen":"THE_DUELIST","items_purchased":["theDuelist:TwinHeadedFire","Omamori","theDuelist:SilverDragon","theDuelist:DarkHorus+1"],"campfire_rested":1,"item_purchase_floors":[4,20,20,20],"current_hp_per_floor":[72,72,72,72,72,72,72,72,72,55,48,42,42,36,60,61,77,37,26,26,6,0,0],"gold":30,"neow_bonus":"THREE_ENEMY_KILL","is_daily":false,"chose_seed":false,"campfire_upgraded":1,"win_rate":0.0,"timestamp":1610222517,"path_taken":["M","?","?","$","M","E","M","R","T","?","M","?","?","?","R","BOSS","M","M","$","M","M"],"items_purchased_type":["Card","Relic","Card","Card"],"build_version":"2020-12-22","purchased_purges":0,"victory":false,"max_hp_per_floor":[80,80,80,80,80,80,80,80,80,80,80,80,80,81,81,82,82,83,84,84,85,85,85],"card_choices":[{"not_picked":["theDuelist:DragonTreasure","theDuelist:DragonMirror","theDuelist:Berserking"],"picked":"theDuelist:CastleDragonSouls","floor":1},{"not_picked":["theDuelist:SauropodBrachion","theDuelist:MadSwordBeast","theDuelist:Kabazauls","theDuelist:Duoterion"],"picked":"theDuelist:Lancephorhynchus","floor":5},{"not_picked":["theDuelist:TyrantWing","theDuelist:Mountain","theDuelist:CyberLaserDragon","theDuelist:ArtifactSanctum"],"picked":"theDuelist:BoosterDragon","floor":6},{"not_picked":["theDuelist:ViceDragon","theDuelist:RedDragonArchfiend","theDuelist:MythicWaterDragon","theDuelist:BeserkDragon"],"picked":"theDuelist:TwinBarrelDragon","floor":7},{"not_picked":["theDuelist:MadFlameKaiju+1","theDuelist:BlackBrachios+1"],"picked":"theDuelist:AtomicScrapDragon+1","floor":10},{"not_picked":["theDuelist:MadSwordBeast+1","theDuelist:MegafleetDragon","theDuelist:Beatraptor+1","theDuelist:SystemDown"],"picked":"theDuelist:Freezadon","floor":11},{"not_picked":["theDuelist:Sparks+1","theDuelist:CastleWalls"],"picked":"SKIP","floor":14},{"not_picked":["theDuelist:WaterDragon","theDuelist:VoidOgreDragon+1","theDuelist:Scapegoat","theDuelist:ArmedProtectorDragon"],"picked":"theDuelist:SliferSky","floor":16},{"not_picked":["theDuelist:YamataDragon+1","theDuelist:HazyFlameHydra+1","theDuelist:LavaDragon","theDuelist:CyberValley+1"],"picked":"theDuelist:LeviaDragon+1","floor":18},{"not_picked":["Metamorphosis","Mind Blast+1","Panache","Transmutation"],"picked":"SKIP","floor":19},{"not_picked":["theDuelist:BigFire+1","theDuelist:Hinotama+1","theDuelist:LightningDarts+1","theDuelist:RainbowOverdragon+1","theDuelist:BattleguardKing+1"],"picked":"SKIP","floor":21}],"player_experience":282252,"relics_obtained":[{"floor":6,"key":"Replay:Bottled Flurry"},{"floor":9,"key":"Molten Egg 2"}],"event_choices":[{"damage_healed":0,"gold_gain":0,"player_choice":"Grow","damage_taken":0,"max_hp_gain":0,"max_hp_loss":0,"event_name":"Living Wall","floor":2,"gold_loss":0,"cards_upgraded":["theDuelist:CastleDragonSouls"]},{"damage_healed":0,"gold_gain":0,"player_choice":"Purchased Buster Blader D.D.S. for 66 Gold.","duelist":true,"damage_taken":0,"max_hp_gain":0,"max_hp_loss":0,"event_name":"Card Trader","floor":3,"gold_loss":0},{"damage_healed":0,"gold_gain":0,"player_choice":"Dig - random Duelist relic","duelist":true,"damage_taken":0,"max_hp_gain":0,"max_hp_loss":0,"event_name":"Aknamkanon\u0027s Tomb","floor":12,"gold_loss":0},{"damage_healed":0,"gold_gain":0,"player_choice":"Trade","damage_taken":0,"relics_obtained":["FaceOfCleric"],"max_hp_gain":0,"max_hp_loss":0,"event_name":"FaceTrader","floor":13,"gold_loss":0}],"is_beta":false,"boss_relics":[{"not_picked":["Painkiller Herb","Cursed Key","theDuelist:HauntedRelic"]}],"items_purged_floors":[],"is_endless":false,"potions_floor_spawned":[1,6,10,11,18],"killed_by":"Snake Plant","ascension_level":7}}