{"host":"ik8ww1p4uabx5gam","time":1610191544,"event":{"mods":["Always Whale","Aspiration","BaseMod","Beaked The Cultist","Better Third Choice","BetterRewards","Colored Map","Colored Powertips","Conspire","Energized Spire","FetchMod","GifTheSpireLib","Hubris","Infinite Spire","Ironclad Rager","Jedi Mod","Minty Spire (QoL Compilation)","Random Character Button","Replay The Spire","Shop Mod","Spicy Shops","Spikes Relics","StSLib","Stuff the Spire","The Bladedancer","The Blue Laboratory","The Runesmith","Wandering Minibosses","??????REMEMod"],"gold_per_floor":[369,369,416,416,416,441,441,475,475,475,475,488,514,373,373,474,474,491,491,501,514,527,527,556,755,825,825,842,610,570,586,586,640,640,660,860,860,860,860,886,902,902,983,1017,1032,1060,1060,1060,1060,1060],"floor_reached":51,"playtime":1922,"items_purged":["Strike_R","Regret","Strike_R"],"score":975,"play_id":"a60a0da6-b5ea-4956-aa1d-6164adae9bb4","local_time":"20210109052544","is_ascension_mode":true,"campfire_choices":[{"data":"Invigoration","floor":11,"key":"SMITH"},{"floor":15,"key":"REST"},{"data":"REME_Fury","floor":23,"key":"SMITH"},{"floor":32,"key":"REST"},{"data":"Barricade","floor":49,"key":"SMITH"}],"circlet_count":0,"master_deck":["Strike_R+1","Strike_R+1","Defend_R","Defend_R","Defend_R","Defend_R","Bash+1","Immolate+1","Invigoration+1","conspire:NecroticWound","Hallucinations","Feel No Pain","Apotheosis+1","REME_Scribble","REME_Fury+1","REME_FearOfPain","Whirlwind+1","hubris:StunningStrike+1","StuffTheSpire:RockThrow+1","infinitespire:NeuralNetwork","Abandon","StuffTheSpire:Incineration+1","Barricade+1","ReplayTheSpireMod:Splinters","Juggernaut","Absolvement+1","Body Slam+1","Deep Breath","ReplayTheSpireMod:Private Reserves"],"relics":["StuffTheSpire:OccultApparatus","REME_ComplimentaryCards","StuffTheSpire:RedRose","Juzu Bracelet","ReplayTheSpireMod:Ring of Exchange","Ring of Misfortune","Gremlin Food","Ice Cream","infinitespire:BottledMercury","Akabeko","Molten Egg 2","HailfireSword","Toolbox","Question Card","wanderingMiniBosses:OtherGremlinHorn","Replay:Wax Seal","Replay:Rubber Ducky","ReplayTheSpireMod:Ninjato","hubris:Icosahedron","Lantern","energizedSpire:OgreHead","hubris:NiceRug","infinitespire:Beetle Shell","hubris:ToyBattleship","Strange Spoon","Blue Doll","jedi:archwizardhat","jedi:fakemustache","hubris:Towel","Bottled Lightning","StuffTheSpire:Rhapsscallions","jedi:leech","hubris:ChampionShield"],"acts_visited":["Exordium","TheCity","TheBeyond"],"potions_floor_usage":[16,21,24,46],"damage_taken":[{"damage":0,"enemies":"2 Louse","floor":1,"turns":1},{"damage":19,"enemies":"3 Sentries","floor":6,"turns":5},{"damage":13,"enemies":"Gremlin Nob","floor":8,"turns":4},{"damage":0,"enemies":"Jaw Worm","floor":12,"turns":3},{"damage":0,"enemies":"3 Sentries","floor":13,"turns":2},{"damage":44,"enemies":"The Guardian","floor":16,"turns":9},{"damage":3,"enemies":"Spheric Guardian","floor":18,"turns":3},{"damage":7,"enemies":"2 Thieves","floor":20,"turns":2},{"damage":43,"enemies":"3 Cultists","floor":21,"turns":6},{"damage":31,"enemies":"Shelled Parasite and Fungi","floor":22,"turns":5},{"damage":21,"enemies":"Slavers","floor":24,"turns":3},{"damage":0,"enemies":"Sentry and Sphere","floor":28,"turns":3},{"damage":1,"enemies":"Snecko","floor":31,"turns":2},{"damage":0,"enemies":"conspire:MysteriousRune","floor":33,"turns":4},{"damage":5,"enemies":"3 Shapes","floor":35,"turns":2},{"damage":0,"enemies":"hubris:Merchant","floor":36,"turns":3},{"damage":4,"enemies":"Nemesis","floor":40,"turns":3},{"damage":0,"enemies":"Orb Walker","floor":41,"turns":2},{"damage":11,"enemies":"Reptomancer","floor":44,"turns":3},{"damage":0,"enemies":"Jaw Worm Horde","floor":45,"turns":1},{"damage":0,"enemies":"Nemesis","floor":46,"turns":5},{"damage":5,"enemies":"Replay:Hell Engine","floor":50,"turns":3}],"seed_played":"-6053610589582592964","potions_obtained":[{"floor":8,"key":"Flashbang"},{"floor":20,"key":"PowerPotion"},{"floor":21,"key":"blueLaboratory:BottleOfRum"},{"floor":22,"key":"SpeedPotion"},{"floor":24,"key":"blueLaboratory:BottledHope"},{"floor":35,"key":"FairyPotion"}],"is_trial":false,"path_per_floor":["M","?","T","?","?","E","?","E","T","?","R","M","E","$","R","B",null,"M","AVR","M","M","M","R","E","?","T","?","M","$","?","M","R","B",null,"M","$","?","?","?","E","M","?","T","E","M","E","?","?","R","B",null],"character_chosen":"IRONCLAD","items_purchased":["REME_FearOfPain","Whirlwind+1","Lantern"],"campfire_rested":2,"item_purchase_floors":[14,14,29],"current_hp_per_floor":[72,72,72,72,72,59,59,52,52,52,52,58,67,67,75,39,77,79,79,78,44,22,22,7,7,7,7,16,16,16,21,47,56,91,93,95,95,90,90,93,93,93,95,87,87,87,97,88,88,86],"gold":1060,"neow_bonus":"TWO_FIFTY_GOLD","is_daily":false,"chose_seed":false,"campfire_upgraded":3,"win_rate":0.0,"timestamp":1610191544,"path_taken":["M","?","?","?","?","E","?","E","T","?","R","M","E","$","R","BOSS","M","AVR","M","M","M","R","E","?","T","?","M","$","?","M","R","BOSS","M","$","?","?","?","E","M","?","T","E","M","E","?","?","R","BOSS"],"items_purchased_type":["Card","Card","Relic"],"build_version":"2020-12-22","purchased_purges":3,"victory":true,"max_hp_per_floor":[72,72,72,72,72,72,72,72,72,72,72,72,75,75,75,77,77,79,79,79,82,85,85,85,85,85,85,88,88,88,88,88,91,91,93,95,95,90,90,93,93,93,95,98,98,98,98,98,98,101],"card_choices":[{"not_picked":["StuffTheSpire:BloodClot","StuffTheSpire:Slingshot"],"picked":"Invigoration","floor":1},{"not_picked":["True Grit","StuffTheSpire:Slingshot"],"picked":"Feel No Pain","floor":6},{"not_picked":["Reckless Charge","Clash"],"picked":"REME_Scribble","floor":8},{"not_picked":["Defy Death","Warcry","Clothesline"],"picked":"SKIP","floor":12},{"not_picked":["Shockwave","Run Through+1"],"picked":"REME_Fury","floor":13},{"not_picked":["StuffTheSpire:TitanForm","conspire:HitWhereItHurts+1"],"picked":"hubris:StunningStrike+1","floor":16},{"not_picked":["Havoc","Inflame"],"picked":"StuffTheSpire:RockThrow+1","floor":18},{"not_picked":["Sword Boomerang+1","Dark Embrace+1","Havoc"],"picked":"Abandon","floor":20},{"not_picked":["hubris:SharpeningStone+1","Massacre+1","Iron Wave+1"],"picked":"StuffTheSpire:Incineration+1","floor":21},{"not_picked":["Wild Strike+1","True Grit","StuffTheSpire:Resist","REME_Cut"],"picked":"SKIP","floor":22},{"not_picked":["Rupture","Havoc","Iron Wave+1"],"picked":"Barricade","floor":24},{"not_picked":["conspire:ExplosiveBarrier","Whirlwind+1","Spot Weakness","Armaments"],"picked":"SKIP","floor":28},{"not_picked":["Sword Boomerang+1","True Grit","Eclipse","Twin Strike+1"],"picked":"SKIP","floor":31},{"not_picked":["jedi:strikingstrike+1","Demon Form","Eclipse"],"picked":"Juggernaut","floor":33},{"not_picked":["Clash+1","Anger+1","Headbutt+1","Thunderclap+1"],"picked":"SKIP","floor":35},{"not_picked":["Cleave+1"],"picked":"SKIP","floor":36},{"not_picked":["Hemogenesis+1"],"picked":"SKIP","floor":36},{"not_picked":["hubris:ReadiedAction"],"picked":"SKIP","floor":36},{"not_picked":["Warcry"],"picked":"SKIP","floor":36},{"not_picked":["Combust"],"picked":"SKIP","floor":36},{"not_picked":["hubris:Ssssneak"],"picked":"SKIP","floor":36},{"not_picked":["Replay:Dark Deal"],"picked":"SKIP","floor":36},{"not_picked":["Perfected Strike+1","Reckless Charge+1","Thunderclap+1","REME_Fury"],"picked":"SKIP","floor":40},{"not_picked":["ReplayReversal","Heavy Blade+1","Replay:Undeath\u0027s Touch+1","Armaments"],"picked":"SKIP","floor":41},{"not_picked":["Warcry+1","Headbutt+1","StuffTheSpire:RockThrow+1","Massacre+1"],"picked":"SKIP","floor":44},{"not_picked":["Metallicize","Clothesline+1","Dark Embrace+1"],"picked":"Absolvement+1","floor":45},{"not_picked":["jedi:fear","Warcry+1","Headbutt+1"],"picked":"Body Slam+1","floor":46},{"not_picked":["PanicButton","REME_WheelOfFate","Sharp Hide"],"picked":"Deep Breath","floor":48},{"not_picked":["ReplayTheSpireMod:Trickstab+1","Deep Breath","Enlightenment"],"picked":"ReplayTheSpireMod:Private Reserves","floor":48}],"player_experience":1011001,"relics_obtained":[{"floor":3,"key":"Juzu Bracelet"},{"floor":5,"key":"ReplayTheSpireMod:Ring of Exchange"},{"floor":5,"key":"Ring of Misfortune"},{"floor":6,"key":"Gremlin Food"},{"floor":8,"key":"Ice Cream"},{"floor":9,"key":"infinitespire:BottledMercury"},{"floor":13,"key":"Molten Egg 2"},{"floor":21,"key":"wanderingMiniBosses:OtherGremlinHorn"},{"floor":24,"key":"Replay:Rubber Ducky"},{"floor":26,"key":"ReplayTheSpireMod:Ninjato"},{"floor":36,"key":"infinitespire:Beetle Shell"},{"floor":36,"key":"hubris:ToyBattleship"},{"floor":36,"key":"Strange Spoon"},{"floor":36,"key":"Blue Doll"},{"floor":36,"key":"jedi:archwizardhat"},{"floor":36,"key":"jedi:fakemustache"},{"floor":40,"key":"Bottled Lightning"},{"floor":43,"key":"StuffTheSpire:Rhapsscallions"},{"floor":44,"key":"jedi:leech"},{"floor":46,"key":"hubris:ChampionShield"}],"event_choices":[{"damage_healed":0,"gold_gain":0,"cards_transformed":["Regret"],"player_choice":"Transformed","damage_taken":0,"max_hp_gain":0,"max_hp_loss":0,"event_name":"Transmorgrifier","floor":4,"gold_loss":0,"cards_obtained":["conspire:NecroticWound"]},{"damage_healed":59,"gold_gain":0,"player_choice":"Embrace","damage_taken":0,"max_hp_gain":0,"max_hp_loss":72,"event_name":"betterThird:BetterShining","floor":7,"gold_loss":0},{"damage_healed":0,"gold_gain":0,"player_choice":"Box","damage_taken":0,"relics_obtained":["Akabeko"],"max_hp_gain":0,"max_hp_loss":0,"event_name":"Big Fish","floor":10,"gold_loss":0,"cards_obtained":["Regret"]},{"damage_healed":0,"gold_gain":0,"player_choice":"Upgraded Two","damage_taken":0,"max_hp_gain":0,"max_hp_loss":0,"event_name":"Designer","floor":30,"gold_loss":40,"cards_upgraded":["Immolate","Strike_R"]},{"damage_healed":0,"gold_gain":0,"player_choice":"Bought 0 Potions","damage_taken":0,"max_hp_gain":0,"max_hp_loss":0,"event_name":"The Woman in Blue","floor":37,"gold_loss":0},{"damage_healed":0,"gold_gain":0,"player_choice":"Max HP","damage_taken":0,"max_hp_gain":0,"max_hp_loss":5,"event_name":"Winding Halls","floor":38,"gold_loss":0},{"damage_healed":0,"gold_gain":0,"player_choice":"Random: Blue","damage_taken":0,"max_hp_gain":0,"max_hp_loss":0,"event_name":"betterThird:BetterPortal","floor":48,"gold_loss":0},{"damage_healed":0,"gold_gain":0,"player_choice":"Memory 3","damage_taken":10,"max_hp_gain":0,"max_hp_loss":0,"event_name":"SensoryStone","floor":48,"gold_loss":0}],"is_beta":false,"boss_relics":[{"not_picked":["Sling","hubris:RunicObelisk"],"picked":"HailfireSword"},{"not_picked":["HandDrill","hubris:HollowSoul"],"picked":"energizedSpire:OgreHead"}],"items_purged_floors":[19,29,36],"is_endless":false,"potions_floor_spawned":[8,20,21,22,24,35,40,44],"ascension_level":1}}