{"host":"9cfyhqpd7zfh699f","time":1610177507,"event":{"mods":["BaseMod","Friendly Minions","Minty Spire (QoL Compilation)","StSLib","SuperFastMode"],"gold_per_floor":[109,8,108,126,137,137,169,169,169,182,132,132,148,182,182,182,182],"floor_reached":16,"playtime":411,"items_purged":["Defend_G"],"score":154,"play_id":"d0f4ccc1-acb6-4519-a9d6-239d5326f434","local_time":"20210109163147","is_ascension_mode":true,"campfire_choices":[{"data":"Deadly Poison","floor":6.0,"key":"SMITH"},{"data":"Calculated Gamble","floor":8.0,"key":"SMITH"},{"data":"Tactician","floor":12.0,"key":"SMITH"},{"floor":15.0,"key":"REST"}],"circlet_count":0,"master_deck":["Strike_G","Strike_G","Strike_G","Strike_G","Defend_G","Defend_G","Defend_G","Defend_G","Survivor","Neutralize","Acrobatics","Deadly Poison+1","Deadly Poison","Calculated Gamble+1","Backstab","Tactician+1","Reflex","PiercingWail"],"relics":["Ring of the Snake","PreservedInsect","Matryoshka","Strawberry","Akabeko"],"acts_visited":["Exordium"],"potions_floor_usage":[16,16],"damage_taken":[{"damage":1.0,"enemies":"Jaw Worm","floor":1.0,"turns":6.0},{"damage":0.0,"enemies":"Cultist","floor":4.0,"turns":4.0},{"damage":0.0,"enemies":"2 Louse","floor":5.0,"turns":2.0},{"damage":17.0,"enemies":"Lagavulin","floor":7.0,"turns":5.0},{"damage":0.0,"enemies":"2 Fungi Beasts","floor":10.0,"turns":3.0},{"damage":0.0,"enemies":"Blue Slaver","floor":13.0,"turns":3.0},{"damage":24.0,"enemies":"3 Sentries","floor":14.0,"turns":7.0},{"damage":59,"enemies":"Slime Boss","floor":16,"turns":8}],"seed_played":"3442800799700548688","potions_obtained":[{"floor":5.0,"key":"GamblersBrew"},{"floor":7.0,"key":"LiquidMemories"},{"floor":14.0,"key":"SpeedPotion"}],"is_trial":false,"path_per_floor":["M","$","?","M","M","R","E","R","T","M","?","R","M","E","R","B"],"character_chosen":"THE_SILENT","items_purchased":["Deadly Poison"],"campfire_rested":1,"item_purchase_floors":[2],"current_hp_per_floor":[62,62,62,62,62,62,45,45,52,52,52,52,52,28,51,0,0],"gold":182,"neow_bonus":"RANDOM_COMMON_RELIC","is_daily":false,"chose_seed":false,"campfire_upgraded":3,"win_rate":0.0,"timestamp":1610177507,"path_taken":["M","$","?","?","M","R","E","R","T","M","?","R","M","E","R","BOSS"],"items_purchased_type":["Card"],"build_version":"2020-12-22","purchased_purges":1,"victory":false,"max_hp_per_floor":[70,70,70,70,70,70,70,70,77,77,77,77,77,77,77,77,77],"card_choices":[{"not_picked":["Bane","Dagger Spray"],"picked":"Acrobatics","floor":1.0},{"not_picked":["All Out Attack","Blade Dance"],"picked":"Deadly Poison","floor":4.0},{"not_picked":["Blade Dance","Concentrate"],"picked":"Calculated Gamble","floor":5.0},{"not_picked":["Slice","Cloak And Dagger"],"picked":"Backstab","floor":7.0},{"not_picked":["Bouncing Flask","Infinite Blades"],"picked":"Tactician","floor":10.0},{"not_picked":["Footwork","Flying Knee"],"picked":"Reflex","floor":13.0},{"not_picked":["Cloak And Dagger","Footwork"],"picked":"PiercingWail","floor":14.0}],"player_experience":352836,"relics_obtained":[{"floor":7.0,"key":"Matryoshka"},{"floor":9.0,"key":"Strawberry"},{"floor":14.0,"key":"Akabeko"}],"event_choices":[{"damage_healed":0.0,"max_hp_gain":0.0,"max_hp_loss":0.0,"gold_gain":100.0,"event_name":"Golden Shrine","player_choice":"Pray","floor":3.0,"gold_loss":0.0,"damage_taken":0.0},{"cards_removed":["Strike_G"],"damage_healed":0.0,"max_hp_gain":0.0,"max_hp_loss":0.0,"gold_gain":0.0,"event_name":"The Cleric","player_choice":"Card Removal","floor":11.0,"gold_loss":50.0,"damage_taken":0.0}],"is_beta":false,"boss_relics":[],"items_purged_floors":[2],"is_endless":false,"potions_floor_spawned":[5,7,14],"killed_by":"Slime Boss","ascension_level":8}}