{"host":"3y2rtlgteqp2nuo3","time":1610205718,"event":{"mods":["2.2 Compatiblity","AchievementEnabler","BaseMod","Colored Map","DeckTracker","Highlight Path","Keyboard Shortcuts","Minty Spire (QoL Compilation)","Permanent Neow","Quick Restart","StSLib","SuperFastMode","everything is the same but u backflip on backflip"],"gold_per_floor":[109,128,148,148,73,73,100,112,172,123,151,177,203,225,237,324,336,360,372,20,32,47,47,66,77,77,77,94,94,94],"floor_reached":29,"playtime":731,"items_purged":["Strike_B","Decay"],"score":416,"play_id":"31893b2a-cfd7-4f8d-9438-272074ad2360","local_time":"20210110002158","is_ascension_mode":true,"campfire_choices":[{"data":"Zap","floor":6.0,"key":"SMITH"},{"data":"Beam Cell","floor":8.0,"key":"SMITH"},{"data":"Darkness","floor":15.0,"key":"SMITH"},{"floor":23,"key":"REST"},{"floor":27,"key":"REST"}],"circlet_count":0,"master_deck":["AscendersBane","Strike_B","Strike_B","Strike_B","Defend_B","Defend_B","Defend_B","Defend_B","Zap+1","Dualcast","Core Surge","Beam Cell+1","Coolheaded","Auto Shields","Beam Cell","Darkness+1","Ball Lightning","BootSequence","Biased Cognition","Redo","Finesse","Turbo+1","Rebound+1","Self Repair","Streamline+1"],"relics":["Cracked Core","MawBank","Oddly Smooth Stone","Philosopher\u0027s Stone","ClockworkSouvenir","Question Card"],"acts_visited":["Exordium","TheCity"],"potions_floor_usage":[24,28],"damage_taken":[{"damage":7.0,"enemies":"Jaw Worm","floor":1.0,"turns":3.0},{"damage":0.0,"enemies":"Small Slimes","floor":2.0,"turns":2.0},{"damage":1.0,"enemies":"2 Louse","floor":3.0,"turns":3.0},{"damage":22.0,"enemies":"3 Sentries","floor":7.0,"turns":8.0},{"damage":2.0,"enemies":"Exordium Wildlife","floor":11.0,"turns":5.0},{"damage":12.0,"enemies":"Gremlin Gang","floor":12.0,"turns":6.0},{"damage":9.0,"enemies":"Red Slaver","floor":13.0,"turns":3.0},{"damage":0.0,"enemies":"Looter","floor":14.0,"turns":2.0},{"damage":2.0,"enemies":"Hexaghost","floor":16.0,"turns":9.0},{"damage":11.0,"enemies":"Spheric Guardian","floor":18.0,"turns":4.0},{"damage":1,"enemies":"3 Byrds","floor":21,"turns":5},{"damage":7,"enemies":"Shelled Parasite and Fungi","floor":22,"turns":6},{"damage":6,"enemies":"Chosen and Byrds","floor":24,"turns":6},{"damage":18,"enemies":"Centurion and Healer","floor":25,"turns":6},{"damage":15,"enemies":"Snake Plant","floor":28,"turns":4},{"damage":19,"enemies":"Colosseum Slavers","floor":29,"turns":3},{"damage":38,"enemies":"Colosseum Nobs","floor":29,"turns":4}],"seed_played":"-5068012014419387905","potions_obtained":[{"floor":7.0,"key":"Swift Potion"},{"floor":11.0,"key":"Dexterity Potion"},{"floor":22,"key":"Block Potion"},{"floor":25,"key":"Swift Potion"}],"is_trial":false,"path_per_floor":["M","M","M","?","$","R","E","R","T","?","M","M","M","M","R","B",null,"M","?","$","M","M","R","M","M","T","R","M","?"],"character_chosen":"DEFECT","items_purchased":["ClockworkSouvenir","Finesse"],"campfire_rested":2,"item_purchase_floors":[20,20],"current_hp_per_floor":[57,57,56,56,56,56,34,34,34,34,32,20,11,11,11,9,56,45,45,45,44,37,58,52,34,34,55,47,0,0],"gold":94,"neow_bonus":"ONE_RANDOM_RARE_CARD","is_daily":false,"chose_seed":false,"campfire_upgraded":3,"win_rate":0.0,"timestamp":1610205718,"path_taken":["M","M","M","?","$","R","E","R","T","?","M","M","M","M","R","BOSS","M","?","?","M","M","R","M","M","T","R","M","?"],"items_purchased_type":["Relic","Card"],"build_version":"2020-12-22","purchased_purges":2,"victory":false,"max_hp_per_floor":[71,71,71,71,71,71,71,71,71,71,71,71,71,71,71,71,71,71,71,71,71,71,71,71,71,71,71,71,71,71],"card_choices":[{"not_picked":["Cold Snap","Coolheaded"],"picked":"Beam Cell","floor":1.0},{"not_picked":["Stack","Chill"],"picked":"Coolheaded","floor":2.0},{"not_picked":["Turbo","Redo"],"picked":"Auto Shields","floor":3.0},{"not_picked":["Aggregate","Multi-Cast","Steam"],"picked":"SKIP","floor":7.0},{"not_picked":["Rebound","Static Discharge"],"picked":"Beam Cell","floor":11.0},{"not_picked":["Reprogram","Fission"],"picked":"Darkness","floor":12.0},{"not_picked":["Leap","Lockon"],"picked":"Ball Lightning","floor":13.0},{"not_picked":["Turbo","Leap"],"picked":"BootSequence","floor":14.0},{"not_picked":["Creative AI","Amplify"],"picked":"Biased Cognition","floor":16.0},{"not_picked":["Ball Lightning+1","Turbo"],"picked":"Redo","floor":18.0},{"not_picked":["Force Field+1","Sunder","Rip and Tear"],"picked":"SKIP","floor":21},{"not_picked":["Compile Driver","Ball Lightning"],"picked":"Turbo+1","floor":22},{"not_picked":["Gash","BootSequence"],"picked":"Rebound+1","floor":24},{"not_picked":["Compile Driver","Stack"],"picked":"Self Repair","floor":25},{"not_picked":["Leap","Coolheaded","Hologram"],"picked":"Streamline+1","floor":28}],"player_experience":658674,"relics_obtained":[{"floor":7.0,"key":"MawBank"},{"floor":9.0,"key":"Oddly Smooth Stone"},{"floor":26,"key":"Question Card"}],"event_choices":[{"damage_healed":0.0,"max_hp_gain":0.0,"max_hp_loss":0.0,"gold_gain":0.0,"event_name":"Shining Light","player_choice":"Ignored","floor":4.0,"gold_loss":0.0,"damage_taken":0.0},{"damage_healed":0.0,"max_hp_gain":0.0,"max_hp_loss":0.0,"gold_gain":0.0,"event_name":"World of Goop","player_choice":"Left Gold","floor":10.0,"gold_loss":61.0,"damage_taken":0.0},{"damage_healed":0.0,"max_hp_gain":0.0,"max_hp_loss":0.0,"gold_gain":0.0,"event_name":"Forgotten Altar","player_choice":"Smashed Altar","floor":19.0,"gold_loss":0.0,"damage_taken":0.0,"cards_obtained":["Decay"]},{"damage_healed":0,"gold_gain":0,"player_choice":"Fight","damage_taken":0,"max_hp_gain":0,"max_hp_loss":0,"event_name":"Colosseum","floor":29,"gold_loss":0},{"damage_healed":0,"gold_gain":0,"player_choice":"Fled From Nobs","damage_taken":0,"max_hp_gain":0,"max_hp_loss":0,"event_name":"Colosseum","floor":29,"gold_loss":0},{"damage_healed":0,"gold_gain":0,"player_choice":"Fought Nobs","damage_taken":0,"max_hp_gain":0,"max_hp_loss":0,"event_name":"Colosseum","floor":29,"gold_loss":0}],"is_beta":false,"boss_relics":[{"not_picked":["Fusion Hammer","Velvet Choker"],"picked":"Philosopher\u0027s Stone"}],"items_purged_floors":[5,20],"is_endless":false,"potions_floor_spawned":[7,11,14,22,25],"killed_by":"Colosseum Nobs","ascension_level":16}}