{"host":"wwo1kwxjf4eyz37q","time":1610173592,"event":{"mods":["AchievementEnabler","BaseMod","Colored Map","Minty Spire (QoL Compilation)","Quick Restart","SuperFastMode"],"gold_per_floor":[213,213,62,62,62,62,103,103,103,122,143,43,68,103,103,226,226,245,269,194,214,238,238,273,273,273,287,162,162,200,200,200,328,328,361,375,167,180,196,236,236,236,236,259,259,279,279,68,68,68],"floor_reached":51,"playtime":2705,"items_purged":["Strike_P","Defend_P","Strike_P"],"score":1025,"play_id":"b0ec9dc6-5f21-4479-9bf1-1725a79f86c0","local_time":"20210109152632","is_ascension_mode":true,"campfire_choices":[{"data":"Eruption","floor":6.0,"key":"SMITH"},{"data":"MentalFortress","floor":8.0,"key":"SMITH"},{"data":"WindmillStrike","floor":15.0,"key":"SMITH"},{"data":"Blasphemy","floor":23,"key":"SMITH"},{"floor":25,"key":"REST"},{"floor":29,"key":"REST"},{"floor":32,"key":"REST"},{"data":"Vault","floor":41,"key":"SMITH"},{"data":"Adaptation","floor":49,"key":"SMITH"}],"circlet_count":0,"master_deck":["Defend_P+1","Eruption+1","MentalFortress+1","WindmillStrike+1","InnerPeace","Blasphemy+1","Vault+1","BattleHymn+1","Halt+1","Adaptation+1"],"relics":["PureWater","Golden Idol","War Paint","Shuriken","Letter Opener","Astrolabe","Singing Bowl","Matryoshka","CeramicFish","VioletLotus","PrismaticShard","Pear","Dream Catcher","Blue Candle","Bag of Preparation"],"acts_visited":["Exordium","TheCity","TheBeyond"],"potions_floor_usage":[22,24,50,50],"damage_taken":[{"damage":0.0,"enemies":"Cultist","floor":1.0,"turns":3.0},{"damage":8.0,"enemies":"Gremlin Nob","floor":7.0,"turns":3.0},{"damage":0.0,"enemies":"Small Slimes","floor":10.0,"turns":4.0},{"damage":0.0,"enemies":"Jaw Worm","floor":11.0,"turns":3.0},{"damage":2.0,"enemies":"Gremlin Gang","floor":13.0,"turns":4.0},{"damage":18.0,"enemies":"3 Sentries","floor":14.0,"turns":7.0},{"damage":6.0,"enemies":"The Guardian","floor":16.0,"turns":8.0},{"damage":12.0,"enemies":"Chosen","floor":18.0,"turns":3.0},{"damage":5.0,"enemies":"Spheric Guardian","floor":19.0,"turns":4.0},{"damage":0.0,"enemies":"Cultist and Chosen","floor":21.0,"turns":4.0},{"damage":0,"enemies":"Snecko","floor":22,"turns":4},{"damage":16,"enemies":"Gremlin Leader","floor":24,"turns":5},{"damage":6,"enemies":"Shelled Parasite and Fungi","floor":27,"turns":3},{"damage":14,"enemies":"Book of Stabbing","floor":30,"turns":4},{"damage":46,"enemies":"Automaton","floor":33,"turns":9},{"damage":0,"enemies":"3 Shapes","floor":35,"turns":4},{"damage":7,"enemies":"Orb Walker","floor":36,"turns":4},{"damage":0,"enemies":"Sphere and 2 Shapes","floor":38,"turns":4},{"damage":11,"enemies":"Maw","floor":39,"turns":7},{"damage":0,"enemies":"Reptomancer","floor":40,"turns":6},{"damage":0,"enemies":"Spire Growth","floor":44,"turns":5},{"damage":14,"enemies":"Sphere and 2 Shapes","floor":46,"turns":4},{"damage":22,"enemies":"Time Eater","floor":50,"turns":8}],"seed_played":"5844434047852006857","potions_obtained":[{"floor":7.0,"key":"BottledMiracle"},{"floor":14.0,"key":"SkillPotion"},{"floor":16.0,"key":"SteroidPotion"},{"floor":24,"key":"Fire Potion"},{"floor":27,"key":"BottledMiracle"},{"floor":33,"key":"SkillPotion"},{"floor":36,"key":"PowerPotion"}],"is_trial":false,"path_per_floor":["M","?","$","?","$","R","E","R","T","M","M","$","M","E","R","B",null,"M","M","?","M","M","R","E","R","T","M","$","R","E","?","R","B",null,"M","M","$","M","M","E","R","$","T","M","?","M","?","$","R","B",null],"character_chosen":"WATCHER","items_purchased":["MentalFortress","PrismaticShard","PowerPotion","Adaptation","Bag of Preparation"],"campfire_rested":3,"item_purchase_floors":[3,37,37,48,48],"current_hp_per_floor":[72,67,67,67,67,67,59,59,59,59,59,59,57,39,39,33,59,47,42,42,42,42,42,28,48,48,44,44,65,53,53,73,27,62,62,57,57,59,50,62,62,62,62,64,64,52,52,52,52,30],"gold":68,"neow_bonus":"HUNDRED_GOLD","is_daily":false,"chose_seed":false,"campfire_upgraded":6,"win_rate":0.0,"timestamp":1610173592,"path_taken":["M","?","$","?","?","R","E","R","T","M","M","$","?","E","R","BOSS","M","M","?","M","M","R","E","R","T","M","$","R","E","?","R","BOSS","M","M","$","M","M","E","R","?","T","M","?","M","?","$","R","BOSS"],"items_purchased_type":["Card","Relic","Potion","Card","Relic"],"build_version":"2020-12-22","purchased_purges":3,"victory":true,"max_hp_per_floor":[72,67,67,67,67,67,67,67,67,67,67,67,67,67,67,67,67,67,67,67,67,67,67,69,69,69,71,71,71,73,73,73,73,73,73,75,75,77,79,91,91,91,91,93,93,95,90,90,90,90],"card_choices":[{"not_picked":["FollowUp","EmptyBody","Meditate"],"picked":"SKIP","floor":1.0},{"not_picked":["CrushJoints","Collect","Consecrate"],"picked":"SKIP","floor":7.0},{"not_picked":["Perseverance","BattleHymn","Consecrate"],"picked":"SKIP","floor":10.0},{"not_picked":["ClearTheMind","SashWhip","Swivel"],"picked":"SKIP","floor":11.0},{"not_picked":["Nirvana","Protect"],"picked":"WindmillStrike","floor":13.0},{"not_picked":["SpiritShield","Crescendo"],"picked":"InnerPeace","floor":14.0},{"not_picked":["Establishment","SpiritShield"],"picked":"Blasphemy","floor":16.0},{"not_picked":["SandsOfTime","Nirvana","Evaluate+1"],"picked":"SKIP","floor":18.0},{"not_picked":["Tantrum+1","ThirdEye","ForeignInfluence"],"picked":"SKIP","floor":19.0},{"not_picked":["JustLucky","Crescendo","WaveOfTheHand"],"picked":"SKIP","floor":21.0},{"not_picked":["Swivel","Protect+1","Crescendo"],"picked":"SKIP","floor":22},{"not_picked":["Wireheading+1","Collect+1","LessonLearned"],"picked":"Singing Bowl","floor":24},{"not_picked":["Prostrate+1","Wireheading","SashWhip"],"picked":"Singing Bowl","floor":27},{"not_picked":["Prostrate+1","Sanctity","EmptyBody+1"],"picked":"Singing Bowl","floor":30},{"not_picked":["Devotion","DeusExMachina"],"picked":"Vault","floor":33},{"not_picked":["EmptyBody","JustLucky+1"],"picked":"Halt+1","floor":35},{"not_picked":["Pray","BowlingBash","Nirvana"],"picked":"Singing Bowl","floor":36},{"not_picked":["Bandage Up","Turbo+1","DeceiveReality+1"],"picked":"Singing Bowl","floor":38},{"not_picked":["ClearTheMind","EmptyBody+1","Steam+1"],"picked":"Singing Bowl","floor":39},{"not_picked":["Unload","Distraction","FollowUp+1"],"picked":"Singing Bowl","floor":40},{"not_picked":["SandsOfTime+1","Prostrate+1","Armaments+1"],"picked":"Singing Bowl","floor":44},{"not_picked":["Sweeping Beam+1","Dark Embrace","Burst"],"picked":"Singing Bowl","floor":46}],"player_experience":202327,"relics_obtained":[{"floor":7.0,"key":"War Paint"},{"floor":9.0,"key":"Shuriken"},{"floor":14.0,"key":"Letter Opener"},{"floor":24,"key":"Singing Bowl"},{"floor":26,"key":"Matryoshka"},{"floor":30,"key":"CeramicFish"},{"floor":40,"key":"Pear"},{"floor":43,"key":"Dream Catcher"},{"floor":43,"key":"Blue Candle"}],"event_choices":[{"damage_healed":0.0,"max_hp_gain":0.0,"max_hp_loss":5.0,"gold_gain":0.0,"event_name":"Golden Idol","player_choice":"Lose Max HP","floor":2.0,"gold_loss":0.0,"damage_taken":0.0,"relics_obtained":["Golden Idol"]},{"cards_removed":["Defend_P"],"damage_healed":0.0,"max_hp_gain":0.0,"max_hp_loss":0.0,"gold_gain":0.0,"event_name":"Living Wall","player_choice":"Forget","floor":4.0,"gold_loss":0.0,"damage_taken":0.0},{"cards_removed":["Fasting2"],"damage_healed":0.0,"max_hp_gain":0.0,"max_hp_loss":0.0,"gold_gain":0.0,"event_name":"Beggar","player_choice":"Gave Gold","floor":20.0,"gold_loss":75.0,"damage_taken":0.0},{"cards_removed":["Defend_P"],"damage_healed":0,"gold_gain":0,"player_choice":"Offered Basic","damage_taken":0,"max_hp_gain":0,"max_hp_loss":0,"event_name":"Bonfire Elementals","floor":31,"gold_loss":0},{"cards_removed":["Vault"],"damage_healed":0,"gold_gain":0,"player_choice":"Removed Skill","damage_taken":0,"max_hp_gain":0,"max_hp_loss":0,"event_name":"Falling","floor":45,"gold_loss":0},{"damage_healed":0,"gold_gain":0,"player_choice":"Max HP","damage_taken":0,"max_hp_gain":0,"max_hp_loss":5,"event_name":"Winding Halls","floor":47,"gold_loss":0}],"is_beta":false,"boss_relics":[{"not_picked":["Runic Dome","Tiny House"],"picked":"Astrolabe"},{"not_picked":["Busted Crown","Velvet Choker"],"picked":"VioletLotus"}],"items_purged_floors":[3,12,28],"is_endless":false,"potions_floor_spawned":[7,14,16,24,27,33,36,46],"ascension_level":5}}