{"host":"873t0y8ybyo38pfq","time":1610201072,"event":{"mods":["BaseMod","Bestiary","Colored Map","Colored Powertips","Highlight Path","Minty Spire (QoL Compilation)","Quick Restart","RNG Fix","Rare Cards Sparkle","Relic Stats","StSLib"],"gold_per_floor":[110,110,110,110,121,121,150,150,173,200,25,25,25,38,38,112,112,125,125,143,68,83,83,83],"floor_reached":23,"playtime":490,"items_purged":["Pain"],"score":444,"play_id":"a9385b8e-06ed-4614-9be5-f0313d19a822","local_time":"20210109090432","is_ascension_mode":true,"campfire_choices":[{"data":"Lockon","floor":6,"key":"SMITH"},{"data":"Defragment","floor":8,"key":"SMITH"},{"data":"Machine Learning","floor":12,"key":"SMITH"},{"data":"Echo Form","floor":15,"key":"SMITH"}],"circlet_count":0,"master_deck":["AscendersBane","Strike_B","Strike_B","Strike_B","Strike_B","Defend_B","Defend_B","Defend_B","Defend_B","Zap+1","Dualcast","Lockon+1","Chill","Defragment+1","Ball Lightning","Machine Learning+1","Echo Form+1","Core Surge","Force Field+1"],"relics":["Cracked Core","NeowsBlessing","Gremlin Horn","Ice Cream","MealTicket","Vajra","Nuclear Battery","WarpedTongs"],"acts_visited":["Exordium","TheCity"],"potions_floor_usage":[16,18,23],"damage_taken":[{"damage":0,"enemies":"2 Louse","floor":1,"turns":1},{"damage":0,"enemies":"Cultist","floor":5,"turns":1},{"damage":0,"enemies":"Gremlin Nob","floor":7,"turns":1},{"damage":17,"enemies":"Lagavulin","floor":10,"turns":5},{"damage":5,"enemies":"Jaw Worm","floor":14,"turns":3},{"damage":32,"enemies":"Slime Boss","floor":16,"turns":9},{"damage":24,"enemies":"3 Byrds","floor":18,"turns":4},{"damage":34,"enemies":"Shell Parasite","floor":20,"turns":5},{"damage":8,"enemies":"Snecko","floor":22,"turns":4},{"damage":10,"enemies":"Book of Stabbing","floor":23,"turns":2}],"seed_played":"6235497996975747390","potions_obtained":[{"floor":1,"key":"PotionOfCapacity"},{"floor":5,"key":"GamblersBrew"},{"floor":10,"key":"FocusPotion"},{"floor":16,"key":"ColorlessPotion"},{"floor":18,"key":"Fire Potion"},{"floor":20,"key":"LiquidMemories"}],"is_trial":false,"path_per_floor":["M","?","?","?","M","R","E","R","T","E","$","R","$","M","R","B",null,"M","?","M","$","M","E"],"character_chosen":"DEFECT","items_purchased":["Machine Learning"],"campfire_rested":0,"item_purchase_floors":[11],"current_hp_per_floor":[64,29,52,52,52,52,52,52,52,35,50,50,65,60,60,28,60,36,36,2,17,9,0,0],"gold":83,"neow_bonus":"THREE_ENEMY_KILL","is_daily":false,"chose_seed":false,"campfire_upgraded":4,"win_rate":0.0,"timestamp":1610201072,"path_taken":["M","?","?","?","?","R","E","R","T","E","$","R","$","M","R","BOSS","M","?","M","$","M","E"],"items_purchased_type":["Card"],"build_version":"2020-12-22","purchased_purges":1,"victory":false,"max_hp_per_floor":[71,71,71,71,71,71,71,71,71,71,71,71,71,71,71,71,71,71,71,71,71,71,71,71],"relic_stats":{"Gremlin Horn":[5,5],"counters":[10,35],"MealTicket":45,"obtain_stats":[{"Ice Cream":7,"NeowsBlessing":0,"Gremlin Horn":2,"Vajra":10,"MealTicket":9,"Cracked Core":0,"Nuclear Battery":17,"WarpedTongs":19},{"Ice Cream":3,"NeowsBlessing":0,"Gremlin Horn":1,"Vajra":4,"MealTicket":3,"Cracked Core":0,"Nuclear Battery":6,"WarpedTongs":7},{"Ice Cream":3,"NeowsBlessing":0,"Gremlin Horn":1,"Vajra":8,"MealTicket":3,"Cracked Core":0,"Nuclear Battery":20,"WarpedTongs":24}],"WarpedTongs":[11]},"card_choices":[{"not_picked":["Auto Shields","Streamline"],"picked":"Lockon","floor":1},{"not_picked":["Recycle","Go for the Eyes"],"picked":"Chill","floor":5},{"not_picked":["Barrage","Hologram"],"picked":"Defragment","floor":7},{"not_picked":["Static Discharge","Rebound"],"picked":"Ball Lightning","floor":10},{"not_picked":["Sunder","Defragment"],"picked":"Echo Form","floor":14},{"not_picked":["Biased Cognition","Amplify"],"picked":"Core Surge","floor":16},{"not_picked":["Gash","Static Discharge","Rip and Tear"],"picked":"SKIP","floor":18},{"not_picked":["Rebound","Ball Lightning","Barrage"],"picked":"SKIP","floor":20},{"not_picked":["FTL","Redo"],"picked":"Force Field+1","floor":22}],"player_experience":1565539,"relics_obtained":[{"floor":7,"key":"Ice Cream"},{"floor":9,"key":"MealTicket"},{"floor":10,"key":"Vajra"}],"event_choices":[{"damage_healed":0,"gold_gain":0,"player_choice":"Success","damage_taken":35,"relics_obtained":["Gremlin Horn"],"max_hp_gain":0,"max_hp_loss":0,"event_name":"Scrap Ooze","floor":2,"gold_loss":0},{"damage_healed":23,"gold_gain":0,"player_choice":"Banana","damage_taken":0,"max_hp_gain":0,"max_hp_loss":0,"event_name":"Big Fish","floor":3,"gold_loss":0},{"damage_healed":0,"gold_gain":0,"player_choice":"Grow","damage_taken":0,"max_hp_gain":0,"max_hp_loss":0,"event_name":"Living Wall","floor":4,"gold_loss":0,"cards_upgraded":["Zap"]},{"damage_healed":0,"gold_gain":0,"player_choice":"Rummage","damage_taken":0,"relics_obtained":["WarpedTongs"],"max_hp_gain":0,"max_hp_loss":0,"event_name":"Accursed Blacksmith","floor":19,"gold_loss":0,"cards_obtained":["Pain"]}],"is_beta":false,"boss_relics":[{"not_picked":["Calling Bell","Inserter"],"picked":"Nuclear Battery"}],"items_purged_floors":[21],"is_endless":false,"potions_floor_spawned":[1,5,10,16,18,20],"killed_by":"Book of Stabbing","ascension_level":20}}