{"host":"T","time":1610201629,"event":{"mods":["Aspiration","BaseMod","Downfall","GungeonMod","Hunter ¡‘»À","Minty Spire (QoL Compilation)","READ ME - Guardian Mod","Relic Stats","StSLib","The Alterego","The Cursed","The Jungle","The Poker Player","The Runesmith","The Servant 0.9.4"],"gold_per_floor":[99,99,119,119,135,145,172,191,41,74,25,25,25,45,59,59,59,59],"floor_reached":16,"playtime":1999,"items_purged":[],"score":177,"play_id":"dade4a98-43a3-43b5-82bc-4e6c85f61226","local_time":"20210109221349","is_ascension_mode":false,"campfire_choices":[{"floor":1,"key":"RECALL"},{"data":"champ:StanceDance","floor":9,"key":"SMITH"},{"data":"champ:GladiatorStyle","floor":13,"key":"SMITH"}],"circlet_count":0,"master_deck":["champ:Strike","champ:Strike","champ:Strike","champ:Strike","champ:Defend","champ:Defend","champ:Defend","champ:Defend","champ:Execute","champ:Taunt","champ:GladiatorsShout","champ:Riposte","champ:FlashCut","champ:StanceDance+1","champ:ArenaPreparation","champ:BerserkerStyle","champ:GladiatorStyle+1","champ:CrookedStrike","champ:VampiricStrike"],"relics":["champ:ChampionCrown","downfall:HeartBlessingRed","downfall:HeartBlessingBlue","DemoMod:PinkGuonStone","DemoMod:ResourcefulSack"],"acts_visited":["Exordium"],"potions_floor_usage":[10,10],"damage_taken":[{"damage":11,"enemies":"Jaw Worm","floor":3,"turns":5},{"damage":19,"enemies":"Cultist","floor":5,"turns":4},{"damage":5,"enemies":"2 Louse","floor":6,"turns":3},{"damage":20,"enemies":"Exordium Thugs","floor":8,"turns":4},{"damage":13,"enemies":"3 Sentries","floor":10,"turns":6},{"damage":28,"enemies":"downfall:FleeingMerchant","floor":11,"turns":4},{"damage":25,"enemies":"Lots of Slimes","floor":14,"turns":4},{"damage":14,"enemies":"Large Slime","floor":15,"turns":5},{"damage":108,"enemies":"downfall:Defect","floor":16,"turns":9}],"seed_played":"-8558691896580215167","potions_obtained":[{"floor":3,"key":"Fire Potion"},{"floor":4,"key":"DemoMod:LeadSkinPotion"},{"floor":4,"key":"Regen Potion"},{"floor":14,"key":"Weak Potion"}],"is_trial":false,"path_per_floor":["R","?","M","?","M","M","T","M","R","E","$","?","R","M","M","B"],"character_chosen":"THE_CHAMP","items_purchased":["champ:GladiatorStyle"],"campfire_rested":0,"item_purchase_floors":[11],"current_hp_per_floor":[99,104,103,103,94,94,94,79,89,111,108,101,101,89,85,0,0,0],"gold":59,"neow_bonus":"TEN_PERCENT_HP_BONUS","is_daily":false,"chose_seed":false,"campfire_upgraded":2,"win_rate":0.0,"timestamp":1610201629,"path_taken":["R","?","M","?","M","M","T","?","R","E","$","?","R","M","M","BOSS"],"items_purchased_type":["Card"],"build_version":"2020-12-18","purchased_purges":0,"victory":false,"max_hp_per_floor":[99,104,104,104,104,104,104,104,114,121,121,121,121,121,121,121,121,121],"relic_stats":{"counters":[9,44],"obtain_stats":[{"downfall:HeartBlessingRed":9,"downfall:HeartBlessingBlue":9,"champ:ChampionCrown":0,"DemoMod:GlassGuonStoneRelic":3,"DemoMod:PinkGuonStone":10,"DemoMod:ResourcefulSack":12},{"downfall:HeartBlessingRed":4,"downfall:HeartBlessingBlue":4,"champ:ChampionCrown":0,"DemoMod:GlassGuonStoneRelic":1,"DemoMod:PinkGuonStone":5,"DemoMod:ResourcefulSack":6},{"downfall:HeartBlessingRed":16,"downfall:HeartBlessingBlue":16,"champ:ChampionCrown":0,"DemoMod:GlassGuonStoneRelic":5,"DemoMod:PinkGuonStone":22,"DemoMod:ResourcefulSack":26}]},"card_choices":[{"not_picked":["champ:Lariat","champ:Haymaker"],"picked":"champ:GladiatorsShout","floor":3},{"not_picked":["champ:GladiatorsShout","champ:Haymaker"],"picked":"champ:Riposte","floor":5},{"not_picked":["champ:GladiatorsShout","champ:StanceDance"],"picked":"champ:FlashCut","floor":6},{"not_picked":["champ:Lariat","champ:Circumvent"],"picked":"champ:StanceDance","floor":8},{"not_picked":["champ:BerserkersShout","champ:DefensiveShout"],"picked":"champ:ArenaPreparation","floor":10},{"not_picked":["champ:Shatter","champ:Backstep"],"picked":"champ:BerserkerStyle","floor":11},{"not_picked":["champ:StanceDance","champ:DefensiveShout"],"picked":"champ:CrookedStrike","floor":14},{"not_picked":["champ:Backstep","champ:CrookedStrike"],"picked":"champ:VampiricStrike","floor":15}],"player_experience":389675,"relics_obtained":[{"floor":10,"key":"DemoMod:PinkGuonStone"}],"event_choices":[{"damage_healed":0,"gold_gain":0,"player_choice":"Donut","damage_taken":0,"max_hp_gain":5,"max_hp_loss":0,"event_name":"Big Fish","floor":2,"gold_loss":0},{"damage_healed":0,"gold_gain":0,"player_choice":"Got Potions","damage_taken":0,"max_hp_gain":0,"max_hp_loss":0,"event_name":"Lab","floor":4,"gold_loss":0},{"damage_healed":0,"gold_gain":0,"player_choice":"Success","damage_taken":7,"relics_obtained":["DemoMod:ResourcefulSack"],"max_hp_gain":0,"max_hp_loss":0,"event_name":"Scrap Ooze","floor":12,"gold_loss":0}],"is_beta":true,"boss_relics":[],"items_purged_floors":[],"is_endless":false,"potions_floor_spawned":[3,5,14],"killed_by":"downfall:Defect","ascension_level":0}}