{"host":"6ld56ls1xbe0aj21","time":1610176779,"event":{"mods":["AchievementEnabler","BaseMod","Colored Powertips","Minty Spire (QoL Compilation)","Quick Restart","Rare Cards Sparkle","StSLib","SuperFastMode","everything is the same but u backflip on backflip","slay the spire mod where everything is the same but ironclad has a cowboy hat"],"gold_per_floor":[55,110,141,66,66,118,174,174,174,227,227,227,227],"floor_reached":12,"playtime":355,"items_purged":[],"score":154,"play_id":"7876937b-ff06-4e9a-af70-dd624e21890d","local_time":"20210109181939","is_ascension_mode":true,"campfire_choices":[{"floor":8.0,"key":"REST"}],"circlet_count":0,"master_deck":["AscendersBane","Strike_R","Strike_R","Strike_R","Strike_R","Defend_R","Defend_R","Defend_R","Defend_R","Bash","HandOfGreed","Thunderclap","Inflame","Cleave","Headbutt"],"relics":["Burning Blood","Pantograph","Gambling Chip","Magic Flower","Self Forming Clay"],"acts_visited":["Exordium"],"potions_floor_usage":[12,12],"damage_taken":[{"damage":5.0,"enemies":"2 Louse","floor":1.0,"turns":4.0},{"damage":10.0,"enemies":"Small Slimes","floor":2.0,"turns":3.0},{"damage":9.0,"enemies":"Jaw Worm","floor":3.0,"turns":4.0},{"damage":32.0,"enemies":"Gremlin Nob","floor":6.0,"turns":4.0},{"damage":13.0,"enemies":"Gremlin Gang","floor":7.0,"turns":4.0},{"damage":25.0,"enemies":"3 Sentries","floor":10.0,"turns":7.0},{"damage":32,"enemies":"Lagavulin","floor":12,"turns":4}],"seed_played":"-3758388003971143161","potions_obtained":[{"floor":1.0,"key":"ElixirPotion"},{"floor":3.0,"key":"ElixirPotion"},{"floor":6.0,"key":"Block Potion"},{"floor":11.0,"key":"LiquidMemories"},{"floor":11.0,"key":"GamblersBrew"}],"is_trial":false,"path_per_floor":["M","M","M","?","?","E","M","R","T","E","?","E"],"character_chosen":"IRONCLAD","items_purchased":[],"campfire_rested":1,"item_purchase_floors":[],"current_hp_per_floor":[69,65,62,62,44,18,11,33,33,17,17,0,0],"gold":227,"neow_bonus":"RANDOM_COLORLESS_2","is_daily":false,"chose_seed":false,"campfire_upgraded":0,"win_rate":0.0,"timestamp":1610176779,"path_taken":["M","M","M","?","?","E","M","R","T","E","?","E"],"items_purchased_type":[],"build_version":"2020-12-22","purchased_purges":0,"victory":false,"max_hp_per_floor":[75,75,75,75,75,75,75,75,75,75,75,75,75],"card_choices":[{"not_picked":["The Bomb","Secret Weapon"],"picked":"HandOfGreed","floor":0.0},{"not_picked":["Heavy Blade","Sword Boomerang","Shrug It Off"],"picked":"SKIP","floor":1.0},{"not_picked":["Entrench","Blood for Blood"],"picked":"Thunderclap","floor":2.0},{"not_picked":["True Grit","Shrug It Off","Iron Wave"],"picked":"SKIP","floor":3.0},{"not_picked":["Armaments","Feed"],"picked":"Inflame","floor":6.0},{"not_picked":["Armaments","Thunderclap"],"picked":"Cleave","floor":7.0},{"not_picked":["Fiend Fire","Spot Weakness"],"picked":"Headbutt","floor":10.0}],"player_experience":311942,"relics_obtained":[{"floor":6.0,"key":"Gambling Chip"},{"floor":9.0,"key":"Magic Flower"},{"floor":10.0,"key":"Self Forming Clay"}],"event_choices":[{"cards_removed":["Strike_R"],"damage_healed":0.0,"max_hp_gain":0.0,"max_hp_loss":0.0,"gold_gain":0.0,"event_name":"The Cleric","player_choice":"Card Removal","floor":4.0,"gold_loss":75.0,"damage_taken":0.0},{"damage_healed":0.0,"max_hp_gain":0.0,"max_hp_loss":0.0,"gold_gain":0.0,"event_name":"Scrap Ooze","player_choice":"Success","floor":5.0,"gold_loss":0.0,"damage_taken":18.0,"relics_obtained":["Pantograph"]},{"damage_healed":0.0,"max_hp_gain":0.0,"max_hp_loss":0.0,"gold_gain":0.0,"event_name":"Lab","player_choice":"Got Potions","floor":11.0,"gold_loss":0.0,"damage_taken":0.0}],"is_beta":false,"boss_relics":[],"items_purged_floors":[],"is_endless":false,"potions_floor_spawned":[1,3,6],"killed_by":"Lagavulin","ascension_level":15}}