{"host":"ftc0tgnuzn0d2s6e","time":1610199593,"event":{"mods":["Act Like it!","Ascension Reborn","BaseMod","CapriCore","Colored Powertips","Conspire","Downfall","Gensokyo","GifTheSpireLib","KinomotoSakuraMod(ƒæ÷Æ±æ”£)","Lobotomy","LobotomyExtend","Marisa£®ÏF”Í°°ƒß¿Ì…≥£©","Minty Spire (QoL Compilation)","MostiFishMod","Quick Restart","Reimu£®≤©¿ˆ¡È√Œ£©","Replay The Spire","Shop Mod","StSLib","TestMod","The Administrix","The Animator","The Immortal","The Jungle","The Servant 0.9.4","Youmu£®ªÍ∆«—˝√Œ£©","vexMod"],"gold_per_floor":[112,112,112,30,46,87,110,110,207,242,266,286,308,324,324,449,449,472,496,370,390,410,410,445,445,542,327,345,367,630,654,654,1133,1133,1145,1162,1178,814,830,860,518,549,549,581,581,581,603,603,603,603,963],"floor_reached":52,"playtime":3125,"items_purged":["Defend_S+1","Strike_S+1"],"score":1450,"play_id":"26c7ed14-8396-4877-a9ae-680f7fd24cc8","local_time":"20210109213953","is_ascension_mode":true,"campfire_choices":[{"data":"Starlight","floor":8.0,"key":"SMITH"},{"data":"FloweringNight","floor":15.0,"key":"SMITH"},{"data":"TheWorld","floor":23.0,"key":"SMITH"},{"data":"Starlight","floor":25.0,"key":"SMITH"},{"data":"Embodiment","floor":32.0,"key":"SMITH"},{"floor":46,"key":"RECALL"},{"data":"TheWorld","floor":49,"key":"SMITH"}],"circlet_count":0,"master_deck":["Strike_S+1","Strike_S+1","Strike_S+1","Defend_S+1","Defend_S+1","Defend_S+1","KidneyShot+1","Exchange+1","OSAHOGD","Starlight+1","FloweringNight+1","Starlight+1","InstantArmor","TheWorld+1","SurpressingFire+1","BottledTime","Solidify","Rearm+1","Embodiment+1","BottledTime","Sunlight","Solidify","Initiator+1","SurpressingFire+1","SilverBlades+1","SilverBlades+1","TheWorld+1"],"relics":["Uniform","testmod-TestBox","DaveBox","SentryEyes","testmod-IntensifyImprint","CogitoBucket","RabbitCall","SynthV:TestCard","LetterFromLob","Tiny Chest","vexMod:Dragonfruit","Letter Opener","BackwardClock","CombinedTypeHook","Lizard Tail","testmod-EnergyCheck","AspirationHeart","MerchantsRug","Bottled Lightning","Replay:Bottled Steam","testmod-Brilliant","testmod-ThousandKnives","testmod-Prudence","Blue Doll","Technique","FossilizedHelix","Gremlin Food","Bottled Flame","Counterbalance","vexMod:PaidLearning","ChiLing","Chi","Ling","Strawberry","Onion Ring","Replay:Mystery Machine","testmod-Hope","Singing Bowl"],"acts_visited":["Exordium","Gensokyo:Gensokyo","Gensokyo:Gensokyoer"],"potions_floor_usage":[37,52],"damage_taken":[{"damage":0.0,"enemies":"Gensokyo:2_Kodama","floor":1.0,"turns":1.0},{"damage":0.0,"enemies":"Gensokyo:Gryphon","floor":5.0,"turns":2.0},{"damage":0.0,"enemies":"Gensokyo:Mamizou","floor":6.0,"turns":3.0},{"damage":0.0,"enemies":"Gensokyo:Python","floor":7.0,"turns":1.0},{"damage":0.0,"enemies":"Gensokyo:Cirno","floor":10.0,"turns":4.0},{"damage":12.0,"enemies":"Gensokyo:LivingMonolith","floor":11.0,"turns":3.0},{"damage":0.0,"enemies":"Gensokyo:VengefulSpirit","floor":12.0,"turns":1.0},{"damage":0.0,"enemies":"Gensokyo:CorruptedTreant","floor":13.0,"turns":1.0},{"damage":0.0,"enemies":"Gensokyo:Kitsune","floor":14.0,"turns":1.0},{"damage":0.0,"enemies":"Gensokyo:Yukari","floor":16.0,"turns":3.0},{"damage":7.0,"enemies":"Gensokyo:CosmicMonolith","floor":18.0,"turns":2.0},{"damage":0.0,"enemies":"Gensokyo:Chomper","floor":19.0,"turns":2.0},{"damage":0.0,"enemies":"Gensokyo:Swordslinger","floor":21.0,"turns":1.0},{"damage":0.0,"enemies":"Gensokyo:3_Gloops","floor":22.0,"turns":1.0},{"damage":0.0,"enemies":"Gensokyo:Koishi","floor":24.0,"turns":2.0},{"damage":34.0,"enemies":"Gensokyo:Slime_Group","floor":28.0,"turns":3.0},{"damage":0.0,"enemies":"Gensokyo:Chomper_and_Gloop","floor":29.0,"turns":2.0},{"damage":0.0,"enemies":"Gensokyo:Wraith","floor":30.0,"turns":1.0},{"damage":0.0,"enemies":"Gensokyo:Swordslinger","floor":31.0,"turns":1.0},{"damage":0.0,"enemies":"Gensokyo:Kaguya","floor":33.0,"turns":2.0},{"damage":0,"enemies":"Gensokyo:3_Bats","floor":35,"turns":1},{"damage":0,"enemies":"Gensokyo:AncientGuardian","floor":36,"turns":1},{"damage":0,"enemies":"Gensokyo:4_Bats","floor":37,"turns":1},{"damage":0,"enemies":"Gensokyo:Sharpion","floor":39,"turns":1},{"damage":0,"enemies":"Gensokyo:Kasen","floor":40,"turns":1},{"damage":0,"enemies":"conspire:MimicChest","floor":42,"turns":2},{"damage":1,"enemies":"Gensokyo:Marisa","floor":44,"turns":1},{"damage":0,"enemies":"Gensokyo:Rafflesia","floor":47,"turns":1},{"damage":1,"enemies":"Gensokyo:Yuyuko","floor":50,"turns":1},{"damage":20,"enemies":"Gensokyo:Scarlet_Devils","floor":51,"turns":3},{"damage":24,"enemies":"Malkuth","floor":52,"turns":3},{"damage":0,"enemies":"Hod","floor":52,"turns":3},{"damage":85,"enemies":"Geburah","floor":52,"turns":5},{"damage":62,"enemies":"Binah","floor":52,"turns":5},{"damage":114,"enemies":"Angela","floor":52,"turns":4}],"seed_played":"6967502978676404634","potions_obtained":[{"floor":1.0,"key":"Strength Potion"},{"floor":5.0,"key":"SkillPotion"},{"floor":5.0,"key":"MagicPotion:ReiMu"},{"floor":6.0,"key":"Adrenaline Potion"},{"floor":13.0,"key":"Death Potion"},{"floor":37,"key":"testmod-SpacePotion"},{"floor":40,"key":"Elixir"},{"floor":44,"key":"conspire:TimeTravelPotion"}],"is_trial":false,"path_per_floor":["M","?","?","COS","M","E","M","R","T","E","M","M","M","M","R","B",null,"M","M","$","M","M","R","E","R","T","COS","M","M","M","M","R","B",null,"M","M","M","$","M","E","COS","?","T","E","?","R","M","T","R","B","B",null],"character_chosen":"THE_SERVANT","items_purchased":["BargainBundle","BottledTime","Solidify","MerchantsRug","SilverBlades","Technique","FossilizedHelix","Gremlin Food"],"campfire_rested":0,"item_purchase_floors":[20,20,20,20,38,38,38,38],"current_hp_per_floor":[70,69,81,81,81,81,81,81,88,88,76,76,76,76,76,83,94,101,101,101,101,101,101,101,101,101,101,67,67,67,67,67,74,109,109,109,109,109,109,109,109,116,116,115,115,115,115,115,115,121,108],"gold":1203,"neow_bonus":"","is_daily":false,"chose_seed":false,"campfire_upgraded":6,"win_rate":0.0,"timestamp":1610199593,"path_taken":["M","?","?","COS","M","E","?","R","T","E","M","M","M","M","R","BOSS","M","M","$","M","M","R","E","R","T","COS","M","M","M","M","R","BOSS","M","M","M","$","M","E","COS","?","T","E","?","R","M","?","R","BOSS","BOSS"],"items_purchased_type":["Relic","Card","Card","Relic","Card","Relic","Relic","Relic"],"build_version":"2020-12-22","purchased_purges":2,"victory":true,"max_hp_per_floor":[70,84,84,84,84,84,84,84,89,89,89,89,89,89,89,94,94,104,104,104,104,104,104,104,104,104,104,104,104,104,104,104,109,109,109,109,109,109,109,109,109,116,116,116,116,116,116,116,116,121,126],"card_choices":[{"not_picked":["BigBird","OldLady"],"picked":"OSAHOGD","floor":1.0},{"not_picked":["Rewind","Revamp","Replace"],"picked":"SKIP","floor":1.0},{"not_picked":["VoidDream","Bloodbath","MeatLantern"],"picked":"Singing Bowl","floor":5.0},{"not_picked":["Reset","SurpressingFire","Alleviate","Revamp"],"picked":"Starlight","floor":5.0},{"not_picked":["LittlePrince","MHz","VoidDream"],"picked":"Singing Bowl","floor":6.0},{"not_picked":["Initiator","Spin","ShatteredReality","Misdirection","Replace"],"picked":"SKIP","floor":6.0},{"not_picked":["SpiderBud","Murderer","MeatLantern"],"picked":"Singing Bowl","floor":7.0},{"not_picked":["DoubleEdge","WasteNot","Rewind","Ricochet","Replace"],"picked":"SKIP","floor":7.0},{"not_picked":["ShiftingGears","SurpressingFire","BottledTime","Collapse"],"picked":"FloweringNight","floor":10.0},{"not_picked":["OldLady","WallGazer","ShyLook"],"picked":"Singing Bowl","floor":10.0},{"not_picked":["OldLady","UniverseFragment","BeautyBeast"],"picked":"Singing Bowl","floor":11.0},{"not_picked":["Spin","Gouge","FastForward","ShatteredReality","Replace"],"picked":"SKIP","floor":11.0},{"not_picked":["CherryBlossoms","NakedNest","SnowQueen"],"picked":"Singing Bowl","floor":12.0},{"not_picked":["Gouge","Read","Defy","DualDimension","Ricochet"],"picked":"SKIP","floor":12.0},{"not_picked":["Murderer","OldLady","CrumblingArmor"],"picked":"Singing Bowl","floor":13.0},{"not_picked":["FastForward","Replace","BottledTime","Sabotage"],"picked":"Starlight","floor":13.0},{"not_picked":["UniverseFragment","LittleHelper","Murderer"],"picked":"Singing Bowl","floor":14.0},{"not_picked":["Revamp","Manipulate","Duplication","DoubleEdge"],"picked":"InstantArmor","floor":14.0},{"not_picked":["MurderousAura","Duplication","ForgedInTime","Sunlight"],"picked":"TheWorld","floor":16.0},{"not_picked":["MeatLantern","CrumblingArmor","Alriune"],"picked":"Singing Bowl","floor":16.0},{"not_picked":["SnowQueen","NakedNest","ShyLook"],"picked":"Singing Bowl","floor":18.0},{"not_picked":["TimeWarp","Replace","Ricochet","ShatteredReality"],"picked":"SurpressingFire+1","floor":18.0},{"not_picked":["RedShoes","Murderer","WallGazer"],"picked":"Singing Bowl","floor":19.0},{"not_picked":["Replace","Advance+1","FastForward","Unruled","Manipulate"],"picked":"SKIP","floor":19.0},{"not_picked":["LittlePrince","Laetitia","SpiderBud"],"picked":"Singing Bowl","floor":21.0},{"not_picked":["ForgedInTime","Alleviate","BottledTime","FastForward"],"picked":"Rearm","floor":21.0},{"not_picked":["Mercenary","OldLady","BeautyBeast"],"picked":"Singing Bowl","floor":22.0},{"not_picked":["Shuttle","Misdirection+1","Unruled","Rewind","Revamp"],"picked":"SKIP","floor":22.0},{"not_picked":["HappyTeddy","OldLady","Wellcheers"],"picked":"Singing Bowl","floor":24.0},{"not_picked":["Rewind","Comet","TimeWarp","LightFlow","Spin"],"picked":"SKIP","floor":24.0},{"not_picked":["BlackArmy","FairyFestival","SingingMachine"],"picked":"Singing Bowl","floor":28.0},{"not_picked":["Alleviate+1","Rewind+1","Starlight+1","Replace+1","ShatteredReality+1"],"picked":"SKIP","floor":28.0},{"not_picked":["Replace","FastForward","Defy","ReturningBlade+1","ShatteredReality"],"picked":"SKIP","floor":28.0},{"not_picked":["Bloodbath","CrumblingArmor","Porccubus"],"picked":"Singing Bowl","floor":29.0},{"not_picked":["DualDimension","Rearm","Starlight+1","Hightail","Sabotage"],"picked":"SKIP","floor":29.0},{"not_picked":["Solidify","Duplication","FlawlessForm","LightFlow"],"picked":"Embodiment","floor":30.0},{"not_picked":["SnowQueen","VoidDream","Yin"],"picked":"Singing Bowl","floor":30.0},{"not_picked":["Read","Potential","Rewind","Starlight+1"],"picked":"BottledTime","floor":30.0},{"not_picked":["MHz","UniverseFragment","CherryBlossoms"],"picked":"Singing Bowl","floor":31.0},{"not_picked":["Rewind+1","Unruled","ShiftingGears","Defy+1","Shuttle"],"picked":"SKIP","floor":31.0},{"not_picked":["KillingDoll","PendulumOfEternity","Initiator","LightFlow"],"picked":"Sunlight","floor":33.0},{"not_picked":["WallGazer","VoidDream","Porccubus"],"picked":"Singing Bowl","floor":33.0},{"not_picked":["FloweringNight","SoulSculpture"],"picked":"Solidify","floor":35},{"not_picked":["HappyTeddy","CENSORED","NothingThere"],"picked":"Singing Bowl","floor":35},{"not_picked":["Spin","FastForward","Potential+1","ShiftingGears","Read+1"],"picked":"SKIP","floor":35},{"not_picked":["WasteNot+1","Spin","Starlight","Replace"],"picked":"Initiator","floor":36},{"not_picked":["SingingMachine","BodiesMountain","WhitesApple"],"picked":"Singing Bowl","floor":36},{"not_picked":["SilentOrchestra","BeautyBeast","OldLady"],"picked":"Singing Bowl","floor":37},{"not_picked":["DualDimension","ShatteredReality","WasteNot","Comet"],"picked":"SurpressingFire+1","floor":37},{"not_picked":["Woodsman","WallGazer","Rudolta"],"picked":"Singing Bowl","floor":39},{"not_picked":["Unruled+1","Alleviate+1","Collapse","WasteNot","BestPractice+1"],"picked":"SKIP","floor":39},{"not_picked":["CherryBlossoms","Wellcheers","Variant"],"picked":"Singing Bowl","floor":40},{"not_picked":["Reset","ShiftingGears+1","MurderousAura","Ricochet+1","Hightail+1"],"picked":"SKIP","floor":40},{"not_picked":["GearUp","Replace+1","InstantArmor+1","Spin"],"picked":"TheWorld","floor":42},{"not_picked":["UniverseFragment","Freischutz","Wellcheers"],"picked":"Singing Bowl","floor":44},{"not_picked":["RealityMarble+1","Revamp+1","InstantArmor+1","Collapse+1","StarChef"],"picked":"SKIP","floor":44},{"not_picked":["NothingThere","FieryBird","GalaxyChild"],"picked":"Singing Bowl","floor":47},{"not_picked":["ReturningBlade","Hightail+1","Sabotage","Defy","Reset+1"],"picked":"SKIP","floor":47}],"player_experience":184440,"relics_obtained":[{"floor":1.0,"key":"SynthV:TestCard"},{"floor":1.0,"key":"LetterFromLob"},{"floor":6.0,"key":"Tiny Chest"},{"floor":9.0,"key":"Tea:ReiMu"},{"floor":9.0,"key":"vexMod:Dragonfruit"},{"floor":10.0,"key":"Letter Opener"},{"floor":16.0,"key":"Lizard Tail"},{"floor":24.0,"key":"Bottled Lightning"},{"floor":26.0,"key":"Replay:Bottled Steam"},{"floor":29.0,"key":"testmod-Brilliant"},{"floor":33.0,"key":"testmod-ThousandKnives"},{"floor":35,"key":"conspire:GiftBox"},{"floor":36,"key":"Blue Doll"},{"floor":39,"key":"Bottled Flame"},{"floor":40,"key":"Counterbalance"},{"floor":42,"key":"Strawberry"},{"floor":43,"key":"Onion Ring"},{"floor":44,"key":"Replay:Mystery Machine"},{"floor":48,"key":"testmod-Hope"},{"floor":48,"key":"Singing Bowl"}],"event_choices":[],"is_beta":false,"boss_relics":[{"not_picked":["ChiXiaoBlade","Transparent"],"picked":"testmod-EnergyCheck"},{"not_picked":["Honey Jar","vexMod:CursedCompass"],"picked":"testmod-Prudence"}],"items_purged_floors":[20,38],"is_endless":false,"potions_floor_spawned":[5,7,10,11,16,22,24,30,31,36,37,40],"ascension_level":0}}