{"host":"zdhcon9z6t4xbcdl","time":1610153934,"event":{"mods":["BaseMod","Minty Spire (QoL Compilation)"],"gold_per_floor":[112,132,132,132,150,150,161,193,193,50,67,98,98,116,116,215,215,229,139,139,109,127,127,127],"floor_reached":23,"playtime":1835,"items_purged":["Strike_B"],"score":236,"play_id":"c9b430aa-69e9-4f33-a266-cb73803d9772","local_time":"20210109005854","is_ascension_mode":true,"campfire_choices":[{"floor":6,"key":"RECALL"},{"floor":13,"key":"REST"},{"floor":15,"key":"REST"}],"circlet_count":0,"master_deck":["Defend_B","Defend_B","Defend_B","Defend_B+1","Zap+1","Dualcast","Static Discharge","Beam Cell","Barrage","Sweeping Beam","Cold Snap","Self Repair+1","Coolheaded","Coolheaded","Genetic Algorithm","Beam Cell","Redo","Echo Form","Go for the Eyes+1","Bite","Bite","Bite","Bite","Bite","Stack"],"relics":["Cracked Core","Juzu Bracelet","Potion Belt","Dream Catcher","SacredBark"],"acts_visited":["Exordium","TheCity"],"potions_floor_usage":[12,12,16,16,22,23],"damage_taken":[{"damage":6,"enemies":"Cultist","floor":1,"turns":3},{"damage":0,"enemies":"Small Slimes","floor":2,"turns":3},{"damage":1,"enemies":"Jaw Worm","floor":5,"turns":3},{"damage":8,"enemies":"Red Slaver","floor":7,"turns":2},{"damage":36,"enemies":"Lagavulin","floor":8,"turns":6},{"damage":4,"enemies":"Lots of Slimes","floor":11,"turns":4},{"damage":9,"enemies":"Gremlin Nob","floor":12,"turns":3},{"damage":11,"enemies":"2 Fungi Beasts","floor":14,"turns":4},{"damage":24,"enemies":"Slime Boss","floor":16,"turns":9},{"damage":39,"enemies":"2 Thieves","floor":18,"turns":4},{"damage":1,"enemies":"Spheric Guardian","floor":22,"turns":3},{"damage":58,"enemies":"Slavers","floor":23,"turns":3}],"seed_played":"7048784984094146103","potions_obtained":[{"floor":2,"key":"Energy Potion"},{"floor":5,"key":"Fire Potion"},{"floor":8,"key":"AttackPotion"},{"floor":11,"key":"Explosive Potion"},{"floor":18,"key":"Fire Potion"},{"floor":21,"key":"ColorlessPotion"},{"floor":21,"key":"SmokeBomb"}],"is_trial":false,"path_per_floor":["M","M","?","T","M","R","M","E","T","$","M","E","R","M","R","B",null,"M","?","?","?","M","E"],"character_chosen":"DEFECT","items_purchased":["Self Repair"],"campfire_rested":2,"item_purchase_floors":[10],"current_hp_per_floor":[76,76,60,60,59,59,51,15,15,15,18,16,40,36,60,36,82,43,43,43,43,48,0,0],"gold":127,"neow_bonus":"TEN_PERCENT_HP_BONUS","is_daily":false,"chose_seed":false,"campfire_upgraded":0,"win_rate":0.0,"timestamp":1610153934,"path_taken":["M","?","?","?","M","R","M","E","T","$","M","E","R","M","R","BOSS","M","?","?","?","M","E"],"items_purchased_type":["Card"],"build_version":"2020-12-22","purchased_purges":1,"victory":false,"max_hp_per_floor":[82,82,82,82,82,82,82,82,82,82,82,82,82,82,82,82,82,82,82,57,57,57,57,57],"card_choices":[{"not_picked":["Stack","Auto Shields"],"picked":"Static Discharge","floor":1},{"not_picked":["Steam Power","Hello World"],"picked":"Beam Cell","floor":2},{"not_picked":["Sunder","Blizzard"],"picked":"Barrage","floor":5},{"not_picked":["Steam","Steam Power"],"picked":"Sweeping Beam","floor":7},{"not_picked":["Skim","Steam"],"picked":"Cold Snap","floor":8},{"not_picked":["Static Discharge","Redo"],"picked":"Coolheaded","floor":11},{"not_picked":["Biased Cognition","Steam"],"picked":"Coolheaded","floor":12},{"not_picked":["Beam Cell","Compile Driver"],"picked":"Genetic Algorithm","floor":13},{"not_picked":["Steam Power","Storm"],"picked":"Beam Cell","floor":14},{"not_picked":["Stack","Compile Driver"],"picked":"Redo","floor":15},{"not_picked":["Rainbow","Creative AI"],"picked":"Echo Form","floor":16},{"not_picked":["Rebound+1","Compile Driver"],"picked":"Go for the Eyes+1","floor":18},{"not_picked":["Hologram","Streamline+1"],"picked":"Stack","floor":22}],"player_experience":41819,"relics_obtained":[{"floor":4,"key":"Juzu Bracelet"},{"floor":8,"key":"Potion Belt"},{"floor":12,"key":"Dream Catcher"}],"event_choices":[{"damage_healed":0,"gold_gain":0,"player_choice":"Entered Light","damage_taken":16,"max_hp_gain":0,"max_hp_loss":0,"event_name":"Shining Light","floor":3,"gold_loss":0,"cards_upgraded":["Zap","Defend_B"]},{"cards_removed":["Strike_B"],"damage_healed":0,"gold_gain":0,"player_choice":"Upgrade and Remove","damage_taken":0,"max_hp_gain":0,"max_hp_loss":0,"event_name":"Designer","floor":19,"gold_loss":90,"cards_upgraded":["Self Repair"]},{"damage_healed":0,"gold_gain":0,"player_choice":"Became a vampire","damage_taken":0,"max_hp_gain":0,"max_hp_loss":25,"event_name":"Vampires","floor":20,"gold_loss":0,"cards_obtained":["Bite","Bite","Bite","Bite","Bite"]},{"damage_healed":0,"gold_gain":0,"player_choice":"Bought 2 Potions","damage_taken":0,"max_hp_gain":0,"max_hp_loss":0,"event_name":"The Woman in Blue","floor":21,"gold_loss":0}],"is_beta":false,"boss_relics":[{"not_picked":["Cursed Key","Runic Dome"],"picked":"SacredBark"}],"items_purged_floors":[10],"is_endless":false,"potions_floor_spawned":[2,5,8,11,18],"killed_by":"Slavers","ascension_level":1}}