{"host":"hwui1o2d2vvxl1xp","time":1610194144,"event":{"mods":["ATMod(阿瑾Mod)","AchievementEnabler","Act Like it!","Alarm Clock","Arknights The Spire","BaseMod","CapriCore","Colored Map","Colored Powertips","Dota2Spire","Gensokyo","Minty Spire (QoL Compilation)","MostiFishMod","Pale of the Ancients","Quick Restart","RumiaBox-露米娅的神秘盒子","Shop Mod","StSLib","TestMod","Waifu the Spire","[功能]功能增强和修复MOD","simple","【功能Mod】混沌之环修复补丁","【功能Mod】聪明的最终Boss","【遗物卡牌】REMEMod","篝火指南"],"gold_per_floor":[110,110,126,126,50,78,78,67,115,146,147,164,93,120,120,225,0,12,29,0,19,19,51,51,85,111,211,226,169,179,209,152,251,251,261,176,176,186,199,199,199,232,232,203,602,532,532,445,405,504,820,929,929,911,873,1081,1014,914,914,1013],"floor_reached":61,"playtime":6979,"items_purged":["ats:Defend","ats:Defend","ats:Strike V","ats:Strike S","ats:Strike C","ats:Revitalization","ats:Defend","ats:Powerful Strike","ats:Armor Crushing Shot","ats:Defend","ats:Strike G"],"score":1991,"play_id":"87e7ca08-d605-48ac-88ec-b95c027816b2","local_time":"20210109200904","is_ascension_mode":true,"campfire_choices":[{"floor":40,"key":"RECALL"}],"circlet_count":0,"master_deck":["ats:Emotion Absorption","REME_MawOfCthun","AT_FamilyPortrait","ats:Ignite+1","ats:Shell Defense","ats:Leaping Hammer","ats:Shell Defense","ats:Revitalization","ats:Ignite","Eruption","ats:Overload","ats:Composite Medical Shells","ats:Apocalypse","ats:Soul Rend","AT_EmpoweredMortalDraw","ats:Rapid Magazine","ats:Sunburst","ats:Song Of Battle","Panache","ats:Charging Defense","ats:Cat Scratch+1","ats:Roar Of Ursus","ats:Thorns","ats:Defend Order","ats:Burning Ground","ats:Counter Healing Mode+1","ats:Healing Strengthening+1","ats:Fractured Body","ats:Burning Ground","ats:Sunburst","ats:Shell Defense","testmod-EternalityOfKhronos+1","ats:Shadow Assault","MostiFishMod:JungleRules","ats:Very Hot Blade","ats:Volcano","testmod-Recap","ats:Healing Drone","ats:Ignite+1","Chrysalis","ats:Sunburst","ats:Wolf Pack","REME_EyeOfCthun","ats:Song Of Battle+1","ats:Rat Pack","ats:Burning Ground","ats:Mental Burst","AT_LightSaberMaster","ats:Thorns","ats:Red Shift","REME_EyeOfCthun","Panacea","ats:Ignite"],"relics":["ats:Sanity","REME_ComplimentaryCards","AT_ATBox","ArrowTower","testmod-ArcanaOfDestiny","SynthV:TestCard","testmod-LifeArmor","MerchantsRug","MagicDraw2","testmod-ConstraintPeriapt","testmod-Register","ats:Originium","Bronze Scales","DaveBox","Jackal-EndForJourney","Matryoshka","REME_HandOfSuture","Mercury Hourglass","HornCleat","Dota2Spire:EyeOfSkadi","testmod-RealStoneCalender","testmod-IWantAll","Dota2Spire:MantaStyle","Dota2Spire:UrnOfShadows","Meat on the Bone","ats:Arts","EctoplasmExtend","PlanX","Blood Vial","Singing Bowl","Dota2Spire:PowerTreads","Oddly Smooth Stone","MoreBug","Dead Branch","Dota2Spire:EchoSabre","Happy Flower","Potion Belt","SynthV:C4","Orichalcum","Strange Spoon","testmod-NegativeEmotionEnhancer","GodSword5","Dota2Spire:ShivaGuard","testmod-Charity","AT_TheCollector","Dota2Spire:CrimsonGuard","Dota2Spire:ShadowBlade","SynthV","GodSword3","CaptainsWheel","Orrery","testmod-IntensifyImprint","TimeFreeze","Question Card","StrikeDummy","testmod-Antiphasic","paleoftheancients:Timepiece","paleoftheancients:KeyRelic","Anchor","CultistMask","testmod-CasingShield","ats:Spiritual Recovery","ats:Support","AT_EbonyIvory","Dota2Spire:Vanguard","paleoftheancients:SoulOfTheBandit","AT_SunfireAegis","DaCapo","Dota2Spire:Dagon","testmod-Nyarlathotep","DollysMirror"],"acts_visited":["Gensokyo:Gensokyo","Gensokyo:Gensokyoer","Gensokyo:Gensokyoest","paleoftheancients:PaleOfTheAncients"],"potions_floor_usage":[18,23,29,30,36,42,56,56,56,56,56],"damage_taken":[{"damage":0.0,"enemies":"Gensokyo:Python","floor":1.0,"turns":2.0},{"damage":0.0,"enemies":"Gensokyo:Gryphon","floor":3.0,"turns":2.0},{"damage":13.0,"enemies":"Gensokyo:Cirno","floor":6.0,"turns":5.0},{"damage":0,"enemies":"Gensokyo:Aya","floor":10,"turns":1},{"damage":0,"enemies":"Gensokyo:3_Fairies","floor":12,"turns":2},{"damage":0,"enemies":"Gensokyo:Cirno","floor":14,"turns":4},{"damage":0,"enemies":"Gensokyo:Kokoro","floor":16,"turns":3},{"damage":0,"enemies":"Gensokyo:AngelMirror","floor":18,"turns":1},{"damage":0,"enemies":"Gensokyo:Chomper","floor":19,"turns":1},{"damage":0,"enemies":"Gensokyo:3_Gloops","floor":21,"turns":2},{"damage":1,"enemies":"Gensokyo:Koishi","floor":23,"turns":2},{"damage":0,"enemies":"Gensokyo:Tenshi","floor":25,"turns":3},{"damage":2,"enemies":"Gensokyo:Tenshi","floor":27,"turns":3},{"damage":5,"enemies":"Gensokyo:Wraith","floor":28,"turns":3},{"damage":0,"enemies":"Gensokyo:Mirror_and_Dog","floor":30,"turns":2},{"damage":1,"enemies":"Gensokyo:Reisen","floor":31,"turns":2},{"damage":6,"enemies":"Gensokyo:Kaguya","floor":33,"turns":4},{"damage":0,"enemies":"Gensokyo:3_Boulders","floor":35,"turns":2},{"damage":0,"enemies":"Gensokyo:AncientGuardian","floor":38,"turns":1},{"damage":0,"enemies":"Gensokyo:Dusk_and_Dawn","floor":39,"turns":1},{"damage":1,"enemies":"Gensokyo:Kasen","floor":42,"turns":2},{"damage":0,"enemies":"Gensokyo:Scarlet_Devils","floor":50,"turns":1},{"damage":0,"enemies":"Gensokyo:Scarlet_Devils","floor":51,"turns":3},{"damage":1,"enemies":"Gensokyo:Scarlet_Devils","floor":52,"turns":4},{"damage":65,"enemies":"Gensokyo:Scarlet_Devils","floor":56,"turns":6},{"damage":0,"enemies":"paleoftheancients:N","floor":60,"turns":2}],"seed_played":"3896337169751115303","potions_obtained":[{"floor":1.0,"key":"SpeedPotion"},{"floor":3.0,"key":"LiquidMemories"},{"floor":6.0,"key":"LiquidMemories"},{"floor":18,"key":"testmod-SpacePotion"},{"floor":23,"key":"Fruit Juice"},{"floor":23,"key":"SteroidPotion"},{"floor":25,"key":"Strength Potion"},{"floor":30,"key":"Dota2Spire:Clarity"},{"floor":31,"key":"Dota2Spire:Clarity"},{"floor":42,"key":"testmod-SpacePotion"},{"floor":42,"key":"SpeedPotion"},{"floor":51,"key":"Strength Potion"},{"floor":56,"key":"ats:Top Emergency Sanity Potion"}],"is_trial":false,"path_per_floor":["M","?","M","?","$","E","?","R","T","E","$","M","$","E","R","B",null,"M","M","?","M","?","E","T","E","T","?","M","R","M","E","R","B",null,"M","$","?","M","M","R","?","E","T","R","?","R","?","$","R","B","M","M","?","$","R","M","R","$","?","B",null],"character_chosen":"DOCTOR_CLASS","items_purchased":["MerchantsRug","Energy Potion","Regen Potion","BlessingOfTheForge","MagicDraw2","testmod-ConstraintPeriapt","testmod-Register","Matryoshka","FairyPotion","SkillPotion","EssenceOfSteel","ats:Overload","ats:Powerful Strike","ats:Composite Medical Shells","ats:Apocalypse","ats:Revitalization","HornCleat","Dota2Spire:EyeOfSkadi","AT_EmpoweredMortalDraw","ats:Rapid Magazine","BlessingOfTheForge","GamblersBrew","testmod-TestPotion","testmod-RealStoneCalender","testmod-IWantAll","ColorlessPotion","EssenceOfSteel","testmod-TimePotion","Dota2Spire:MantaStyle","ats:Song Of Battle","Panache","ats:Charging Defense","Meat on the Bone","ats:Arts","Dexterity Potion","AttackPotion","LiquidMemories","Dota2Spire:EchoSabre","Happy Flower","ats:Top Emergency Sanity Potion","Fruit Juice","Block Potion","ats:Sunburst","ats:Shell Defense","testmod-EternalityOfKhronos","SynthV:C4","Orichalcum","Strange Spoon","Energy Potion","FearPotion","BlessingOfTheForge","MostiFishMod:JungleRules","ats:Very Hot Blade","GodSword5","Dota2Spire:ShivaGuard","testmod-Charity","Fruit Juice","Strength Potion","Fire Potion","testmod-Recap","ats:Healing Drone","Dota2Spire:CrimsonGuard","Dota2Spire:ShadowBlade","SynthV","Chrysalis","SmokeBomb","Weak Potion","AttackPotion","GodSword3","CaptainsWheel","Orrery","testmod-IntensifyImprint","TimeFreeze","Question Card","REME_EyeOfCthun","StrikeDummy","testmod-Antiphasic","testmod-CasingShield","ats:Spiritual Recovery","ats:Support","SneckoOil","Block Potion","ats:Emergency Sanity Potion","AT_EbonyIvory","Dota2Spire:Vanguard","ats:Burning Ground","AT_SunfireAegis","DaCapo","AT_LightSaberMaster","ats:Thorns","ats:Red Shift","AttackPotion","FearPotion","ats:Emergency Sanity Potion","Dota2Spire:Dagon","testmod-Nyarlathotep","DollysMirror","Panacea","ats:Ignite"],"campfire_rested":0,"item_purchase_floors":[5,5,5,5,5,5,5,8,8,8,8,8,8,8,8,11,11,11,11,11,11,11,11,13,13,13,13,13,13,13,13,13,15,15,15,15,15,29,29,29,29,29,29,29,29,32,32,32,32,32,32,32,32,36,36,36,36,36,36,36,36,44,44,44,44,44,44,44,46,46,46,48,48,48,48,49,49,54,54,54,54,54,54,55,55,55,57,57,57,57,57,58,58,58,58,58,58,58,58],"current_hp_per_floor":[72,72,72,58,58,56,56,56,56,56,61,61,61,74,74,77,77,77,77,77,77,77,81,81,82,82,82,77,82,89,89,89,83,89,92,99,99,103,107,107,107,109,109,112,113,117,117,117,117,119,124,127,127,130,130,139,139,139,139,141],"gold":1013,"neow_bonus":"THREE_CARDS","is_daily":false,"chose_seed":false,"campfire_upgraded":0,"win_rate":0.0,"timestamp":1610194144,"path_taken":["M","?","?","?","$","E","?","R","T","E","$","?","$","E","R","BOSS","M","M","?","?","?","E","?","E","T","?","?","R","M","E","R","BOSS","M","$","?","?","M","R","?","E","T","R","?","R","?","?","R","BOSS","M","M","?","$","R","M","R","$","?","BOSS"],"items_purchased_type":["Relic","Potion","Potion","Potion","Relic","Relic","Relic","Relic","Potion","Potion","Potion","Card","Card","Card","Card","Card","Relic","Relic","Card","Card","Potion","Potion","Potion","Relic","Relic","Potion","Potion","Potion","Relic","Card","Card","Card","Relic","Relic","Potion","Potion","Potion","Relic","Relic","Potion","Potion","Potion","Card","Card","Card","Relic","Relic","Relic","Potion","Potion","Potion","Card","Card","Relic","Relic","Relic","Potion","Potion","Potion","Card","Card","Relic","Relic","Relic","Card","Potion","Potion","Potion","Relic","Relic","Relic","Relic","Relic","Relic","Card","Relic","Relic","Relic","Relic","Relic","Potion","Potion","Potion","Relic","Relic","Card","Relic","Relic","Card","Card","Card","Potion","Potion","Potion","Relic","Relic","Relic","Card","Card"],"build_version":"2020-12-22","purchased_purges":11,"victory":true,"max_hp_per_floor":[72,72,72,72,72,72,72,72,72,72,77,77,77,77,77,77,77,77,77,77,77,77,82,82,82,82,82,82,87,89,89,89,89,89,92,99,99,103,107,107,107,109,109,112,113,117,117,117,117,119,124,127,127,130,130,139,139,139,139,141],"card_choices":[{"not_picked":["ats:LN2 Cannon","ats:Consecutive Shot Auto"],"picked":"ats:Ignite","floor":0.0},{"not_picked":["ats:Powerful Strike","ats:Assault Order"],"picked":"ats:Shell Defense","floor":1.0},{"not_picked":["ats:Ignite","ats:Powerful Strike","ats:Apocalypse","ats:Flexible Camouflage"],"picked":"ats:Leaping Hammer","floor":2.0},{"not_picked":["ats:Curse Doll","ats:Consecutive Shot Auto","ats:Explosion Area Strengthen","ats:Collapsing Strike"],"picked":"ats:Shell Defense","floor":2.0},{"not_picked":["ats:Shadow Raid","ats:Poison Spread","ats:Encircling Forest","ats:Rat Pack"],"picked":"ats:Revitalization","floor":3.0},{"not_picked":["ats:Soul Absorption","ats:Flexible Camouflage","ats:Shell Defense","ats:Closed Bolt Burst Fire"],"picked":"ats:Ignite","floor":6.0},{"not_picked":["ats:Leaping Hammer","ats:Shadow Raid","ats:Automatic Cover","ats:Overload"],"picked":"ats:Soul Rend","floor":10},{"not_picked":["ats:Revitalization","ats:Consecutive Shot Auto","ats:Hammer On","ats:Childhood Dance"],"picked":"ats:Sunburst","floor":12},{"not_picked":["ats:Leaping Hammer","ats:Steam Pump","ats:Flame Of Heaven","ats:Ignite"],"picked":"ats:Cat Scratch","floor":14},{"not_picked":["ats:Disruption Kick","ats:Echo Reverb","ats:True Silver Slash","ats:Durian"],"picked":"ats:Roar Of Ursus","floor":16},{"not_picked":["ats:Support Order","ats:Shell Defense+1","ats:Ignite","ats:Powerful Strike"],"picked":"ats:Thorns","floor":18},{"not_picked":["ats:Collapsing Strike+1","ats:Flexible Camouflage+1","ats:Encircling Forest","ats:Revitalization+1","ats:Explosion Area Strengthen"],"picked":"SKIP","floor":19},{"not_picked":["ats:Chain Hook","ats:Curse Doll","ats:Sword Rain+1","ats:Flexible Camouflage"],"picked":"ats:Defend Order","floor":21},{"not_picked":["ats:Beaten Up","ats:Guardian Obelisk","ats:Childhood Dance+1","ats:Flexible Camouflage"],"picked":"ats:Counter Healing Mode+1","floor":23},{"not_picked":["ats:Closed Bolt Burst Fire","ats:Childhood Dance","ats:Poison Spread","ats:Blood Oath"],"picked":"ats:Healing Strengthening+1","floor":25},{"not_picked":["ats:Consecutive Shot Auto","ats:Shell Defense","ats:Curse Doll+1","ats:Powerful Strike"],"picked":"ats:Fractured Body","floor":27},{"not_picked":["ats:Leaping Hammer","ats:Shadow Raid","ats:Apocalypse","ats:Shell Defense"],"picked":"ats:Burning Ground","floor":28},{"not_picked":["ats:Poison Spread","ats:Cat Scratch+1","ats:Hammer On","ats:Curse Doll+1","ats:Explosion Area Strengthen"],"picked":"Singing Bowl","floor":30},{"not_picked":["ats:Revitalization","ats:Hammer On","ats:Charging Defense","ats:Childhood Dance"],"picked":"ats:Shadow Assault","floor":31},{"not_picked":["ats:Durian","ats:Roar Of Ursus","ats:Fractured Body","ats:Dogmatic Field"],"picked":"ats:Volcano","floor":33},{"not_picked":["ats:Cat Scratch","ats:Revitalization","ats:Overload+1","ats:Directed Diagnosis","ats:Leaping Hammer+1"],"picked":"Singing Bowl","floor":35},{"not_picked":["ats:Curse Doll","ats:Assault Order","ats:Shell Defense","ats:Blood Oath","ats:Leaping Hammer"],"picked":"Singing Bowl","floor":38},{"not_picked":["ats:Ignite","ats:Explosion Area Strengthen","ats:Assault Order","ats:Flame Of Heaven+1","ats:Leaping Hammer+1"],"picked":"Singing Bowl","floor":39},{"not_picked":["ats:Disruption Kick","ats:Poison Spread+1","ats:Apocalypse","ats:Volcano"],"picked":"ats:Ignite+1","floor":42},{"not_picked":["ats:Explosion Area Strengthen+1","ats:Rapid Magazine+1","ats:Flexible Camouflage+1","ats:Consecutive Shot Auto+1","ats:Composite Medical Shells"],"picked":"Singing Bowl","floor":46},{"not_picked":["ats:Curse Doll+1","ats:Guardian Obelisk+1","ats:Defend Order","ats:Directed Diagnosis"],"picked":"ats:Sunburst","floor":46},{"not_picked":["ats:Collapsing Strike+1","ats:Rapid Magazine","ats:Apocalypse+1","ats:Cat Scratch+1","ats:Revitalization"],"picked":"Singing Bowl","floor":46},{"not_picked":["ats:Assault Order+1","ats:Revitalization+1","ats:Childhood Dance","ats:Shell Defense"],"picked":"ats:Wolf Pack","floor":46},{"not_picked":["ats:Assault Order","ats:Leaping Hammer","ats:Poison Spread+1","ats:Ignite+1","ats:Apocalypse"],"picked":"ats:Song Of Battle+1","floor":51},{"not_picked":["ats:Childhood Dance","ats:Assault Order","ats:Cat Scratch","ats:Poison Spread","ats:Leaping Hammer"],"picked":"ats:Rat Pack","floor":52},{"not_picked":["ats:Sword Rain","ats:Healing Drone+1","ats:Poison Spread+1","ats:Burning Ground+1","ats:Healing Strengthening+1"],"picked":"ats:Mental Burst","floor":56}],"player_experience":30458,"relics_obtained":[{"floor":1.0,"key":"SynthV:TestCard"},{"floor":6.0,"key":"ats:Originium"},{"floor":6.0,"key":"Bronze Scales"},{"floor":9,"key":"Smiling Mask"},{"floor":9,"key":"REME_HandOfSuture"},{"floor":10,"key":"ats:Originium"},{"floor":10,"key":"Mercury Hourglass"},{"floor":14,"key":"ats:Originium"},{"floor":14,"key":"Dota2Spire:UrnOfShadows"},{"floor":23,"key":"PlanX"},{"floor":24,"key":"Blood Vial"},{"floor":24,"key":"Singing Bowl"},{"floor":25,"key":"Dota2Spire:PowerTreads"},{"floor":26,"key":"Oddly Smooth Stone"},{"floor":27,"key":"MoreBug"},{"floor":27,"key":"Dead Branch"},{"floor":31,"key":"Potion Belt"},{"floor":42,"key":"AT_TheCollector"},{"floor":56,"key":"paleoftheancients:SoulOfTheBandit"}],"event_choices":[{"damage_healed":0.0,"max_hp_gain":0.0,"max_hp_loss":0.0,"gold_gain":0.0,"event_name":"给自己的盒子","player_choice":"Swap Relic","floor":7.0,"relics_lost":["DaveBox"],"gold_loss":0.0,"damage_taken":0.0,"relics_obtained":["DaveBox"]},{"damage_healed":0,"gold_gain":400,"player_choice":"Sell","damage_taken":0,"max_hp_gain":0,"max_hp_loss":0,"event_name":"恩洛斯的盘子","floor":45,"relics_lost":["testmod-TestBox"],"gold_loss":0},{"damage_healed":0,"gold_gain":0,"player_choice":"Upgraded","damage_taken":0,"max_hp_gain":0,"max_hp_loss":0,"event_name":"Upgrade Shrine","floor":53,"gold_loss":0,"cards_upgraded":["testmod-EternalityOfKhronos"]}],"is_beta":false,"boss_relics":[{"not_picked":["testmod-BatchProcessingSystem","GreenFoldingFan"],"picked":"EctoplasmExtend"},{"not_picked":["Pandora\u0027s Box","Calling Bell"],"picked":"testmod-NegativeEmotionEnhancer"}],"items_purged_floors":[5,5,5,8,8,11,13,29,29,29,32],"is_endless":false,"potions_floor_spawned":[1,3,6,10,14,16,16,18,23,23,25,25,25,28,28,30,30,31,35,42,42,51,52,52,56],"ascension_level":2}}