{"host":"whe4vf9w0yuhsr02","time":1610229499,"event":{"mods":["BaseMod","Highlight Path","Lobotomy","LobotomyExtend","Minty Spire (QoL Compilation)","Quick Restart","StSLib"],"gold_per_floor":[117,192,211,211,91,91,105,120,167,147,167,167,193,193,193,193,193],"floor_reached":16,"playtime":1053,"items_purged":[],"score":100,"play_id":"f0591caa-c83c-4eee-bc32-8ac9e69a419a","local_time":"20210109235819","is_ascension_mode":false,"campfire_choices":[],"circlet_count":0,"master_deck":["SpecialBullet","SpecialBullet","SpecialBullet","SpecialBullet","SpecialBullet","SpecialBullet","SpecialBullet","InformationCode","TrainingCode","ControlCode","DaCapo+1","Spore","FairyFestival","Galaxy","LifeForTheDareDevil","WristCuter","SecurityCode","Reverberation","Gaze","OSAHOGD","Penitence"],"relics":["CogitoBucket","LetterFromLob","Juzu Bracelet","Lantern"],"acts_visited":["Exordium"],"potions_floor_usage":[11,13,16],"damage_taken":[{"damage":11,"enemies":"Jaw Worm","floor":1,"turns":2},{"damage":0,"enemies":"Small Slimes","floor":3,"turns":1},{"damage":0,"enemies":"Cultist","floor":7,"turns":2},{"damage":7,"enemies":"Blue Slaver","floor":8,"turns":3},{"damage":12,"enemies":"Lots of Slimes","floor":11,"turns":4},{"damage":50,"enemies":"Lagavulin","floor":13,"turns":4},{"damage":16,"enemies":"Hexaghost","floor":16,"turns":4}],"seed_played":"-2002084784011731473","potions_obtained":[{"floor":3,"key":"Strength Potion"},{"floor":7,"key":"Ancient Potion"},{"floor":10,"key":"DistilledChaos"}],"is_trial":false,"path_per_floor":["M","?","M","?","$","R","M","M","T","?","M","R","E","?","R","B"],"character_chosen":"Angela","items_purchased":["LifeForTheDareDevil","WristCuter"],"campfire_rested":0,"item_purchase_floors":[5,5],"current_hp_per_floor":[59,48,48,48,48,48,48,50,50,50,49,49,9,9,9,0,0],"gold":193,"neow_bonus":"ONE_RANDOM_RARE_CARD","is_daily":false,"chose_seed":false,"campfire_upgraded":0,"win_rate":0.0,"timestamp":1610229499,"path_taken":["M","?","M","?","$","R","M","?","T","?","M","R","E","?","R","BOSS"],"items_purchased_type":["Card","Card"],"build_version":"2020-12-22","purchased_purges":0,"victory":false,"max_hp_per_floor":[70,70,70,70,70,70,70,70,70,70,70,70,70,70,70,70,70],"card_choices":[{"not_picked":["ScreamingWedge"],"picked":"Spore","floor":1},{"not_picked":["CrumblingArmor","Variant"],"picked":"FairyFestival","floor":3},{"not_picked":["Regret_ego","ShedSkin"],"picked":"SKIP","floor":3},{"not_picked":["Regret_ego"],"picked":"Reverberation","floor":7},{"not_picked":["Horn"],"picked":"Gaze","floor":8},{"not_picked":["RedEyes","Pleasure"],"picked":"SKIP","floor":11},{"not_picked":["SnowQueen","Wellcheers"],"picked":"OSAHOGD","floor":13},{"not_picked":["Beak"],"picked":"Penitence","floor":13}],"player_experience":440195,"relics_obtained":[{"floor":1,"key":"LetterFromLob"},{"floor":9,"key":"Juzu Bracelet"},{"floor":13,"key":"Lantern"}],"event_choices":[{"damage_healed":0,"gold_gain":75,"player_choice":"Gather Gold","damage_taken":11,"max_hp_gain":0,"max_hp_loss":0,"event_name":"World of Goop","floor":2,"gold_loss":0},{"damage_healed":0,"gold_gain":0,"cards_transformed":["SpecialBullet"],"player_choice":"Transformed","damage_taken":0,"max_hp_gain":0,"max_hp_loss":0,"event_name":"Transmorgrifier","floor":4,"gold_loss":0,"cards_obtained":["Galaxy"]},{"damage_healed":0,"gold_gain":0,"player_choice":"Bought 1 Potion","damage_taken":0,"max_hp_gain":0,"max_hp_loss":0,"event_name":"The Woman in Blue","floor":10,"gold_loss":0},{"damage_healed":0,"gold_gain":0,"player_choice":"Forge","damage_taken":0,"max_hp_gain":0,"max_hp_loss":0,"event_name":"Accursed Blacksmith","floor":14,"gold_loss":0,"cards_upgraded":["DaCapo"]}],"is_beta":false,"boss_relics":[],"items_purged_floors":[],"is_endless":false,"potions_floor_spawned":[3,7],"killed_by":"Hexaghost","ascension_level":0}}