{"host":"bxn2em57qlx5u4i0","time":1610230706,"event":{"mods":["BaseMod","Colored Map","Colored Powertips","Highlight Path","Minty Spire (QoL Compilation)","Random Character Button","Relic Sorter","Relic Stats","StSLib","SuperFastMode"],"gold_per_floor":[118,118,20,32,43,43,71,71,95,95,95,114,143,14,14,14,14],"floor_reached":16,"playtime":318,"items_purged":["Strike_G"],"score":216,"play_id":"06531f52-a00f-45b0-a0b9-e69d72b53697","local_time":"20210109171826","is_ascension_mode":true,"campfire_choices":[{"data":"Noxious Fumes","floor":6.0,"key":"SMITH"},{"data":"Burst","floor":8.0,"key":"SMITH"},{"data":"Deadly Poison","floor":10.0,"key":"SMITH"},{"data":"Survivor","floor":15.0,"key":"SMITH"}],"circlet_count":0,"master_deck":["AscendersBane","Strike_G","Strike_G","Strike_G","Defend_G","Defend_G","Defend_G","Defend_G","Defend_G","Survivor+1","Neutralize","Deadly Poison+1","Noxious Fumes+1","Poisoned Stab","Burst+1","PiercingWail"],"relics":["Ring of the Snake","TungstenRod","Boot","Snake Skull","Anchor"],"acts_visited":["Exordium"],"potions_floor_usage":[16],"damage_taken":[{"damage":4.0,"enemies":"Jaw Worm","floor":1.0,"turns":7.0},{"damage":2.0,"enemies":"2 Louse","floor":4.0,"turns":3.0},{"damage":2.0,"enemies":"Cultist","floor":5.0,"turns":4.0},{"damage":17.0,"enemies":"Gremlin Nob","floor":7.0,"turns":4.0},{"damage":5.0,"enemies":"Lots of Slimes","floor":12.0,"turns":5.0},{"damage":23.0,"enemies":"3 Sentries","floor":13.0,"turns":7.0},{"damage":35,"enemies":"The Guardian","floor":16,"turns":2}],"seed_played":"-8756132848930867175","potions_obtained":[{"floor":4.0,"key":"Fire Potion"},{"floor":7.0,"key":"GhostInAJar"}],"is_trial":false,"path_per_floor":["M","?","$","M","M","R","E","R","T","R","?","M","E","$","R","B"],"character_chosen":"THE_SILENT","items_purchased":["Noxious Fumes","AttackPotion","SkillPotion"],"campfire_rested":0,"item_purchase_floors":[3,3,14],"current_hp_per_floor":[40,62,62,60,58,58,41,41,41,41,41,36,13,13,13,0,0],"gold":14,"neow_bonus":"ONE_RARE_RELIC","is_daily":false,"chose_seed":false,"campfire_upgraded":4,"win_rate":0.0,"timestamp":1610230706,"path_taken":["M","?","$","M","M","R","E","R","T","R","?","?","E","?","R","BOSS"],"items_purchased_type":["Card","Potion","Potion"],"build_version":"2020-12-22","purchased_purges":1,"victory":false,"max_hp_per_floor":[66,66,66,66,66,66,66,66,66,66,66,66,66,66,66,66,66],"relic_stats":{"counters":[7,32],"Snake Skull":[22],"Boot":[13],"obtain_stats":[{"Anchor":13,"Snake Skull":9,"Boot":7,"TungstenRod":0,"Ring of the Snake":0},{"Anchor":6,"Snake Skull":4,"Boot":4,"TungstenRod":0,"Ring of the Snake":0},{"Anchor":30,"Snake Skull":18,"Boot":18,"TungstenRod":0,"Ring of the Snake":0}],"TungstenRod":13,"Ring of the Snake":[14]},"card_choices":[{"not_picked":["Backflip","Riddle With Holes"],"picked":"Deadly Poison","floor":1.0},{"not_picked":["Backflip","Dash"],"picked":"Poisoned Stab","floor":4.0},{"not_picked":["Prepared","Heel Hook","Sucker Punch"],"picked":"SKIP","floor":5.0},{"not_picked":["Leg Sweep","Sucker Punch"],"picked":"Burst","floor":7.0},{"not_picked":["Cloak And Dagger","Reflex"],"picked":"PiercingWail","floor":12.0},{"not_picked":["Dodge and Roll","Acrobatics","PiercingWail"],"picked":"SKIP","floor":13.0}],"player_experience":2899209,"relics_obtained":[{"floor":7.0,"key":"Boot"},{"floor":9.0,"key":"Snake Skull"},{"floor":13.0,"key":"Anchor"}],"event_choices":[{"damage_healed":22.0,"max_hp_gain":0.0,"max_hp_loss":0.0,"gold_gain":0.0,"event_name":"Big Fish","player_choice":"Banana","floor":2.0,"gold_loss":0.0,"damage_taken":0.0},{"cards_removed":["Strike_G"],"damage_healed":0.0,"max_hp_gain":0.0,"max_hp_loss":0.0,"gold_gain":0.0,"event_name":"Bonfire Elementals","player_choice":"Offered Basic","floor":11.0,"gold_loss":0.0,"damage_taken":0.0}],"is_beta":false,"boss_relics":[],"items_purged_floors":[14],"is_endless":false,"potions_floor_spawned":[4,5,7],"killed_by":"The Guardian","ascension_level":20}}