{"host":"Fun","time":1610151290,"event":{"mods":["BaseMod","Colored Map","Minty Spire (QoL Compilation)","Relic Stats","StSLib"],"gold_per_floor":[17,17,17,37,2,37,52,52,122,153,153,153,189,209,209,330,330,344,173,196,210,20,20,51,51,129,147,147,0,0,15,15,144,144,164,187,202,202,227,227,266,266,266,287,59,59,122,68,68,68],"floor_reached":51,"playtime":2171,"items_purged":[],"score":1067,"play_id":"10a02f6a-670c-4957-8af4-31d3b521be0c","local_time":"20210108191450","is_ascension_mode":true,"campfire_choices":[{"data":"Eruption","floor":8,"key":"SMITH"},{"floor":15,"key":"REST"},{"data":"TalkToTheHand","floor":23,"key":"SMITH"},{"floor":28,"key":"REST"},{"floor":30,"key":"REST"},{"data":"Devotion","floor":32,"key":"SMITH"},{"floor":40,"key":"REST"},{"floor":42,"key":"REST"},{"floor":46,"key":"REST"},{"data":"DevaForm","floor":49,"key":"SMITH"}],"circlet_count":0,"master_deck":["AscendersBane","Strike_P","Defend_P","Defend_P","Eruption+1","Vigilance","Weave","EmptyFist","FearNoEvil","DeceiveReality","TalkToTheHand","MasterReality","Consecrate","ThirdEye","CutThroughFate+1","LikeWater","CutThroughFate","FlyingSleeves","SandsOfTime","TalkToTheHand+1","ThirdEye","Devotion+1","Meditate","DevaForm+1","ClearTheMind+1","Adaptation","Wireheading+1","InnerPeace","Devotion+1","Protect"],"relics":["PureWater","WarpedTongs","Golden Idol","Akabeko","Matryoshka","Art of War","WingedGreaves","Empty Cage","Orrery","Letter Opener","Bag of Marbles","Pear","OrangePellets","SacredBark","Potion Belt","Juzu Bracelet","Toy Ornithopter","Gremlin Horn","DollysMirror","Torii"],"acts_visited":["Exordium","TheCity","TheBeyond"],"potions_floor_usage":[4,7,21,27,33,33,41,47],"damage_taken":[{"damage":1,"enemies":"Small Slimes","floor":1,"turns":3},{"damage":6,"enemies":"2 Louse","floor":4,"turns":3},{"damage":12,"enemies":"Lagavulin","floor":6,"turns":4},{"damage":14,"enemies":"Jaw Worm","floor":7,"turns":2},{"damage":31,"enemies":"Gremlin Nob","floor":10,"turns":3},{"damage":10,"enemies":"3 Sentries","floor":13,"turns":4},{"damage":0,"enemies":"Looter","floor":14,"turns":2},{"damage":12,"enemies":"The Guardian","floor":16,"turns":11},{"damage":0,"enemies":"Chosen","floor":18,"turns":3},{"damage":3,"enemies":"Shell Parasite","floor":20,"turns":5},{"damage":13,"enemies":"Snecko","floor":21,"turns":8},{"damage":35,"enemies":"Slavers","floor":24,"turns":9},{"damage":10,"enemies":"Centurion and Healer","floor":27,"turns":6},{"damage":0,"enemies":"3 Cultists","floor":31,"turns":5},{"damage":26,"enemies":"Collector","floor":33,"turns":7},{"damage":32,"enemies":"3 Darklings","floor":35,"turns":7},{"damage":4,"enemies":"3 Shapes","floor":36,"turns":8},{"damage":0,"enemies":"Maw","floor":37,"turns":7},{"damage":32,"enemies":"Nemesis","floor":41,"turns":9},{"damage":31,"enemies":"Sphere and 2 Shapes","floor":44,"turns":5},{"damage":22,"enemies":"Mind Bloom Boss Battle","floor":47,"turns":10},{"damage":53,"enemies":"Time Eater","floor":50,"turns":11}],"seed_played":"921881211323173485","potions_obtained":[{"floor":1,"key":"GamblersBrew"},{"floor":6,"key":"SpeedPotion"},{"floor":13,"key":"BottledMiracle"},{"floor":16,"key":"GamblersBrew"},{"floor":18,"key":"SkillPotion"},{"floor":24,"key":"Fruit Juice"},{"floor":31,"key":"PowerPotion"},{"floor":37,"key":"Swift Potion"},{"floor":44,"key":"EssenceOfSteel"},{"floor":47,"key":"Ambrosia"}],"is_trial":false,"path_per_floor":["M","?","$","M","?","E","M","R","T","E","?","?","E","M","R","B",null,"M","$","M","M","$","R","E","?","T","M","R","$","R","M","R","B",null,"M","M","M","?","T","R","E","R","T","M","$","R","?","$","R","B",null],"character_chosen":"WATCHER","items_purchased":["ThirdEye","Orrery","TalkToTheHand","ThirdEye","Devotion","OrangePellets","DollysMirror","Regen Potion","Protect"],"campfire_rested":6,"item_purchase_floors":[19,19,22,22,22,29,45,45,48],"current_hp_per_floor":[64,46,46,40,58,46,32,32,32,1,25,25,15,15,36,24,60,60,60,57,44,44,44,9,9,19,9,33,33,57,57,57,36,74,42,38,38,38,38,64,32,58,58,27,27,53,87,87,87,34],"gold":68,"neow_bonus":"REMOVE_TWO","is_daily":false,"chose_seed":false,"campfire_upgraded":4,"win_rate":0.0,"timestamp":1610151290,"path_taken":["M","?","$","M","?","E","M","R","T","E","?","?","E","?","R","BOSS","M","$","M","M","$","R","E","?","T","?","R","$","R","M","R","BOSS","M","M","?","?","?","R","E","R","T","M","$","R","?","$","R","BOSS"],"items_purchased_type":["Card","Relic","Card","Card","Card","Relic","Relic","Potion","Card"],"build_version":"2020-12-18","purchased_purges":0,"victory":true,"max_hp_per_floor":[72,72,72,72,72,72,72,72,72,72,72,72,72,72,72,72,72,72,72,72,72,72,72,72,72,82,82,82,82,82,82,82,87,87,87,87,87,87,87,87,87,87,87,87,87,87,87,87,87,87],"relic_stats":{"OrangePellets":[1],"Gremlin Horn":[2,2],"Torii":7,"counters":[22,132],"Golden Idol":167,"Art of War":[11],"Juzu Bracelet":0,"Letter Opener":[73],"obtain_stats":[{"Potion Belt":39,"Pear":26,"Gremlin Horn":43,"Torii":47,"Golden Idol":2,"SacredBark":34,"Juzu Bracelet":39,"Letter Opener":24,"Empty Cage":17,"Akabeko":6,"WarpedTongs":1,"OrangePellets":29,"Matryoshka":9,"DollysMirror":45,"Orrery":19,"WingedGreaves":13,"Art of War":10,"Bag of Marbles":26,"PureWater":0,"Toy Ornithopter":41},{"Potion Belt":18,"Pear":12,"Gremlin Horn":19,"Torii":21,"Golden Idol":1,"SacredBark":15,"Juzu Bracelet":18,"Letter Opener":12,"Empty Cage":8,"Akabeko":3,"WarpedTongs":1,"OrangePellets":13,"Matryoshka":4,"DollysMirror":20,"Orrery":9,"WingedGreaves":6,"Art of War":5,"Bag of Marbles":12,"PureWater":0,"Toy Ornithopter":19},{"Potion Belt":97,"Pear":57,"Gremlin Horn":106,"Torii":121,"Golden Idol":3,"SacredBark":75,"Juzu Bracelet":97,"Letter Opener":57,"Empty Cage":32,"Akabeko":10,"WarpedTongs":1,"OrangePellets":63,"Matryoshka":12,"DollysMirror":111,"Orrery":35,"WingedGreaves":19,"Art of War":15,"Bag of Marbles":57,"PureWater":0,"Toy Ornithopter":106}],"Toy Ornithopter":5,"WarpedTongs":[131]},"card_choices":[{"not_picked":["FlurryOfBlows","FollowUp"],"picked":"Weave","floor":1},{"not_picked":["Consecrate","Study"],"picked":"EmptyFist","floor":4},{"not_picked":["FlurryOfBlows","Pray"],"picked":"FearNoEvil","floor":6},{"not_picked":["Weave","ClearTheMind"],"picked":"FlurryOfBlows","floor":7},{"not_picked":["Devotion","SignatureMove"],"picked":"DeceiveReality","floor":10},{"not_picked":["PathToVictory","MentalFortress","Vengeance"],"picked":"SKIP","floor":13},{"not_picked":["Sanctity","CutThroughFate"],"picked":"TalkToTheHand","floor":14},{"not_picked":["Vault","Blasphemy"],"picked":"MasterReality","floor":16},{"not_picked":["Crescendo","Indignation"],"picked":"Consecrate","floor":18},{"not_picked":["Consecrate","Conclude+1"],"picked":"CutThroughFate+1","floor":19},{"not_picked":["EmptyBody","Crescendo+1"],"picked":"LikeWater","floor":19},{"not_picked":["FlurryOfBlows","JustLucky"],"picked":"CutThroughFate","floor":19},{"not_picked":["Wish","Fasting2+1"],"picked":"FlyingSleeves","floor":20},{"not_picked":["FollowUp+1","CrushJoints"],"picked":"SandsOfTime","floor":21},{"not_picked":["CutThroughFate","ClearTheMind"],"picked":"Meditate","floor":24},{"not_picked":["FollowUp","ThirdEye","WreathOfFlame"],"picked":"SKIP","floor":27},{"not_picked":["FlyingSleeves","FollowUp","SashWhip"],"picked":"SKIP","floor":31},{"not_picked":["Alpha","Brilliance"],"picked":"DevaForm","floor":33},{"not_picked":["CrushJoints","BowlingBash","SignatureMove+1"],"picked":"SKIP","floor":35},{"not_picked":["PathToVictory","WindmillStrike"],"picked":"ClearTheMind+1","floor":36},{"not_picked":["Crescendo","FlyingSleeves+1"],"picked":"Adaptation","floor":37},{"not_picked":["MasterReality","Study"],"picked":"Wireheading+1","floor":41},{"not_picked":["Meditate","Crescendo"],"picked":"InnerPeace","floor":44}],"player_experience":161127,"relics_obtained":[{"floor":6,"key":"Akabeko"},{"floor":9,"key":"Matryoshka"},{"floor":10,"key":"Art of War"},{"floor":13,"key":"WingedGreaves"},{"floor":24,"key":"Letter Opener"},{"floor":26,"key":"Bag of Marbles"},{"floor":26,"key":"Pear"},{"floor":39,"key":"Potion Belt"},{"floor":39,"key":"Juzu Bracelet"},{"floor":41,"key":"Toy Ornithopter"},{"floor":43,"key":"Gremlin Horn"},{"floor":47,"key":"Torii"}],"event_choices":[{"damage_healed":0,"gold_gain":0,"player_choice":"Take Damage","damage_taken":18,"relics_obtained":["Golden Idol"],"max_hp_gain":0,"max_hp_loss":0,"event_name":"Golden Idol","floor":2,"gold_loss":0},{"damage_healed":18,"gold_gain":0,"player_choice":"Healed","damage_taken":0,"max_hp_gain":0,"max_hp_loss":0,"event_name":"The Cleric","floor":5,"gold_loss":35},{"damage_healed":24,"gold_gain":0,"player_choice":"Banana","damage_taken":0,"max_hp_gain":0,"max_hp_loss":0,"event_name":"Big Fish","floor":11,"gold_loss":0},{"damage_healed":0,"gold_gain":0,"player_choice":"Ignored","damage_taken":0,"max_hp_gain":0,"max_hp_loss":0,"event_name":"Shining Light","floor":12,"gold_loss":0},{"cards_removed":["Strike_P"],"damage_healed":0,"gold_gain":0,"player_choice":"Purged","damage_taken":0,"max_hp_gain":0,"max_hp_loss":0,"event_name":"Purifier","floor":25,"gold_loss":0},{"cards_removed":["FlurryOfBlows"],"damage_healed":0,"gold_gain":0,"player_choice":"Removed Attack","damage_taken":0,"max_hp_gain":0,"max_hp_loss":0,"event_name":"Falling","floor":38,"gold_loss":0},{"damage_healed":0,"gold_gain":0,"player_choice":"Fight","damage_taken":0,"max_hp_gain":0,"max_hp_loss":0,"event_name":"MindBloom","floor":47,"gold_loss":0}],"is_beta":true,"boss_relics":[{"not_picked":["Coffee Dripper","Black Star"],"picked":"Empty Cage"},{"not_picked":["Tiny House","Pandora\u0027s Box"],"picked":"SacredBark"}],"items_purged_floors":[],"is_endless":false,"potions_floor_spawned":[1,6,13,16,18,24,31,37,44,47],"ascension_level":10}}