{"host":"1p0ug38l8q9et435","time":1610223965,"event":{"mods":["AchievementEnabler","BaseMod","Colored Powertips","Downfall","Minty Spire (QoL Compilation)","StSLib","UnlockEverythingMod"],"gold_per_floor":[114,133,149,104,124,149,149,159,232,232,252,13,24,52,52,156,156,121,133,45,61,141,141,167,167,214,214,226,240,240,260,260,260,260],"floor_reached":33,"playtime":2183,"items_purged":[],"score":306,"play_id":"8bffee08-e4f2-46cb-9cea-07a0e0957f53","local_time":"20210109122605","is_ascension_mode":false,"campfire_choices":[{"floor":7,"key":"REST"},{"data":"Eruption","floor":10,"key":"SMITH"},{"data":"Perseverance","floor":15,"key":"SMITH"},{"floor":23,"key":"REST"},{"floor":25,"key":"REST"},{"floor":27,"key":"REST"},{"floor":32,"key":"REST"}],"circlet_count":0,"master_deck":["Strike_P+1","Strike_P+1","Strike_P","Strike_P","Defend_P","Defend_P","Defend_P","Defend_P","Eruption+1","Vigilance","Perseverance+1","DeceiveReality","FlurryOfBlows","FollowUp","FearNoEvil","EmptyFist","MentalFortress","Sanctity+1","Halt+1","Swivel+1","EmptyBody+1","Alpha+1","Evaluate+1","Conclude+1","Blind+1","SashWhip+1","Perseverance+1","Tantrum+1","ReachHeaven+1","ForeignInfluence+1"],"relics":["PureWater","Oddly Smooth Stone","Toxic Egg 2","TheAbacus","Calipers","Sozu","Bottled Flame","Regal Pillow","Whetstone"],"acts_visited":["Exordium","TheCity"],"potions_floor_usage":[6,14,14,18],"damage_taken":[{"damage":0,"enemies":"Cultist","floor":1,"turns":2},{"damage":0,"enemies":"2 Louse","floor":2,"turns":2},{"damage":0,"enemies":"Jaw Worm","floor":3,"turns":3},{"damage":14,"enemies":"Large Slime","floor":5,"turns":11},{"damage":15,"enemies":"Gremlin Nob","floor":6,"turns":4},{"damage":0,"enemies":"Gremlin Gang","floor":8,"turns":4},{"damage":0,"enemies":"Exordium Wildlife","floor":11,"turns":3},{"damage":0,"enemies":"Blue Slaver","floor":13,"turns":4},{"damage":0,"enemies":"Lagavulin","floor":14,"turns":6},{"damage":53,"enemies":"Hexaghost","floor":16,"turns":19},{"damage":0,"enemies":"2 Thieves","floor":18,"turns":5},{"damage":0,"enemies":"Chosen","floor":19,"turns":4},{"damage":10,"enemies":"Snecko","floor":21,"turns":6},{"damage":68,"enemies":"Slavers","floor":24,"turns":6},{"damage":30,"enemies":"Shelled Parasite and Fungi","floor":28,"turns":6},{"damage":34,"enemies":"Snake Plant","floor":29,"turns":2},{"damage":12,"enemies":"Snecko","floor":31,"turns":6},{"damage":95,"enemies":"Champ","floor":33,"turns":7}],"seed_played":"-8729951200567767830","potions_obtained":[{"floor":2,"key":"Swift Potion"},{"floor":6,"key":"hexamod:EctoCoolerPotion"},{"floor":8,"key":"ColorlessPotion"},{"floor":16,"key":"StancePotion"}],"is_trial":false,"path_per_floor":["M","M","M","$","M","E","R","M","T","R","M","$","M","E","R","B",null,"M","M","$","M","T","R","E","R","T","R","M","M","?","M","R","B"],"character_chosen":"WATCHER","items_purchased":["FlurryOfBlows","TheAbacus","Sanctity+1","Halt+1","Blind+1"],"campfire_rested":5,"item_purchase_floors":[4,12,12,12,20],"current_hp_per_floor":[79,79,79,79,65,50,73,73,73,73,73,73,73,73,73,20,79,79,79,79,69,69,79,11,49,49,79,49,15,41,29,67,0,0],"gold":260,"neow_bonus":"TEN_PERCENT_HP_BONUS","is_daily":false,"chose_seed":false,"campfire_upgraded":2,"win_rate":0.0,"timestamp":1610223965,"path_taken":["M","M","M","$","M","E","R","?","T","R","M","?","M","E","R","BOSS","M","M","$","M","?","R","E","R","T","R","M","M","?","M","R","BOSS"],"items_purchased_type":["Card","Relic","Card","Card","Card"],"build_version":"2020-12-22","purchased_purges":0,"victory":false,"max_hp_per_floor":[79,79,79,79,79,79,79,79,79,79,79,79,79,79,79,79,79,79,79,79,79,79,79,79,79,79,79,79,79,79,79,79,79,79],"card_choices":[{"not_picked":["Prostrate","SashWhip"],"picked":"Perseverance","floor":1},{"not_picked":["Conclude","Halt"],"picked":"DeceiveReality","floor":2},{"not_picked":["Perseverance","Fasting2","Protect"],"picked":"SKIP","floor":3},{"not_picked":["Swivel","EmptyBody"],"picked":"FollowUp","floor":5},{"not_picked":["Consecrate","Swivel"],"picked":"FearNoEvil","floor":6},{"not_picked":["Collect","Scrawl"],"picked":"EmptyFist","floor":8},{"not_picked":["Consecrate","FlurryOfBlows"],"picked":"MentalFortress","floor":11},{"not_picked":["Prostrate+1","Halt+1"],"picked":"Swivel+1","floor":13},{"not_picked":["CutThroughFate","WindmillStrike"],"picked":"EmptyBody+1","floor":14},{"not_picked":["Omniscience+1","DeusExMachina+1"],"picked":"Alpha+1","floor":16},{"not_picked":["SandsOfTime","TalkToTheHand"],"picked":"Evaluate+1","floor":18},{"not_picked":["FlyingSleeves","Consecrate"],"picked":"Conclude+1","floor":19},{"not_picked":["Pray+1","EmptyBody+1"],"picked":"SashWhip+1","floor":21},{"not_picked":["EmptyFist","PathToVictory+1"],"picked":"Perseverance+1","floor":24},{"not_picked":["Perseverance+1","WaveOfTheHand+1"],"picked":"Tantrum+1","floor":28},{"not_picked":["DeceiveReality+1","Protect+1"],"picked":"ReachHeaven+1","floor":29},{"not_picked":["CutThroughFate","ClearTheMind+1"],"picked":"ForeignInfluence+1","floor":31}],"player_experience":9812,"relics_obtained":[{"floor":6,"key":"Oddly Smooth Stone"},{"floor":9,"key":"Toxic Egg 2"},{"floor":14,"key":"Calipers"},{"floor":22,"key":"Bottled Flame"},{"floor":24,"key":"Regal Pillow"},{"floor":26,"key":"Whetstone"}],"event_choices":[{"damage_healed":26,"gold_gain":0,"player_choice":"Heal","damage_taken":0,"max_hp_gain":0,"max_hp_loss":0,"event_name":"The Library","floor":30,"gold_loss":0}],"is_beta":false,"boss_relics":[{"not_picked":["Coffee Dripper","Velvet Choker"],"picked":"Sozu"}],"items_purged_floors":[],"is_endless":false,"potions_floor_spawned":[2,6,8,16,18,24,29,31],"killed_by":"Champ","ascension_level":0}}