{"host":"s6mlqkqtr3ey2mm2","time":1610156737,"event":{"mods":["2.2 Compatiblity","AchievementEnabler","Aspiration","BaseMod","Beaked The Cultist","Better Note","Better Vampires","BetterRewards","Challenge The Spire","Colored Map","Colored Powertips","Conspire","Curses Come First","Downfall","Emptier Cage","Energized Spire","GifTheSpireLib","GungeonMod","Halation","Hermit","Hubris","Infinite Spire","Ironclad Rager","Magitek Elite","Marked Mod","Minty Spire (QoL Compilation)","Quick Restart","RatMod","Replay The Spire","Retaliation","Robot Space Explorer","Shade Mod","Somnambulant","Spicy Shops","StSLib","Stuff the Spire","The Blue Laboratory","The Druid","The IronCluck","The Necromancer","The Valiant","vexMod"],"gold_per_floor":[99,113,128,128,1,55,55,18,18,46,5,16,16,46,56,158,158,8,8,25,25,25,25,25,25,36,55,79,79,96,109,119,119,119],"floor_reached":33,"playtime":3464,"items_purged":["sneckomod:Defend"],"score":309,"play_id":"9892a67c-e175-4720-a626-dfd576cd01b3","local_time":"20210108204537","is_ascension_mode":false,"campfire_choices":[{"floor":1.0,"key":"RECALL"},{"data":"sneckomod:CheapStock","floor":18,"key":"SMITH"},{"data":"Guardian:DecasProtection","floor":23,"key":"SMITH"},{"data":"sneckomod:Unknown3Cost","floor":25,"key":"SMITH"}],"circlet_count":0,"master_deck":["sneckomod:Strike","sneckomod:Strike","sneckomod:Strike","sneckomod:Defend","sneckomod:Defend","sneckomod:TailWhip","sneckomod:SnekBite","sneckomod:Unknown","sneckomod:Unknown","sneckomod:UnknownCommonSkill","sneckomod:DiceBlock","sneckomod:UnknownClassHUNTRESS","sneckomod:CheapStock+1","sneckomod:UnknownWeak","sneckomod:UnknownEthereal","sneckomod:UnknownCommonSkill","sneckomod:UnknownWeak","sneckomod:UnknownCommonAttack+1","sneckomod:IronFang+1","sneckomod:UnknownCommonAttack+1","sneckomod:UnknownVulnerable","sneckomod:UnknownClassWHITE+1","sneckomod:Unknown3Cost+1","Guardian:DecasProtection+1","sneckomod:RainOfDice+1","Writhe","sneckomod:RainOfDice+1","sneckomod:SlitherStrike+1","sneckomod:UnknownClassGUARDIAN","sneckomod:UnknownClassSLIMEBOUND","sneckomod:Nope+1","sneckomod:MorePower"],"relics":["sneckomod:SneckoSoul","hubris:Icosahedron","Molten Egg 2","Bird Faced Urn","hubris:Towel","hubris:OldNail","Philosopher\u0027s Stone","downfall:HeartBlessingRed","downfall:HeartBlessingBlue","Anchor","sneckomod:ConfusingCodex","Huge Egg"],"acts_visited":["Exordium","TheCity"],"potions_floor_usage":[16,26,30,32],"damage_taken":[{"damage":7.0,"enemies":"Small Slimes","floor":2.0,"turns":4.0},{"damage":4.0,"enemies":"conspire:RoseBush","floor":3.0,"turns":2.0},{"damage":0.0,"enemies":"downfall:FleeingMerchant","floor":5.0,"turns":4.0},{"damage":10.0,"enemies":"2 Louse","floor":8.0,"turns":4.0},{"damage":7.0,"enemies":"Replay:BlueRogue","floor":10.0,"turns":8.0},{"damage":15.0,"enemies":"downfall:FleeingMerchant","floor":11.0,"turns":4.0},{"damage":8.0,"enemies":"Blue Slaver","floor":12.0,"turns":3.0},{"damage":22.0,"enemies":"3 Sentries","floor":14.0,"turns":7.0},{"damage":0.0,"enemies":"Large Slime","floor":15.0,"turns":2.0},{"damage":35,"enemies":"downfall:Silent","floor":16,"turns":8},{"damage":22,"enemies":"Chosen","floor":20,"turns":5},{"damage":12,"enemies":"conspire:FuzzyDice","floor":26,"turns":5},{"damage":40,"enemies":"Snecko","floor":27,"turns":5},{"damage":0,"enemies":"Shelled Parasite and Fungi","floor":28,"turns":6},{"damage":23,"enemies":"Snake Plant","floor":30,"turns":4},{"damage":13,"enemies":"conspire:HollyBat","floor":31,"turns":6},{"damage":16,"enemies":"Centurion and Healer","floor":32,"turns":4},{"damage":95,"enemies":"downfall:Ironclad","floor":33,"turns":7}],"seed_played":"3165636470804720930","potions_obtained":[{"floor":3.0,"key":"sneckomod:DiceRollPotion"},{"floor":6.0,"key":"LifebloodPotion"},{"floor":10.0,"key":"blueLaboratory:HorrorPotion"},{"floor":12.0,"key":"sneckomod:DiceRollPotion"},{"floor":15.0,"key":"Regen Potion"},{"floor":26,"key":"blueLaboratory:Moonshine"},{"floor":28,"key":"blueLaboratory:Moonshine"},{"floor":30,"key":"SteroidPotion"},{"floor":32,"key":"Guardian:BlockOnCardUsePotion"}],"is_trial":false,"path_per_floor":["R_BF","M","M","?","$","?","T","M","?","E","$","M","?","E","M","B",null,"R","?","M","?","?","R","T","R","M","M","M","T","M","M","M","B"],"character_chosen":"THE_SNECKO","items_purchased":["sneckomod:CheapStock","sneckomod:UnknownCommonAttack+1"],"campfire_rested":0,"item_purchase_floors":[5,11],"current_hp_per_floor":[99,93,89,89,90,66,66,57,72,66,55,47,47,28,31,22,110,120,120,102,102,114,114,114,114,106,98,112,112,94,89,75,0,0],"gold":119,"neow_bonus":"TEN_PERCENT_HP_BONUS","is_daily":false,"chose_seed":false,"campfire_upgraded":3,"win_rate":0.0,"timestamp":1610156737,"path_taken":["R_BF","M","M","?","$","?","T","M","?","E","?","?","?","E","M","BOSS","R","?","M","?","?","R","T","R","M","M","M","?","M","?","M","BOSS"],"items_purchased_type":["Card","Card"],"build_version":"2020-12-22","purchased_purges":1,"victory":false,"max_hp_per_floor":[99,100,100,100,101,102,102,103,103,104,106,106,106,107,108,110,110,120,120,120,120,120,120,120,120,120,120,121,121,122,122,122,122,122],"card_choices":[{"not_picked":["sneckomod:SoulRoll","sneckomod:QuickBite"],"picked":"sneckomod:UnknownCommonSkill","floor":2.0},{"not_picked":["sneckomod:MasterEye","sneckomod:QuickBite"],"picked":"sneckomod:DiceBlock","floor":3.0},{"not_picked":["sneckomod:UnknownUncommonSkill","sneckomod:QuickBite"],"picked":"sneckomod:UnknownClassHUNTRESS","floor":5.0},{"not_picked":["sneckomod:SoulCleanse","sneckomod:UnknownBlock"],"picked":"sneckomod:UnknownWeak","floor":6.0},{"not_picked":["sneckomod:DefensiveFlair","sneckomod:UnknownClassROBOT_ORANGE_COLOR"],"picked":"sneckomod:UnknownEthereal","floor":8.0},{"not_picked":["sneckomod:UnknownWeak","sneckomod:SoulExchange"],"picked":"sneckomod:UnknownCommonSkill","floor":10.0},{"not_picked":["sneckomod:SoulRoll","sneckomod:UnlimitedRolls"],"picked":"sneckomod:UnknownWeak","floor":11.0},{"not_picked":["sneckomod:UnknownBlock","sneckomod:Nope"],"picked":"sneckomod:IronFang+1","floor":12.0},{"not_picked":["sneckomod:UnknownClassRED","sneckomod:DiceBlock"],"picked":"sneckomod:UnknownCommonAttack+1","floor":14.0},{"not_picked":["sneckomod:UnknownBlock","sneckomod:QuickBite+1"],"picked":"sneckomod:UnknownVulnerable","floor":15.0},{"not_picked":["sneckomod:UnknownClassHoly+1","sneckomod:UnknownClassTHE_CHAMP_GRAY+1"],"picked":"sneckomod:UnknownClassWHITE+1","floor":16},{"not_picked":["sneckomod:SoulExchange","sneckomod:DangerNoodle+1"],"picked":"sneckomod:Unknown3Cost","floor":16},{"not_picked":["sneckomod:UnknownClassGREEN","sneckomod:UnknownWeak"],"picked":"sneckomod:RainOfDice+1","floor":20},{"not_picked":["sneckomod:DiceBlock","sneckomod:UnknownClassSHADE_COLOR"],"picked":"sneckomod:RainOfDice+1","floor":26},{"not_picked":["sneckomod:SoulRoll","sneckomod:QuickMove"],"picked":"sneckomod:SlitherStrike+1","floor":27},{"not_picked":["sneckomod:UnknownClassDEFAULT_GRAY_COLOR","sneckomod:UnknownX"],"picked":"sneckomod:UnknownClassGUARDIAN","floor":28},{"not_picked":["sneckomod:SoulDraw+1","sneckomod:UnknownVulnerable"],"picked":"sneckomod:UnknownClassSLIMEBOUND","floor":30},{"not_picked":["sneckomod:UnknownClassHEXA_GHOST_PURPLE+1","sneckomod:IronFang+1"],"picked":"sneckomod:Nope+1","floor":31},{"not_picked":["sneckomod:UnknownClassHUNTRESS+1","sneckomod:DiceCrush+1"],"picked":"sneckomod:MorePower","floor":32}],"player_experience":61095,"relics_obtained":[{"floor":6.0,"key":"Molten Egg 2"},{"floor":10.0,"key":"Bird Faced Urn"},{"floor":14.0,"key":"hubris:OldNail"},{"floor":24,"key":"sneckomod:ConfusingCodex"},{"floor":29,"key":"Huge Egg"}],"event_choices":[{"cards_removed":["sneckomod:IronFang"],"damage_healed":0,"gold_gain":0,"player_choice":"Take \u0026 Give","damage_taken":0,"max_hp_gain":0,"max_hp_loss":0,"event_name":"betterNote:BetterNote","floor":19,"gold_loss":0,"cards_obtained":["Guardian:DecasProtection"]}],"is_beta":false,"boss_relics":[{"not_picked":["SacredBark","halation:Prosthetics"],"picked":"Philosopher\u0027s Stone"}],"items_purged_floors":[5],"is_endless":false,"potions_floor_spawned":[3,10,12,15,26,28,30,32],"killed_by":"downfall:Ironclad","ascension_level":0}}