{"host":"4rvakrj1idbgia3f","time":1610155516,"event":{"mods":["BaseMod","Colored Map","Colored Powertips","DeckTracker","Highlight Path","Minty Spire (QoL Compilation)","Random Character Button","StSLib"],"gold_per_floor":[18,18,29,42,42,42,76,76,100,119,119,137,164,5,5,82,82,101,101,117,117,132,132,148,148,148],"floor_reached":25,"playtime":1357,"items_purged":["Strike_P"],"score":476,"play_id":"772e1d0b-e356-41c4-83bb-36f9aa9562fd","local_time":"20210109102516","is_ascension_mode":true,"campfire_choices":[{"data":"BowlingBash","floor":6.0,"key":"SMITH"},{"data":"Eruption","floor":8.0,"key":"SMITH"},{"data":"LikeWater","floor":15.0,"key":"SMITH"},{"data":"LikeWater","floor":23,"key":"SMITH"}],"circlet_count":0,"master_deck":["AscendersBane","Eruption+1","Vigilance+1","BowlingBash+1","Study","ClearTheMind","Protect","FlurryOfBlows","LikeWater+1","Vengeance","CutThroughFate","LikeWater+1","Omniscience","CutThroughFate","ThirdEye+1","Writhe","EmptyBody"],"relics":["PureWater","War Paint","Orichalcum","TungstenRod","Empty Cage","Happy Flower"],"acts_visited":["Exordium","TheCity"],"potions_floor_usage":[18,25],"damage_taken":[{"damage":0.0,"enemies":"Small Slimes","floor":1.0,"turns":2.0},{"damage":3.0,"enemies":"Cultist","floor":3.0,"turns":4.0},{"damage":2.0,"enemies":"Jaw Worm","floor":4.0,"turns":3.0},{"damage":15.0,"enemies":"3 Sentries","floor":7.0,"turns":4.0},{"damage":9.0,"enemies":"Red Slaver","floor":10.0,"turns":4.0},{"damage":0.0,"enemies":"Large Slime","floor":12.0,"turns":3.0},{"damage":0.0,"enemies":"Lagavulin","floor":13.0,"turns":3.0},{"damage":36.0,"enemies":"Hexaghost","floor":16.0,"turns":10.0},{"damage":2,"enemies":"3 Byrds","floor":18,"turns":4},{"damage":0,"enemies":"Spheric Guardian","floor":20,"turns":4},{"damage":0,"enemies":"Centurion and Healer","floor":22,"turns":5},{"damage":0,"enemies":"Snake Plant","floor":24,"turns":4},{"damage":72,"enemies":"Slavers","floor":25,"turns":5}],"seed_played":"-9150316126720123162","potions_obtained":[{"floor":3.0,"key":"Swift Potion"},{"floor":7.0,"key":"Fruit Juice"},{"floor":12.0,"key":"SteroidPotion"},{"floor":16.0,"key":"Explosive Potion"},{"floor":22,"key":"Dexterity Potion"},{"floor":24,"key":"Regen Potion"}],"is_trial":false,"path_per_floor":["M","?","M","M","$","R","E","R","T","M","?","M","E","$","R","B",null,"M","?","M","?","M","R","M","E"],"character_chosen":"WATCHER","items_purchased":["LikeWater"],"campfire_rested":0,"item_purchase_floors":[14],"current_hp_per_floor":[61,61,58,56,56,56,41,41,41,37,37,37,37,37,37,1,55,53,53,53,53,53,53,53,0,0],"gold":148,"neow_bonus":"REMOVE_TWO","is_daily":false,"chose_seed":false,"campfire_upgraded":4,"win_rate":0.0,"timestamp":1610155516,"path_taken":["M","?","M","M","$","R","E","R","T","?","?","?","E","$","R","BOSS","M","?","M","?","?","R","M","E"],"items_purchased_type":["Card"],"build_version":"2020-12-22","purchased_purges":1,"victory":false,"max_hp_per_floor":[68,68,68,68,68,68,68,68,68,73,73,73,73,73,73,73,73,73,73,73,73,73,73,73,73,73],"card_choices":[{"not_picked":["BattleHymn","Conclude"],"picked":"BowlingBash","floor":1.0},{"not_picked":["Protect","Crescendo"],"picked":"Study","floor":3.0},{"not_picked":["Protect","BowlingBash"],"picked":"ClearTheMind","floor":4.0},{"not_picked":["Weave","CrushJoints"],"picked":"Protect","floor":7.0},{"not_picked":["Study","FollowUp"],"picked":"FlurryOfBlows","floor":10.0},{"not_picked":["Consecrate","Devotion"],"picked":"Vengeance","floor":12.0},{"not_picked":["CarveReality","Crescendo"],"picked":"CutThroughFate","floor":13.0},{"not_picked":["Brilliance","ConjureBlade"],"picked":"Omniscience","floor":16.0},{"not_picked":["Conclude","Consecrate"],"picked":"CutThroughFate","floor":18},{"not_picked":["Fasting2","FlyingSleeves"],"picked":"ThirdEye+1","floor":20},{"not_picked":["FearNoEvil","CutThroughFate"],"picked":"EmptyBody","floor":22},{"not_picked":["Prostrate","SashWhip+1","BowlingBash"],"picked":"SKIP","floor":24}],"player_experience":1971601,"relics_obtained":[{"floor":7.0,"key":"War Paint"},{"floor":9.0,"key":"Orichalcum"},{"floor":13.0,"key":"TungstenRod"}],"event_choices":[{"cards_removed":["Strike_P"],"damage_healed":0.0,"max_hp_gain":0.0,"max_hp_loss":0.0,"gold_gain":0.0,"event_name":"Purifier","player_choice":"Purged","floor":2.0,"gold_loss":0.0,"damage_taken":0.0},{"damage_healed":0.0,"max_hp_gain":0.0,"max_hp_loss":0.0,"gold_gain":0.0,"cards_transformed":["Defend_P"],"event_name":"Transmorgrifier","player_choice":"Transformed","floor":11.0,"gold_loss":0.0,"damage_taken":0.0,"cards_obtained":["LikeWater"]},{"cards_removed":["Defend_P"],"damage_healed":0,"gold_gain":0,"player_choice":"Elegance","damage_taken":0,"max_hp_gain":0,"max_hp_loss":0,"event_name":"Back to Basics","floor":19,"gold_loss":0},{"damage_healed":0,"gold_gain":0,"player_choice":"Opened","damage_taken":0,"relics_obtained":["Happy Flower"],"max_hp_gain":0,"max_hp_loss":0,"event_name":"The Mausoleum","floor":21,"gold_loss":0,"cards_obtained":["Writhe"]}],"is_beta":false,"boss_relics":[{"not_picked":["HolyWater","Cursed Key"],"picked":"Empty Cage"}],"items_purged_floors":[14],"is_endless":false,"potions_floor_spawned":[3,7,12,16,22,24],"killed_by":"Slavers","ascension_level":20}}