{"host":"dvpvhz1t6etneyb3","time":1610164023,"event":{"mods":["AchievementEnabler","BaseMod","Colored Map","Highlight Path","Minty Spire (QoL Compilation)","Permanent Neow","Quick Restart"],"gold_per_floor":[118,118,9,27,44,44,44,44,44,74,89,29,29,60,60,132,132,148,165,21,36,36,36,69,69,69,119,148,13,43,58,58,135,135,154,33,43,21,21,21,40,71,71,82,92,92,106,140,140,140,140],"floor_reached":52,"playtime":4005,"items_purged":["Strike_G","Strike_G"],"score":2181,"play_id":"ed007730-dd0a-4fe2-90e9-e84b2ca4d99c","local_time":"20210108224703","is_ascension_mode":true,"campfire_choices":[{"data":"Skewer","floor":6.0,"key":"SMITH"},{"data":"Poisoned Stab","floor":8.0,"key":"SMITH"},{"floor":13.0,"key":"REST"},{"data":"Well Laid Plans","floor":15.0,"key":"SMITH"},{"data":"Noxious Fumes","floor":23.0,"key":"SMITH"},{"floor":25.0,"key":"REST"},{"data":"Noxious Fumes","floor":32.0,"key":"SMITH"},{"data":"Noxious Fumes","floor":40,"key":"SMITH"},{"floor":49,"key":"REST"}],"circlet_count":0,"master_deck":["AscendersBane","Strike_G","Strike_G","Defend_G","Defend_G","Defend_G","Defend_G","Defend_G","Survivor","Neutralize","Poisoned Stab+1","Flying Knee","Skewer+1","Deadly Poison","Malaise+1","Backflip+1","Well Laid Plans+1","Adrenaline+1","PiercingWail+1","Escape Plan+1","Deadly Poison+1","Noxious Fumes+1","Backflip+1","Ghostly+1","Ghostly+1","Ghostly+1","Leg Sweep+1","Noxious Fumes+1","Bullet Time+1","Noxious Fumes+1","PiercingWail+1","Prepared+1","Doppelganger+1","Injury","Backflip+1","Bouncing Flask+1"],"relics":["SlaversCollar","HornCleat","Toxic Egg 2","The Courier","Bag of Marbles","Philosopher\u0027s Stone","Nunchaku","Meat on the Bone","Orichalcum","Lee\u0027s Waffle","Ninja Scroll","Cursed Key","Bag of Preparation","TungstenRod","MealTicket"],"acts_visited":["Exordium","TheCity","TheBeyond"],"potions_floor_usage":[50,51],"damage_taken":[{"damage":2.0,"enemies":"Jaw Worm","floor":1.0,"turns":8.0},{"damage":0.0,"enemies":"Small Slimes","floor":4.0,"turns":4.0},{"damage":1.0,"enemies":"2 Louse","floor":5.0,"turns":2.0},{"damage":9.0,"enemies":"Lagavulin","floor":10.0,"turns":6.0},{"damage":11.0,"enemies":"Lots of Slimes","floor":11.0,"turns":5.0},{"damage":13.0,"enemies":"Gremlin Nob","floor":14.0,"turns":4.0},{"damage":0.0,"enemies":"The Guardian","floor":16.0,"turns":9.0},{"damage":1.0,"enemies":"Chosen","floor":18.0,"turns":5.0},{"damage":6.0,"enemies":"Spheric Guardian","floor":19.0,"turns":6.0},{"damage":1.0,"enemies":"Cultist and Chosen","floor":21.0,"turns":5.0},{"damage":19.0,"enemies":"Gremlin Leader","floor":24.0,"turns":7.0},{"damage":3.0,"enemies":"Book of Stabbing","floor":28.0,"turns":6.0},{"damage":5.0,"enemies":"Slavers","floor":30.0,"turns":8.0},{"damage":0.0,"enemies":"Snecko","floor":31.0,"turns":4.0},{"damage":0.0,"enemies":"Automaton","floor":33.0,"turns":11.0},{"damage":2.0,"enemies":"3 Darklings","floor":35.0,"turns":6.0},{"damage":0.0,"enemies":"3 Shapes","floor":37.0,"turns":5.0},{"damage":0,"enemies":"3 Darklings","floor":41,"turns":7},{"damage":17,"enemies":"Giant Head","floor":42,"turns":9},{"damage":34,"enemies":"Transient","floor":44,"turns":6},{"damage":0,"enemies":"4 Shapes","floor":45,"turns":5},{"damage":0,"enemies":"Writhing Mass","floor":47,"turns":8},{"damage":0,"enemies":"Nemesis","floor":48,"turns":7},{"damage":10,"enemies":"Awakened One","floor":50,"turns":16},{"damage":6,"enemies":"Donu and Deca","floor":51,"turns":9}],"seed_played":"-6905762949859856394","potions_obtained":[{"floor":1.0,"key":"BlessingOfTheForge"},{"floor":14.0,"key":"Ancient Potion"},{"floor":16.0,"key":"LiquidMemories"},{"floor":24.0,"key":"FearPotion"},{"floor":30.0,"key":"FairyPotion"},{"floor":41,"key":"BlessingOfTheForge"},{"floor":44,"key":"Ancient Potion"},{"floor":47,"key":"CultistPotion"}],"is_trial":false,"path_per_floor":["M","?","$","M","M","R","?","R","T","E","M","$","R","E","R","B",null,"M","M","$","M","?","R","E","R","T","?","E","$","E","M","R","B",null,"M","$","M","$","T","R","M","E","T","M","M","?","M","E","R","B","B",null],"character_chosen":"THE_SILENT","items_purchased":["Flying Knee","Dexterity Potion","Well Laid Plans","Deadly Poison+1","Noxious Fumes","Lee\u0027s Waffle","PiercingWail+1","Prepared+1"],"campfire_rested":3,"item_purchase_floors":[3,3,12,20,20,29,36,38],"current_hp_per_floor":[57,50,50,50,49,49,44,44,44,35,24,24,43,30,30,30,57,56,50,50,49,33,33,14,23,23,23,20,40,35,35,35,35,39,37,37,37,37,37,37,37,32,32,24,24,24,24,24,36,26,32],"gold":140,"neow_bonus":"BOSS_RELIC","is_daily":false,"chose_seed":false,"campfire_upgraded":6,"win_rate":0.0,"timestamp":1610164023,"path_taken":["M","?","$","M","M","R","?","R","T","E","M","?","R","E","R","BOSS","M","M","$","M","?","R","E","R","T","?","E","$","E","M","R","BOSS","M","?","M","$","?","R","M","E","T","M","M","?","?","E","R","BOSS","BOSS"],"items_purchased_type":["Card","Potion","Card","Card","Card","Relic","Card","Card"],"build_version":"2020-12-22","purchased_purges":2,"victory":true,"max_hp_per_floor":[66,66,66,66,66,66,66,66,66,66,66,66,66,66,66,66,66,66,66,66,66,33,33,33,33,33,33,33,40,40,40,40,40,40,40,40,40,40,40,40,40,40,40,40,40,40,40,40,40,40,40],"card_choices":[{"not_picked":["Bouncing Flask","Deadly Poison"],"picked":"Poisoned Stab","floor":1.0},{"not_picked":["Caltrops","PiercingWail"],"picked":"Skewer","floor":4.0},{"not_picked":["Quick Slash","Blur"],"picked":"Deadly Poison","floor":5.0},{"not_picked":["Sucker Punch","Choke"],"picked":"Malaise+1","floor":10.0},{"not_picked":["Blade Dance+1","Outmaneuver+1"],"picked":"Backflip+1","floor":11.0},{"not_picked":["Sucker Punch","Choke","Finisher"],"picked":"SKIP","floor":14.0},{"not_picked":["Unload","Tools of the Trade"],"picked":"Adrenaline+1","floor":16.0},{"not_picked":["Flying Knee","Prepared+1"],"picked":"PiercingWail+1","floor":18.0},{"not_picked":["Blade Dance+1","Well Laid Plans"],"picked":"Escape Plan+1","floor":19.0},{"not_picked":["Underhanded Strike","PiercingWail+1"],"picked":"Backflip+1","floor":21.0},{"not_picked":["Skewer","Quick Slash+1","Backstab+1"],"picked":"SKIP","floor":24.0},{"not_picked":["Backflip+1","Expertise+1"],"picked":"Leg Sweep+1","floor":28.0},{"not_picked":["Dagger Throw","After Image"],"picked":"Noxious Fumes","floor":30.0},{"not_picked":["Quick Slash","Backstab","Dagger Spray"],"picked":"SKIP","floor":31.0},{"not_picked":["Grand Finale","Doppelganger+1"],"picked":"Bullet Time+1","floor":33.0},{"not_picked":["Noxious Fumes","Infinite Blades","Distraction+1"],"picked":"SKIP","floor":35.0},{"not_picked":["Infinite Blades","Distraction+1"],"picked":"Noxious Fumes","floor":35.0},{"not_picked":["Infinite Blades+1","Slice","Quick Slash+1"],"picked":"SKIP","floor":37.0},{"not_picked":["Setup+1","Slice","Sucker Punch"],"picked":"SKIP","floor":41},{"not_picked":["Dagger Throw","Deflect+1"],"picked":"Doppelganger+1","floor":42},{"not_picked":["Terror+1","Eviscerate","Dagger Throw"],"picked":"SKIP","floor":44},{"not_picked":["Flying Knee+1","Deadly Poison+1"],"picked":"Backflip+1","floor":45},{"not_picked":["Heel Hook","Poisoned Stab"],"picked":"Bouncing Flask+1","floor":47},{"not_picked":["Bane","Quick Slash","Dagger Throw"],"picked":"SKIP","floor":48}],"player_experience":2026185,"relics_obtained":[{"floor":9.0,"key":"Toxic Egg 2"},{"floor":10.0,"key":"The Courier"},{"floor":14.0,"key":"Bag of Marbles"},{"floor":24.0,"key":"Nunchaku"},{"floor":26.0,"key":"Meat on the Bone"},{"floor":28.0,"key":"Orichalcum"},{"floor":30.0,"key":"Ninja Scroll"},{"floor":42,"key":"Bag of Preparation"},{"floor":43,"key":"TungstenRod"},{"floor":48,"key":"MealTicket"}],"event_choices":[{"cards_removed":["Strike_G"],"damage_healed":0.0,"max_hp_gain":0.0,"max_hp_loss":0.0,"gold_gain":0.0,"event_name":"Golden Wing","player_choice":"Card Removal","floor":2.0,"gold_loss":0.0,"damage_taken":7.0},{"damage_healed":0.0,"max_hp_gain":0.0,"max_hp_loss":0.0,"gold_gain":0.0,"event_name":"Scrap Ooze","player_choice":"Success","floor":7.0,"gold_loss":0.0,"damage_taken":5.0,"relics_obtained":["HornCleat"]},{"damage_healed":0.0,"max_hp_gain":0.0,"max_hp_loss":33.0,"gold_gain":0.0,"event_name":"Ghosts","player_choice":"Became a Ghost","floor":22.0,"gold_loss":0.0,"damage_taken":0.0,"cards_obtained":["Ghostly","Ghostly","Ghostly"]},{"damage_healed":0.0,"max_hp_gain":0.0,"max_hp_loss":0.0,"gold_gain":50.0,"event_name":"Golden Shrine","player_choice":"Pray","floor":27.0,"gold_loss":0.0,"damage_taken":0.0},{"damage_healed":0,"gold_gain":0,"player_choice":"Ignored","damage_taken":0,"max_hp_gain":0,"max_hp_loss":0,"event_name":"SecretPortal","floor":46,"gold_loss":0}],"is_beta":false,"boss_relics":[{"not_picked":["Runic Pyramid","Snecko Eye"],"picked":"Philosopher\u0027s Stone"},{"not_picked":["Black Star","Astrolabe"],"picked":"Cursed Key"}],"items_purged_floors":[20,36],"is_endless":false,"potions_floor_spawned":[1,14,16,24,30,41,44,45,47],"ascension_level":20}}