{"host":"l84l8xigz5v5foa2","time":1610168252,"event":{"mods":["2.2 Compatiblity","AchievementEnabler","BaseMod","Better Note","Better Vampires","Card Filter","Colored Map","DeckTracker","Downfall","Gremlin Skip","Highlight Path","Keyboard Shortcuts","Minty Spire (QoL Compilation)","Permanent Neow","Quick Restart","Relic Filter","Relic Stats","StSLib","SuperFastMode","Transform Curses","Unknown Chances"],"gold_per_floor":[349,359,359,379,379,379,379,391,391,144,174,174,174,185,201,278,278,278,290,390,12,32,32,32,32,66,66,66,66,66],"floor_reached":28,"playtime":1353,"items_purged":["Guardian:Strike_Guardian"],"score":618,"play_id":"4b415b2f-abfa-47c8-a514-5de811493a86","local_time":"20210109135732","is_ascension_mode":true,"campfire_choices":[{"data":"Guardian:CurlUp","floor":1.0,"key":"SMITH"},{"data":"Guardian:MultiBeam","floor":9.0,"key":"SMITH"},{"data":"Guardian:TwinSlam","floor":13.0,"key":"SMITH"},{"data":"Guardian:Recover","floor":18.0,"key":"SMITH"},{"data":"Guardian:PiercingHide","floor":25.0,"key":"SMITH"},{"data":"Guardian:PolyBeam","floor":27.0,"key":"SMITH"}],"circlet_count":0,"master_deck":["AscendersBane","Guardian:Defend_Guardian","Guardian:Defend_Guardian","Guardian:Defend_Guardian","Guardian:Defend_Guardian","Guardian:CurlUp+1","Guardian:TwinSlam+1","Guardian:MultiBeam+1","Guardian:ArmoredProtocol+1","Guardian:FuturePlans+1","Guardian:MultiBeam+1","Guardian:Recover+1","Guardian:PrimingBeam","Guardian:GemFinder+1","Guardian:PrismaticBeam","Guardian:Reroute","Guardian:PiercingHide+1","Guardian:PolyBeam+1"],"relics":["Guardian:ModeShifter","Question Card","Question Card","Question Card","Question Card","Question Card","Question Card","Frozen Egg 2","DollysMirror","WingedGreaves","SlaversCollar","downfall:GremlinWheel","Singing Bowl","Question Card"],"acts_visited":["TheCity"],"potions_floor_usage":[28,28],"damage_taken":[{"damage":3.0,"enemies":"Jaw Worm","floor":2.0,"turns":6.0},{"damage":7.0,"enemies":"Small Slimes","floor":4.0,"turns":3.0},{"damage":1.0,"enemies":"Cultist","floor":8.0,"turns":4.0},{"damage":0.0,"enemies":"downfall:FleeingMerchant","floor":10.0,"turns":4.0},{"damage":0.0,"enemies":"Gremlin Nob","floor":11.0,"turns":3.0},{"damage":4.0,"enemies":"Gremlin Gang","floor":14.0,"turns":3.0},{"damage":0.0,"enemies":"3 Louse","floor":15.0,"turns":1.0},{"damage":0.0,"enemies":"downfall:Silent","floor":16.0,"turns":8.0},{"damage":0.0,"enemies":"Spheric Guardian","floor":19.0,"turns":5.0},{"damage":22.0,"enemies":"Spheric Guardian","floor":20.0,"turns":4.0},{"damage":6.0,"enemies":"downfall:FleeingMerchant","floor":21.0,"turns":4.0},{"damage":20.0,"enemies":"3 Byrds","floor":22.0,"turns":4.0},{"damage":33.0,"enemies":"Gremlin Leader","floor":26.0,"turns":5.0},{"damage":13,"enemies":"Snake Plant","floor":28,"turns":2}],"seed_played":"-910903998877288385","potions_obtained":[{"floor":4.0,"key":"SkillPotion"},{"floor":8.0,"key":"SteroidPotion"},{"floor":11.0,"key":"Guardian:DefensiveModePotion"},{"floor":15.0,"key":"Guardian:AcceleratePotion"},{"floor":19.0,"key":"Explosive Potion"},{"floor":22.0,"key":"FairyPotion"},{"floor":26.0,"key":"DuplicationPotion"}],"is_trial":false,"path_per_floor":["R","M","?","M","?","?","T","M","R","$","E","?","R","M","M","B",null,"R","M","?","$","M","?","T","R","E","R","M"],"character_chosen":"GUARDIAN","items_purchased":["DollysMirror","Singing Bowl","Guardian:Reroute","Guardian:PiercingHide"],"campfire_rested":0,"item_purchase_floors":[10,21,21,21],"current_hp_per_floor":[65,62,62,55,60,60,60,59,59,59,59,59,59,55,55,55,66,66,66,44,38,18,18,18,18,12,12,0,0,0],"gold":66,"neow_bonus":"TWO_FIFTY_GOLD","is_daily":false,"chose_seed":false,"campfire_upgraded":6,"win_rate":0.0,"timestamp":1610168252,"path_taken":["R","M","?","M","?","?","T","M","R","$","E","?","R","?","M","BOSS","R","M","?","$","?","?","T","R","E","R","M"],"items_purchased_type":["Relic","Relic","Card","Card"],"build_version":"2020-12-22","purchased_purges":1,"victory":false,"max_hp_per_floor":[65,65,65,65,70,70,70,70,70,70,70,70,70,70,70,70,70,70,70,70,70,70,70,70,70,72,72,72,72,72],"relic_stats":{"Singing Bowl":2,"counters":[14,56],"Question Card":102,"obtain_stats":[{"SlaversCollar":17,"downfall:GremlinWheel":20,"Singing Bowl":21,"DollysMirror":10,"Guardian:ModeShifter":0,"WingedGreaves":11,"Frozen Egg 2":7,"Question Card":0},{"SlaversCollar":8,"downfall:GremlinWheel":10,"Singing Bowl":11,"DollysMirror":4,"Guardian:ModeShifter":0,"WingedGreaves":5,"Frozen Egg 2":2,"Question Card":0},{"SlaversCollar":32,"downfall:GremlinWheel":41,"Singing Bowl":45,"DollysMirror":17,"Guardian:ModeShifter":0,"WingedGreaves":20,"Frozen Egg 2":9,"Question Card":0}]},"card_choices":[{"not_picked":["Guardian:ChargeCore","Guardian:Gem_Cyan","Guardian:Repulse","Guardian:RefractedBeam","Guardian:VentSteam","Guardian:WalkerClaw","Guardian:Suspension","Guardian:Clone"],"picked":"Guardian:MultiBeam","floor":2.0},{"not_picked":["Guardian:VentSteam","Guardian:TemporalShield","Guardian:Planning","Guardian:PrismaticBeam","Guardian:CrystalBeam","Guardian:EvasiveProtocol","Guardian:Suspension","Guardian:TemporalStrike"],"picked":"Guardian:Gem_Red","floor":4.0},{"not_picked":["Guardian:RollAttack","Guardian:SpikerProtocol+1","Guardian:DonusPower","Guardian:Recover","Guardian:WalkerClaw","Guardian:Planning","Guardian:AncientConstruct+1","Guardian:Gem_Cyan"],"picked":"Guardian:ArmoredProtocol+1","floor":8.0},{"not_picked":["Guardian:Gem_Cyan","Guardian:FierceBash","Guardian:Preprogram","Guardian:RollAttack","Guardian:PrismaticBarrier","Guardian:Gem_Blue","Guardian:ExploitGems","Guardian:CrystalBeam"],"picked":"Guardian:FuturePlans+1","floor":10.0},{"not_picked":["Guardian:VentSteam","Guardian:CrystalBeam","Guardian:BronzeOrb","Guardian:Gem_Purple","Guardian:Gem_Yellow","Guardian:Incinerate","Guardian:Orbwalk+1","Guardian:DonusPower"],"picked":"Guardian:Gem_Cyan","floor":11.0},{"not_picked":["Guardian:Gem_Crimson","Guardian:CrystalBeam","Guardian:Repulse+1","Guardian:Suspension","Guardian:Gem_Yellow","Guardian:TemporalShield","Guardian:VentSteam","Guardian:ChargeUp"],"picked":"Guardian:Recover","floor":14.0},{"not_picked":["Guardian:Planning","Guardian:Gem_Red","Guardian:Gem_Cyan","Guardian:Emergency","Guardian:PrismaticBarrier","Guardian:EvasiveProtocol+1","Guardian:VentSteam","Guardian:CrystalBeam"],"picked":"Guardian:PrimingBeam","floor":15.0},{"not_picked":["Guardian:FastForward","Guardian:CompilePackage","Guardian:BaubleBeam","Guardian:Gem_Orange","Guardian:ExploitGems","Guardian:StasisField","Guardian:FierceBash","Guardian:GatlingBeam"],"picked":"Guardian:GemFinder+1","floor":16.0},{"not_picked":["Guardian:Reroute","Guardian:WalkerClaw","Guardian:CompilePackage","Guardian:DecasProtection","Guardian:ShieldSpikes","Guardian:Gem_Cyan","Guardian:PrimingBeam","Guardian:Suspension"],"picked":"Guardian:PrismaticBeam","floor":19.0},{"not_picked":["Guardian:Gem_Green","Guardian:Gem_Lightblue"],"picked":"Guardian:Gem_Red","floor":19.0},{"not_picked":["Guardian:GuardianWhirl","Guardian:Incinerate","Guardian:PiercingHide","Guardian:WalkerClaw","Guardian:Planning","Guardian:ChargeUp","Guardian:Gem_Green","Guardian:CrystalBeam"],"picked":"Guardian:Gem_White","floor":21.0},{"not_picked":["Guardian:PiercingHide","Guardian:Orbwalk+1","Guardian:Reroute","Guardian:Gem_Green","Guardian:VentSteam","Guardian:GatlingBeam","Guardian:TimeCapacitor+1","Guardian:PrimingBeam"],"picked":"Guardian:Gem_Purple","floor":22.0},{"not_picked":["Guardian:Gem_Lightblue","Guardian:Gem_Red"],"picked":"Guardian:Gem_Cyan","floor":22.0},{"not_picked":["Guardian:Gem_Red","Guardian:Gem_Lightblue","Guardian:Gem_Green"],"picked":"Singing Bowl","floor":26.0},{"not_picked":["Guardian:Reroute+1","Guardian:PrimingBeam","Guardian:MultiBeam","Guardian:Suspension","Guardian:ShieldCharger","Guardian:TimeSifter+1","Guardian:Gem_Crimson","Guardian:WalkerClaw+1"],"picked":"Guardian:PolyBeam","floor":26.0}],"player_experience":3014415,"relics_obtained":[{"floor":7.0,"key":"Frozen Egg 2"},{"floor":11.0,"key":"WingedGreaves"},{"floor":20.0,"key":"downfall:GremlinWheel"},{"floor":26.0,"key":"Question Card"}],"event_choices":[{"damage_healed":0.0,"max_hp_gain":5.0,"max_hp_loss":0.0,"gold_gain":0.0,"event_name":"Big Fish","player_choice":"Donut","floor":5.0,"gold_loss":0.0,"damage_taken":0.0},{"cards_removed":["Guardian:Strike_Guardian"],"damage_healed":0.0,"max_hp_gain":0.0,"max_hp_loss":0.0,"gold_gain":0.0,"event_name":"The Cleric","player_choice":"Card Removal","floor":6.0,"gold_loss":0.0,"damage_taken":0.0},{"cards_removed":["Guardian:Strike_Guardian"],"damage_healed":0.0,"max_hp_gain":0.0,"max_hp_loss":0.0,"gold_gain":0.0,"event_name":"Wheel of Change","player_choice":"Card Removal","floor":27.0,"gold_loss":0.0,"damage_taken":0.0}],"is_beta":false,"boss_relics":[{"not_picked":["Fusion Hammer","Calling Bell"],"picked":"SlaversCollar"}],"items_purged_floors":[10],"is_endless":false,"potions_floor_spawned":[4,8,11,15,19,22,26],"killed_by":"Snake Plant","ascension_level":20}}