{"host":"gyphjc57tbbk9zp6","time":1610171360,"event":{"mods":["Act Like it!","BaseMod","Downfall","Elementarium","Friendly Minions","FruityMod","Gensokyo","Gremlin Skip","Hallownest","Hermit","Highlight Path","Hubris","Hyrulean Relics","Infinite Spire","Ironclad Rager","Jorbs\u0027s Wanderer Trilogy","KinomotoSakuraMod(????)","Kiyohime????","Koishi","Luminous","Mad Scientist","Marisa????????","Mimic Mod","Minty Spire (QoL Compilation)","Nova Terra(??·??)","Pale of the Ancients","Potionbrewer","Shedinja","StSLib","SuperFastMode","Td1madao Mod","The Administrix","The Alterego","The Blackbeard","The Bladedancer","The Bug Knight","The Construct","The Disciple","The Druid","The Elementalist","The Exalted","The Factory","The Hayseed","The Hierophant","The Judge","The Juggle","The Jungle","The Mystic","The Poker Player","The Senshi","The Servant 0.9.4","The Trickster","The Vixen","The Wild Card","TheHero","TheSwordswoman","TheVelvet","Yuyuko"],"gold_per_floor":[99,110,110,110,126,137,217,242,254,98,41,41,70,70,390,486,486,411,423,435,435,435,485,485,87,100,128,13,40,40,58,73,73,73,73],"floor_reached":33,"playtime":3816,"items_purged":["champ:Strike","champ:Strike"],"score":295,"play_id":"94a646bd-b6b5-4dab-b768-04272c723173","local_time":"20210108234920","is_ascension_mode":false,"campfire_choices":[{"data":"champ:Taunt","floor":1,"key":"SMITH"},{"data":"champ:PreciseThrust","floor":12,"key":"SMITH"},{"floor":18,"key":"RECALL"},{"data":"Apotheosis","floor":30,"key":"SMITH"}],"circlet_count":0,"master_deck":["champ:Strike","champ:Strike","champ:Defend","champ:Defend","champ:Defend","champ:Defend","champ:Execute","champ:Taunt+1","champ:GladiatorStyle","champ:GladiatorsShout","champ:BladeFlurry","champ:PreciseThrust+1","champ:ArenaPreparation","champ:IronFortress","champ:HeavySlash","champ:IronFortress","Apotheosis+1","champ:StanceDance","champ:CheapShot"],"relics":["champ:ChampionCrown","Gensokyo:PortableGap","Bromod:ArcaneAwakening","Blue Candle","infinitespire:PuzzleCube","Lizard Tail","Juzu Bracelet","Runic Pyramid","downfall:HeartBlessingGreen","hubris:Icosahedron","potionbrewer:Keyblade","Tiny Chest","infinitespire:Lychee Nut","Ornamental Fan"],"acts_visited":["Gensokyo:Gensokyo","TheCity"],"potions_floor_usage":[13,20,27,29,29,33,33],"damage_taken":[{"damage":23,"enemies":"Gensokyo:2_Kodama","floor":2,"turns":4},{"damage":9,"enemies":"Gensokyo:Gryphon","floor":5,"turns":3},{"damage":14,"enemies":"Gensokyo:Python","floor":6,"turns":4},{"damage":44,"enemies":"Gensokyo:Aya","floor":8,"turns":6},{"damage":28,"enemies":"Gensokyo:LivingMonolith","floor":9,"turns":4},{"damage":41,"enemies":"Gensokyo:Mamizou","floor":13,"turns":10},{"damage":15,"enemies":"Gensokyo:Gryphon_and_Rabbit","floor":15,"turns":6},{"damage":40,"enemies":"downfall:Watcher","floor":16,"turns":12},{"damage":36,"enemies":"Spheric Guardian","floor":19,"turns":6},{"damage":24,"enemies":"Chosen","floor":20,"turns":5},{"damage":5,"enemies":"downfall:FleeingMerchant","floor":25,"turns":4},{"damage":17,"enemies":"Snake Plant","floor":26,"turns":4},{"damage":40,"enemies":"Gremlin Leader","floor":27,"turns":7},{"damage":14,"enemies":"downfall:FleeingMerchant","floor":28,"turns":4},{"damage":27,"enemies":"Book of Stabbing","floor":29,"turns":7},{"damage":10,"enemies":"3 Cultists","floor":31,"turns":6},{"damage":5,"enemies":"Centurion and Healer","floor":32,"turns":6},{"damage":53,"enemies":"downfall:Silent","floor":33,"turns":7}],"seed_played":"6317784695613875266","potions_obtained":[{"floor":5,"key":"PowerPotion"},{"floor":6,"key":"BlessingOfTheForge"},{"floor":13,"key":"CultistPotion"},{"floor":16,"key":"SkillPotion"},{"floor":19,"key":"AttackPotion"},{"floor":27,"key":"Explosive Potion"},{"floor":29,"key":"Block Potion"},{"floor":31,"key":"Weak Potion"}],"is_trial":false,"path_per_floor":["R","M","?","?","M","M","T","E","M","?","COS","R","E","?","M","B",null,"R","M","M","?","?","?","T","$","M","E","$","E","R","M","M","B"],"character_chosen":"THE_CHAMP","items_purchased":["potionbrewer:Keyblade","Tiny Chest"],"campfire_rested":0,"item_purchase_floors":[25,25],"current_hp_per_floor":[99,86,86,71,67,64,64,30,12,90,90,90,82,64,54,29,90,90,59,53,53,53,53,53,53,41,19,21,38,38,39,45,0,0,0],"gold":73,"neow_bonus":"TEN_PERCENT_HP_BONUS","is_daily":false,"chose_seed":false,"campfire_upgraded":3,"win_rate":0.0,"timestamp":1610171360,"path_taken":["R","M","?","?","M","M","T","E","?","?","COS","R","E","?","M","BOSS","R","M","M","?","?","?","T","?","M","E","$","E","R","M","M","BOSS"],"items_purchased_type":["Relic","Relic"],"build_version":"2020-12-22","purchased_purges":2,"victory":false,"max_hp_per_floor":[99,99,90,90,90,90,90,90,90,90,90,90,90,90,90,90,90,90,90,90,90,90,90,90,90,90,67,67,67,67,67,67,67,67,67],"card_choices":[{"not_picked":["champ:BringItOn","champ:GladiatorsShout"],"picked":"champ:GladiatorStyle","floor":2},{"not_picked":["champ:BladeFlurry","champ:FanOfKnives"],"picked":"champ:GladiatorsShout","floor":5},{"not_picked":["champ:Duel","champ:TornadoPunch"],"picked":"champ:BladeFlurry","floor":6},{"not_picked":["champ:CrookedStrike","champ:FalseCounter"],"picked":"champ:PreciseThrust","floor":8},{"not_picked":["champ:FightOn","champ:ShieldWall"],"picked":"champ:ArenaPreparation","floor":9},{"not_picked":["champ:Encircle","champ:CrookedStrike"],"picked":"champ:IronFortress","floor":13},{"not_picked":["champ:DefensiveShout","champ:GladiatorsShout","champ:AdrenalArmor"],"picked":"SKIP","floor":15},{"not_picked":["champ:LastStand","champ:CheapShot"],"picked":"champ:HeavySlash","floor":16},{"not_picked":["champ:FlashCut","champ:BladeFlurry"],"picked":"champ:IronFortress","floor":19},{"not_picked":["champ:FalseCounter+1","champ:DefensiveShout","champ:BladeFlurry"],"picked":"SKIP","floor":20},{"not_picked":["champ:HeavySlash","champ:TornadoPunch","champ:FlashCut"],"picked":"SKIP","floor":25},{"not_picked":["champ:DeathBlow","champ:FlashCut"],"picked":"champ:StanceDance","floor":26},{"not_picked":["champ:FalseCounter","champ:Lariat","champ:GladiatorsShout+1"],"picked":"SKIP","floor":27},{"not_picked":["champ:StanceDance","champ:PerfectedStrike","champ:FlashCut"],"picked":"SKIP","floor":28},{"not_picked":["champ:PerfectedStrike","champ:EnGarde","champ:DefensiveShout"],"picked":"SKIP","floor":29},{"not_picked":["champ:EnGarde","champ:ViciousMockery","champ:Encircle"],"picked":"SKIP","floor":31},{"not_picked":["champ:RisingSlash","champ:Haymaker"],"picked":"champ:CheapShot","floor":32}],"player_experience":1035561,"relics_obtained":[{"floor":7,"key":"Bromod:ArcaneAwakening"},{"floor":8,"key":"Blue Candle"},{"floor":13,"key":"infinitespire:PuzzleCube"},{"floor":27,"key":"infinitespire:Lychee Nut"},{"floor":29,"key":"Ornamental Fan"}],"event_choices":[],"is_beta":false,"boss_relics":[{"not_picked":["Fusion Hammer","hubris:VirtuousBlindfold"],"picked":"Runic Pyramid"}],"items_purged_floors":[25,28],"is_endless":false,"potions_floor_spawned":[5,6,13,16,19,27,29,31],"killed_by":"downfall:Silent","ascension_level":0}}