{"host":"csap8gk29nkluet0","time":1610218501,"event":{"mods":["BaseMod","Minty Spire (QoL Compilation)","StSLib","The Servant 0.9.4","Waifu the Spire"],"gold_per_floor":[112,127,77,88,163,197,197,210,210,210,225,225,251,266,266,392,392,382,307,328,168,168,168,187,13,13,54,79,79,79,102,102,233,233,254,254,254,317,317,317,357,372,421,2,25,46,46,70,70,70,70,70,18,62,62],"floor_reached":56,"playtime":5755,"items_purged":["Defend_S","Defend_S","Strike_S"],"score":1222,"play_id":"29f8aef8-79dc-4614-bda5-7428f6878003","local_time":"20210110025501","is_ascension_mode":false,"campfire_choices":[{"floor":10.0,"key":"REST"},{"floor":12.0,"key":"REST"},{"floor":15.0,"key":"REST"},{"data":"WasteNot","floor":23.0,"key":"SMITH"},{"floor":29.0,"key":"REST"},{"floor":32.0,"key":"RECALL"},{"data":"Strike_S","floor":40.0,"key":"PURGE"},{"data":"Strike_S","floor":49.0,"key":"PURGE"},{"data":"StarChef","floor":52.0,"key":"SMITH"}],"circlet_count":0,"master_deck":["KidneyShot+1","Exchange","WasteNot+1","Rearm","GearUp","GearUp","StarChef+1","KillingDoll","TimeWarp+1","Foresight","SilverBlades","Defy","SurpressingFire","TimeWarp+1","Dilation","DualDimension","BottledTime","Potential+1","DualDimension+1","Madness","Madness","Advance"],"relics":["Uniform","Omamori","Golden Idol","Potion Belt","Calling Bell","Bag of Preparation","HornCleat","Unceasing Top","Juzu Bracelet","Matryoshka","Calipers","MysterySword","Peace Pipe","Strawberry","Anchor","Whetstone","Boot","Sling","Blue Candle"],"acts_visited":["Exordium","TheCity","TheBeyond","TheEnding"],"potions_floor_usage":[54,55,55],"damage_taken":[{"damage":7.0,"enemies":"Jaw Worm","floor":1.0,"turns":5.0},{"damage":3.0,"enemies":"2 Louse","floor":2.0,"turns":3.0},{"damage":4.0,"enemies":"Small Slimes","floor":4.0,"turns":4.0},{"damage":34.0,"enemies":"Gremlin Nob","floor":6.0,"turns":6.0},{"damage":3.0,"enemies":"Exordium Wildlife","floor":8.0,"turns":6.0},{"damage":11.0,"enemies":"Exordium Thugs","floor":11.0,"turns":8.0},{"damage":8.0,"enemies":"3 Louse","floor":14.0,"turns":6.0},{"damage":15.0,"enemies":"The Guardian","floor":16.0,"turns":27.0},{"damage":10.0,"enemies":"2 Thieves","floor":18.0,"turns":4.0},{"damage":14.0,"enemies":"Spheric Guardian","floor":20.0,"turns":7.0},{"damage":33.0,"enemies":"Cultist and Chosen","floor":24.0,"turns":5.0},{"damage":18.0,"enemies":"Gremlin Leader","floor":27.0,"turns":8.0},{"damage":5.0,"enemies":"Shelled Parasite and Fungi","floor":28.0,"turns":11.0},{"damage":0.0,"enemies":"Sentry and Sphere","floor":31.0,"turns":4.0},{"damage":17.0,"enemies":"Collector","floor":33.0,"turns":9.0},{"damage":3.0,"enemies":"Orb Walker","floor":35.0,"turns":4.0},{"damage":0.0,"enemies":"Mind Bloom Boss Battle","floor":38.0,"turns":9.0},{"damage":0.0,"enemies":"Giant Head","floor":41.0,"turns":12.0},{"damage":4.0,"enemies":"3 Darklings","floor":42.0,"turns":8.0},{"damage":0.0,"enemies":"Maw","floor":45.0,"turns":6.0},{"damage":21.0,"enemies":"Sphere and 2 Shapes","floor":46.0,"turns":5.0},{"damage":0.0,"enemies":"Writhing Mass","floor":48.0,"turns":5.0},{"damage":34.0,"enemies":"Time Eater","floor":50.0,"turns":7.0},{"damage":41,"enemies":"Shield and Spear","floor":54,"turns":6},{"damage":0,"enemies":"The Heart","floor":55,"turns":7}],"seed_played":"7331162135113057261","potions_obtained":[{"floor":1.0,"key":"Ancient Potion"},{"floor":8.0,"key":"Energy Potion"},{"floor":11.0,"key":"Fruit Juice"},{"floor":14.0,"key":"SkillPotion"},{"floor":20.0,"key":"CultistPotion"},{"floor":22.0,"key":"DistilledChaos"},{"floor":22.0,"key":"FairyPotion"},{"floor":22.0,"key":"Swift Potion"},{"floor":24.0,"key":"GamblersBrew"},{"floor":27.0,"key":"Dexterity Potion"},{"floor":28.0,"key":"Strength Potion"},{"floor":35.0,"key":"Explosive Potion"},{"floor":41.0,"key":"EssenceOfSteel"},{"floor":46.0,"key":"FearPotion"},{"floor":48.0,"key":"SpeedPotion"}],"is_trial":false,"path_per_floor":["M","M","?","M","?","E","?","M","T","R","M","R","T","M","R","B",null,"M","?","M","$","?","R","M","$","T","E","M","R","?","M","R","B",null,"M","?","?","?","?","R","E","M","T","$","M","M","?","M","R","B",null,"R","$","E","B",null],"character_chosen":"THE_SERVANT","items_purchased":["SilverBlades","BlessingOfTheForge","SurpressingFire","Boot","Sling","Weak Potion"],"campfire_rested":4,"item_purchase_floors":[21,21,25,44,44,53],"current_hp_per_floor":[58,55,55,51,40,6,6,3,3,22,11,30,30,22,41,26,65,55,55,41,41,46,46,13,13,13,21,16,37,37,37,37,20,70,67,67,67,67,67,67,74,70,70,70,70,49,39,39,39,5,77,77,77,36,36],"gold":62,"neow_bonus":"THREE_CARDS","is_daily":false,"chose_seed":false,"campfire_upgraded":2,"win_rate":0.0,"timestamp":1610218501,"path_taken":["M","M","?","M","?","E","?","?","T","R","M","R","?","M","R","BOSS","M","?","M","$","?","R","M","$","T","E","M","R","?","M","R","BOSS","M","?","?","?","?","R","E","M","T","$","M","M","?","M","R","BOSS","R","$","E","BOSS"],"items_purchased_type":["Card","Potion","Card","Relic","Relic","Potion"],"build_version":"2020-12-22","purchased_purges":3,"victory":true,"max_hp_per_floor":[65,65,65,65,65,65,65,65,65,65,65,65,65,65,65,65,65,65,65,65,65,70,70,70,70,70,70,70,70,70,70,70,70,70,70,70,70,70,70,70,77,77,77,77,77,77,77,77,77,77,77,77,77,77,77],"card_choices":[{"not_picked":["Defy","Snipe"],"picked":"WasteNot","floor":0.0},{"not_picked":["Collapse","Misdirection"],"picked":"ShatteredReality","floor":1.0},{"not_picked":["Snipe","BottledTime"],"picked":"Rearm","floor":2.0},{"not_picked":["ShatteredReality","FloweringNight","Replace"],"picked":"SKIP","floor":4.0},{"not_picked":["Advance","InstantArmor"],"picked":"GearUp","floor":6.0},{"not_picked":["ShatteredReality","FastForward","Replace"],"picked":"SKIP","floor":8.0},{"not_picked":["Unruled","DoubleEdge","GearUp"],"picked":"SKIP","floor":11.0},{"not_picked":["Unruled","DoubleEdge"],"picked":"GearUp","floor":11.0},{"not_picked":["Revamp","Replace"],"picked":"StarChef","floor":14.0},{"not_picked":["FloweringNight","Deny"],"picked":"KillingDoll","floor":16.0},{"not_picked":["Misdirection","Starlight+1"],"picked":"TimeWarp","floor":18.0},{"not_picked":["TimeWarp","Moonlight+1"],"picked":"Foresight","floor":20.0},{"not_picked":["Rewind","Deny"],"picked":"Defy","floor":24.0},{"not_picked":["Advance","Collapse","ShatteredReality+1"],"picked":"SKIP","floor":27.0},{"not_picked":["FastForward+1","Unruled+1","TimeWarp"],"picked":"SKIP","floor":28.0},{"not_picked":["ShatteredReality","DoubleEdge","TimeWarp+1"],"picked":"SKIP","floor":31.0},{"not_picked":["ShatteredReality","DoubleEdge"],"picked":"TimeWarp+1","floor":31.0},{"not_picked":["PendulumOfEternity","SoulSculpture"],"picked":"Dilation","floor":33.0},{"not_picked":["Desolation+1","SpecialFormula+1"],"picked":"DualDimension","floor":35.0},{"not_picked":["ShatteredReality","Potential"],"picked":"BottledTime","floor":41.0},{"not_picked":["TimeWarp+1","FastForward+1"],"picked":"Potential+1","floor":42.0},{"not_picked":["Replace","Revamp","Starlight"],"picked":"SKIP","floor":45.0},{"not_picked":["Replace","Revamp","Starlight"],"picked":"SKIP","floor":45.0},{"not_picked":["GearUp+1","Potential+1"],"picked":"DualDimension+1","floor":46.0},{"not_picked":["Spin+1","Solidify","SurpressingFire"],"picked":"SKIP","floor":48.0},{"not_picked":["Starlight+1","ShatteredReality"],"picked":"Advance","floor":54}],"player_experience":121210,"relics_obtained":[{"floor":6.0,"key":"Omamori"},{"floor":13.0,"key":"Potion Belt"},{"floor":17.0,"key":"Bag of Preparation"},{"floor":17.0,"key":"HornCleat"},{"floor":17.0,"key":"Unceasing Top"},{"floor":26.0,"key":"Juzu Bracelet"},{"floor":27.0,"key":"Matryoshka"},{"floor":38.0,"key":"Peace Pipe"},{"floor":41.0,"key":"Strawberry"},{"floor":43.0,"key":"Anchor"},{"floor":43.0,"key":"Whetstone"},{"floor":54,"key":"Blue Candle"}],"event_choices":[{"cards_removed":["Strike_S"],"damage_healed":0.0,"max_hp_gain":0.0,"max_hp_loss":0.0,"gold_gain":0.0,"event_name":"The Cleric","player_choice":"Card Removal","floor":3.0,"gold_loss":50.0,"damage_taken":0.0},{"damage_healed":0.0,"max_hp_gain":0.0,"max_hp_loss":0.0,"gold_gain":75.0,"event_name":"World of Goop","player_choice":"Gather Gold","floor":5.0,"gold_loss":0.0,"damage_taken":11.0},{"damage_healed":0.0,"max_hp_gain":0.0,"max_hp_loss":0.0,"gold_gain":0.0,"event_name":"Golden Idol","player_choice":"Take Wound","floor":7.0,"gold_loss":0.0,"damage_taken":0.0,"relics_obtained":["Golden Idol"],"cards_obtained":["Injury"]},{"cards_removed":["Defend_S"],"damage_healed":0.0,"max_hp_gain":0.0,"max_hp_loss":0.0,"gold_gain":0.0,"event_name":"Beggar","player_choice":"Gave Gold","floor":19.0,"gold_loss":75.0,"damage_taken":0.0},{"damage_healed":0.0,"max_hp_gain":0.0,"max_hp_loss":0.0,"gold_gain":0.0,"event_name":"Lab","player_choice":"Got Potions","floor":22.0,"gold_loss":0.0,"damage_taken":0.0},{"damage_healed":0.0,"max_hp_gain":0.0,"max_hp_loss":0.0,"gold_gain":0.0,"event_name":"The Mausoleum","player_choice":"Opened","floor":30.0,"gold_loss":0.0,"damage_taken":0.0,"relics_obtained":["Calipers"]},{"cards_removed":["Defend_S"],"damage_healed":0.0,"max_hp_gain":0.0,"max_hp_loss":0.0,"gold_gain":0.0,"event_name":"Purifier","player_choice":"Purged","floor":36.0,"gold_loss":0.0,"damage_taken":0.0},{"cards_removed":["ShatteredReality"],"damage_healed":0.0,"max_hp_gain":0.0,"max_hp_loss":0.0,"gold_gain":0.0,"event_name":"Falling","player_choice":"Removed Attack","floor":37.0,"gold_loss":0.0,"damage_taken":0.0},{"damage_healed":0.0,"max_hp_gain":0.0,"max_hp_loss":0.0,"gold_gain":0.0,"event_name":"MindBloom","player_choice":"Fight","floor":38.0,"gold_loss":0.0,"damage_taken":0.0},{"damage_healed":0.0,"max_hp_gain":0.0,"max_hp_loss":0.0,"gold_gain":0.0,"event_name":"Tomb of Lord Red Mask","player_choice":"Ignored","floor":39.0,"gold_loss":0.0,"damage_taken":0.0},{"damage_healed":0.0,"max_hp_gain":0.0,"max_hp_loss":0.0,"gold_gain":0.0,"event_name":"Winding Halls","player_choice":"Embrace Madness","floor":47.0,"gold_loss":0.0,"damage_taken":10.0,"cards_obtained":["Madness","Madness"]}],"is_beta":false,"boss_relics":[{"not_picked":["Coffee Dripper","Runic Dome"],"picked":"Calling Bell"},{"not_picked":["Tiny House","Sozu"],"picked":"MysterySword"}],"items_purged_floors":[21,25,44],"is_endless":false,"potions_floor_spawned":[1,8,11,14,20,24,27,28,35,41,46,48],"ascension_level":0}}