{"host":"ylxam20yo7j5dy26","time":1610173332,"event":{"mods":["ATMod(°¢èªMod)","Act Like it!","BaseMod","Conspire","Defuse TimeMaze Blight","Downfall","Gensokyo","Hallownest","Hubris","Infinite Spire","Lobotomy","Minty Spire (QoL Compilation)","Quick Restart","Replay The Spire","Spicy Shops","StSLib","The Cursed","UnlockEverythingMod","vexMod","¡¾ÒÅÎï¿¨ÅÆ¡¿REMEMod"],"gold_per_floor":[111,124,124,124,137,137,162,197,197,197,197,228,246,246,246,376,376,331,331,331,331],"floor_reached":20,"playtime":1676,"items_purged":[],"score":180,"play_id":"52c0e603-3f02-492f-9a25-e2076ffff3ca","local_time":"20210109142212","is_ascension_mode":false,"campfire_choices":[{"data":"AT_FamilyPortrait","floor":6.0,"key":"SMITH"},{"floor":11.0,"key":"REST"},{"data":"Bash","floor":15,"key":"SMITH"}],"circlet_count":0,"master_deck":["Strike_R","Strike_R","Strike_R","Defend_R","Defend_R","Defend_R","Defend_R","Bash+1","AT_FamilyPortrait+1","Flame Barrier+1","HeroicMonk","Hemokinesis","Laetitia","ReplayTheSpireMod:Strike From Hell","ShyLook","Headbutt","Freischutz","Funeral","Iron Wave","LittleHelper","BigBadWolf","Yin","Reaper"],"relics":["Burning Blood","AT_ATBox","REME_ComplimentaryCards","CogitoBucket","Golden Idol","AT_SpeedBoots","Replay:Bottled Steam","infinitespire:Bottled Soul","TreeSap","hubris:Backtick","hubris:Potato","hubris:BottledHeart"],"acts_visited":["Exordium","TheCity"],"potions_floor_usage":[13,18],"damage_taken":[{"damage":1.0,"enemies":"2 Louse","floor":1.0,"turns":2.0},{"damage":4.0,"enemies":"Small Slimes","floor":2.0,"turns":1.0},{"damage":6.0,"enemies":"Cultist","floor":5.0,"turns":3.0},{"damage":14.0,"enemies":"Large Slime","floor":7.0,"turns":7.0},{"damage":44.0,"enemies":"Replay:BlueRogue","floor":8.0,"turns":4.0},{"damage":24.0,"enemies":"3 Sentries","floor":12.0,"turns":6.0},{"damage":19,"enemies":"Gremlin Gang","floor":13,"turns":5},{"damage":114,"enemies":"Hexaghost","floor":16,"turns":11},{"damage":35,"enemies":"2 Thieves","floor":18,"turns":5},{"damage":0,"enemies":"3 Byrds","floor":20,"turns":1}],"seed_played":"-5029069174423939225","potions_obtained":[{"floor":1.0,"key":"hexamod:EctoCoolerPotion"},{"floor":5.0,"key":"DistilledChaos"},{"floor":12.0,"key":"Fruit Juice"},{"floor":16,"key":"REME_GoldPotion"}],"is_trial":false,"path_per_floor":["M","M","?","?","M","R","M","E","T","?","R","E","M","?","R","B",null,"M","?","M"],"character_chosen":"IRONCLAD","items_purchased":[],"campfire_rested":1,"item_purchase_floors":[],"current_hp_per_floor":[80,80,60,60,60,60,52,14,14,14,38,22,15,85,85,33,70,50,1,0,0],"gold":331,"neow_bonus":"","is_daily":false,"chose_seed":false,"campfire_upgraded":2,"win_rate":0.0,"timestamp":1610173332,"path_taken":["M","M","?","?","?","R","M","E","T","?","R","E","M","?","R","BOSS","M","?","M"],"items_purchased_type":[],"build_version":"2020-12-22","purchased_purges":0,"victory":false,"max_hp_per_floor":[80,80,80,80,80,80,80,80,80,80,80,80,85,85,85,70,70,70,1,1,1],"card_choices":[{"not_picked":["GreedKing","CrumblingArmor"],"picked":"HeroicMonk","floor":1.0},{"not_picked":["Entrench","Headbutt"],"picked":"Hemokinesis","floor":1.0},{"not_picked":["WallGazer","Scorched"],"picked":"Laetitia","floor":2.0},{"not_picked":["Heavy Blade","conspire:ExplosiveBarrier"],"picked":"ReplayTheSpireMod:Strike From Hell","floor":2.0},{"not_picked":["OSAHOGD","OldLady"],"picked":"ShyLook","floor":5.0},{"not_picked":["Warcry","hubris:ReadiedAction"],"picked":"Headbutt","floor":5.0},{"not_picked":["SnowQueen","Alriune"],"picked":"Freischutz","floor":7.0},{"not_picked":["Shockwave","conspire:ExplosiveBarrier","Heavy Blade"],"picked":"SKIP","floor":7.0},{"not_picked":["Shockwave","conspire:ExplosiveBarrier","Heavy Blade"],"picked":"SKIP","floor":7.0},{"not_picked":["Bloodbath","MHz"],"picked":"Funeral","floor":8.0},{"not_picked":["Run Through","AT_IchimonjiDouble"],"picked":"Iron Wave","floor":8.0},{"not_picked":["Scorched","FairyFestival"],"picked":"LittleHelper","floor":12.0},{"not_picked":["Pommel Strike","AT_ShrugMaster","Demon Form"],"picked":"SKIP","floor":12.0},{"not_picked":["Murderer","PunishingBird"],"picked":"BigBadWolf","floor":13},{"not_picked":["Heavy Blade","ReplayTheSpireMod:Limb From Limb","Clothesline"],"picked":"SKIP","floor":13},{"not_picked":["BigBird","QueenOfHatred"],"picked":"Yin","floor":16},{"not_picked":["Demonic Infusion","Offering"],"picked":"Reaper","floor":16},{"not_picked":["Thunderclap","Replay:Undeath\u0027s Touch+1","hubris:ReadiedAction"],"picked":"SKIP","floor":18}],"player_experience":103880,"relics_obtained":[{"floor":8.0,"key":"AT_SpeedBoots"},{"floor":9.0,"key":"Replay:Bottled Steam"},{"floor":12.0,"key":"infinitespire:Bottled Soul"}],"event_choices":[{"damage_healed":0.0,"max_hp_gain":0.0,"max_hp_loss":0.0,"gold_gain":0.0,"event_name":"Golden Idol","player_choice":"Take Damage","floor":3.0,"gold_loss":0.0,"damage_taken":20.0,"relics_obtained":["Golden Idol"]},{"damage_healed":0.0,"max_hp_gain":0.0,"max_hp_loss":0.0,"gold_gain":0.0,"event_name":"Upgrade Shrine","player_choice":"Upgraded","floor":4.0,"gold_loss":0.0,"damage_taken":0.0,"cards_upgraded":["Flame Barrier"]},{"damage_healed":0.0,"max_hp_gain":0.0,"max_hp_loss":0.0,"gold_gain":0.0,"event_name":"The Woman in Blue","player_choice":"Bought 0 Potions","floor":10.0,"gold_loss":0.0,"damage_taken":0.0},{"damage_healed":70,"gold_gain":0,"player_choice":"Full Heal","damage_taken":0,"max_hp_gain":0,"max_hp_loss":0,"event_name":"Wheel of Change","floor":14,"gold_loss":0}],"is_beta":false,"boss_relics":[{"not_picked":["hubris:RunicObelisk","conspire:SeveredTorchhead"],"picked":"hubris:Backtick"}],"items_purged_floors":[],"is_endless":false,"potions_floor_spawned":[1,5,12,13,16],"killed_by":"3 Byrds","ascension_level":0}}