{"host":"bpkhhmvsfrvlto2l","time":1610173963,"event":{"mods":["2.2 Compatiblity","AchievementEnabler","Act Like it!","AlwaysNeverKeys","Aspiration","BaseMod","Better Silent Start","Challenge The Spire","Colored Map","Colored Powertips","Custom Start","Downfall","Energized Spire","Friendly Minions","GifTheSpireLib","Halation","Hubris","Infinite Spire","Ironclad Rager","Mimic Mod","Minty Spire (QoL Compilation)","Permanent Neow","Quick Restart","Random Character Button","Relic Sorter","Replay The Spire","Spikes Relics","StSLib","Stuff the Spire","Swap Starting Deck Mod","Trackpad"],"gold_per_floor":[114,42,42,54,74,74,108,108,177,197,208,240,258,258,258,356,356,367,367,378,393,405,405,405,405,444,474,169,194,194,228,228,326,326,345,695,695,723,238,238,268,323,354,354,145,145,180,180,180,180,180,180,15,50,50,50],"floor_reached":55,"playtime":1376,"items_purged":["StuffTheSpire:Incineration","StuffTheSpire:CuriosityCurse","Reckless Charge"],"score":918,"play_id":"823db28c-48a9-4c91-8b0a-c8027a6f38de","local_time":"20210109013243","is_ascension_mode":true,"campfire_choices":[{"data":"Fire Breathing","floor":6,"key":"SMITH"},{"data":"Battle Trance","floor":8,"key":"SMITH"},{"data":"Metallicize","floor":15,"key":"SMITH"},{"data":"Fire Breathing","floor":23,"key":"SMITH"},{"data":"Feel No Pain","floor":25,"key":"SMITH"},{"data":"Fire Breathing","floor":32,"key":"SMITH"},{"data":"Absolvement","floor":40,"key":"SMITH"},{"floor":44,"key":"RECALL"},{"data":"Evolve","floor":46,"key":"SMITH"},{"data":"Offering","floor":49,"key":"SMITH"},{"data":"Evolve","floor":52,"key":"SMITH"}],"circlet_count":0,"master_deck":["Reckless Charge","Reckless Charge","Wild Strike+1","Power Through+1","Power Through","Power Through+1","Power Through+1","Fire Breathing+1","Metallicize+1","Battle Trance+1","Reckless Charge","Feel No Pain+1","Fire Breathing+1","Absolvement+1","Fire Breathing+1","Offering+1","Evolve+1","Evolve+1","Feel No Pain"],"relics":["Burning Blood","TungstenRod","StuffTheSpire:PointBlank","Gremlin Food","trackpad:PetRock","SacredBark","Gremlin Horn","Ancient Tea Set","RollingBoulder","aspiration:Lifesprig","trackpad:IceCube","Old Coin","MawBank","infinitespire:ShieldingShard","Regal Pillow","infinitespire:EmpoweringShard","Peace Pipe","War Paint","ReplayTheSpireMod:Spearhead","Oddly Smooth Stone","Art of War"],"acts_visited":["Exordium","TheCity","TheBeyond","TheEnding"],"potions_floor_usage":[12,12,16,31,54,55,55],"damage_taken":[{"damage":0,"enemies":"Small Slimes","floor":1,"turns":3},{"damage":0,"enemies":"Cultist","floor":4,"turns":3},{"damage":8,"enemies":"Jaw Worm","floor":5,"turns":2},{"damage":0,"enemies":"3 Sentries","floor":7,"turns":3},{"damage":0,"enemies":"Looter","floor":10,"turns":2},{"damage":1,"enemies":"Gremlin Gang","floor":11,"turns":3},{"damage":0,"enemies":"Gremlin Nob","floor":12,"turns":4},{"damage":0,"enemies":"2 Fungi Beasts","floor":13,"turns":3},{"damage":0,"enemies":"Fading Forest","floor":16,"turns":11},{"damage":6,"enemies":"Spheric Guardian","floor":18,"turns":4},{"damage":0,"enemies":"Shell Parasite","floor":20,"turns":4},{"damage":0,"enemies":"Sentry and Sphere","floor":21,"turns":4},{"damage":0,"enemies":"Snake Plant","floor":22,"turns":4},{"damage":0,"enemies":"3 Cultists","floor":26,"turns":4},{"damage":0,"enemies":"Gremlin Leader","floor":27,"turns":4},{"damage":49,"enemies":"Slavers","floor":29,"turns":3},{"damage":0,"enemies":"Book of Stabbing","floor":31,"turns":4},{"damage":3,"enemies":"Collector","floor":33,"turns":5},{"damage":9,"enemies":"Orb Walker","floor":35,"turns":3},{"damage":5,"enemies":"Mind Bloom Boss Battle","floor":36,"turns":3},{"damage":0,"enemies":"3 Darklings","floor":38,"turns":3},{"damage":2,"enemies":"Reptomancer","floor":41,"turns":4},{"damage":2,"enemies":"Jaw Worm Horde","floor":43,"turns":5},{"damage":2,"enemies":"Nemesis","floor":47,"turns":5},{"damage":3,"enemies":"Replay:Hell Engine","floor":50,"turns":6},{"damage":23,"enemies":"Shield and Spear","floor":54,"turns":4},{"damage":75,"enemies":"The Heart","floor":55,"turns":5}],"seed_played":"-409048721398389603","potions_obtained":[{"floor":5,"key":"Block Potion"},{"floor":7,"key":"Block Potion"},{"floor":13,"key":"EssenceOfSteel"},{"floor":16,"key":"DuplicationPotion"},{"floor":18,"key":"Guardian:BlockOnCardUsePotion"},{"floor":22,"key":"LiquidBronze"},{"floor":31,"key":"Elixir"},{"floor":38,"key":"LiquidBronze"}],"is_trial":false,"path_per_floor":["M","$","?","M","M","R","E","R","T","M","M","E","M","?","R","B",null,"M","?","M","M","M","R","AVR","R","MIM","E","$","E","?","E","R","B",null,"M","?","?","M","$","R","E","T","MIM","R","$","R","E","AVR","R","B",null,"R","$","E","B"],"character_chosen":"IRONCLAD","items_purchased":["Metallicize","Fire Breathing","RollingBoulder","infinitespire:ShieldingShard","Regal Pillow","War Paint","Evolve","Feel No Pain"],"campfire_rested":0,"item_purchase_floors":[2,28,28,39,39,45,45,53],"current_hp_per_floor":[46,46,46,52,50,50,56,56,56,62,67,73,79,64,64,70,80,80,75,80,80,80,80,80,80,80,80,80,37,37,43,43,46,80,77,78,78,80,80,80,80,80,80,80,80,80,80,80,80,80,80,80,80,63,0,0],"gold":50,"neow_bonus":"","is_daily":false,"chose_seed":false,"campfire_upgraded":10,"win_rate":0.0,"timestamp":1610173963,"path_taken":["M","$","?","M","M","R","E","R","T","M","M","E","?","?","R","BOSS","M","?","M","?","M","R","AVR","R","MIM","E","?","E","?","E","R","BOSS","M","?","?","M","$","R","E","?","MIM","R","?","R","E","AVR","R","BOSS","R","$","E","BOSS"],"items_purchased_type":["Card","Card","Relic","Relic","Relic","Relic","Card","Card"],"build_version":"2020-12-22","purchased_purges":3,"victory":false,"max_hp_per_floor":[80,80,80,80,80,80,80,80,80,80,80,80,80,80,80,80,80,80,80,80,80,80,80,80,80,80,80,80,80,80,80,80,80,80,80,80,80,80,80,80,80,80,80,80,80,80,80,80,80,80,80,80,80,80,80,80],"card_choices":[{"not_picked":["Dropkick","StuffTheSpire:Slingshot"],"picked":"StuffTheSpire:Incineration","floor":4},{"not_picked":["Sword Boomerang","Brutality"],"picked":"Battle Trance","floor":7},{"not_picked":["Replay:Undeath\u0027s Touch","Wild Strike"],"picked":"Reckless Charge","floor":13},{"not_picked":["Shrug It Off","Warcry"],"picked":"Feel No Pain","floor":18},{"not_picked":["True Grit","Infernal Blade"],"picked":"Fire Breathing","floor":21},{"not_picked":["Disarm+1","Massacre+1"],"picked":"Absolvement","floor":27},{"not_picked":["Corruption","Demonic Infusion"],"picked":"Offering","floor":33},{"not_picked":["Pommel Strike","Anger+1","Havoc"],"picked":"SKIP","floor":54}],"player_experience":52436,"relics_obtained":[{"floor":9,"key":"StuffTheSpire:PointBlank"},{"floor":12,"key":"Gremlin Food"},{"floor":26,"key":"Gremlin Horn"},{"floor":27,"key":"Ancient Tea Set"},{"floor":29,"key":"aspiration:Lifesprig"},{"floor":31,"key":"trackpad:IceCube"},{"floor":36,"key":"Old Coin"},{"floor":41,"key":"infinitespire:EmpoweringShard"},{"floor":43,"key":"Peace Pipe"},{"floor":47,"key":"ReplayTheSpireMod:Spearhead"},{"floor":54,"key":"Art of War"}],"event_choices":[{"cards_removed":["Reckless Charge"],"damage_healed":0,"gold_gain":0,"player_choice":"Gave Card","damage_taken":0,"relics_obtained":["TungstenRod"],"max_hp_gain":0,"max_hp_loss":0,"event_name":"WeMeetAgain","floor":3,"gold_loss":0},{"damage_healed":0,"gold_gain":0,"player_choice":"Entered Light","damage_taken":16,"max_hp_gain":0,"max_hp_loss":0,"event_name":"Shining Light","floor":14,"gold_loss":0,"cards_upgraded":["Power Through","Wild Strike"]},{"damage_healed":0,"gold_gain":0,"player_choice":"","damage_taken":6,"max_hp_gain":0,"max_hp_loss":0,"event_name":"Knowing Skull","floor":19,"potions_obtained":[],"gold_loss":0,"cards_obtained":[]},{"damage_healed":0,"gold_gain":0,"player_choice":"Ignored","damage_taken":0,"max_hp_gain":0,"max_hp_loss":0,"event_name":"Ghosts","floor":30,"gold_loss":0},{"damage_healed":0,"gold_gain":0,"player_choice":"Fight","damage_taken":0,"max_hp_gain":0,"max_hp_loss":0,"event_name":"MindBloom","floor":36,"gold_loss":0}],"is_beta":false,"boss_relics":[{"not_picked":["Electric Blood","hubris:HollowSoul","trackpad:StolenKidneys"]},{"not_picked":["StuffTheSpire:RunicHypercube","Cursed Key","Sandwich"]}],"items_purged_floors":[28,39,53],"is_endless":false,"potions_floor_spawned":[5,7,13,16,18,22,27,31,33,38,47],"killed_by":"The Heart","ascension_level":2}}