{"host":"rolltorest","time":1610150980,"event":{"mods":["BaseMod","Minty Spire (QoL Compilation)","Relic Stats","Robot Space Explorer","Slay the Relics Exporter","StSLib"],"gold_per_floor":[118,128,203,203,203,203,238,251,251,2,17,17,17,51,63,147,159,190,202,225,106,122,177,177,177,177,194,221,221,8,20,20,98,98,117,117,127,52,72,99,79,79,124,155,174,186,212,224,224,224,224,224,7,39,39,39],"floor_reached":55,"playtime":2399,"items_purged":["RobotSpaceExplorer:Strike","RobotSpaceExplorer:Strike","Decay","RobotSpaceExplorer:Strike"],"score":1494,"play_id":"f63b1b0b-a8a2-4b52-a09d-7e2ad8872500","local_time":"20210108160940","is_ascension_mode":true,"campfire_choices":[{"data":"RobotSpaceExplorer:RigExplosive","floor":6,"key":"SMITH"},{"data":"RobotSpaceExplorer:Multitool","floor":13,"key":"SMITH"},{"data":"RobotSpaceExplorer:LaserBurst","floor":15,"key":"SMITH"},{"data":"RobotSpaceExplorer:Fix","floor":24,"key":"SMITH"},{"data":"RobotSpaceExplorer:Fix","floor":32,"key":"SMITH"},{"floor":42,"key":"RECALL"},{"data":"RobotSpaceExplorer:DoubleBlock","floor":49,"key":"SMITH"},{"data":"RobotSpaceExplorer:SwiftStep","floor":52,"key":"SMITH"}],"circlet_count":0,"master_deck":["AscendersBane","RobotSpaceExplorer:Strike+1","RobotSpaceExplorer:Defend","RobotSpaceExplorer:Defend","RobotSpaceExplorer:Defend","RobotSpaceExplorer:Defend","RobotSpaceExplorer:Scan+1","RobotSpaceExplorer:MiniLasers","RobotSpaceExplorer:SurgingShield","RobotSpaceExplorer:RigExplosive+1","RobotSpaceExplorer:TurboDodge","RobotSpaceExplorer:FrostMissile","RobotSpaceExplorer:LaserBurst+1","RobotSpaceExplorer:Multitool+1","RobotSpaceExplorer:ChargingLaser","RobotSpaceExplorer:ShovelStrike","RobotSpaceExplorer:DoubleBlock+1","RobotSpaceExplorer:Electropulse","RobotSpaceExplorer:Fix+1","RobotSpaceExplorer:ImprovisedAttack","RobotSpaceExplorer:Fix+1","RobotSpaceExplorer:TurboDodge","RobotSpaceExplorer:Accelerator","RobotSpaceExplorer:TurboDodge","RobotSpaceExplorer:Blitz+1","RobotSpaceExplorer:MetalStrike+1","RobotSpaceExplorer:FranticSearch+1","RobotSpaceExplorer:SwiftStep+1","RobotSpaceExplorer:DoubleFind+1","RobotSpaceExplorer:BlastShield"],"relics":["Coffee Dripper","Sundial","Bronze Scales","Membership Card","Dream Catcher","MawBank","Snecko Eye","Toolbox","Strawberry","Matryoshka","Bottled Tornado","Happy Flower","Philosopher\u0027s Stone","Unceasing Top","Regal Pillow","StrikeDummy","Orichalcum","Toy Ornithopter","Vajra"],"acts_visited":["Exordium","TheCity","TheBeyond","TheEnding"],"potions_floor_usage":[7,7,7,14,16,16,16,20,27,28,28,28,31,33,37,39,40,44,45,46,46,47,47,48,50,54,54,54,55],"damage_taken":[{"damage":5,"enemies":"Jaw Worm","floor":1,"turns":4},{"damage":0,"enemies":"2 Louse","floor":2,"turns":3},{"damage":8,"enemies":"3 Sentries","floor":7,"turns":8},{"damage":0,"enemies":"Cultist","floor":8,"turns":4},{"damage":0,"enemies":"2 Fungi Beasts","floor":11,"turns":3},{"damage":3,"enemies":"Gremlin Nob","floor":14,"turns":4},{"damage":0,"enemies":"Slime Boss","floor":16,"turns":7},{"damage":0,"enemies":"3 Byrds","floor":18,"turns":5},{"damage":0,"enemies":"Spheric Guardian","floor":20,"turns":3},{"damage":0,"enemies":"Shelled Parasite and Fungi","floor":22,"turns":3},{"damage":0,"enemies":"Slavers","floor":23,"turns":3},{"damage":3,"enemies":"Centurion and Healer","floor":27,"turns":2},{"damage":25,"enemies":"Book of Stabbing","floor":28,"turns":4},{"damage":24,"enemies":"Snake Plant","floor":31,"turns":5},{"damage":3,"enemies":"Collector","floor":33,"turns":7},{"damage":13,"enemies":"3 Darklings","floor":35,"turns":3},{"damage":0,"enemies":"3 Shapes","floor":37,"turns":7},{"damage":0,"enemies":"Maw","floor":39,"turns":7},{"damage":40,"enemies":"Nemesis","floor":40,"turns":13},{"damage":5,"enemies":"Reptomancer","floor":44,"turns":7},{"damage":0,"enemies":"Transient","floor":45,"turns":5},{"damage":0,"enemies":"Sphere and 2 Shapes","floor":46,"turns":5},{"damage":16,"enemies":"Giant Head","floor":47,"turns":8},{"damage":9,"enemies":"4 Shapes","floor":48,"turns":7},{"damage":48,"enemies":"Donu and Deca","floor":50,"turns":10},{"damage":27,"enemies":"Shield and Spear","floor":54,"turns":10},{"damage":69,"enemies":"The Heart","floor":55,"turns":5}],"seed_played":"4382818959359584256","potions_obtained":[{"floor":1,"key":"Regen Potion"},{"floor":2,"key":"ColorlessPotion"},{"floor":22,"key":"FearPotion"},{"floor":28,"key":"SpeedPotion"},{"floor":48,"key":"Explosive Potion"}],"is_trial":false,"path_per_floor":["M","M","?","?","?","R","E","M","T","$","M","?","R","E","R","B",null,"M","?","M","$","M","E","R","?","T","M","E","?","$","M","R","B",null,"M","?","M","$","M","E","?","R","T","E","M","M","E","M","R","B",null,"R","$","E","B"],"character_chosen":"RobotSpaceExplorer","items_purchased":["Membership Card","RobotSpaceExplorer:LaserBurst","Toolbox","Happy Flower","RobotSpaceExplorer:Fix","PowerPotion","RobotSpaceExplorer:BlastShield","RobotSpaceExplorer:LiquidFusion","Toy Ornithopter"],"campfire_rested":0,"item_purchase_floors":[10,10,21,30,30,30,53,53,53],"current_hp_per_floor":[59,59,48,27,27,27,34,34,34,34,34,29,29,26,26,26,60,60,60,60,60,60,67,67,67,67,64,45,45,45,33,33,42,69,62,62,74,74,74,40,40,40,40,47,59,71,58,61,61,25,62,62,62,57,0,0],"gold":39,"neow_bonus":"BOSS_RELIC","is_daily":false,"chose_seed":false,"campfire_upgraded":7,"win_rate":0.0,"timestamp":1610150980,"path_taken":["M","M","?","?","?","R","E","M","T","$","?","?","R","E","R","BOSS","M","?","M","$","M","E","R","?","T","?","E","?","$","M","R","BOSS","M","?","M","$","M","E","?","R","T","E","?","M","E","M","R","BOSS","R","$","E","BOSS"],"items_purchased_type":["Relic","Card","Relic","Relic","Card","Potion","Card","Potion","Relic"],"build_version":"2020-12-18","purchased_purges":4,"victory":false,"max_hp_per_floor":[71,71,71,71,71,71,71,71,71,71,71,71,71,71,71,71,71,71,71,71,71,71,78,78,78,78,78,78,78,78,78,78,78,78,78,74,74,74,74,74,74,74,74,74,74,74,74,74,74,74,74,74,74,74,74,74],"relic_stats":{"Dream Catcher":0,"Regal Pillow":0,"Happy Flower":[33],"counters":[27,152],"Sundial":[26],"Bronze Scales":[386],"Snecko Eye":[199,222,215,210],"Orichalcum":[12],"MawBank":84,"obtain_stats":[{"Regal Pillow":43,"Happy Flower":30,"Vajra":54,"RobotSpaceExplorer:RoboCore":0,"Bottled Tornado":28,"Orichalcum":47,"MawBank":14,"Dream Catcher":12,"Matryoshka":26,"Sundial":7,"Bronze Scales":9,"Strawberry":23,"Snecko Eye":17,"Toolbox":21,"Philosopher\u0027s Stone":34,"Coffee Dripper":0,"Membership Card":10,"StrikeDummy":44,"Unceasing Top":40,"Toy Ornithopter":53},{"Regal Pillow":19,"Happy Flower":13,"Vajra":26,"RobotSpaceExplorer:RoboCore":0,"Bottled Tornado":13,"Orichalcum":23,"MawBank":6,"Dream Catcher":5,"Matryoshka":11,"Sundial":3,"Bronze Scales":4,"Strawberry":11,"Snecko Eye":7,"Toolbox":9,"Philosopher\u0027s Stone":15,"Coffee Dripper":0,"Membership Card":4,"StrikeDummy":20,"Unceasing Top":19,"Toy Ornithopter":25},{"Regal Pillow":95,"Happy Flower":53,"Vajra":147,"RobotSpaceExplorer:RoboCore":0,"Bottled Tornado":53,"Orichalcum":120,"MawBank":26,"Dream Catcher":22,"Matryoshka":47,"Sundial":15,"Bronze Scales":19,"Strawberry":47,"Snecko Eye":33,"Toolbox":41,"Philosopher\u0027s Stone":65,"Coffee Dripper":0,"Membership Card":19,"StrikeDummy":102,"Unceasing Top":95,"Toy Ornithopter":137}],"Unceasing Top":[1],"Toy Ornithopter":20},"card_choices":[{"not_picked":["RobotSpaceExplorer:MiniDrones","RobotSpaceExplorer:ScrapMissile"],"picked":"RobotSpaceExplorer:SurgingShield","floor":1},{"not_picked":["RobotSpaceExplorer:MiniDrones","RobotSpaceExplorer:StunGrenade"],"picked":"RobotSpaceExplorer:RigExplosive","floor":2},{"not_picked":["RobotSpaceExplorer:PowerCollector","RobotSpaceExplorer:SurgingStrike"],"picked":"RobotSpaceExplorer:TurboDodge","floor":7},{"not_picked":["RobotSpaceExplorer:Pulsar","RobotSpaceExplorer:Electroshield"],"picked":"RobotSpaceExplorer:FrostMissile","floor":8},{"not_picked":["RobotSpaceExplorer:DoubleBlock","RobotSpaceExplorer:FrostMissile"],"picked":"RobotSpaceExplorer:Multitool","floor":11},{"not_picked":["RobotSpaceExplorer:Probe","RobotSpaceExplorer:MiniBoosters","RobotSpaceExplorer:FreezingShield"],"picked":"SKIP","floor":14},{"not_picked":["RobotSpaceExplorer:Exploration","RobotSpaceExplorer:Accelerator"],"picked":"RobotSpaceExplorer:ChargingLaser","floor":16},{"not_picked":["RobotSpaceExplorer:Discharger","RobotSpaceExplorer:StunGrenade"],"picked":"RobotSpaceExplorer:ShovelStrike","floor":18},{"not_picked":["RobotSpaceExplorer:Electroshield","RobotSpaceExplorer:ScrapToss","RobotSpaceExplorer:SurgingStrike"],"picked":"SKIP","floor":20},{"not_picked":["RobotSpaceExplorer:Discharger+1","RobotSpaceExplorer:Probe+1"],"picked":"RobotSpaceExplorer:Electropulse","floor":22},{"not_picked":["RobotSpaceExplorer:Discharger","RobotSpaceExplorer:Blaster"],"picked":"RobotSpaceExplorer:Fix","floor":23},{"not_picked":["RobotSpaceExplorer:SurgingShield","RobotSpaceExplorer:MiniDrones","RobotSpaceExplorer:GlueShot"],"picked":"SKIP","floor":27},{"not_picked":["RobotSpaceExplorer:GlueShot","RobotSpaceExplorer:ScrapShield"],"picked":"RobotSpaceExplorer:ImprovisedAttack","floor":28},{"not_picked":["RobotSpaceExplorer:FranticSearch","RobotSpaceExplorer:RigExplosive"],"picked":"RobotSpaceExplorer:TurboDodge","floor":31},{"not_picked":["RobotSpaceExplorer:BlastShield","RobotSpaceExplorer:Comet"],"picked":"RobotSpaceExplorer:Accelerator","floor":33},{"not_picked":["RobotSpaceExplorer:ShovelStrike","RobotSpaceExplorer:StarLightning+1"],"picked":"RobotSpaceExplorer:TurboDodge","floor":35},{"not_picked":["RobotSpaceExplorer:SurgingStrike","RobotSpaceExplorer:ScrapMissile"],"picked":"RobotSpaceExplorer:Blitz+1","floor":37},{"not_picked":["RobotSpaceExplorer:FreezingShield","RobotSpaceExplorer:Electropulse","RobotSpaceExplorer:StunGrenade+1"],"picked":"SKIP","floor":39},{"not_picked":["RobotSpaceExplorer:Pulsar","RobotSpaceExplorer:SwiftStep","RobotSpaceExplorer:BigMissile"],"picked":"SKIP","floor":40},{"not_picked":["RobotSpaceExplorer:Pulsar","RobotSpaceExplorer:FrostMissile"],"picked":"RobotSpaceExplorer:MetalStrike+1","floor":44},{"not_picked":["RobotSpaceExplorer:StunGrenade","RobotSpaceExplorer:GlueSpray","RobotSpaceExplorer:Jetpack"],"picked":"SKIP","floor":45},{"not_picked":["RobotSpaceExplorer:ScrapToss","RobotSpaceExplorer:ImprovisedAttack"],"picked":"RobotSpaceExplorer:FranticSearch+1","floor":46},{"not_picked":["RobotSpaceExplorer:ScrapMissile+1","RobotSpaceExplorer:JunkDive"],"picked":"RobotSpaceExplorer:SwiftStep","floor":47},{"not_picked":["RobotSpaceExplorer:ScrapMissile+1","RobotSpaceExplorer:StarLightning"],"picked":"RobotSpaceExplorer:DoubleFind+1","floor":48},{"not_picked":["RobotSpaceExplorer:ImprovisedAttack","RobotSpaceExplorer:MakeshiftVolley","RobotSpaceExplorer:Counterblock+1"],"picked":"SKIP","floor":54}],"player_experience":1784173,"relics_obtained":[{"floor":7,"key":"Sundial"},{"floor":9,"key":"Bronze Scales"},{"floor":14,"key":"MawBank"},{"floor":23,"key":"Strawberry"},{"floor":26,"key":"Matryoshka"},{"floor":28,"key":"Bottled Tornado"},{"floor":40,"key":"Unceasing Top"},{"floor":43,"key":"Regal Pillow"},{"floor":44,"key":"StrikeDummy"},{"floor":47,"key":"Orichalcum"},{"floor":54,"key":"Vajra"}],"event_choices":[{"damage_healed":0,"gold_gain":75,"player_choice":"Gather Gold","damage_taken":11,"max_hp_gain":0,"max_hp_loss":0,"event_name":"World of Goop","floor":3,"gold_loss":0},{"damage_healed":0,"gold_gain":0,"player_choice":"Entered Light","damage_taken":21,"max_hp_gain":0,"max_hp_loss":0,"event_name":"Shining Light","floor":4,"gold_loss":0,"cards_upgraded":["RobotSpaceExplorer:Scan","RobotSpaceExplorer:Strike"]},{"damage_healed":0,"gold_gain":0,"player_choice":"Got Potions","damage_taken":0,"max_hp_gain":0,"max_hp_loss":0,"event_name":"Lab","floor":5,"gold_loss":0},{"damage_healed":0,"gold_gain":0,"player_choice":"Success","damage_taken":5,"relics_obtained":["Dream Catcher"],"max_hp_gain":0,"max_hp_loss":0,"event_name":"Scrap Ooze","floor":12,"gold_loss":0},{"damage_healed":0,"gold_gain":0,"player_choice":"Read","damage_taken":0,"max_hp_gain":0,"max_hp_loss":0,"event_name":"The Library","floor":19,"gold_loss":0,"cards_obtained":["RobotSpaceExplorer:DoubleBlock"]},{"damage_healed":0,"gold_gain":0,"player_choice":"Ignored","damage_taken":0,"max_hp_gain":0,"max_hp_loss":0,"event_name":"The Mausoleum","floor":25,"gold_loss":0},{"damage_healed":0,"gold_gain":0,"player_choice":"Smashed Altar","damage_taken":0,"max_hp_gain":0,"max_hp_loss":0,"event_name":"Forgotten Altar","floor":29,"gold_loss":0,"cards_obtained":["Decay"]},{"damage_healed":0,"gold_gain":0,"player_choice":"Max HP","damage_taken":0,"max_hp_gain":0,"max_hp_loss":4,"event_name":"Winding Halls","floor":36,"gold_loss":0},{"damage_healed":0,"gold_gain":0,"player_choice":"Bought 1 Potion","damage_taken":0,"max_hp_gain":0,"max_hp_loss":0,"event_name":"The Woman in Blue","floor":41,"gold_loss":0}],"is_beta":true,"boss_relics":[{"not_picked":["Busted Crown","Pandora\u0027s Box"],"picked":"Snecko Eye"},{"not_picked":["Sozu","Tiny House"],"picked":"Philosopher\u0027s Stone"}],"items_purged_floors":[10,21,30,38],"is_endless":false,"potions_floor_spawned":[1,2,11,22,27,28,33,35,37,45,48],"killed_by":"The Heart","ascension_level":16}}