{"host":"q4axc00jr2bozlh9","time":1610189855,"event":{"mods":["AchievementEnabler","BaseMod","Bestiary","Colored Map","Colored Powertips","Curses Come First","Minty Spire (QoL Compilation)","Relic Stats","StSLib","SuperFastMode","UnlockEverythingMod"],"gold_per_floor":[17,17,17,30,48,48,87,87,87,6,42,117,71,246,246,376,376,397,410,410,41,65,88,111,111,111,236,259,275,275,310,310,310,310],"floor_reached":33,"playtime":1547,"items_purged":["Doubt"],"score":275,"play_id":"450c4cdf-469e-4f5b-bf4b-7cdd1a7bfc10","local_time":"20210109115735","is_ascension_mode":false,"campfire_choices":[{"data":"Demon Form","floor":6,"key":"SMITH"},{"data":"Infernal Blade","floor":8,"key":"SMITH"},{"data":"Armaments","floor":15,"key":"SMITH"},{"floor":25,"key":"REST"},{"data":"Double Tap","floor":30,"key":"SMITH"},{"floor":32,"key":"REST"}],"circlet_count":0,"master_deck":["Strike_R","Strike_R","Defend_R","Defend_R","Defend_R","Defend_R","Bash","Demon Form+1","Sword Boomerang","Iron Wave","Clash","Sever Soul","Infernal Blade+1","Impervious","Carnage","Armaments+1","Double Tap+1","Shrug It Off","Dark Embrace+1","Ghostly Armor","Rage","Rage+1"],"relics":["Burning Blood","Golden Idol","Paper Frog","Eternal Feather","Philosopher\u0027s Stone","Happy Flower","ClockworkSouvenir","TungstenRod","StoneCalendar","Letter Opener","Ginger"],"acts_visited":["Exordium","TheCity"],"potions_floor_usage":[4,23,27,31,31],"damage_taken":[{"damage":6,"enemies":"Jaw Worm","floor":1,"turns":5},{"damage":0,"enemies":"Small Slimes","floor":4,"turns":4},{"damage":0,"enemies":"2 Louse","floor":5,"turns":2},{"damage":8,"enemies":"Lagavulin","floor":7,"turns":5},{"damage":13,"enemies":"3 Sentries","floor":11,"turns":4},{"damage":39,"enemies":"Hexaghost","floor":16,"turns":10},{"damage":35,"enemies":"2 Thieves","floor":18,"turns":5},{"damage":1,"enemies":"Spheric Guardian","floor":19,"turns":4},{"damage":35,"enemies":"Snake Plant","floor":22,"turns":3},{"damage":0,"enemies":"Snecko","floor":23,"turns":4},{"damage":11,"enemies":"Shelled Parasite and Fungi","floor":24,"turns":4},{"damage":12,"enemies":"Colosseum Slavers","floor":27,"turns":4},{"damage":15,"enemies":"Colosseum Nobs","floor":27,"turns":4},{"damage":0,"enemies":"Snake Plant","floor":28,"turns":4},{"damage":13,"enemies":"Centurion and Healer","floor":29,"turns":5},{"damage":59,"enemies":"Gremlin Leader","floor":31,"turns":6},{"damage":55,"enemies":"Automaton","floor":33,"turns":10}],"seed_played":"-1477839648611714302","potions_obtained":[{"floor":1,"key":"Fruit Juice"},{"floor":16,"key":"Weak Potion"},{"floor":19,"key":"DuplicationPotion"},{"floor":23,"key":"PowerPotion"},{"floor":29,"key":"GamblersBrew"}],"is_trial":false,"path_per_floor":["M","?","?","M","M","R","E","R","T","$","E","?","$","?","R","B",null,"M","M","?","$","M","M","M","R","T","?","M","M","R","E","R","B"],"character_chosen":"IRONCLAD","items_purchased":["Impervious","Armaments","Happy Flower","ClockworkSouvenir"],"campfire_rested":2,"item_purchase_floors":[10,13,21,21],"current_hp_per_floor":[80,60,53,64,70,70,68,68,68,68,61,50,50,50,59,26,85,56,61,61,61,32,38,33,67,67,52,58,51,63,10,47,0,0],"gold":310,"neow_bonus":"TRANSFORM_TWO_CARDS","is_daily":false,"chose_seed":false,"campfire_upgraded":4,"win_rate":0.0,"timestamp":1610189855,"path_taken":["M","?","?","M","M","R","E","R","T","?","E","?","$","?","R","BOSS","M","M","?","$","M","M","M","R","T","?","M","M","R","E","R","BOSS"],"items_purchased_type":["Card","Card","Relic","Relic"],"build_version":"2020-12-22","purchased_purges":1,"victory":false,"max_hp_per_floor":[80,80,80,85,85,85,85,85,85,85,85,85,85,85,85,85,85,85,85,85,85,85,85,85,85,85,85,85,85,85,85,85,85,85],"relic_stats":{"Happy Flower":[14],"counters":[17,83],"Golden Idol":110,"Eternal Feather":42,"StoneCalendar":[47],"Letter Opener":[104],"Ginger":[0],"obtain_stats":[{"Happy Flower":21,"Golden Idol":2,"Eternal Feather":11,"Philosopher\u0027s Stone":17,"StoneCalendar":27,"Letter Opener":27,"Ginger":31,"Burning Blood":0,"TungstenRod":26,"Paper Frog":7,"ClockworkSouvenir":21},{"Happy Flower":8,"Golden Idol":1,"Eternal Feather":5,"Philosopher\u0027s Stone":6,"StoneCalendar":13,"Letter Opener":13,"Ginger":16,"Burning Blood":0,"TungstenRod":11,"Paper Frog":4,"ClockworkSouvenir":8},{"Happy Flower":39,"Golden Idol":5,"Eternal Feather":20,"Philosopher\u0027s Stone":30,"StoneCalendar":58,"Letter Opener":58,"Ginger":73,"Burning Blood":0,"TungstenRod":50,"Paper Frog":16,"ClockworkSouvenir":39}],"Burning Blood":96,"TungstenRod":15},"card_choices":[{"not_picked":["Seeing Red","Body Slam"],"picked":"Iron Wave","floor":1},{"not_picked":["Headbutt","Flex"],"picked":"Clash","floor":4},{"not_picked":["Clothesline","Iron Wave"],"picked":"Sever Soul","floor":5},{"not_picked":["Pommel Strike","Sword Boomerang"],"picked":"Infernal Blade","floor":7},{"not_picked":["Wild Strike","Battle Trance"],"picked":"Carnage","floor":11},{"not_picked":["Reaper","Corruption"],"picked":"Double Tap","floor":16},{"not_picked":["Anger","Sword Boomerang"],"picked":"Shrug It Off","floor":18},{"not_picked":["Headbutt+1","Twin Strike+1"],"picked":"Dark Embrace+1","floor":19},{"not_picked":["Headbutt","Dark Embrace","True Grit+1"],"picked":"SKIP","floor":22},{"not_picked":["Limit Break","Thunderclap","Reckless Charge"],"picked":"SKIP","floor":23},{"not_picked":["Twin Strike","Hemokinesis","Cleave+1"],"picked":"SKIP","floor":24},{"not_picked":["Clothesline","Flex+1"],"picked":"Ghostly Armor","floor":27},{"not_picked":["Anger+1","Heavy Blade"],"picked":"Rage","floor":28},{"not_picked":["Heavy Blade","Thunderclap"],"picked":"Rage+1","floor":29},{"not_picked":["Reckless Charge","Hemokinesis+1","Dual Wield"],"picked":"SKIP","floor":31}],"player_experience":209785,"relics_obtained":[{"floor":7,"key":"Paper Frog"},{"floor":11,"key":"Eternal Feather"},{"floor":26,"key":"TungstenRod"},{"floor":27,"key":"StoneCalendar"},{"floor":27,"key":"Letter Opener"},{"floor":31,"key":"Ginger"}],"event_choices":[{"damage_healed":0,"gold_gain":0,"player_choice":"Take Damage","damage_taken":20,"relics_obtained":["Golden Idol"],"max_hp_gain":0,"max_hp_loss":0,"event_name":"Golden Idol","floor":2,"gold_loss":0},{"cards_removed":["Strike_R"],"damage_healed":0,"gold_gain":0,"player_choice":"Card Removal","damage_taken":7,"max_hp_gain":0,"max_hp_loss":0,"event_name":"Golden Wing","floor":3,"gold_loss":0},{"damage_healed":0,"gold_gain":75,"player_choice":"Gather Gold","damage_taken":11,"max_hp_gain":0,"max_hp_loss":0,"event_name":"World of Goop","floor":12,"gold_loss":0},{"damage_healed":0,"gold_gain":175,"player_choice":"AGREE","damage_taken":0,"max_hp_gain":0,"max_hp_loss":0,"event_name":"Liars Game","floor":14,"gold_loss":0,"cards_obtained":["Doubt"]},{"damage_healed":0,"gold_gain":0,"player_choice":"Ignored","damage_taken":0,"max_hp_gain":0,"max_hp_loss":0,"event_name":"Ghosts","floor":20,"gold_loss":0},{"damage_healed":0,"gold_gain":0,"player_choice":"Fight","damage_taken":0,"max_hp_gain":0,"max_hp_loss":0,"event_name":"Colosseum","floor":27,"gold_loss":0},{"damage_healed":0,"gold_gain":0,"player_choice":"Fought Nobs","damage_taken":0,"max_hp_gain":0,"max_hp_loss":0,"event_name":"Colosseum","floor":27,"gold_loss":0}],"is_beta":false,"boss_relics":[{"not_picked":["Velvet Choker","Empty Cage"],"picked":"Philosopher\u0027s Stone"}],"items_purged_floors":[21],"is_endless":false,"potions_floor_spawned":[1,16,19,23,27,29],"killed_by":"Automaton","ascension_level":0}}