{"host":"fuszjwm6fqgjjp4d","time":1610156404,"event":{"mods":["BaseMod","Bestiary","Colored Map","DeckTracker","Minty Spire (QoL Compilation)","Permanent Neow","Relic Sorter","Relic Stats","StSLib"],"gold_per_floor":[117,137,137,137,149,149,163,163,163,179,189,189,189,220,220,294,294,309,309,322,333,333,333,363,363,416,416,448,130,141,141,141],"floor_reached":31,"playtime":828,"items_purged":["Bash"],"score":536,"play_id":"30435825-3b57-459a-80d2-08984e91a8eb","local_time":"20210108194004","is_ascension_mode":true,"campfire_choices":[{"data":"Rupture","floor":6.0,"key":"SMITH"},{"data":"Sword Boomerang","floor":8.0,"key":"SMITH"},{"data":"Pommel Strike","floor":15,"key":"SMITH"},{"data":"Brutality","floor":23,"key":"SMITH"},{"floor":25,"key":"REST"},{"floor":27,"key":"REST"}],"circlet_count":0,"master_deck":["AscendersBane","Metallicize","Combust","Uppercut","Inflame","Seeing Red","Rupture+1","Impervious","Power Through","Thunderclap","Sword Boomerang+1","Rupture","Pommel Strike+1","Brutality+1","Whirlwind+1","Shrug It Off+1","Rage+1","Flash of Steel","Sword Boomerang"],"relics":["Pandora\u0027s Box","Pantograph","Mercury Hourglass","Toxic Egg 2","Runic Cube","PreservedInsect","Smiling Mask","Girya","Blood Vial"],"acts_visited":["Exordium","TheCity"],"potions_floor_usage":[16,28],"damage_taken":[{"damage":6.0,"enemies":"Cultist","floor":1.0,"turns":3.0},{"damage":1.0,"enemies":"Small Slimes","floor":2.0,"turns":3.0},{"damage":2.0,"enemies":"Jaw Worm","floor":5.0,"turns":3.0},{"damage":2.0,"enemies":"Blue Slaver","floor":7.0,"turns":3.0},{"damage":19.0,"enemies":"Gremlin Gang","floor":10.0,"turns":3.0},{"damage":18.0,"enemies":"Exordium Wildlife","floor":11.0,"turns":3.0},{"damage":11,"enemies":"Gremlin Nob","floor":14,"turns":4},{"damage":7,"enemies":"Hexaghost","floor":16,"turns":7},{"damage":5,"enemies":"Chosen","floor":18,"turns":4},{"damage":21,"enemies":"2 Thieves","floor":20,"turns":4},{"damage":22,"enemies":"3 Cultists","floor":21,"turns":3},{"damage":43,"enemies":"Book of Stabbing","floor":24,"turns":5},{"damage":21,"enemies":"Slavers","floor":28,"turns":2},{"damage":11,"enemies":"Snake Plant","floor":30,"turns":4},{"damage":31,"enemies":"Cultist and Chosen","floor":31,"turns":3}],"seed_played":"-1869423781831842287","potions_obtained":[{"floor":2.0,"key":"BloodPotion"},{"floor":7.0,"key":"ElixirPotion"},{"floor":11.0,"key":"ElixirPotion"},{"floor":18,"key":"SneckoOil"},{"floor":20,"key":"FairyPotion"},{"floor":28,"key":"Swift Potion"}],"is_trial":false,"path_per_floor":["M","M","?","?","M","R","M","R","T","M","M","?","T","E","R","B",null,"M","?","M","M","?","R","E","R","T","R","E","$","M","M"],"character_chosen":"IRONCLAD","items_purchased":["Blood Vial","Flash of Steel"],"campfire_rested":2,"item_purchase_floors":[29,29],"current_hp_per_floor":[62,61,66,66,64,64,62,62,62,43,41,41,41,30,30,48,72,67,67,46,24,24,24,5,29,29,53,32,32,23,0,0],"gold":141,"neow_bonus":"BOSS_RELIC","is_daily":false,"chose_seed":false,"campfire_upgraded":4,"win_rate":0.0,"timestamp":1610156404,"path_taken":["M","M","?","?","M","R","M","R","T","M","?","?","?","E","R","BOSS","M","?","?","M","?","R","E","R","T","R","E","$","M","M"],"items_purchased_type":["Relic","Card"],"build_version":"2020-12-22","purchased_purges":1,"victory":false,"max_hp_per_floor":[75,75,80,80,80,80,80,80,80,80,80,80,80,80,80,80,80,80,80,80,80,80,80,80,80,80,80,80,80,80,80,80],"relic_stats":{"Blood Vial":4,"counters":[15,53],"Pantograph":25,"Pandora\u0027s Box":["Metallicize","Combust","Uppercut","Inflame","Seeing Red","Searing Blow","Rupture","Impervious","Power Through"],"PreservedInsect":42,"Smiling Mask":25,"obtain_stats":[{"Blood Vial":29,"Girya":28,"Pantograph":9,"Pandora\u0027s Box":0,"PreservedInsect":24,"Toxic Egg 2":14,"Smiling Mask":26,"Burning Blood":0,"Mercury Hourglass":13,"Runic Cube":17},{"Blood Vial":13,"Girya":13,"Pantograph":4,"Pandora\u0027s Box":0,"PreservedInsect":12,"Toxic Egg 2":7,"Smiling Mask":12,"Burning Blood":0,"Mercury Hourglass":6,"Runic Cube":8},{"Blood Vial":46,"Girya":46,"Pantograph":12,"Pandora\u0027s Box":0,"PreservedInsect":44,"Toxic Egg 2":22,"Smiling Mask":44,"Burning Blood":0,"Mercury Hourglass":18,"Runic Cube":29}],"Mercury Hourglass":[153],"Runic Cube":[43]},"card_choices":[{"not_picked":["Bloodletting","Perfected Strike"],"picked":"Thunderclap","floor":1.0},{"not_picked":["Warcry","Thunderclap"],"picked":"Sword Boomerang","floor":2.0},{"not_picked":["Inflame","Warcry"],"picked":"Rupture","floor":5.0},{"not_picked":["Combust","Dark Embrace","Fire Breathing"],"picked":"SKIP","floor":7.0},{"not_picked":["Rampage","Sentinel","Anger"],"picked":"SKIP","floor":10.0},{"not_picked":["Clothesline","Armaments"],"picked":"Pommel Strike","floor":11.0},{"not_picked":["Feel No Pain","Havoc+1","True Grit+1"],"picked":"SKIP","floor":14},{"not_picked":["Immolate","Bludgeon"],"picked":"Brutality","floor":16},{"not_picked":["Body Slam","Ghostly Armor+1","Flame Barrier+1"],"picked":"SKIP","floor":18},{"not_picked":["Whirlwind","Fire Breathing","Rampage"],"picked":"SKIP","floor":20},{"not_picked":["Fire Breathing","Rampage"],"picked":"Whirlwind","floor":20},{"not_picked":["Thunderclap","Whirlwind+1","Perfected Strike"],"picked":"SKIP","floor":21},{"not_picked":["Searing Blow","Hemokinesis"],"picked":"Shrug It Off+1","floor":24},{"not_picked":["Twin Strike","Shrug It Off+1"],"picked":"Rage+1","floor":28},{"not_picked":["Anger","Headbutt+1"],"picked":"Sword Boomerang","floor":30}],"player_experience":1243752,"relics_obtained":[{"floor":9.0,"key":"Pantograph"},{"floor":13,"key":"Mercury Hourglass"},{"floor":14,"key":"Toxic Egg 2"},{"floor":24,"key":"PreservedInsect"},{"floor":26,"key":"Smiling Mask"},{"floor":28,"key":"Girya"}],"event_choices":[{"damage_healed":0.0,"max_hp_gain":5.0,"max_hp_loss":0.0,"gold_gain":0.0,"event_name":"Big Fish","player_choice":"Donut","floor":3.0,"gold_loss":0.0,"damage_taken":0.0},{"cards_removed":["Searing Blow"],"damage_healed":0.0,"max_hp_gain":0.0,"max_hp_loss":0.0,"gold_gain":0.0,"event_name":"Wheel of Change","player_choice":"Card Removal","floor":4.0,"gold_loss":0.0,"damage_taken":0.0},{"damage_healed":0,"gold_gain":0,"player_choice":"Fled","damage_taken":0,"max_hp_gain":0,"max_hp_loss":0,"event_name":"Scrap Ooze","floor":12,"gold_loss":0},{"damage_healed":0,"gold_gain":0,"player_choice":"0 cards matched","damage_taken":0,"max_hp_gain":0,"max_hp_loss":0,"event_name":"Match and Keep!","floor":19,"gold_loss":0,"cards_obtained":[]},{"damage_healed":0,"gold_gain":0,"player_choice":"Upgraded","damage_taken":0,"max_hp_gain":0,"max_hp_loss":0,"event_name":"Upgrade Shrine","floor":22,"gold_loss":0,"cards_upgraded":["Whirlwind"]}],"is_beta":false,"boss_relics":[{"not_picked":["Philosopher\u0027s Stone","Tiny House"],"picked":"Runic Cube"}],"items_purged_floors":[29],"is_endless":false,"potions_floor_spawned":[2,7,11,18,20,28],"killed_by":"Cultist and Chosen","ascension_level":19}}