{"host":"6pgtslebjnyv5xmi","time":1610182398,"event":{"mods":["AchievementEnabler","BaseMod","Colored Map","Minty Spire (QoL Compilation)","Rare Cards Sparkle","StSLib","SuperFastMode","The Hierophant","everything is the same but u backflip on backflip"],"gold_per_floor":[118,118,131,149,168,168,188,67,91,91,91,266,335,345,345,419,419,430,446,191,191,290,290,290,290],"floor_reached":24,"playtime":5472,"items_purged":["Strike_R","Strike_R"],"score":341,"play_id":"e0668a89-7b26-4503-b997-5e3dfd3eba5b","local_time":"20210109175318","is_ascension_mode":true,"campfire_choices":[{"data":"Sever Soul","floor":6,"key":"SMITH"},{"floor":15,"key":"REST"},{"data":"Limit Break","floor":23,"key":"SMITH"}],"circlet_count":0,"master_deck":["AscendersBane","Defend_R","Defend_R","Defend_R","Defend_R","Bash","Apotheosis+1","Sever Soul+1","Sentinel","Sword Boomerang","Clash","Doubt","Limit Break+1","Clash","Bite","Bite","Bite","Bite","Bite"],"relics":["Burning Blood","MealTicket","Art of War","Question Card","Mark of Pain","Vajra"],"acts_visited":["Exordium","TheCity"],"potions_floor_usage":[14,14,16,19],"damage_taken":[{"damage":2,"enemies":"Cultist","floor":1,"turns":5},{"damage":0,"enemies":"Small Slimes","floor":3,"turns":3},{"damage":5,"enemies":"2 Louse","floor":4,"turns":3},{"damage":20,"enemies":"Large Slime","floor":5,"turns":6},{"damage":16,"enemies":"Blue Slaver","floor":7,"turns":3},{"damage":0,"enemies":"Exordium Wildlife","floor":14,"turns":3},{"damage":62,"enemies":"Hexaghost","floor":16,"turns":11},{"damage":22,"enemies":"Shell Parasite","floor":18,"turns":5},{"damage":17,"enemies":"3 Byrds","floor":19,"turns":7},{"damage":61,"enemies":"3 Cultists","floor":24,"turns":4}],"seed_played":"1813751940496947072","potions_obtained":[{"floor":3,"key":"Swift Potion"},{"floor":5,"key":"Energy Potion"},{"floor":14,"key":"Fire Potion"},{"floor":16,"key":"LiquidMemories"},{"floor":18,"key":"Weak Potion"}],"is_trial":false,"path_per_floor":["M","?","M","M","M","R","M","$","T","?","?","?","T","M","R","B",null,"M","M","$","?","?","R","M"],"character_chosen":"IRONCLAD","items_purchased":["Clash","Vajra"],"campfire_rested":1,"item_purchase_floors":[8,20],"current_hp_per_floor":[68,68,68,68,54,54,44,44,44,37,37,37,37,43,63,7,53,37,26,41,41,41,41,0,0],"gold":290,"neow_bonus":"RANDOM_COLORLESS_2","is_daily":false,"chose_seed":false,"campfire_upgraded":2,"win_rate":0.0,"timestamp":1610182398,"path_taken":["M","?","M","M","M","R","M","$","T","?","?","?","?","M","R","BOSS","M","M","$","?","?","R","M"],"items_purchased_type":["Card","Relic"],"build_version":"2020-12-22","purchased_purges":2,"victory":false,"max_hp_per_floor":[68,68,68,68,68,68,68,68,68,68,68,68,68,68,68,68,68,68,68,68,47,47,47,47,47],"card_choices":[{"not_picked":["Magnetism","Secret Technique"],"picked":"Apotheosis","floor":0},{"not_picked":["Iron Wave","Clash"],"picked":"Sever Soul","floor":1},{"not_picked":["Anger","Headbutt","Intimidate"],"picked":"SKIP","floor":3},{"not_picked":["Twin Strike","Carnage"],"picked":"Sentinel","floor":4},{"not_picked":["Infernal Blade","Dropkick","Wild Strike"],"picked":"SKIP","floor":5},{"not_picked":["Armaments","Body Slam"],"picked":"Sword Boomerang","floor":7},{"not_picked":["Perfected Strike","Twin Strike","Rupture","Combust"],"picked":"SKIP","floor":14},{"not_picked":["Berserk","Fiend Fire","Exhume"],"picked":"Limit Break","floor":16},{"not_picked":["Headbutt","Cleave+1","True Grit","Bloodletting"],"picked":"SKIP","floor":18},{"not_picked":["Warcry","Battle Trance","Power Through+1"],"picked":"Clash","floor":19}],"player_experience":918224,"relics_obtained":[{"floor":9,"key":"MealTicket"},{"floor":13,"key":"Question Card"}],"event_choices":[{"damage_healed":0,"gold_gain":0,"player_choice":"Grow","damage_taken":0,"max_hp_gain":0,"max_hp_loss":0,"event_name":"Living Wall","floor":2,"gold_loss":0,"cards_upgraded":["Apotheosis"]},{"cards_removed":["Strike_R"],"damage_healed":0,"gold_gain":0,"player_choice":"Card Removal","damage_taken":7,"max_hp_gain":0,"max_hp_loss":0,"event_name":"Golden Wing","floor":10,"gold_loss":0},{"damage_healed":0,"gold_gain":0,"player_choice":"Searched \u00271\u0027 times","damage_taken":0,"relics_obtained":["Art of War"],"max_hp_gain":0,"max_hp_loss":0,"event_name":"Dead Adventurer","floor":11,"gold_loss":0},{"damage_healed":0,"gold_gain":175,"player_choice":"AGREE","damage_taken":0,"max_hp_gain":0,"max_hp_loss":0,"event_name":"Liars Game","floor":12,"gold_loss":0,"cards_obtained":["Doubt"]},{"damage_healed":0,"gold_gain":0,"player_choice":"Became a vampire","damage_taken":0,"max_hp_gain":0,"max_hp_loss":21,"event_name":"Vampires","floor":21,"gold_loss":0,"cards_obtained":["Bite","Bite","Bite","Bite","Bite"]},{"damage_healed":0,"gold_gain":99,"player_choice":"Stole From Cult","damage_taken":0,"max_hp_gain":0,"max_hp_loss":0,"event_name":"Nest","floor":22,"gold_loss":0}],"is_beta":false,"boss_relics":[{"not_picked":["Calling Bell","Cursed Key"],"picked":"Mark of Pain"}],"items_purged_floors":[8,20],"is_endless":false,"potions_floor_spawned":[3,5,14,16,18],"killed_by":"3 Cultists","ascension_level":14}}