{"host":"u3jctbsl7uavviuy","time":1610213207,"event":{"mods":["ATMod(阿瑾Mod)","Arknights The Spire","BaseMod","BetterRewards","GungeonMod","HololiveMod","Luminous","Marisa（F雨　魔理沙）","Minty Spire (QoL Compilation)","Relic Stats","Replay The Spire","Shop Mod","Spicy Shops","StSLib","TestMod","The Animator","The Cursed","The Gatherer","The Servant 0.9.4","WarShipGirlsR/战舰少女R mod","vexMod","篝火指南"],"gold_per_floor":[116,191,204,214,214,247,258,289,312,312,359,434,67,67,67,265,265,280,167,185,197,288,417,417,548,548,674,589,73,73,89,89,289,289,301,316,226,244,259,394,414,289,313,67,67,67,198,212,212,312],"floor_reached":51,"playtime":2418,"items_purged":["ats:Strike V","ats:Strike C","ats:Defend","ats:Defend"],"score":1143,"play_id":"362f5a90-9f61-47a1-9853-c9c8b5671f64","local_time":"20210110022647","is_ascension_mode":true,"campfire_choices":[{"data":"ats:Composite Medical Shells","floor":15,"key":"SMITH"},{"data":"ats:Echo Reverb","floor":24,"key":"SMITH"},{"data":"ats:Disruption Kick","floor":32,"key":"SMITH"},{"data":"ats:Counter Healing Mode","floor":46,"key":"SMITH"},{"data":"ats:Counter Healing Mode","floor":49,"key":"SMITH"}],"circlet_count":0,"master_deck":["ats:Strike S+1","ats:Defend","ats:Emotion Absorption","AT_FamilyPortrait","ats:Composite Medical Shells+1","ats:Thorns+1","ats:Assault Order","ats:Charging Defense+1","ats:Part Time Job+1","ats:Healing Drone","ats:Wolf Pack","ats:Part Time Job","ats:Part Time Job","ats:Counter Healing Mode+1","ats:Disruption Kick+1","ats:Shadow Assault","ats:Healing Drone+1","ats:Ignite+1","ats:Apocalypse","ats:Automatic Cover+1","ats:Revitalization+1","ats:Counter Healing Mode+1","ats:Song Of Battle","ats:Apocalypse","ats:Revitalization+1","ats:Roar Of Ursus"],"relics":["ats:Sanity","testmod-TestBox","AT_ATBox","testmod-Register","ats:Originium","AT_RedNoBalance","vexMod:ScavengeHelm","AT_BladeRuinedKing","MealTicket","AT_TheCollector","testmod-Temperance","Pen Nib","DemoMod:SerJunkan","testmod-InjuryResistance","testmod-IntensifyImprint","HornCleat","Nloth\u0027s Gift","Honey Jar","DemoMod:Junk","Blood Vial"],"acts_visited":["Exordium","TheCity","TheBeyond"],"potions_floor_usage":[18,23,27,50,50],"damage_taken":[{"damage":1.0,"enemies":"2 Louse","floor":1.0,"turns":4.0},{"damage":0.0,"enemies":"Cultist","floor":3.0,"turns":3.0},{"damage":10.0,"enemies":"Jaw Worm","floor":4.0,"turns":6.0},{"damage":24.0,"enemies":"Gremlin Nob","floor":6.0,"turns":4.0},{"damage":0.0,"enemies":"Large Slime","floor":7.0,"turns":7.0},{"damage":0.0,"enemies":"Lagavulin","floor":8.0,"turns":10.0},{"damage":28,"enemies":"The Guardian","floor":16,"turns":12},{"damage":18,"enemies":"Chosen","floor":18,"turns":4},{"damage":16,"enemies":"3 Byrds","floor":20,"turns":3},{"damage":25,"enemies":"Snake Plant","floor":21,"turns":5},{"damage":32,"enemies":"Slavers","floor":23,"turns":5},{"damage":38,"enemies":"Gremlin Leader","floor":25,"turns":6},{"damage":27,"enemies":"Slavers","floor":27,"turns":6},{"damage":22,"enemies":"Cultist and Chosen","floor":31,"turns":5},{"damage":21,"enemies":"Collector","floor":33,"turns":6},{"damage":0,"enemies":"3 Shapes","floor":35,"turns":2},{"damage":35,"enemies":"Orb Walker","floor":36,"turns":5},{"damage":58,"enemies":"Spire Growth","floor":38,"turns":5},{"damage":47,"enemies":"Maw","floor":39,"turns":7},{"damage":10,"enemies":"Nemesis","floor":40,"turns":5},{"damage":6,"enemies":"4 Shapes","floor":41,"turns":2},{"damage":38,"enemies":"Reptomancer","floor":47,"turns":5},{"damage":21,"enemies":"Jaw Worm Horde","floor":48,"turns":2},{"damage":43,"enemies":"Time Eater","floor":50,"turns":5}],"seed_played":"180432277033047988","potions_obtained":[{"floor":1.0,"key":"Block Potion"},{"floor":8.0,"key":"Ancient Potion"},{"floor":16,"key":"FearPotion"},{"floor":18,"key":"Explosive Potion"},{"floor":27,"key":"FearPotion"},{"floor":33,"key":"Strength Potion"},{"floor":38,"key":"Fire Potion"},{"floor":39,"key":"GamblersBrew"},{"floor":41,"key":"BlessingOfTheForge"}],"is_trial":false,"path_per_floor":["M","?","M","M","?","E","M","E","T","?","T","?","$","?","R","B",null,"M","$","M","M","?","E","R","E","T","E","?","$","?","M","R","B",null,"M","M","?","M","M","E","M","$","T","R","$","R","E","M","R","B",null],"character_chosen":"DOCTOR_CLASS","items_purchased":["ats:Composite Medical Shells","ats:Thorns","ats:Assault Order","ats:Healing Drone","AT_TheCollector","ats:Part Time Job","ats:Counter Healing Mode","HornCleat","ats:Song Of Battle","ats:Apocalypse"],"campfire_rested":0,"item_purchase_floors":[0,0,0,13,13,19,29,29,44,44],"current_hp_per_floor":[60,53,53,50,36,13,42,50,50,50,50,39,54,59,59,63,77,41,56,64,77,58,62,62,68,68,77,77,77,77,75,75,77,77,77,61,61,57,46,76,77,77,77,77,77,77,52,51,51,50],"gold":312,"neow_bonus":"","is_daily":false,"chose_seed":false,"campfire_upgraded":5,"win_rate":0.0,"timestamp":1610213207,"path_taken":["M","?","?","?","?","E","M","E","T","?","?","?","$","?","R","BOSS","M","$","M","M","?","E","R","E","T","E","?","$","?","M","R","BOSS","M","M","?","?","?","E","M","$","T","R","?","R","E","M","R","BOSS"],"items_purchased_type":["Card","Card","Card","Card","Relic","Card","Card","Relic","Card","Card"],"build_version":"2020-12-22","purchased_purges":4,"victory":true,"max_hp_per_floor":[72,72,72,72,72,72,72,72,72,72,72,72,72,77,77,77,77,77,77,77,77,77,77,77,77,77,77,77,77,77,77,77,77,77,77,77,77,77,77,77,77,77,77,77,77,77,77,77,77,77],"relic_stats":{"Blood Vial":4,"counters":[108,505],"MealTicket":30,"Pen Nib":[2],"Nloth\u0027s Gift":8,"obtain_stats":[{"Ice Cream":20,"Golden Egg":14,"AT_ATBox":0,"Gremlin Horn":11,"DemoMod:GlassGuonStoneRelic":1,"AT_TimeSand":10,"Bottled Tornado":46,"Sling":49,"Old Coin":9,"Blood Vial":43,"Replay:Ringing Soul":32,"HornCleat":29,"DollysMirror":20,"DemoMod:Metronome":26,"Honey Jar":34,"MealTicket":11,"Kunai":49,"AT_RedNoBalance":18,"AT_GuinsooRageblade":38,"ats:Rhine Circuitry":27,"MerchantsRug":0,"testmod-IntensifyImprint":27,"testmod-TestBox":0,"Pear":49,"Happy Flower":40,"testmod-Register":0,"vexMod:ScavengeHelm":8,"testmod-FatalChain":4,"DemoMod:OrangeGuonStone":26,"Blue Candle":9,"Oddly Smooth Stone":27,"AT_PhaseBoots":33,"Pen Nib":42,"AT_SilverBalance":6,"vexMod:PaidLearning":24,"Replay:Kaleidoscope":23,"vexMod:Cooldron":32,"AT_SpeedBoots":20,"DemoMod:MeatBun":49,"AT_TheCollector":13,"testmod-Acrobat":2,"Simple Rune":10,"Onion Ring":32,"DemoMod:SerJunkan":30,"ReplayTheSpireMod:TigerMarble":0,"Nloth\u0027s Gift":30,"AT_DeathDance":38,"Mirror":30,"ReplayFunnel":49,"ats:Ability Aura":17,"vexMod:PlasmaPancake":17,"testmod-Temperance":17,"testmod-EqualTreatment":12,"Incense Burner":34,"Bag of Preparation":46,"testmod-Nyarlathotep":9,"DemoMod:WhiteGuonStone":24,"Smiling Mask":28,"Replay:Rubber Ducky":0,"testmod-CrystalShield":12,"testmod-InjuryResistance":26,"Gambling Chip":20,"Toolbox":5,"testmod-Déjàvu":0,"Red Mask":25,"ats:Sanity":0,"Chemical X":40,"Potion Belt":23,"DemoMod:Junk":44,"Gremlin Food":47,"BargainBundle":38,"NeowsBlessing":0,"vexMod:ConsolationPrize":17,"DemoMod:WeirdEgg":28,"The Courier":6,"AT_BladeRuinedKing":43,"Omamori":0,"testmod-TurbochargingSystem":8,"testmod-IndustrialRevolution":26,"ats:Gyao":8,"Calling Bell":17,"vexMod:Dragonfruit":34,"Peace Pipe":7,"Pondfish Scales":6,"Anchor":40,"AT_BellowingDragoncrestRing":4,"vexMod:BarristanHead":9,"ats:Originium":10,"Orrery":44,"ats:Tactical Delivery":34,"Bottled Lightning":44,"Membership Card":46},{"Ice Cream":53,"Golden Egg":21,"AT_ATBox":0,"Gremlin Horn":48,"DemoMod:GlassGuonStoneRelic":1,"AT_TimeSand":77,"Bottled Tornado":67,"Sling":69,"Old Coin":17,"Blood Vial":37,"Replay:Ringing Soul":60,"HornCleat":97,"DollysMirror":53,"DemoMod:Metronome":55,"Honey Jar":99,"MealTicket":90,"Kunai":69,"AT_RedNoBalance":92,"AT_GuinsooRageblade":63,"ats:Rhine Circuitry":56,"MerchantsRug":41,"testmod-IntensifyImprint":97,"testmod-TestBox":0,"Pear":69,"Happy Flower":36,"testmod-Register":0,"vexMod:ScavengeHelm":90,"testmod-FatalChain":15,"DemoMod:OrangeGuonStone":28,"Blue Candle":76,"Oddly Smooth Stone":28,"AT_PhaseBoots":61,"Pen Nib":65,"AT_SilverBalance":88,"vexMod:PaidLearning":10,"Replay:Kaleidoscope":10,"vexMod:Cooldron":32,"AT_SpeedBoots":53,"DemoMod:MeatBun":69,"AT_TheCollector":90,"testmod-Acrobat":43,"Simple Rune":4,"Onion Ring":60,"DemoMod:SerJunkan":59,"ReplayTheSpireMod:TigerMarble":12,"Nloth\u0027s Gift":97,"AT_DeathDance":34,"Mirror":31,"ReplayFunnel":69,"ats:Ability Aura":7,"vexMod:PlasmaPancake":7,"testmod-Temperance":91,"testmod-EqualTreatment":78,"Incense Burner":61,"Bag of Preparation":67,"testmod-Nyarlathotep":3,"DemoMod:WhiteGuonStone":55,"Smiling Mask":97,"Replay:Rubber Ducky":41,"testmod-CrystalShield":20,"testmod-InjuryResistance":96,"Gambling Chip":53,"Toolbox":44,"testmod-Déjàvu":0,"Red Mask":28,"ats:Sanity":0,"Chemical X":64,"Potion Belt":27,"DemoMod:Junk":66,"Gremlin Food":68,"BargainBundle":34,"NeowsBlessing":0,"vexMod:ConsolationPrize":7,"DemoMod:WeirdEgg":97,"The Courier":17,"AT_BladeRuinedKing":65,"Omamori":41,"testmod-TurbochargingSystem":17,"testmod-IndustrialRevolution":11,"ats:Gyao":47,"Calling Bell":7,"vexMod:Dragonfruit":61,"Peace Pipe":75,"Pondfish Scales":45,"Anchor":64,"AT_BellowingDragoncrestRing":44,"vexMod:BarristanHead":47,"ats:Originium":4,"Orrery":37,"ats:Tactical Delivery":33,"Bottled Lightning":37,"Membership Card":67},{"Ice Cream":260,"Golden Egg":86,"AT_ATBox":0,"Gremlin Horn":237,"DemoMod:GlassGuonStoneRelic":1,"AT_TimeSand":347,"Bottled Tornado":315,"Sling":322,"Old Coin":69,"Blood Vial":179,"Replay:Ringing Soul":284,"HornCleat":456,"DollysMirror":260,"DemoMod:Metronome":267,"Honey Jar":467,"MealTicket":415,"Kunai":322,"AT_RedNoBalance":427,"AT_GuinsooRageblade":297,"ats:Rhine Circuitry":270,"MerchantsRug":201,"testmod-IntensifyImprint":456,"testmod-TestBox":0,"Pear":322,"Happy Flower":173,"testmod-Register":0,"vexMod:ScavengeHelm":415,"testmod-FatalChain":54,"DemoMod:OrangeGuonStone":129,"Blue Candle":344,"Oddly Smooth Stone":129,"AT_PhaseBoots":288,"Pen Nib":305,"AT_SilverBalance":398,"vexMod:PaidLearning":39,"Replay:Kaleidoscope":39,"vexMod:Cooldron":153,"AT_SpeedBoots":260,"DemoMod:MeatBun":322,"AT_TheCollector":415,"testmod-Acrobat":208,"Simple Rune":11,"Onion Ring":284,"DemoMod:SerJunkan":281,"ReplayTheSpireMod:TigerMarble":47,"Nloth\u0027s Gift":456,"AT_DeathDance":166,"Mirror":148,"ReplayFunnel":322,"ats:Ability Aura":26,"vexMod:PlasmaPancake":26,"testmod-Temperance":427,"testmod-EqualTreatment":348,"Incense Burner":292,"Bag of Preparation":315,"testmod-Nyarlathotep":3,"DemoMod:WhiteGuonStone":267,"Smiling Mask":456,"Replay:Rubber Ducky":201,"testmod-CrystalShield":81,"testmod-InjuryResistance":450,"Gambling Chip":260,"Toolbox":214,"testmod-Déjàvu":0,"Red Mask":129,"ats:Sanity":0,"Chemical X":301,"Potion Belt":127,"DemoMod:Junk":310,"Gremlin Food":319,"BargainBundle":166,"NeowsBlessing":0,"vexMod:ConsolationPrize":26,"DemoMod:WeirdEgg":456,"The Courier":69,"AT_BladeRuinedKing":305,"Omamori":201,"testmod-TurbochargingSystem":69,"testmod-IndustrialRevolution":46,"ats:Gyao":228,"Calling Bell":26,"vexMod:Dragonfruit":292,"Peace Pipe":341,"Pondfish Scales":220,"Anchor":301,"AT_BellowingDragoncrestRing":214,"vexMod:BarristanHead":228,"ats:Originium":11,"Orrery":179,"ats:Tactical Delivery":162,"Bottled Lightning":179,"Membership Card":315}]},"card_choices":[{"not_picked":["ats:Assault Order","ats:Red Shift"],"picked":"ats:Charging Defense","floor":1.0},{"not_picked":["ats:Childhood Dance","ats:Ignite","ats:Hook Shot"],"picked":"SKIP","floor":3.0},{"not_picked":["ats:Powerful Strike","ats:Sword Rain","ats:Poison Spread"],"picked":"SKIP","floor":4.0},{"not_picked":["ats:Overload","ats:Childhood Dance"],"picked":"ats:Revitalization","floor":6.0},{"not_picked":["ats:Charging Defense","ats:Childhood Dance"],"picked":"ats:Rat Pack","floor":7.0},{"not_picked":["ats:Leaping Hammer","ats:Flexible Camouflage"],"picked":"ats:Part Time Job","floor":8.0},{"not_picked":["ats:True Silver Slash","ats:Ambush"],"picked":"ats:Wolf Pack","floor":16},{"not_picked":["ats:Revitalization+1","ats:Assault Order"],"picked":"ats:Part Time Job","floor":18},{"not_picked":["ats:Rapid Magazine","ats:Consecutive Shot Auto","ats:Assault Order"],"picked":"SKIP","floor":20},{"not_picked":["ats:Ignite","ats:Shadow Raid+1","ats:Cat Scratch"],"picked":"SKIP","floor":21},{"not_picked":["ats:Shell Defense","ats:Revitalization"],"picked":"ats:Echo Reverb","floor":22},{"not_picked":["ats:Wolf Pack","ats:Childhood Dance","ats:Leaping Hammer+1"],"picked":"SKIP","floor":23},{"not_picked":["ats:Cat Scratch","ats:Flame Of Heaven","ats:Blood Oath"],"picked":"SKIP","floor":25},{"not_picked":["ats:Encircling Forest","ats:Assault Order","ats:Curse Doll"],"picked":"SKIP","floor":27},{"not_picked":["ats:Powerful Strike+1","ats:Guardian Obelisk+1"],"picked":"ats:Disruption Kick","floor":31},{"not_picked":["ats:Disruption Kick","ats:Rat Pack"],"picked":"ats:Shadow Assault","floor":33},{"not_picked":["ats:Shell Defense+1","ats:Nebulous Foxfire","ats:Flexible Camouflage+1"],"picked":"ats:Healing Drone+1","floor":35},{"not_picked":["ats:Consecutive Shot Auto","ats:Overload+1","ats:Cat Scratch+1"],"picked":"ats:Ignite+1","floor":36},{"not_picked":["ats:Revitalization+1","ats:Part Time Job+1","ats:Powerful Strike"],"picked":"ats:Apocalypse","floor":38},{"not_picked":["ats:Cat Scratch+1","ats:Spore Proliferation","ats:Consecutive Shot Auto+1"],"picked":"ats:Automatic Cover+1","floor":39},{"not_picked":["ats:Demon Strength","ats:Ambush","ats:Steam Pump"],"picked":"ats:Revitalization+1","floor":40},{"not_picked":["ats:Red Shift","ats:Apocalypse+1","ats:Assault Order"],"picked":"ats:Counter Healing Mode","floor":41},{"not_picked":["ats:Hammer On","ats:Echo Reverb","ats:Rat Pack"],"picked":"ats:Revitalization+1","floor":47},{"not_picked":["ats:Soul Absorption+1","ats:Collapsing Strike","ats:Ignite"],"picked":"ats:Roar Of Ursus","floor":48}],"player_experience":423371,"relics_obtained":[{"floor":6.0,"key":"ats:Originium"},{"floor":6.0,"key":"AT_SilverBalance"},{"floor":8.0,"key":"ats:Originium"},{"floor":8.0,"key":"vexMod:ScavengeHelm"},{"floor":9.0,"key":"AT_BladeRuinedKing"},{"floor":11.0,"key":"MealTicket"},{"floor":23,"key":"ats:Originium"},{"floor":23,"key":"Pen Nib"},{"floor":25,"key":"DemoMod:SerJunkan"},{"floor":26,"key":"testmod-InjuryResistance"},{"floor":27,"key":"testmod-IntensifyImprint"},{"floor":40,"key":"DemoMod:Junk"},{"floor":43,"key":"Blood Vial"},{"floor":47,"key":"DemoMod:Junk"}],"event_choices":[{"damage_healed":0.0,"max_hp_gain":0.0,"max_hp_loss":0.0,"gold_gain":75.0,"event_name":"FaceTrader","player_choice":"Touch","floor":2.0,"gold_loss":0.0,"damage_taken":7.0},{"damage_healed":0.0,"max_hp_gain":0.0,"max_hp_loss":0.0,"gold_gain":0.0,"event_name":"Shining Light","player_choice":"Entered Light","floor":5.0,"gold_loss":0.0,"damage_taken":14.0,"cards_upgraded":["ats:Strike S","ats:Charging Defense"]},{"damage_healed":0.0,"max_hp_gain":0.0,"max_hp_loss":0.0,"gold_gain":75.0,"event_name":"World of Goop","player_choice":"Gather Gold","floor":12.0,"gold_loss":0.0,"damage_taken":11.0},{"damage_healed":0,"gold_gain":0,"player_choice":"Donut","damage_taken":0,"max_hp_gain":5,"max_hp_loss":0,"event_name":"Big Fish","floor":14,"gold_loss":0},{"damage_healed":0,"gold_gain":0,"player_choice":"Obtained Relic","damage_taken":0,"relics_obtained":["DemoMod:WeirdEgg"],"max_hp_gain":0,"max_hp_loss":0,"event_name":"Addict","floor":28,"gold_loss":85},{"damage_healed":0,"gold_gain":0,"player_choice":"Traded Relic","damage_taken":0,"relics_obtained":["Nloth\u0027s Gift"],"max_hp_gain":0,"max_hp_loss":0,"event_name":"N\u0027loth","floor":30,"relics_lost":["Smiling Mask"],"gold_loss":0},{"cards_removed":["ats:Rat Pack"],"damage_healed":0,"gold_gain":0,"player_choice":"Upgrade and Remove","damage_taken":0,"max_hp_gain":0,"max_hp_loss":0,"event_name":"Designer","floor":37,"gold_loss":90,"cards_upgraded":["ats:Part Time Job"]}],"is_beta":false,"boss_relics":[{"not_picked":["Snecko Eye","Painkiller Herb"],"picked":"testmod-Temperance"},{"not_picked":["Replay:Drink Me","Fusion Hammer"],"picked":"Honey Jar"}],"items_purged_floors":[19,29,42,44],"is_endless":false,"potions_floor_spawned":[1,8,16,18,27,33,38,39,41],"ascension_level":2}}