{"host":"6p0attdrtjqaih7v","time":1610234403,"event":{"mods":["2.2 Compatiblity","AchievementEnabler","Bard","BaseMod","Better Skull","Better Third Choice","Colored Powertips","Hermit","Highlight Path","Jorbs\u0027s Wanderer Trilogy","Key Reminder","Minty Spire (QoL Compilation)","Permanent Neow","Quick Restart","Random Character Button","Relic Stats","Replay The Spire","Robot Space Explorer","StSLib"],"gold_per_floor":[112,112,127,181,196,196,214,228,228,241,271,4,19,50,50,50,50],"floor_reached":16,"playtime":562,"items_purged":[],"score":228,"play_id":"dee56b53-7413-422c-bfd0-b98bf562ef0a","local_time":"20210109182003","is_ascension_mode":true,"campfire_choices":[{"data":"hermit:Snapshot","floor":6,"key":"SMITH"},{"data":"hermit:LoneWolf","floor":15,"key":"SMITH"}],"circlet_count":0,"master_deck":["AscendersBane","hermit:Strike_Hermit","hermit:Strike_Hermit","hermit:Strike_Hermit","hermit:Strike_Hermit","hermit:Defend_Hermit","hermit:Defend_Hermit","hermit:Defend_Hermit","hermit:Defend_Hermit","hermit:Snapshot+1","hermit:Covet","hermit:Malice","Regret","hermit:Gambit","hermit:Desperado","hermit:PistolWhip","hermit:FlashPowder","hermit:Horror","hermit:LoneWolf+1","hermit:Roughhouse","hermit:Roulette"],"relics":["hermit:Momento","Turnip","Omamori","Sundial","Replay:WaspNest","Replay:Ringing Soul","Meat on the Bone"],"acts_visited":["Exordium"],"potions_floor_usage":[14,16],"damage_taken":[{"damage":0,"enemies":"Small Slimes","floor":1,"turns":4},{"damage":0,"enemies":"2 Louse","floor":3,"turns":2},{"damage":2,"enemies":"Jaw Worm","floor":5,"turns":2},{"damage":7,"enemies":"Looter","floor":7,"turns":3},{"damage":0,"enemies":"Large Slime","floor":8,"turns":2},{"damage":6,"enemies":"2 Fungi Beasts","floor":10,"turns":3},{"damage":3,"enemies":"3 Sentries","floor":11,"turns":4},{"damage":5,"enemies":"Exordium Wildlife","floor":13,"turns":3},{"damage":3,"enemies":"Lagavulin","floor":14,"turns":7},{"damage":49,"enemies":"Slime Boss","floor":16,"turns":7}],"seed_played":"2810111415400278212","potions_obtained":[{"floor":4,"key":"LifebloodPotion"},{"floor":4,"key":"LiquidBronze"},{"floor":13,"key":"Weak Potion"}],"is_trial":false,"path_per_floor":["M","?","M","?","M","R","M","M","T","M","E","$","M","E","R","B"],"character_chosen":"HERMIT","items_purchased":["Replay:Ringing Soul"],"campfire_rested":0,"item_purchase_floors":[12],"current_hp_per_floor":[64,64,64,64,62,62,55,55,55,49,46,46,44,44,44,0,0],"gold":50,"neow_bonus":"ONE_RARE_RELIC","is_daily":false,"chose_seed":false,"campfire_upgraded":2,"win_rate":0.0,"timestamp":1610234403,"path_taken":["M","?","M","?","M","R","?","M","T","M","E","$","M","E","R","BOSS"],"items_purchased_type":["Relic"],"build_version":"2020-12-22","purchased_purges":0,"victory":false,"max_hp_per_floor":[64,64,64,64,64,64,64,64,64,64,64,64,67,70,70,70,70],"relic_stats":{"counters":[10,37],"Sundial":[2],"Turnip":[22],"obtain_stats":[{"Replay:Ringing Soul":12,"Sundial":9,"Turnip":0,"Replay:WaspNest":11,"Omamori":2,"hermit:Momento":0,"Meat on the Bone":14},{"Replay:Ringing Soul":7,"Sundial":5,"Turnip":0,"Replay:WaspNest":7,"Omamori":1,"hermit:Momento":0,"Meat on the Bone":9},{"Replay:Ringing Soul":20,"Sundial":13,"Turnip":0,"Replay:WaspNest":20,"Omamori":4,"hermit:Momento":0,"Meat on the Bone":30}],"Meat on the Bone":0},"card_choices":[{"not_picked":["hermit:SprayPray","hermit:WideOpen"],"picked":"hermit:Malice","floor":1},{"not_picked":["hermit:Headshot","hermit:Feint"],"picked":"hermit:Gambit","floor":3},{"not_picked":["hermit:Glare","hermit:ShadowCloak"],"picked":"hermit:Desperado","floor":5},{"not_picked":["hermit:Quickdraw","hermit:Manifest"],"picked":"hermit:PistolWhip","floor":7},{"not_picked":["hermit:DeadMansHand","hermit:TrackingShot"],"picked":"hermit:FlashPowder","floor":8},{"not_picked":["hermit:WideOpen","hermit:CursedWeapon"],"picked":"hermit:Horror","floor":10},{"not_picked":["hermit:EyeOfTheStorm","hermit:ItchyTrigger"],"picked":"hermit:LoneWolf","floor":11},{"not_picked":["hermit:Vantage","hermit:Misfire"],"picked":"hermit:Roughhouse","floor":13},{"not_picked":["hermit:LowProfile","hermit:LoneWolf"],"picked":"hermit:Roulette","floor":14}],"player_experience":807522,"relics_obtained":[{"floor":9,"key":"Sundial"},{"floor":11,"key":"Replay:WaspNest"},{"floor":14,"key":"Meat on the Bone"}],"event_choices":[{"damage_healed":0,"gold_gain":0,"player_choice":"Box","damage_taken":0,"relics_obtained":["Omamori"],"max_hp_gain":0,"max_hp_loss":0,"event_name":"Big Fish","floor":2,"gold_loss":0,"cards_obtained":["Regret"]}],"is_beta":false,"boss_relics":[],"items_purged_floors":[],"is_endless":false,"potions_floor_spawned":[5,10,13],"killed_by":"Slime Boss","ascension_level":20}}