{"host":"ynimr9ugvc6f046i","time":1610177130,"event":{"mods":["2.2 Compatiblity","BaseMod","Colored Map","DeckTracker","Highlight Path","Keyboard Shortcuts","Minty Spire (QoL Compilation)","Permanent Neow","Quick Restart","StSLib","SuperFastMode","UnlockEverythingMod"],"gold_per_floor":[112,37,48,48,59,59,94,94,94,169,188,198,210,242,242,321,321,340,102,113,113,28,28,42,42,42,42,71,71,106,119,119,119,119],"floor_reached":33,"playtime":553,"items_purged":["Strike_P"],"score":790,"play_id":"ebc8e183-d7e6-4b9f-9ddb-c706f46a8b35","local_time":"20210109162530","is_ascension_mode":true,"campfire_choices":[{"data":"Apotheosis","floor":6.0,"key":"SMITH"},{"floor":8.0,"key":"REST"},{"data":"Eruption","floor":15.0,"key":"SMITH"},{"floor":23.0,"key":"REST"},{"floor":25.0,"key":"RECALL"},{"data":"Study","floor":32.0,"key":"SMITH"}],"circlet_count":0,"master_deck":["AscendersBane","Strike_P","Defend_P","Defend_P","Defend_P","Eruption+1","Vigilance","Apotheosis+1","FlurryOfBlows","Ragnarok+1","EmptyFist+1","WheelKick+1","Study+1","Weave+1","CrushJoints+1","Vault"],"relics":["PureWater","Molten Egg 2","Potion Belt","FossilizedHelix","VioletLotus","Medical Kit","Incense Burner","Question Card","Tiny Chest","Thread and Needle"],"acts_visited":["Exordium","TheCity"],"potions_floor_usage":[],"damage_taken":[{"damage":1.0,"enemies":"Small Slimes","floor":1.0,"turns":4.0},{"damage":4.0,"enemies":"Jaw Worm","floor":3.0,"turns":4.0},{"damage":3.0,"enemies":"2 Louse","floor":5.0,"turns":2.0},{"damage":36.0,"enemies":"Gremlin Nob","floor":7.0,"turns":4.0},{"damage":8.0,"enemies":"Exordium Wildlife","floor":11.0,"turns":4.0},{"damage":0.0,"enemies":"Exordium Thugs","floor":12.0,"turns":1.0},{"damage":3.0,"enemies":"Blue Slaver","floor":13.0,"turns":2.0},{"damage":0.0,"enemies":"3 Sentries","floor":14.0,"turns":2.0},{"damage":0.0,"enemies":"Hexaghost","floor":16.0,"turns":4.0},{"damage":0.0,"enemies":"Spheric Guardian","floor":18.0,"turns":2.0},{"damage":0.0,"enemies":"Shell Parasite","floor":20.0,"turns":3.0},{"damage":0.0,"enemies":"3 Cultists","floor":24.0,"turns":4.0},{"damage":0.0,"enemies":"Book of Stabbing","floor":28.0,"turns":4.0},{"damage":11.0,"enemies":"Gremlin Leader","floor":30.0,"turns":6.0},{"damage":0.0,"enemies":"Snake Plant","floor":31.0,"turns":1.0},{"damage":46,"enemies":"Collector","floor":33,"turns":5}],"seed_played":"-8497713613325642782","potions_obtained":[{"floor":1.0,"key":"Explosive Potion"},{"floor":11.0,"key":"SneckoOil"},{"floor":12.0,"key":"SpeedPotion"},{"floor":13.0,"key":"GamblersBrew"},{"floor":16.0,"key":"BlessingOfTheForge"},{"floor":18.0,"key":"Strength Potion"},{"floor":20.0,"key":"LiquidBronze"},{"floor":28.0,"key":"Fire Potion"}],"is_trial":false,"path_per_floor":["M","?","M","?","M","R","E","R","T","?","M","M","M","E","R","B",null,"M","$","M","?","?","R","M","R","T","?","E","$","E","M","R","B"],"character_chosen":"WATCHER","items_purchased":["Medical Kit"],"campfire_rested":2,"item_purchase_floors":[19],"current_hp_per_floor":[60,60,56,49,46,46,10,30,30,19,11,11,8,8,8,8,53,53,53,53,34,34,55,55,55,55,55,55,55,44,44,44,0,0],"gold":119,"neow_bonus":"RANDOM_COLORLESS_2","is_daily":false,"chose_seed":false,"campfire_upgraded":3,"win_rate":0.0,"timestamp":1610177130,"path_taken":["M","?","M","?","M","R","E","R","T","?","?","M","M","E","R","BOSS","M","$","M","?","?","R","M","R","T","?","E","$","E","M","R","BOSS"],"items_purchased_type":["Relic"],"build_version":"2020-12-22","purchased_purges":1,"victory":false,"max_hp_per_floor":[68,68,68,68,68,68,68,68,68,68,68,68,68,68,68,68,68,68,68,68,73,73,73,73,73,73,73,73,73,73,73,73,73,73],"card_choices":[{"not_picked":["Chrysalis","Secret Weapon"],"picked":"Apotheosis","floor":0.0},{"not_picked":["PathToVictory","FlyingSleeves"],"picked":"FlurryOfBlows","floor":1.0},{"not_picked":["FollowUp","ThirdEye","Protect"],"picked":"SKIP","floor":3.0},{"not_picked":["ThirdEye","FollowUp","BowlingBash"],"picked":"SKIP","floor":5.0},{"not_picked":["Protect","WindmillStrike+1"],"picked":"Ragnarok+1","floor":7.0},{"not_picked":["WreathOfFlame","Vengeance","ForeignInfluence"],"picked":"SKIP","floor":11.0},{"not_picked":["Worship","Wireheading"],"picked":"EmptyFist+1","floor":12.0},{"not_picked":["EmptyFist+1","SashWhip+1"],"picked":"WheelKick+1","floor":13.0},{"not_picked":["FollowUp+1","Crescendo","Blasphemy"],"picked":"SKIP","floor":14.0},{"not_picked":["FlurryOfBlows+1","Crescendo","Fasting2"],"picked":"SKIP","floor":18.0},{"not_picked":["EmptyFist+1","CrushJoints+1","Consecrate+1"],"picked":"SKIP","floor":20.0},{"not_picked":["SashWhip+1","Protect","Consecrate+1"],"picked":"SKIP","floor":24.0},{"not_picked":["Consecrate+1","Establishment","Swivel","Wallop+1"],"picked":"SKIP","floor":28.0},{"not_picked":["CrushJoints+1","FearNoEvil+1","JustLucky+1","EmptyFist+1"],"picked":"SKIP","floor":30.0},{"not_picked":["FearNoEvil+1","JustLucky+1","EmptyFist+1"],"picked":"CrushJoints+1","floor":30.0},{"not_picked":["Indignation","Prostrate","PathToVictory"],"picked":"Vault","floor":31.0}],"player_experience":527351,"relics_obtained":[{"floor":7.0,"key":"Molten Egg 2"},{"floor":9.0,"key":"Potion Belt"},{"floor":14.0,"key":"FossilizedHelix"},{"floor":26.0,"key":"Question Card"},{"floor":28.0,"key":"Tiny Chest"},{"floor":30.0,"key":"Thread and Needle"}],"event_choices":[{"cards_removed":["Doubt"],"damage_healed":0.0,"max_hp_gain":0.0,"max_hp_loss":0.0,"gold_gain":0.0,"event_name":"The Cleric","player_choice":"Card Removal","floor":2.0,"gold_loss":75.0,"damage_taken":0.0},{"cards_removed":["Strike_P"],"damage_healed":0.0,"max_hp_gain":0.0,"max_hp_loss":0.0,"gold_gain":0.0,"event_name":"Golden Wing","player_choice":"Card Removal","floor":4.0,"gold_loss":0.0,"damage_taken":7.0},{"damage_healed":0.0,"max_hp_gain":0.0,"max_hp_loss":0.0,"gold_gain":75.0,"event_name":"World of Goop","player_choice":"Gather Gold","floor":10.0,"gold_loss":0.0,"damage_taken":11.0},{"damage_healed":0.0,"max_hp_gain":5.0,"max_hp_loss":0.0,"gold_gain":0.0,"event_name":"Forgotten Altar","player_choice":"Shed Blood","floor":21.0,"gold_loss":0.0,"damage_taken":24.0},{"damage_healed":0.0,"max_hp_gain":0.0,"max_hp_loss":0.0,"gold_gain":0.0,"event_name":"Addict","player_choice":"Obtained Relic","floor":22.0,"gold_loss":85.0,"damage_taken":0.0,"relics_obtained":["Incense Burner"]},{"damage_healed":0.0,"max_hp_gain":0.0,"max_hp_loss":0.0,"gold_gain":0.0,"cards_transformed":["Strike_P","Defend_P"],"event_name":"Drug Dealer","player_choice":"Became Test Subject","floor":27.0,"gold_loss":0.0,"damage_taken":0.0,"cards_obtained":["Study","Weave"]}],"is_beta":false,"boss_relics":[{"not_picked":["Busted Crown","Ectoplasm"],"picked":"VioletLotus"}],"items_purged_floors":[19],"is_endless":false,"potions_floor_spawned":[1,11,12,13,16,18,20,28],"killed_by":"Collector","ascension_level":20}}