{"host":"19t2eyow02s954g8","time":1610214956,"event":{"mods":["BaseMod","Colored Map","DeckTracker","Minty Spire (QoL Compilation)","StSLib","SuperFastMode"],"gold_per_floor":[111,261,261,11,31,61,31,31,31,57,57,57,85,30,30,104,104,123,23,23,23],"floor_reached":20,"playtime":599,"items_purged":["Strike_G","Corpse Explosion"],"score":422,"play_id":"02b0a981-c918-47f9-a86f-f8397d5f5278","local_time":"20210110025556","is_ascension_mode":true,"campfire_choices":[{"data":"Blade Dance","floor":8.0,"key":"SMITH"},{"data":"Blade Dance","floor":11.0,"key":"SMITH"},{"data":"Neutralize","floor":15.0,"key":"SMITH"}],"circlet_count":0,"master_deck":["AscendersBane","Survivor","Neutralize+1","Blade Dance+1","Tactician","Dramatic Entrance","Prepared","Acrobatics","Blade Dance+1","Noxious Fumes","Corpse Explosion","Grand Finale","Slice","Wraith Form v2","Backstab","A Thousand Cuts","Storm of Steel","Corpse Explosion","Tools of the Trade"],"relics":["Ring of the Snake","NeowsBlessing","Vajra","Anchor","Pocketwatch","Letter Opener","Pandora\u0027s Box"],"acts_visited":["Exordium","TheCity"],"potions_floor_usage":[16],"damage_taken":[{"damage":0.0,"enemies":"Jaw Worm","floor":1.0,"turns":1.0},{"damage":0.0,"enemies":"Small Slimes","floor":5.0,"turns":1.0},{"damage":0.0,"enemies":"3 Sentries","floor":6.0,"turns":1.0},{"damage":29.0,"enemies":"Lagavulin","floor":10.0,"turns":7.0},{"damage":17.0,"enemies":"Gremlin Nob","floor":13.0,"turns":3.0},{"damage":5,"enemies":"Slime Boss","floor":16,"turns":7},{"damage":21,"enemies":"Shell Parasite","floor":18,"turns":3},{"damage":40,"enemies":"Chosen","floor":20,"turns":3}],"seed_played":"9210207136391929316","potions_obtained":[{"floor":1.0,"key":"Energy Potion"},{"floor":6.0,"key":"Regen Potion"},{"floor":10.0,"key":"Fruit Juice"}],"is_trial":false,"path_per_floor":["M","?","?","$","M","E","$","R","T","E","R","T","E","$","R","B",null,"M","$","M"],"character_chosen":"THE_SILENT","items_purchased":["Tactician","Dramatic Entrance","Blade Dance","FearPotion"],"campfire_rested":0,"item_purchase_floors":[4,4,7,14],"current_hp_per_floor":[59,59,52,52,52,52,52,52,52,43,43,43,26,26,26,21,59,38,38,0,0],"gold":23,"neow_bonus":"THREE_ENEMY_KILL","is_daily":false,"chose_seed":false,"campfire_upgraded":3,"win_rate":0.0,"timestamp":1610214956,"path_taken":["M","?","?","?","?","E","$","R","T","E","R","?","E","$","R","BOSS","M","$","M"],"items_purchased_type":["Card","Card","Card","Potion"],"build_version":"2020-12-22","purchased_purges":2,"victory":false,"max_hp_per_floor":[66,66,66,66,66,66,66,66,66,71,71,71,71,71,71,71,71,71,71,71,71],"card_choices":[{"not_picked":["Riddle With Holes","Sucker Punch"],"picked":"Blade Dance","floor":1.0},{"not_picked":["Prepared","Dagger Spray","Outmaneuver"],"picked":"SKIP","floor":5.0},{"not_picked":["Dagger Spray","Outmaneuver"],"picked":"Prepared","floor":5.0},{"not_picked":["Leg Sweep","Bane"],"picked":"Acrobatics","floor":6.0},{"not_picked":["Dagger Throw","Skewer","Outmaneuver"],"picked":"SKIP","floor":10.0},{"not_picked":["Dodge and Roll","Choke"],"picked":"Noxious Fumes","floor":13.0},{"not_picked":["Grand Finale","Adrenaline"],"picked":"Corpse Explosion","floor":16},{"not_picked":["Quick Slash","Blade Dance","Deadly Poison"],"picked":"SKIP","floor":18}],"player_experience":4235354,"relics_obtained":[{"floor":6.0,"key":"Vajra"},{"floor":9.0,"key":"Anchor"},{"floor":10.0,"key":"Pocketwatch"},{"floor":13.0,"key":"Letter Opener"}],"event_choices":[{"damage_healed":0.0,"max_hp_gain":0.0,"max_hp_loss":0.0,"gold_gain":150.0,"event_name":"Liars Game","player_choice":"AGREE","floor":2.0,"gold_loss":0.0,"damage_taken":0.0,"cards_obtained":["Doubt"]},{"cards_removed":["Doubt"],"damage_healed":0.0,"max_hp_gain":0.0,"max_hp_loss":0.0,"gold_gain":0.0,"event_name":"Golden Wing","player_choice":"Card Removal","floor":3.0,"gold_loss":0.0,"damage_taken":7.0}],"is_beta":false,"boss_relics":[{"not_picked":["Coffee Dripper","Runic Pyramid"],"picked":"Pandora\u0027s Box"}],"items_purged_floors":[4,19],"is_endless":false,"potions_floor_spawned":[1,6,10],"killed_by":"Chosen","ascension_level":20}}