{"host":"gj3450u0c4def4mj","time":1610158301,"event":{"mods":["2.2 Compatiblity","Act Like it!","BaseMod","Gensokyo","Minty Spire (QoL Compilation)","Permanent Neow","Reimu??????","StSLib"],"gold_per_floor":[114,114,132,132,34,34,64,64,64,64,76,76,76,86,86,86,86],"floor_reached":16,"playtime":822,"items_purged":[],"score":151,"play_id":"5bdc5374-9dae-4c56-adbb-9daae320d069","local_time":"20210108211141","is_ascension_mode":true,"campfire_choices":[{"data":"Meditation:ReiMu","floor":6,"key":"SMITH"},{"data":"FoulBorder2:ReiMu","floor":8,"key":"SMITH"},{"floor":10,"key":"REST"},{"data":"SafetyPray:ReiMu","floor":12,"key":"SMITH"},{"floor":15,"key":"REST"}],"circlet_count":0,"master_deck":["AscendersBane","Strike_Lin:ReiMu","Strike_Lin:ReiMu","Strike_Lin:ReiMu","Defend_Lin:ReiMu","Defend_Lin:ReiMu","Defend_Lin:ReiMu","Defend_Lin:ReiMu","NB:ReiMu","Stagnation:ReiMu","Meditation:ReiMu+1","Intuition:ReiMu","FoulBorder2:ReiMu+1","Conquer:ReiMu","FoulBorder2:ReiMu","SafetyPray:ReiMu+1","SpreadBorder2:ReiMu","Enchanting:ReiMu"],"relics":["FlyPower:ReiMu","Gensokyo:PortableGap","Prayer Wheel","Gambling Chip","Strawberry"],"acts_visited":["Gensokyo:Gensokyo"],"potions_floor_usage":[7,7,14],"damage_taken":[{"damage":3,"enemies":"Gensokyo:3_Fairies","floor":1,"turns":6},{"damage":8,"enemies":"Gensokyo:Gryphon","floor":3,"turns":7},{"damage":29,"enemies":"Gensokyo:Aya","floor":7,"turns":9},{"damage":6,"enemies":"Gensokyo:2_Kodama","floor":11,"turns":4},{"damage":25,"enemies":"Gensokyo:2_Rabbits","floor":14,"turns":8},{"damage":22,"enemies":"Gensokyo:Yukari","floor":16,"turns":9}],"seed_played":"-224032437101643020","potions_obtained":[{"floor":0,"key":"Strength Potion"},{"floor":0,"key":"SteroidPotion"},{"floor":0,"key":"DuplicationPotion"},{"floor":7,"key":"SkillPotion"},{"floor":11,"key":"MagicPotion:ReiMu"}],"is_trial":false,"path_per_floor":["M","?","M","?","$","R","E","R","T","R","M","R","?","M","R","B"],"character_chosen":"REIMU","items_purchased":["Intuition:ReiMu","FoulBorder2:ReiMu"],"campfire_rested":2,"item_purchase_floors":[5,5],"current_hp_per_floor":[56,56,48,48,48,48,19,19,19,36,30,30,27,2,21,0,0],"gold":86,"neow_bonus":"THREE_SMALL_POTIONS","is_daily":false,"chose_seed":false,"campfire_upgraded":3,"win_rate":0.0,"timestamp":1610158301,"path_taken":["M","?","M","?","$","R","E","R","T","R","M","R","?","M","R","BOSS"],"items_purchased_type":["Card","Card"],"build_version":"2020-12-22","purchased_purges":0,"victory":false,"max_hp_per_floor":[65,59,59,59,59,59,59,59,59,59,59,59,66,66,66,66,66],"card_choices":[{"not_picked":["RainPray2:ReiMu","Amulet:ReiMu","TightArray:ReiMu"],"picked":"SKIP","floor":1},{"not_picked":["Crusade:ReiMu","FantasyBorder:ReiMu"],"picked":"Meditation:ReiMu","floor":3},{"not_picked":["NineCharacters:ReiMu","KamiSacrifice:ReiMu"],"picked":"Conquer:ReiMu","floor":7},{"not_picked":["Determination:ReiMu","Intuition:ReiMu"],"picked":"FoulBorder2:ReiMu","floor":11},{"not_picked":["AirStrike:ReiMu","RainPray2:ReiMu"],"picked":"SafetyPray:ReiMu","floor":11},{"not_picked":["ForcedLanding:ReiMu","RainPray2:ReiMu"],"picked":"SpreadBorder2:ReiMu","floor":14},{"not_picked":["SubAcupoint:ReiMu","OrbThrow:ReiMu"],"picked":"Enchanting:ReiMu","floor":14}],"player_experience":87371,"relics_obtained":[{"floor":7,"key":"Prayer Wheel"},{"floor":9,"key":"Gambling Chip"}],"event_choices":[],"is_beta":false,"boss_relics":[],"items_purged_floors":[],"is_endless":false,"potions_floor_spawned":[7,11],"killed_by":"Gensokyo:Yukari","ascension_level":12}}