{"host":"scy0o1xotfn36lpl","time":1610193076,"event":{"mods":["AchievementEnabler","Aspiration","BaseMod","Better Altar","Better Note","Better Sensory Stone","Better Skull","Better Third Choice","Colored Map","Curses Come First","Downfall","GifTheSpireLib","Googly Eyes","Highlight Path","Minty Spire (QoL Compilation)","Permanent Neow","Replay The Spire","Spicy Shops","StSLib","everything is the same but u backflip on backflip"],"gold_per_floor":[359,372,383,160,160,187,187,187,187,207,227,227,240,254,254,373,373,396,396,16,37,51,51,51],"floor_reached":23,"playtime":1834,"items_purged":["Replay:UnknownCurse","Voices","Strike_B"],"score":197,"play_id":"5801b7c4-cc7d-4dc3-bb4e-da54757e12a8","local_time":"20210109035116","is_ascension_mode":false,"campfire_choices":[{"floor":7.0,"key":"REST"},{"floor":15.0,"key":"REST"}],"circlet_count":0,"master_deck":["Strike_B","Strike_B","Strike_B","Defend_B","Defend_B","Defend_B","Defend_B","Zap","Dualcast","BootSequence","Rebound","Double Energy","FIFO Queue","Turbo","BootSequence","Sunder","BasicCrystalCard","Sunder"],"relics":["Cracked Core","Dream Catcher","Ring of Peace","Ring of Fury","Regal Pillow","Bag of Preparation","Golden Idol","Sozu","Tiny Chest"],"acts_visited":["Exordium","TheCity"],"potions_floor_usage":[],"damage_taken":[{"damage":12.0,"enemies":"Small Slimes","floor":1.0,"turns":3.0},{"damage":0.0,"enemies":"2 Louse","floor":2.0,"turns":2.0},{"damage":3.0,"enemies":"Jaw Worm","floor":3.0,"turns":3.0},{"damage":32.0,"enemies":"3 Sentries","floor":6.0,"turns":7.0},{"damage":0.0,"enemies":"3 Louse","floor":8.0,"turns":4.0},{"damage":13.0,"enemies":"Exordium Wildlife","floor":10.0,"turns":5.0},{"damage":0.0,"enemies":"Looter","floor":11.0,"turns":3.0},{"damage":17.0,"enemies":"Large Slime","floor":13.0,"turns":6.0},{"damage":0.0,"enemies":"Blue Slaver","floor":14.0,"turns":3.0},{"damage":60.0,"enemies":"Fading Forest","floor":16.0,"turns":11.0},{"damage":8.0,"enemies":"Chosen","floor":18.0,"turns":6.0},{"damage":20.0,"enemies":"Spheric Guardian","floor":21.0,"turns":4.0},{"damage":17.0,"enemies":"Chosen and Byrds","floor":22.0,"turns":7.0},{"damage":31,"enemies":"Replay:Snechameleon","floor":23,"turns":5}],"seed_played":"-3465735614692189971","potions_obtained":[{"floor":3.0,"key":"Reflective Coating"},{"floor":13.0,"key":"Fire Potion"},{"floor":14.0,"key":"Milkshake"},{"floor":16.0,"key":"Strength Potion"}],"is_trial":false,"path_per_floor":["M","M","M","$","?","E","R","M","T","M","M","?","M","M","R","B",null,"M","?","$","M","M","E"],"character_chosen":"DEFECT","items_purchased":["Dream Catcher","Tiny Chest"],"campfire_rested":2,"item_purchase_floors":[4,20],"current_hp_per_floor":[63,63,60,60,60,28,65,65,65,52,52,34,17,17,54,16,75,67,67,67,47,30,0,0],"gold":51,"neow_bonus":"TWO_FIFTY_GOLD","is_daily":false,"chose_seed":false,"campfire_upgraded":0,"win_rate":0.0,"timestamp":1610193076,"path_taken":["M","M","M","$","?","E","R","M","T","M","M","?","M","M","R","BOSS","M","?","?","M","M","E"],"items_purchased_type":["Relic","Relic"],"build_version":"2020-12-22","purchased_purges":3,"victory":false,"max_hp_per_floor":[75,75,75,75,75,75,75,75,75,75,75,75,75,75,75,75,75,75,75,75,75,75,75,75],"card_choices":[{"not_picked":["Turbo","Steam"],"picked":"BootSequence","floor":1.0},{"not_picked":["Steam","ReplayTheSpireMod:Repulse"],"picked":"Rebound","floor":2.0},{"not_picked":["Steam","Reprogram","Stack"],"picked":"SKIP","floor":3.0},{"not_picked":["Compile Driver","Amplify"],"picked":"Double Energy","floor":6.0},{"not_picked":["Leap","ReplayTheSpireMod:Reroute Power"],"picked":"FIFO Queue","floor":7.0},{"not_picked":["Lockon","ReplayTheSpireMod:Reroute Power"],"picked":"Turbo","floor":8.0},{"not_picked":["aspiration:Polymerization","Glacier"],"picked":"BootSequence","floor":10.0},{"not_picked":["Leap","Steam","Rip and Tear"],"picked":"SKIP","floor":11.0},{"not_picked":["Blizzard","Ball Lightning"],"picked":"Sunder","floor":13.0},{"not_picked":["ReplaySort","Hologram","Beam Cell"],"picked":"SKIP","floor":14.0},{"not_picked":["Loop","ReplayTheSpireMod:GoodbyeWorld+1"],"picked":"BasicCrystalCard","floor":18.0},{"not_picked":["Redo","Compile Driver","FIFO Queue"],"picked":"SKIP","floor":21.0},{"not_picked":["Sweeping Beam","Darkness","Chill"],"picked":"SKIP","floor":22.0}],"player_experience":33608,"relics_obtained":[{"floor":5.0,"key":"Ring of Peace"},{"floor":5.0,"key":"Ring of Fury"},{"floor":6.0,"key":"Regal Pillow"},{"floor":9.0,"key":"Bag of Preparation"}],"event_choices":[{"damage_healed":0.0,"max_hp_gain":0.0,"max_hp_loss":0.0,"gold_gain":0.0,"event_name":"Golden Idol","player_choice":"Take Damage","floor":12.0,"gold_loss":0.0,"damage_taken":18.0,"relics_obtained":["Golden Idol"]},{"damage_healed":0.0,"max_hp_gain":0.0,"max_hp_loss":0.0,"gold_gain":0.0,"event_name":"Duplicator","player_choice":"Copied","floor":19.0,"gold_loss":0.0,"damage_taken":0.0,"cards_obtained":["Sunder"]}],"is_beta":false,"boss_relics":[{"not_picked":["Ectoplasm","aspiration:Stellarator"],"picked":"Sozu"}],"items_purged_floors":[4,20,20],"is_endless":false,"potions_floor_spawned":[3,13,14,16,18,22],"killed_by":"Replay:Snechameleon","ascension_level":0}}