{"host":"v4nyfngrgywi7zc6","time":1610165773,"event":{"mods":["2.2 Compatiblity","BaseMod","Custom Start","Minty Spire (QoL Compilation)","Shade Mod","Shop Mod","StSLib","The Jungle"],"gold_per_floor":[110,110,137,16,36,61,61,78,101,120,120,134,134,149,149,250,250,265,385,402,153,153,184,184,203,203,122,122,122,122,140,140,243,243,259,134,134,188,188,188,201,201,228,243,272,272,272,287,287,287,287,287,45,79,79,79],"floor_reached":55,"playtime":3389,"items_purged":["Shade:Strike_Shade","Shade:Strike_Shade","Shade:Defend_Shade","Shade:Strike_Shade+1"],"score":788,"play_id":"9281e752-e124-4335-bc38-92e3730b9052","local_time":"20210108221613","is_ascension_mode":false,"campfire_choices":[{"data":"Shade:UnbarTheGrave","floor":7,"key":"SMITH"},{"data":"Shade:GreyBargain","floor":15,"key":"SMITH"},{"floor":24,"key":"DIG"},{"floor":30,"key":"REST"},{"floor":32,"key":"DIG"},{"floor":40,"key":"REST"},{"floor":42,"key":"DIG"},{"floor":46,"key":"RECALL"},{"floor":49,"key":"REST"},{"floor":52,"key":"DIG"}],"circlet_count":0,"master_deck":["Shade:Defend_Shade","Shade:Defend_Shade","Shade:AnimateDead","Shade:CarefulCut","Shade:SensePrey","Shade:GreyBargain+1","Shade:ScuttlingHand","Shade:UnbarTheGrave+1","Shade:LichForm","Shade:ExtraLimbs+1","Impatience","Shade:ExtraLimbs","Shade:SpectralStrikes+1","Shade:OminousRitual+1","Shade:ScuttlingHand+1","Shade:FuneraryJewels","Shade:DarkOfNight"],"relics":["Shade:YorickPolishedSkull","NeowsBlessing","Art of War","Centennial Puzzle","Nunchaku","Blood Vial","Shovel","Juzu Bracelet","Whetstone","Anchor","Sozu","Prayer Wheel","Letter Opener","Smiling Mask","StrikeDummy","Mummified Hand","ClockworkSouvenir","Pantograph"],"acts_visited":["Exordium","Exordium","TheBeyond","TheEnding"],"potions_floor_usage":[23,25,38,38,45],"damage_taken":[{"damage":0,"enemies":"Small Slimes","floor":1,"turns":1},{"damage":0,"enemies":"Jaw Worm","floor":5,"turns":1},{"damage":0,"enemies":"Gremlin Nob","floor":6,"turns":1},{"damage":0,"enemies":"Cultist","floor":8,"turns":3},{"damage":0,"enemies":"2 Fungi Beasts","floor":10,"turns":4},{"damage":0,"enemies":"Blue Slaver","floor":12,"turns":3},{"damage":1,"enemies":"Gremlin Gang","floor":14,"turns":3},{"damage":4,"enemies":"Hexaghost","floor":16,"turns":9},{"damage":0,"enemies":"theJungle:5_Spyders","floor":18,"turns":9},{"damage":4,"enemies":"Shell Parasite","floor":20,"turns":4},{"damage":0,"enemies":"theJungle:Cassacara","floor":23,"turns":5},{"damage":0,"enemies":"theJungle:JungleHuntersEncounter","floor":25,"turns":4},{"damage":0,"enemies":"theJungle:SlimyTreeVines","floor":31,"turns":4},{"damage":0,"enemies":"theJungle:QueenSpyder","floor":33,"turns":7},{"damage":20,"enemies":"3 Darklings","floor":35,"turns":4},{"damage":10,"enemies":"2 Orb Walkers","floor":38,"turns":4},{"damage":1,"enemies":"3 Shapes","floor":41,"turns":4},{"damage":4,"enemies":"Jaw Worm Horde","floor":44,"turns":2},{"damage":13,"enemies":"Nemesis","floor":45,"turns":5},{"damage":0,"enemies":"3 Darklings","floor":48,"turns":3},{"damage":63,"enemies":"Awakened One","floor":50,"turns":9},{"damage":38,"enemies":"Shield and Spear","floor":54,"turns":5},{"damage":54,"enemies":"The Heart","floor":55,"turns":6}],"seed_played":"8983196537318733948","potions_obtained":[{"floor":10,"key":"Ancient Potion"},{"floor":12,"key":"SpeedPotion"},{"floor":13,"key":"LiquidMemories"},{"floor":13,"key":"Energy Potion"},{"floor":14,"key":"AttackPotion"},{"floor":23,"key":"EssenceOfSteel"},{"floor":31,"key":"Weak Potion"}],"is_trial":false,"path_per_floor":["M","?","T","$","M","E","R","M","T","M","?","M","?","M","R","B",null,"M","?","M","$","?","E","R","M","T","$","?","?","R","M","R","B",null,"M","$","?","?","?","R","M","R","T","M","E","R","?","M","R","B",null,"R","$","E","B"],"character_chosen":"SHADE","items_purchased":["Shade:GreyBargain","Shade:ExtraLimbs","Impatience","Shade:SpectralStrikes","ClockworkSouvenir","Shade:FuneraryJewels"],"campfire_rested":3,"item_purchase_floors":[4,21,21,27,53,53],"current_hp_per_floor":[65,58,58,58,58,58,58,58,58,60,53,55,55,56,56,54,65,65,56,54,54,42,44,44,46,46,46,36,23,42,47,47,49,65,45,45,45,37,37,56,57,57,57,55,44,44,44,46,65,2,65,65,65,27,0,0],"gold":79,"neow_bonus":"THREE_ENEMY_KILL","is_daily":false,"chose_seed":false,"campfire_upgraded":2,"win_rate":0.0,"timestamp":1610165773,"path_taken":["M","?","?","$","M","E","R","?","T","M","?","M","?","?","R","BOSS","M","?","M","$","?","E","R","M","T","?","?","?","R","M","R","BOSS","M","$","?","?","?","R","M","R","T","M","E","R","?","M","R","BOSS","R","$","E","BOSS"],"items_purchased_type":["Card","Card","Card","Card","Relic","Card"],"build_version":"2020-12-22","purchased_purges":4,"victory":false,"max_hp_per_floor":[65,65,65,65,65,65,65,65,65,65,65,65,65,65,65,65,65,65,65,65,65,65,65,65,65,65,65,65,65,65,65,65,65,65,65,65,65,65,65,65,65,65,65,65,65,65,65,65,65,65,65,65,65,65,65,65],"card_choices":[{"not_picked":["Shade:WallOfFlesh","Shade:PoundOfFlesh"],"picked":"Shade:SensePrey","floor":1},{"not_picked":["Shade:SkeletonArmy","Shade:PoundOfFlesh"],"picked":"Shade:ScuttlingHand","floor":5},{"not_picked":["Shade:Trample","Shade:Frenzy"],"picked":"Shade:UnbarTheGrave","floor":6},{"not_picked":["Shade:CoffinDance","Shade:FingerOfDeath","Shade:Haruspicy"],"picked":"SKIP","floor":8},{"not_picked":["Shade:Frenzy","Shade:FingerOfDeath","Shade:AblativeArmor"],"picked":"SKIP","floor":10},{"not_picked":["Shade:AncientSpear","Shade:CallWraith","Shade:Doomsay"],"picked":"SKIP","floor":12},{"not_picked":["Shade:Brains","Shade:Carnophage","Shade:CoffinDance"],"picked":"SKIP","floor":14},{"not_picked":["Shade:LastGasp","Shade:OneIsEnough"],"picked":"Shade:LichForm","floor":16},{"not_picked":["Shade:PressTheAttack","Shade:RitualOffering","Shade:SoulToxin"],"picked":"SKIP","floor":18},{"not_picked":["Shade:Patience","Shade:SkeletonHug","Shade:Brains"],"picked":"SKIP","floor":20},{"not_picked":["Shade:SkeletonHug","Shade:CloudOfShrapnel"],"picked":"Shade:ExtraLimbs","floor":23},{"not_picked":["Shade:FleshToFlesh","Shade:Excise","Shade:Trample+1"],"picked":"SKIP","floor":25},{"not_picked":["Shade:AncientSpear","Shade:WallOfFlesh","Shade:Bonestorm"],"picked":"SKIP","floor":31},{"not_picked":["Shade:DarkOfNight","Shade:Consume"],"picked":"Shade:OminousRitual","floor":33},{"not_picked":["Shade:AblativeArmor","Shade:AncientSpear","Shade:CoffinDance"],"picked":"SKIP","floor":35},{"not_picked":["Shade:BoneShards","Shade:Carnophage"],"picked":"Shade:ScuttlingHand+1","floor":41},{"not_picked":["Shade:FeralStrike","Shade:Trample","Shade:Doomsay+1"],"picked":"SKIP","floor":41},{"not_picked":["Shade:GreyBargain","Shade:OminousRitual","Shade:Patience"],"picked":"SKIP","floor":44},{"not_picked":["Shade:Brains+1","Shade:WallOfFlesh+1","Shade:ClawBack"],"picked":"SKIP","floor":44},{"not_picked":["Shade:Excise","Shade:FeralStrike","Shade:SpectralStrikes"],"picked":"SKIP","floor":45},{"not_picked":["Shade:CloudOfShrapnel+1","Shade:SpontaneousRitual","Shade:Haruspicy"],"picked":"SKIP","floor":48},{"not_picked":["Shade:FleshToFlesh","Shade:FuneraryArmor+1","Shade:GraveStillness"],"picked":"SKIP","floor":48},{"not_picked":["Shade:BoneShards","Shade:ClawBack"],"picked":"Shade:DarkOfNight","floor":54}],"player_experience":224519,"relics_obtained":[{"floor":3,"key":"Centennial Puzzle"},{"floor":6,"key":"Nunchaku"},{"floor":9,"key":"Blood Vial"},{"floor":23,"key":"Juzu Bracelet"},{"floor":24,"key":"Whetstone"},{"floor":32,"key":"Anchor"},{"floor":38,"key":"Prayer Wheel"},{"floor":42,"key":"Letter Opener"},{"floor":43,"key":"Smiling Mask"},{"floor":45,"key":"StrikeDummy"},{"floor":52,"key":"Mummified Hand"},{"floor":54,"key":"Pantograph"}],"event_choices":[{"damage_healed":0,"gold_gain":0,"player_choice":"Success","damage_taken":7,"relics_obtained":["Art of War"],"max_hp_gain":0,"max_hp_loss":0,"event_name":"Scrap Ooze","floor":2,"gold_loss":0},{"cards_removed":["Shade:Strike_Shade"],"damage_healed":0,"gold_gain":0,"player_choice":"Card Removal","damage_taken":7,"max_hp_gain":0,"max_hp_loss":0,"event_name":"Golden Wing","floor":11,"gold_loss":0},{"damage_healed":0,"gold_gain":0,"player_choice":"Got Potions","damage_taken":0,"max_hp_gain":0,"max_hp_loss":0,"event_name":"Lab","floor":13,"gold_loss":0},{"damage_healed":0,"gold_gain":0,"player_choice":"Forge","damage_taken":0,"max_hp_gain":0,"max_hp_loss":0,"event_name":"Accursed Blacksmith","floor":37,"gold_loss":0,"cards_upgraded":["Shade:OminousRitual"]},{"damage_healed":0,"gold_gain":0,"player_choice":"Fight","damage_taken":0,"max_hp_gain":0,"max_hp_loss":0,"event_name":"Mysterious Sphere","floor":38,"gold_loss":0},{"damage_healed":0,"gold_gain":0,"player_choice":"Upgraded","damage_taken":0,"max_hp_gain":0,"max_hp_loss":0,"event_name":"Upgrade Shrine","floor":39,"gold_loss":0,"cards_upgraded":["Shade:SpectralStrikes"]},{"damage_healed":0,"gold_gain":0,"player_choice":"Ignored","damage_taken":0,"max_hp_gain":0,"max_hp_loss":0,"event_name":"Tomb of Lord Red Mask","floor":47,"gold_loss":0}],"is_beta":false,"boss_relics":[{"not_picked":["Cursed Key","SlaversCollar"],"picked":"Shade:YorickPolishedSkull"},{"not_picked":["Empty Cage","Busted Crown"],"picked":"Sozu"}],"items_purged_floors":[4,21,36,53],"is_endless":false,"potions_floor_spawned":[10,12,14,23,31,35,38,44],"killed_by":"The Heart","ascension_level":0}}