{"host":"h0xw20cia6ppa69g","time":1610173146,"event":{"mods":["AchievementEnabler","BaseMod","Colored Map","Filter the Spire","Googly Eyes","Minty Spire (QoL Compilation)","Relic Stats","StSLib","The Awakened One except there are too many feathers","everything is the same but u backflip on backflip"],"gold_per_floor":[118,118,130,230,0,34,44,9,57,57,86,86,112,122,122,122,122],"floor_reached":16,"playtime":430,"items_purged":[],"score":149,"play_id":"bb026080-0626-4eb5-9446-6c80d7effa62","local_time":"20210109001906","is_ascension_mode":true,"campfire_choices":[{"data":"Darkness","floor":10,"key":"SMITH"},{"data":"Consume","floor":15,"key":"SMITH"}],"circlet_count":0,"master_deck":["Strike_B","Strike_B","Strike_B","Defend_B","Defend_B","Defend_B","Defend_B","Zap","Dualcast","Turbo","Heatsinks","Darkness+1","Sunder","Barrage","Consume+1","Coolheaded","Self Repair","Fission"],"relics":["Cracked Core","WingedGreaves","OrangePellets","PreservedInsect","Vajra","Mango","Du-Vu Doll"],"acts_visited":["Exordium"],"potions_floor_usage":[13,14],"damage_taken":[{"damage":0,"enemies":"Small Slimes","floor":1,"turns":4},{"damage":0,"enemies":"2 Louse","floor":3,"turns":2},{"damage":42,"enemies":"Gremlin Nob","floor":6,"turns":5},{"damage":1,"enemies":"Cultist","floor":7,"turns":3},{"damage":26,"enemies":"Lagavulin","floor":11,"turns":7},{"damage":6,"enemies":"Gremlin Nob","floor":13,"turns":3},{"damage":9,"enemies":"3 Louse","floor":14,"turns":2},{"damage":33,"enemies":"Slime Boss","floor":16,"turns":3}],"seed_played":"-7609634451554357618","potions_obtained":[{"floor":1,"key":"Swift Potion"},{"floor":6,"key":"Explosive Potion"},{"floor":14,"key":"Strength Potion"}],"is_trial":false,"path_per_floor":["M","?","M","?","$","E","M","?","T","R","E","?","E","M","R","B"],"character_chosen":"DEFECT","items_purchased":["OrangePellets","Sunder"],"campfire_rested":0,"item_purchase_floors":[5,5],"current_hp_per_floor":[54,54,54,54,54,12,11,29,29,29,17,22,16,14,14,0,0],"gold":122,"neow_bonus":"ONE_RARE_RELIC","is_daily":false,"chose_seed":false,"campfire_upgraded":2,"win_rate":0.0,"timestamp":1610173146,"path_taken":["M","?","M","?","$","E","?","?","T","R","E","?","E","M","R","BOSS"],"items_purchased_type":["Relic","Card"],"build_version":"2020-12-22","purchased_purges":0,"victory":false,"max_hp_per_floor":[75,75,75,75,75,75,75,75,75,75,89,94,94,94,94,94,94],"relic_stats":{"OrangePellets":[0],"counters":[8,29],"PreservedInsect":50,"obtain_stats":[{"Du-Vu Doll":13,"OrangePellets":5,"Vajra":9,"Mango":11,"WingedGreaves":0,"PreservedInsect":6,"Cracked Core":0},{"Du-Vu Doll":6,"OrangePellets":2,"Vajra":4,"Mango":5,"WingedGreaves":0,"PreservedInsect":3,"Cracked Core":0},{"Du-Vu Doll":24,"OrangePellets":6,"Vajra":14,"Mango":21,"WingedGreaves":0,"PreservedInsect":11,"Cracked Core":0}]},"card_choices":[{"not_picked":["Genetic Algorithm","Redo"],"picked":"Turbo","floor":1},{"not_picked":["Sweeping Beam","Hologram"],"picked":"Darkness","floor":3},{"not_picked":["Coolheaded","Force Field"],"picked":"Barrage","floor":6},{"not_picked":["Redo","Beam Cell"],"picked":"Consume","floor":7},{"not_picked":["Beam Cell","Redo"],"picked":"Coolheaded","floor":11},{"not_picked":["Aggregate","Streamline"],"picked":"Self Repair","floor":13},{"not_picked":["Compile Driver","Stack"],"picked":"Fission","floor":14}],"player_experience":3669873,"relics_obtained":[{"floor":6,"key":"PreservedInsect"},{"floor":9,"key":"Vajra"},{"floor":11,"key":"Mango"},{"floor":13,"key":"Du-Vu Doll"}],"event_choices":[{"damage_healed":0,"gold_gain":0,"cards_transformed":["Strike_B"],"player_choice":"Change","damage_taken":0,"max_hp_gain":0,"max_hp_loss":0,"event_name":"Living Wall","floor":2,"gold_loss":0,"cards_obtained":["Heatsinks"]},{"damage_healed":0,"gold_gain":100,"player_choice":"Pray","damage_taken":0,"max_hp_gain":0,"max_hp_loss":0,"event_name":"Golden Shrine","floor":4,"gold_loss":0},{"damage_healed":18,"gold_gain":0,"player_choice":"Healed","damage_taken":0,"max_hp_gain":0,"max_hp_loss":0,"event_name":"The Cleric","floor":8,"gold_loss":35},{"damage_healed":0,"gold_gain":0,"player_choice":"Donut","damage_taken":0,"max_hp_gain":5,"max_hp_loss":0,"event_name":"Big Fish","floor":12,"gold_loss":0}],"is_beta":false,"boss_relics":[],"items_purged_floors":[],"is_endless":false,"potions_floor_spawned":[1,6,14],"killed_by":"Slime Boss","ascension_level":1}}