{"host":"9tzam4717zt8ei1o","time":1610211502,"event":{"mods":["BaseMod","Colored Map","Keyboard Shortcuts","Minty Spire (QoL Compilation)","Quick Restart","StSLib","SuperFastMode"],"gold_per_floor":[115,115,115,40,55,55,85,29,29,55,67,67,67,102,102,178,178,188,11,211,111,124,124,159,159,235,261,277,277,293,304,304,381,381,396,396,6,23,38,38,48,48,48,0,0,0,20,45,45,45,45,45,45,45,78,78],"floor_reached":57,"playtime":2067,"items_purged":["Strike_G","Bouncing Flask","Distraction"],"score":2972,"play_id":"4764229e-d5cf-4597-aeba-28afbff1f667","local_time":"20210110015822","is_ascension_mode":true,"campfire_choices":[{"data":"Prepared","floor":6,"key":"SMITH"},{"data":"Prepared","floor":12,"key":"SMITH"},{"data":"Eviscerate","floor":15,"key":"SMITH"},{"data":"Acrobatics","floor":23,"key":"SMITH"},{"data":"Envenom","floor":25,"key":"SMITH"},{"data":"Adrenaline","floor":32,"key":"SMITH"},{"data":"Tools of the Trade","floor":40,"key":"SMITH"},{"data":"Neutralize","floor":42,"key":"SMITH"},{"data":"Doppelganger","floor":45,"key":"SMITH"},{"floor":49,"key":"RECALL"},{"floor":53,"key":"REST"}],"circlet_count":0,"master_deck":["AscendersBane","Survivor","Neutralize+1","Prepared+1","Backstab","Eviscerate+1","Prepared+1","Dagger Throw","After Image","Adrenaline+1","Heel Hook","Tools of the Trade+1","Dash","After Image","Envenom+1","Doppelganger+1","Acrobatics+1","After Image","Expertise+1","Backflip+1","PiercingWail+1","Phantasmal Killer+1"],"relics":["Ring of the Snake","NeowsBlessing","Strawberry","Boot","Orichalcum","Pandora\u0027s Box","CaptainsWheel","Meat on the Bone","Toxic Egg 2","Cursed Key","Kunai","Red Mask","Blue Candle","Lizard Tail"],"acts_visited":["Exordium","TheCity","TheBeyond","TheEnding"],"potions_floor_usage":[16,27,41,51],"damage_taken":[{"damage":0,"enemies":"2 Louse","floor":1,"turns":1},{"damage":0,"enemies":"Cultist","floor":5,"turns":1},{"damage":0,"enemies":"Lagavulin","floor":7,"turns":1},{"damage":31,"enemies":"Gremlin Nob","floor":10,"turns":4},{"damage":0,"enemies":"Jaw Worm","floor":11,"turns":1},{"damage":12,"enemies":"3 Sentries","floor":14,"turns":6},{"damage":19,"enemies":"The Guardian","floor":16,"turns":16},{"damage":11,"enemies":"Chosen","floor":18,"turns":4},{"damage":0,"enemies":"3 Byrds","floor":22,"turns":4},{"damage":0,"enemies":"Gremlin Leader","floor":24,"turns":6},{"damage":12,"enemies":"Slavers","floor":27,"turns":6},{"damage":9,"enemies":"Snake Plant","floor":28,"turns":3},{"damage":0,"enemies":"Snecko","floor":30,"turns":3},{"damage":0,"enemies":"Sentry and Sphere","floor":31,"turns":6},{"damage":0,"enemies":"Collector","floor":33,"turns":7},{"damage":5,"enemies":"3 Darklings","floor":35,"turns":2},{"damage":3,"enemies":"3 Shapes","floor":38,"turns":3},{"damage":0,"enemies":"Transient","floor":39,"turns":6},{"damage":0,"enemies":"Writhing Mass","floor":41,"turns":3},{"damage":5,"enemies":"Sphere and 2 Shapes","floor":47,"turns":3},{"damage":0,"enemies":"Nemesis","floor":48,"turns":3},{"damage":12,"enemies":"Donu and Deca","floor":50,"turns":5},{"damage":16,"enemies":"Time Eater","floor":51,"turns":6},{"damage":1,"enemies":"Shield and Spear","floor":55,"turns":4},{"damage":15,"enemies":"The Heart","floor":56,"turns":6}],"seed_played":"-1613291054275552374","potions_obtained":[{"floor":5,"key":"ColorlessPotion"},{"floor":10,"key":"ColorlessPotion"},{"floor":16,"key":"BlessingOfTheForge"},{"floor":24,"key":"PowerPotion"},{"floor":31,"key":"DistilledChaos"},{"floor":41,"key":"Swift Potion"}],"is_trial":false,"path_per_floor":["M","$","?","$","M","R","E","$","T","E","M","R","?","E","R","B",null,"M","$","?","$","M","R","E","R","T","E","M","?","M","M","R","B",null,"M","?","$","M","M","R","M","R","T","?","R","$","M","E","R","B","B",null,"R","$","E","B",null],"character_chosen":"THE_SILENT","items_purchased":["Prepared","After Image","Kunai"],"campfire_rested":1,"item_purchase_floors":[8,19,37],"current_hp_per_floor":[59,59,59,59,59,59,66,66,66,35,35,35,35,23,23,4,56,45,45,45,45,45,45,45,45,45,45,48,48,48,48,48,48,67,62,58,58,55,55,55,55,55,55,55,55,55,50,50,50,38,34,63,73,73,72,57],"gold":78,"neow_bonus":"THREE_ENEMY_KILL","is_daily":false,"chose_seed":false,"campfire_upgraded":9,"win_rate":0.0,"timestamp":1610211502,"path_taken":["M","$","?","$","?","R","E","$","T","E","M","R","?","E","R","BOSS","M","$","?","$","M","R","E","R","T","E","?","?","M","M","R","BOSS","M","?","?","M","M","R","M","R","T","?","R","?","M","E","R","BOSS","BOSS","R","$","E","BOSS"],"items_purchased_type":["Card","Card","Relic"],"build_version":"2020-12-22","purchased_purges":3,"victory":true,"max_hp_per_floor":[66,66,66,66,66,66,73,73,73,73,73,73,73,73,73,73,73,73,73,73,73,73,73,73,73,73,73,73,73,73,73,73,73,73,73,73,73,73,73,73,73,73,73,73,73,73,73,73,73,73,73,73,73,73,73,73],"card_choices":[{"not_picked":["All Out Attack","Deflect"],"picked":"Prepared","floor":1},{"not_picked":["Skewer","Terror"],"picked":"Backstab","floor":5},{"not_picked":["Outmaneuver","Noxious Fumes"],"picked":"Eviscerate","floor":7},{"not_picked":["Flying Knee","Burst"],"picked":"Dagger Throw","floor":10},{"not_picked":["Masterful Stab","PiercingWail","Bane"],"picked":"SKIP","floor":11},{"not_picked":["Endless Agony","Underhanded Strike"],"picked":"After Image","floor":14},{"not_picked":["Venomology","Burst"],"picked":"Adrenaline","floor":16},{"not_picked":["Dodge and Roll+1","Setup+1"],"picked":"Acrobatics","floor":18},{"not_picked":["Flying Knee+1","Slice","Predator"],"picked":"SKIP","floor":22},{"not_picked":["Accuracy","Riddle With Holes","Storm of Steel"],"picked":"SKIP","floor":24},{"not_picked":["Outmaneuver+1","Die Die Die"],"picked":"Expertise+1","floor":27},{"not_picked":["Caltrops","Slice"],"picked":"Backflip+1","floor":28},{"not_picked":["Outmaneuver+1","Catalyst+1"],"picked":"PiercingWail+1","floor":30},{"not_picked":["Blade Dance+1","Concentrate+1","Underhanded Strike"],"picked":"SKIP","floor":31},{"not_picked":["Burst+1","Tools of the Trade"],"picked":"Phantasmal Killer+1","floor":33},{"not_picked":["Bane+1","Quick Slash","Backflip+1"],"picked":"SKIP","floor":35},{"not_picked":["Bouncing Flask+1","Crippling Poison+1","All Out Attack+1"],"picked":"SKIP","floor":38},{"not_picked":["Dagger Spray","Poisoned Stab+1","Backflip+1"],"picked":"SKIP","floor":39},{"not_picked":["Masterful Stab","Quick Slash","Heel Hook+1"],"picked":"SKIP","floor":41},{"not_picked":["Cloak And Dagger+1","Distraction+1","Setup+1"],"picked":"SKIP","floor":47},{"not_picked":["Glass Knife","Deadly Poison+1","Predator"],"picked":"SKIP","floor":48},{"not_picked":["Expertise+1","Bouncing Flask+1","Outmaneuver+1"],"picked":"SKIP","floor":55}],"player_experience":172610,"relics_obtained":[{"floor":7,"key":"Strawberry"},{"floor":10,"key":"Boot"},{"floor":14,"key":"Orichalcum"},{"floor":24,"key":"CaptainsWheel"},{"floor":26,"key":"Meat on the Bone"},{"floor":27,"key":"Toxic Egg 2"},{"floor":48,"key":"Blue Candle"},{"floor":55,"key":"Lizard Tail"}],"event_choices":[{"cards_removed":["Strike_G"],"damage_healed":0,"gold_gain":0,"player_choice":"Purged","damage_taken":0,"max_hp_gain":0,"max_hp_loss":0,"event_name":"Purifier","floor":3,"gold_loss":0},{"damage_healed":0,"gold_gain":0,"player_choice":"Ignored","damage_taken":0,"max_hp_gain":0,"max_hp_loss":0,"event_name":"Liars Game","floor":13,"gold_loss":0},{"damage_healed":0,"gold_gain":200,"player_choice":"Gold","damage_taken":0,"max_hp_gain":0,"max_hp_loss":0,"event_name":"Wheel of Change","floor":20,"gold_loss":0},{"damage_healed":0,"gold_gain":0,"player_choice":"Ignored","damage_taken":0,"max_hp_gain":0,"max_hp_loss":0,"event_name":"The Mausoleum","floor":29,"gold_loss":0},{"damage_healed":0,"gold_gain":0,"player_choice":"Bought 0 Potions","damage_taken":0,"max_hp_gain":0,"max_hp_loss":0,"event_name":"The Woman in Blue","floor":36,"gold_loss":0},{"damage_healed":0,"gold_gain":0,"player_choice":"Paid","damage_taken":0,"relics_obtained":["Red Mask"],"max_hp_gain":0,"max_hp_loss":0,"event_name":"Tomb of Lord Red Mask","floor":44,"gold_loss":48}],"is_beta":false,"boss_relics":[{"not_picked":["Fusion Hammer","Tiny House"],"picked":"Pandora\u0027s Box"},{"not_picked":["SacredBark","Black Star"],"picked":"Cursed Key"}],"items_purged_floors":[4,21,37],"is_endless":false,"potions_floor_spawned":[5,10,16,24,31,33,38,39,41,47],"ascension_level":20}}