{"host":"4rvakrj1idbgia3f","time":1610162578,"event":{"mods":["BaseMod","Colored Map","Colored Powertips","DeckTracker","Highlight Path","Minty Spire (QoL Compilation)","Random Character Button","StSLib"],"gold_per_floor":[113,113,127,137,137,137,167,167,194,33,33,68,68,94,94,180,180,201,201,201,213,33,33,33,33],"floor_reached":24,"playtime":812,"items_purged":["Strike_R","Strike_R"],"score":404,"play_id":"646ffb76-4e0f-4d17-b775-d055adfb2b6a","local_time":"20210109122258","is_ascension_mode":true,"campfire_choices":[{"data":"Bash","floor":6.0,"key":"SMITH"},{"data":"Panacea","floor":8.0,"key":"SMITH"},{"data":"Carnage","floor":13,"key":"SMITH"},{"data":"Shockwave","floor":15,"key":"SMITH"},{"data":"Exhume","floor":23,"key":"SMITH"}],"circlet_count":0,"master_deck":["AscendersBane","Strike_R+1","Strike_R+1","Defend_R","Defend_R+1","Defend_R","Defend_R","Bash+1","Panacea+1","Feel No Pain","Shockwave+1","Anger+1","Shrug It Off","Carnage+1","Power Through","Spot Weakness","Exhume+1","Shrug It Off+1","Feel No Pain"],"relics":["Burning Blood","Red Skull","Bottled Lightning","Whetstone","CeramicFish","Runic Pyramid","Nilry\u0027s Codex"],"acts_visited":["Exordium","TheCity"],"potions_floor_usage":[16,24],"damage_taken":[{"damage":17.0,"enemies":"Cultist","floor":1.0,"turns":5.0},{"damage":1.0,"enemies":"Small Slimes","floor":3.0,"turns":5.0},{"damage":0.0,"enemies":"Jaw Worm","floor":4.0,"turns":4.0},{"damage":19.0,"enemies":"Lagavulin","floor":7.0,"turns":5.0},{"damage":10,"enemies":"3 Sentries","floor":12,"turns":7},{"damage":0,"enemies":"3 Louse","floor":14,"turns":3},{"damage":17,"enemies":"Hexaghost","floor":16,"turns":6},{"damage":20,"enemies":"2 Thieves","floor":18,"turns":5},{"damage":16,"enemies":"Shell Parasite","floor":21,"turns":7},{"damage":15,"enemies":"Gremlin Leader","floor":24,"turns":2}],"seed_played":"2024251164886476568","potions_obtained":[{"floor":1.0,"key":"CultistPotion"},{"floor":4.0,"key":"EssenceOfSteel"},{"floor":14,"key":"Energy Potion"},{"floor":21,"key":"Weak Potion"}],"is_trial":false,"path_per_floor":["M","?","M","M","?","R","E","R","T","$","?","E","R","M","R","B",null,"M","?","?","M","$","R","E"],"character_chosen":"IRONCLAD","items_purchased":["Carnage","Feel No Pain"],"campfire_rested":0,"item_purchase_floors":[10,22],"current_hp_per_floor":[57,34,39,45,34,34,21,21,21,21,21,17,17,23,23,12,59,45,24,24,14,14,14,0,0],"gold":33,"neow_bonus":"RANDOM_COLORLESS","is_daily":false,"chose_seed":false,"campfire_upgraded":5,"win_rate":0.0,"timestamp":1610162578,"path_taken":["M","?","M","M","?","R","E","R","T","?","?","E","R","M","R","BOSS","M","?","?","M","$","R","E"],"items_purchased_type":["Card","Card"],"build_version":"2020-12-22","purchased_purges":2,"victory":false,"max_hp_per_floor":[75,75,75,75,75,75,75,75,75,75,75,75,75,75,75,75,75,75,75,75,75,75,75,75,75],"card_choices":[{"not_picked":["Mind Blast","Enlightenment"],"picked":"Panacea","floor":0.0},{"not_picked":["Body Slam","Dual Wield"],"picked":"Feel No Pain","floor":1.0},{"not_picked":["Body Slam","Seeing Red"],"picked":"Shockwave","floor":3.0},{"not_picked":["Entrench","Body Slam"],"picked":"Anger","floor":4.0},{"not_picked":["Twin Strike","Dark Embrace"],"picked":"Shrug It Off","floor":7.0},{"not_picked":["Perfected Strike","Juggernaut"],"picked":"Power Through","floor":12},{"not_picked":["Warcry","Heavy Blade"],"picked":"Spot Weakness","floor":14},{"not_picked":["Demon Form","Bludgeon"],"picked":"Exhume","floor":16},{"not_picked":["Heavy Blade","Carnage+1"],"picked":"Shrug It Off+1","floor":18},{"not_picked":["Warcry","Heavy Blade","Clash+1"],"picked":"SKIP","floor":21}],"player_experience":1974937,"relics_obtained":[{"floor":7.0,"key":"Bottled Lightning"},{"floor":9.0,"key":"Whetstone"},{"floor":12,"key":"CeramicFish"},{"floor":19,"key":"Nilry\u0027s Codex"}],"event_choices":[{"damage_healed":0.0,"max_hp_gain":0.0,"max_hp_loss":0.0,"gold_gain":0.0,"event_name":"Shining Light","player_choice":"Entered Light","floor":2.0,"gold_loss":0.0,"damage_taken":23.0,"cards_upgraded":["Strike_R","Defend_R"]},{"damage_healed":0.0,"max_hp_gain":0.0,"max_hp_loss":0.0,"gold_gain":0.0,"event_name":"Scrap Ooze","player_choice":"Success","floor":5.0,"gold_loss":0.0,"damage_taken":11.0,"relics_obtained":["Red Skull"]},{"damage_healed":0.0,"max_hp_gain":0.0,"max_hp_loss":0.0,"gold_gain":0.0,"event_name":"Liars Game","player_choice":"Ignored","floor":11.0,"gold_loss":0.0,"damage_taken":0.0},{"damage_healed":0,"gold_gain":0,"player_choice":"Obtained Book","damage_taken":21,"max_hp_gain":0,"max_hp_loss":0,"event_name":"Cursed Tome","floor":19,"gold_loss":0},{"cards_removed":["Strike_R"],"damage_healed":0,"gold_gain":0,"player_choice":"Elegance","damage_taken":0,"max_hp_gain":0,"max_hp_loss":0,"event_name":"Back to Basics","floor":20,"gold_loss":0}],"is_beta":false,"boss_relics":[{"not_picked":["Ectoplasm","Fusion Hammer"],"picked":"Runic Pyramid"}],"items_purged_floors":[10,22],"is_endless":false,"potions_floor_spawned":[1,4,14,21],"killed_by":"Gremlin Leader","ascension_level":20}}