{"host":"roqztpbdbchtekes","time":1610201746,"event":{"mods":["A Magickal Journey","AchievementEnabler","BaseMod","Better Note","Better Third Choice","BetterRewards","Block Reminder","Colored Map","Colored Powertips","Curses Come First","DeckTracker","Minty Spire (QoL Compilation)","Relic Stats","Spicy Shops","StSLib"],"gold_per_floor":[109,122,63,63,13,13,39,39,39,72,85,120,39,39,39,137,137,151,151,250,250,277,312,329,340,366,378,9,9,26,44,44,140,140,154,154,154,154],"floor_reached":37,"playtime":2465,"items_purged":["Defend_G"],"score":553,"play_id":"3ee6fe91-fc2a-4cf3-9ffb-90db2369d12a","local_time":"20210109151546","is_ascension_mode":true,"campfire_choices":[{"data":"Endless Agony","floor":6,"key":"SMITH"},{"data":"Footwork","floor":15,"key":"SMITH"},{"data":"Footwork","floor":29,"key":"SMITH"},{"data":"Deadly Poison","floor":32,"key":"SMITH"}],"circlet_count":0,"master_deck":["Defend_G+1","Defend_G","Defend_G+1","Defend_G","Survivor","Neutralize","Endless Agony+1","PiercingWail","Deadly Poison+1","Footwork+1","Corpse Explosion","Deadly Poison","Bite","Bite","Bite","Bite","Bite","Footwork+1","Blur","Adrenaline","Flash of Steel","Dramatic Entrance"],"relics":["Ring of the Serpent","NeowsBlessing","Bag of Marbles","Tiny Chest","Sundial","Dead Branch","Centennial Puzzle","Snake Skull","Akabeko","Singing Bowl","War Paint","Lizard Tail","TheAbacus","Runic Pyramid"],"acts_visited":["Exordium","TheCity","TheBeyond"],"potions_floor_usage":[10,10,12,18,23,24,31,33,37],"damage_taken":[{"damage":0,"enemies":"Jaw Worm","floor":1,"turns":1},{"damage":0,"enemies":"Cultist","floor":2,"turns":1},{"damage":0,"enemies":"3 Sentries","floor":7,"turns":1},{"damage":0,"enemies":"Gremlin Nob","floor":10,"turns":2},{"damage":0,"enemies":"2 Louse","floor":11,"turns":2},{"damage":26,"enemies":"3 Sentries","floor":12,"turns":8},{"damage":26,"enemies":"The Guardian","floor":16,"turns":8},{"damage":3,"enemies":"Spheric Guardian","floor":18,"turns":4},{"damage":22,"enemies":"Gremlin Leader","floor":23,"turns":5},{"damage":9,"enemies":"2 Thieves","floor":24,"turns":5},{"damage":16,"enemies":"Centurion and Healer","floor":25,"turns":8},{"damage":28,"enemies":"3 Cultists","floor":27,"turns":5},{"damage":4,"enemies":"Shelled Parasite and Fungi","floor":30,"turns":10},{"damage":0,"enemies":"Snecko","floor":31,"turns":6},{"damage":44,"enemies":"Automaton","floor":33,"turns":13},{"damage":1,"enemies":"3 Shapes","floor":35,"turns":2},{"damage":108,"enemies":"2 Orb Walkers","floor":37,"turns":5}],"seed_played":"7712122041472421778","potions_obtained":[{"floor":1,"key":"AttackPotion"},{"floor":7,"key":"SkillPotion"},{"floor":11,"key":"PowerPotion"},{"floor":12,"key":"DuplicationPotion"},{"floor":16,"key":"Fire Potion"},{"floor":23,"key":"SteroidPotion"},{"floor":27,"key":"DuplicationPotion"},{"floor":30,"key":"SpeedPotion"},{"floor":35,"key":"ColorlessPotion"}],"is_trial":false,"path_per_floor":["M","M","$","?","?","R","E","$","T","E","M","E","$","T","R","B",null,"M","?","?","?","T","E","M","M","T","M","$","R","M","M","R","B",null,"M","?","?"],"character_chosen":"THE_SILENT","items_purchased":["Deadly Poison","Footwork","Lizard Tail","TheAbacus"],"campfire_rested":0,"item_purchase_floors":[3,13,28,28],"current_hp_per_floor":[70,70,70,70,70,70,70,70,70,70,70,44,44,44,44,18,70,67,49,49,49,49,29,28,30,30,16,16,16,34,52,52,29,59,61,53,0,0],"gold":154,"neow_bonus":"THREE_ENEMY_KILL","is_daily":false,"chose_seed":false,"campfire_upgraded":4,"win_rate":0.0,"timestamp":1610201746,"path_taken":["M","M","$","?","?","R","E","?","T","E","?","E","?","?","R","BOSS","M","?","?","?","?","E","M","?","T","M","$","R","M","M","R","BOSS","M","?","?"],"items_purchased_type":["Card","Card","Relic","Relic"],"build_version":"2020-12-22","purchased_purges":1,"victory":false,"max_hp_per_floor":[70,70,70,70,70,70,70,70,70,70,70,70,70,70,70,70,70,70,49,49,49,49,51,53,53,53,55,55,55,57,59,59,59,59,61,63,63,63],"relic_stats":{"Centennial Puzzle":[31],"Lizard Tail":31,"TheAbacus":[54],"Singing Bowl":14,"counters":[17,86],"Sundial":[14],"Dead Branch":[57],"Tiny Chest":2,"Snake Skull":[49],"War Paint":["Defend_G","Defend_G"],"obtain_stats":[{"NeowsBlessing":0,"Singing Bowl":23,"Dead Branch":10,"Snake Skull":14,"War Paint":26,"Akabeko":22,"Centennial Puzzle":12,"Lizard Tail":28,"TheAbacus":28,"Sundial":9,"Tiny Chest":7,"Bag of Marbles":4,"Ring of the Serpent":17,"Ring of the Snake":0,"Runic Pyramid":34},{"NeowsBlessing":0,"Singing Bowl":9,"Dead Branch":4,"Snake Skull":6,"War Paint":11,"Akabeko":8,"Centennial Puzzle":6,"Lizard Tail":12,"TheAbacus":12,"Sundial":3,"Tiny Chest":3,"Bag of Marbles":2,"Ring of the Serpent":7,"Ring of the Snake":0,"Runic Pyramid":15},{"NeowsBlessing":0,"Singing Bowl":32,"Dead Branch":5,"Snake Skull":15,"War Paint":45,"Akabeko":27,"Centennial Puzzle":15,"Lizard Tail":50,"TheAbacus":50,"Sundial":3,"Tiny Chest":3,"Bag of Marbles":2,"Ring of the Serpent":23,"Ring of the Snake":0,"Runic Pyramid":79}]},"card_choices":[{"not_picked":["Outmaneuver","Slice"],"picked":"Endless Agony","floor":1},{"not_picked":["Dodge and Roll","Outmaneuver"],"picked":"PiercingWail","floor":2},{"not_picked":["Reflex","Eviscerate","Slice"],"picked":"SKIP","floor":7},{"not_picked":["Acrobatics","Prepared","PiercingWail"],"picked":"SKIP","floor":10},{"not_picked":["Deflect","Dagger Spray","Dodge and Roll"],"picked":"SKIP","floor":11},{"not_picked":["Deflect","Acrobatics","Heel Hook"],"picked":"SKIP","floor":12},{"not_picked":["Malaise","Storm of Steel"],"picked":"Corpse Explosion","floor":16},{"not_picked":["Setup+1","All Out Attack"],"picked":"Deadly Poison","floor":18},{"not_picked":["Deadly Poison","Choke+1","Flechettes"],"picked":"Singing Bowl","floor":23},{"not_picked":["Backflip","Bane","Setup"],"picked":"Singing Bowl","floor":24},{"not_picked":["Blade Dance","Dodge and Roll"],"picked":"Blur","floor":25},{"not_picked":["All Out Attack","Backstab","Escape Plan"],"picked":"Singing Bowl","floor":27},{"not_picked":["Underhanded Strike","Dash+1","Backflip"],"picked":"Singing Bowl","floor":30},{"not_picked":["Doppelganger","Quick Slash","Riddle With Holes"],"picked":"Singing Bowl","floor":31},{"not_picked":["Venomology","Burst"],"picked":"Adrenaline","floor":33},{"not_picked":["Finisher","Deadly Poison+1","All Out Attack+1"],"picked":"Singing Bowl","floor":35},{"not_picked":["Chrysalis","Enlightenment"],"picked":"Flash of Steel","floor":36},{"not_picked":["Finesse","Metamorphosis"],"picked":"Dramatic Entrance","floor":36},{"not_picked":["Mayhem","Forethought","Trip"],"picked":"Singing Bowl","floor":36}],"player_experience":277033,"relics_obtained":[{"floor":7,"key":"Tiny Chest"},{"floor":9,"key":"Sundial"},{"floor":10,"key":"Dead Branch"},{"floor":12,"key":"Centennial Puzzle"},{"floor":14,"key":"Snake Skull"},{"floor":22,"key":"Akabeko"},{"floor":23,"key":"Singing Bowl"},{"floor":26,"key":"War Paint"}],"event_choices":[{"damage_healed":0,"gold_gain":0,"player_choice":"Box","damage_taken":0,"relics_obtained":["Bag of Marbles"],"max_hp_gain":0,"max_hp_loss":0,"event_name":"Big Fish","floor":4,"gold_loss":0,"cards_obtained":["Regret"]},{"cards_removed":["Regret"],"damage_healed":0,"gold_gain":0,"player_choice":"Card Removal","damage_taken":0,"max_hp_gain":0,"max_hp_loss":0,"event_name":"The Cleric","floor":5,"gold_loss":50},{"damage_healed":0,"gold_gain":0,"player_choice":"Became a vampire","damage_taken":0,"max_hp_gain":0,"max_hp_loss":21,"event_name":"Vampires","floor":19,"gold_loss":0,"cards_obtained":["Bite","Bite","Bite","Bite","Bite"]},{"damage_healed":0,"gold_gain":99,"player_choice":"Steal","damage_taken":0,"max_hp_gain":0,"max_hp_loss":0,"event_name":"betterThird:BetterNest","floor":20,"gold_loss":0},{"damage_healed":0,"gold_gain":0,"player_choice":"Read","damage_taken":0,"max_hp_gain":0,"max_hp_loss":0,"event_name":"The Library","floor":21,"gold_loss":0,"cards_obtained":["Footwork"]},{"damage_healed":0,"gold_gain":0,"player_choice":"Memory 3","damage_taken":10,"max_hp_gain":0,"max_hp_loss":0,"event_name":"SensoryStone","floor":36,"gold_loss":0},{"damage_healed":0,"gold_gain":0,"player_choice":"Fight","damage_taken":0,"max_hp_gain":0,"max_hp_loss":0,"event_name":"Mysterious Sphere","floor":37,"gold_loss":0}],"is_beta":false,"boss_relics":[{"not_picked":["SlaversCollar","WristBlade"],"picked":"Ring of the Serpent"},{"not_picked":["Fusion Hammer","Busted Crown"],"picked":"Runic Pyramid"}],"items_purged_floors":[28],"is_endless":false,"potions_floor_spawned":[1,7,11,12,16,23,27,30,35],"killed_by":"2 Orb Walkers","ascension_level":2}}