{"host":"ylxam20yo7j5dy26","time":1610184619,"event":{"mods":["ATMod(°¢èªMod)","Act Like it!","BaseMod","Conspire","Defuse TimeMaze Blight","Downfall","Gensokyo","Hallownest","Hubris","Infinite Spire","Lobotomy","Marisa£¨ìFÓê¡¡Ä§ÀíÉ³£©","Minty Spire (QoL Compilation)","Quick Restart","Replay The Spire","Spicy Shops","StSLib","The Cursed","UnlockEverythingMod","vexMod","¡¾ÒÅÎï¿¨ÅÆ¡¿REMEMod"],"gold_per_floor":[138,149,163,180,199,199,199,199,199,227,227,227,239,250,6,100,100,100,100],"floor_reached":18,"playtime":1403,"items_purged":[],"score":164,"play_id":"4c6f3983-f621-414f-bf1e-c7f426613b15","local_time":"20210109173019","is_ascension_mode":false,"campfire_choices":[{"floor":6.0,"key":"REST"},{"floor":8.0,"key":"REST"},{"floor":17,"key":"REST"}],"circlet_count":0,"master_deck":["conspire:GhostlyStrike","conspire:GhostlyStrike","conspire:GhostlyStrike","conspire:GhostlyStrike","conspire:GhostlyStrike","conspire:GhostlyDefend","conspire:GhostlyDefend","conspire:GhostlyDefend","conspire:GhostlyDefend","Bash","AT_FamilyPortrait","sneckomod:MorePower","sneckomod:UnknownRareSkill+1","Wellcheers","Headbutt","sneckomod:UnknownRareSkill+1","AT_ManFootWork","Reboot","AT_DiedThrough","RedShoes","hubris:CleavingFinish","Iron Wave","DespairKnight","Wild Strike","sneckomod:UnknownClassAngela+1","Pommel Strike","VoidDream","Reckless Charge","Warcry","The Bomb","ReplayTheSpireMod:Uncanny Aura","ReplayTheSpireMod:Splinters","Pommel Strike"],"relics":["Burning Blood","AT_ATBox","REME_ComplimentaryCards","CogitoBucket","Prayer Wheel","infinitespire:CursedDice","Unceasing Top","BackwardClock","ReplayTheSpireMod:ShopPack","Matryoshka","hubris:TenFootPole","AT_ForceNature"],"acts_visited":["Exordium"],"potions_floor_usage":[13,16,18],"damage_taken":[{"damage":2.0,"enemies":"2 Louse","floor":1.0,"turns":3.0},{"damage":14.0,"enemies":"Small Slimes","floor":2.0,"turns":5.0},{"damage":19.0,"enemies":"Jaw Worm","floor":3.0,"turns":4.0},{"damage":38.0,"enemies":"Lots of Slimes","floor":4.0,"turns":4.0},{"damage":31.0,"enemies":"Large Slime","floor":5.0,"turns":5.0},{"damage":64,"enemies":"3 Sentries","floor":10,"turns":9},{"damage":0,"enemies":"Red Slaver","floor":13,"turns":1},{"damage":32,"enemies":"Exordium Wildlife","floor":14,"turns":4},{"damage":45,"enemies":"Slime Boss","floor":18,"turns":3}],"seed_played":"-8316773554123832751","potions_obtained":[{"floor":1.0,"key":"Weak Potion"},{"floor":4.0,"key":"hexamod:EctoCoolerPotion"},{"floor":10,"key":"infinitespire:BlackPotion"},{"floor":14,"key":"hexamod:EctoCoolerPotion"},{"floor":16,"key":"Fruit Juice"},{"floor":16,"key":"Adrenaline Potion"}],"is_trial":false,"path_per_floor":["M","M","M","M","M","R","?","R","T","E","PTL","PTL","M","M","$","?","R","B"],"character_chosen":"IRONCLAD","items_purchased":["ReplayTheSpireMod:ShopPack","Matryoshka"],"campfire_rested":3,"item_purchase_floors":[15,15],"current_hp_per_floor":[80,75,68,36,14,38,38,62,62,35,35,35,41,15,15,20,45,0,0],"gold":100,"neow_bonus":"","is_daily":false,"chose_seed":false,"campfire_upgraded":0,"win_rate":0.0,"timestamp":1610184619,"path_taken":["M","M","M","M","M","R","?","R","T","E","PTL","PTL","M","M","$","?","R","BOSS"],"items_purchased_type":["Relic","Relic"],"build_version":"2020-12-22","purchased_purges":0,"victory":false,"max_hp_per_floor":[80,80,80,80,80,80,80,80,80,80,80,80,80,80,80,85,85,85,85],"card_choices":[{"not_picked":["sneckomod:UnknownCommonAttack+1","sneckomod:UnknownColorless+1"],"picked":"sneckomod:UnknownRareSkill+1","floor":1.0},{"not_picked":["BeautyBeast","MHz"],"picked":"Wellcheers","floor":1.0},{"not_picked":["Sentinel","ReplayTheSpireMod:Stacked"],"picked":"Headbutt","floor":1.0},{"not_picked":["VoidDream","Murderer"],"picked":"Yin","floor":2.0},{"not_picked":["sneckomod:UnknownClassGREEN+1","sneckomod:UnknownClassTHE_CURSED_PURPLE+1"],"picked":"sneckomod:UnknownRareSkill+1","floor":2.0},{"not_picked":["AT_IchimonjiDouble","Twin Strike"],"picked":"AT_ManFootWork","floor":2.0},{"not_picked":["ReplayTheSpireMod:Limb From Limb","Limit Break"],"picked":"AT_DiedThrough","floor":3.0},{"not_picked":["Havoc","AT_BodySlamDance","conspire:Charge"],"picked":"SKIP","floor":3.0},{"not_picked":["HeroicMonk","Scorched"],"picked":"RedShoes","floor":4.0},{"not_picked":["Replay:Undeath\u0027s Touch","Massacre"],"picked":"hubris:CleavingFinish","floor":4.0},{"not_picked":["Replay:Undeath\u0027s Touch","REME_Scribble"],"picked":"Iron Wave","floor":4.0},{"not_picked":["WallGazer","FairyFestival"],"picked":"DespairKnight","floor":5.0},{"not_picked":["Pommel Strike","Rupture"],"picked":"Wild Strike","floor":5.0},{"not_picked":["sneckomod:UnknownClassMARISA_DERIVATIONS+1","sneckomod:UnknownEthereal+1"],"picked":"sneckomod:UnknownClassAngela+1","floor":5.0},{"not_picked":["Searing Blow","Clash","Replay:Undeath\u0027s Touch"],"picked":"SKIP","floor":5.0},{"not_picked":["Perfected Strike","hubris:ReadiedAction"],"picked":"Pommel Strike","floor":10},{"not_picked":["Replay:UnknownCurse","sneckomod:UnknownClassMARISA_DERIVATIONS+1","sneckomod:UnknownClassTHE_CURSED_PURPLE+1"],"picked":"SKIP","floor":10},{"not_picked":["WallGazer","Scorched"],"picked":"VoidDream","floor":13},{"not_picked":["Battle Trance","Cleave"],"picked":"Reckless Charge","floor":13},{"not_picked":["hubris:ReadiedAction","Dual Wield","Brutality"],"picked":"SKIP","floor":13},{"not_picked":["Uppercut","Rampage"],"picked":"Warcry","floor":14},{"not_picked":["Pommel Strike","Whirlwind","Bludgeon"],"picked":"SKIP","floor":14},{"not_picked":["Poisoned Strike","vexMod:StairwayStrike"],"picked":"The Bomb","floor":15},{"not_picked":["expansioncontent:DonusPower","Blind"],"picked":"ReplayTheSpireMod:Uncanny Aura","floor":15},{"not_picked":["Shockwave","Run Through"],"picked":"Pommel Strike","floor":16}],"player_experience":112559,"relics_obtained":[{"floor":9.0,"key":"infinitespire:CursedDice"},{"floor":10,"key":"Unceasing Top"},{"floor":16,"key":"hubris:TenFootPole"},{"floor":16,"key":"AT_ForceNature"}],"event_choices":[{"damage_healed":0.0,"max_hp_gain":0.0,"max_hp_loss":0.0,"gold_gain":0.0,"event_name":"conspire:LoneGhost","player_choice":"Agree","floor":7.0,"gold_loss":0.0,"damage_taken":0.0}],"is_beta":false,"boss_relics":[],"items_purged_floors":[],"is_endless":false,"potions_floor_spawned":[1,4,10,14],"killed_by":"Slime Boss","ascension_level":0}}