{"host":"ha6p5pdchuduffeg","time":1610163211,"event":{"mods":["Act Like it!","BaseMod","Gensokyo","KinomotoSakuraMod(ƒæ÷Æ±æ”£)","Koishi","Marisa£®ÏF”Í°°ƒß¿Ì…≥£©","Minty Spire (QoL Compilation)","Reimu£®≤©¿ˆ¡È√Œ£©","Remilia£®¿Ÿ√◊¿Ú—«£©","Replay The Spire","StSLib","The Servant 0.9.4","Youmu£®ªÍ∆«—˝√Œ£©"],"gold_per_floor":[109,184,30,30,43,76,151,167,191,45,220,245,275,294,294,397,397,413,423,522,437,112,141,141,141,141,141,155,166,166,166,166,268,268,284,330,350,350,42,42,42,37,118,129,129,146,72,84,84,84],"floor_reached":51,"playtime":1369,"items_purged":["Doubt"],"score":830,"play_id":"2506f5be-7e90-4cbd-9bbd-236491325ef3","local_time":"20210109113331","is_ascension_mode":true,"campfire_choices":[{"floor":15.0,"key":"RECALL"},{"floor":25.0,"key":"REST"},{"data":"Heavy Blade","floor":27,"key":"SMITH"},{"data":"Uppercut","floor":30,"key":"SMITH"},{"floor":32,"key":"REST"},{"floor":40,"key":"REST"},{"data":"Flex","floor":45,"key":"SMITH"},{"floor":49,"key":"REST"}],"circlet_count":0,"master_deck":["Strike_R","Strike_R","Strike_R","Strike_R","Strike_R","Defend_R","Defend_R","Defend_R","Defend_R","Bash","Inflame+1","Flex+1","Whirlwind","Cleave+1","Heavy Blade+1","Uppercut+1","Double Tap+1","CurseOfTheBell","Cleave+1","Inflame+1","Apotheosis+1","Pain","Shrug It Off+1","Shockwave+1"],"relics":["Burning Blood","NeowsBlessing","ClockworkSouvenir","Mastiff:ReiMu","Toy Ornithopter","PreservedInsect","Oddly Smooth Stone","Champion Belt","SacredBark","Bag of Preparation","ReplayTheSpireMod:Lightbulb","Blood Vial","Lantern","Toxic Egg 2","Replay:Grab Bag","ChewingGum","SlaversCollar","Calling Bell","RuthlessExorcism:ReiMu","AntiCross","Another Sword","CatCart","Happy Flower","TentaclePot:ReiMu","WarpedTongs","Mercury Hourglass"],"acts_visited":["Exordium","TheCity","TheBeyond"],"potions_floor_usage":[28,33,50,50],"damage_taken":[{"damage":0.0,"enemies":"2 Louse","floor":1.0,"turns":1.0},{"damage":0.0,"enemies":"Jaw Worm","floor":5.0,"turns":1.0},{"damage":0.0,"enemies":"Gremlin Nob","floor":6.0,"turns":1.0},{"damage":0.0,"enemies":"Small Slimes","floor":8.0,"turns":3.0},{"damage":24.0,"enemies":"Lagavulin","floor":13.0,"turns":5.0},{"damage":9.0,"enemies":"Gremlin Gang","floor":14.0,"turns":3.0},{"damage":20.0,"enemies":"Slime Boss","floor":16.0,"turns":6.0},{"damage":8.0,"enemies":"Chosen","floor":18.0,"turns":5.0},{"damage":2.0,"enemies":"3 Byrds","floor":19.0,"turns":4.0},{"damage":36.0,"enemies":"Slavers","floor":23.0,"turns":4.0},{"damage":22,"enemies":"Snecko","floor":28,"turns":6},{"damage":4,"enemies":"Sentry and Sphere","floor":29,"turns":3},{"damage":71,"enemies":"Champ","floor":33,"turns":12},{"damage":1,"enemies":"Orb Walker","floor":35,"turns":2},{"damage":14,"enemies":"Orin","floor":36,"turns":5},{"damage":7,"enemies":"3 Shapes","floor":37,"turns":4},{"damage":10,"enemies":"Transient","floor":42,"turns":5},{"damage":9,"enemies":"4 Shapes","floor":44,"turns":1},{"damage":0,"enemies":"3 Darklings","floor":46,"turns":1},{"damage":21,"enemies":"Maw","floor":48,"turns":5},{"damage":62,"enemies":"Time Eater","floor":50,"turns":5}],"seed_played":"-2728452228323101789","potions_obtained":[{"floor":1.0,"key":"SteroidPotion"},{"floor":14.0,"key":"Swift Potion"},{"floor":16.0,"key":"DistilledChaos"},{"floor":19.0,"key":"Dexterity Potion"},{"floor":33,"key":"BloodPotion"},{"floor":42,"key":"BloodPotion"},{"floor":46,"key":"BlessingOfTheForge"}],"is_trial":false,"path_per_floor":["M","?","$","?","M","E","?","M","T","$","?","T","E","M","R","B",null,"M","M","?","?","$","E","T","R","T","R","M","M","R","?","R","B",null,"M","?","M","?","$","R","?","M","T","M","R","M","$","M","R","B",null],"character_chosen":"IRONCLAD","items_purchased":["ClockworkSouvenir","PreservedInsect","Heavy Blade","ReplayTheSpireMod:Lightbulb","Happy Flower","TentaclePot:ReiMu","Milkshake"],"campfire_rested":4,"item_purchase_floors":[3,10,22,22,39,39,47],"current_hp_per_floor":[80,69,69,69,75,80,72,78,78,78,78,78,60,57,57,48,80,78,80,80,80,80,50,50,74,74,74,65,69,69,54,79,21,85,85,77,78,78,78,85,85,81,81,80,80,85,85,70,85,67],"gold":84,"neow_bonus":"THREE_ENEMY_KILL","is_daily":false,"chose_seed":false,"campfire_upgraded":3,"win_rate":0.0,"timestamp":1610163211,"path_taken":["M","?","$","?","M","E","?","?","T","$","?","?","E","?","R","BOSS","M","M","?","?","$","E","?","R","T","R","M","?","R","?","R","BOSS","M","?","M","?","$","R","?","?","T","M","R","M","?","M","R","BOSS"],"items_purchased_type":["Relic","Relic","Card","Relic","Relic","Relic","Potion"],"build_version":"2020-12-22","purchased_purges":1,"victory":true,"max_hp_per_floor":[80,80,80,80,80,80,80,80,80,80,80,80,80,80,80,80,80,80,80,80,80,80,80,80,80,80,80,80,80,80,85,85,85,85,85,85,85,85,85,85,85,85,85,85,85,85,85,85,85,85],"card_choices":[{"not_picked":["Cleave","Run Through"],"picked":"Inflame","floor":1.0},{"not_picked":["Twin Strike","Fire Breathing"],"picked":"Flex","floor":5.0},{"not_picked":["Dark Embrace","Battle Trance","Run Through"],"picked":"SKIP","floor":6.0},{"not_picked":["Combust","ReplayTheSpireMod:LeadingStrike","Sever Soul"],"picked":"SKIP","floor":8.0},{"not_picked":["Shrug It Off","Thunderclap"],"picked":"Whirlwind","floor":13.0},{"not_picked":["Sword Boomerang","Clash","Sever Soul"],"picked":"SKIP","floor":14.0},{"not_picked":["Sword Boomerang","Thunderclap+1","Warcry"],"picked":"SKIP","floor":18.0},{"not_picked":["Fire Breathing+1","Flex"],"picked":"Cleave+1","floor":19.0},{"not_picked":["ReplayTheSpireMod:Stacked+1","Perfected Strike","Heavy Blade"],"picked":"SKIP","floor":23.0},{"not_picked":["Burning Pact+1","Cleave","Replay:Undeath\u0027s Touch"],"picked":"SKIP","floor":28},{"not_picked":["Warcry+1","Burning Pact+1"],"picked":"Uppercut","floor":29},{"not_picked":["Eclipse+1","Replay:Many Hands+1"],"picked":"Double Tap+1","floor":33},{"not_picked":["Headbutt+1","Twin Strike"],"picked":"Cleave+1","floor":35},{"not_picked":["Clothesline+1","ReplayReversal+1"],"picked":"Inflame+1","floor":36},{"not_picked":["ReplayTheSpireMod:Strike From Hell","True Grit+1","Uppercut+1"],"picked":"SKIP","floor":37},{"not_picked":["Bandage Up+1","Dramatic Entrance"],"picked":"Apotheosis+1","floor":38},{"not_picked":["Flex+1","Body Slam+1","Cleave+1"],"picked":"SKIP","floor":42},{"not_picked":["Uppercut","Feel No Pain+1"],"picked":"Shrug It Off+1","floor":44},{"not_picked":["True Grit+1","Shockwave+1","ReplayTheSpireMod:Limb From Limb+1"],"picked":"SKIP","floor":46},{"not_picked":["True Grit+1","ReplayTheSpireMod:Limb From Limb+1"],"picked":"Shockwave+1","floor":46},{"not_picked":["Twin Strike","Flex+1","Heavy Blade"],"picked":"SKIP","floor":48}],"player_experience":20161,"relics_obtained":[{"floor":6.0,"key":"Mastiff:ReiMu"},{"floor":9.0,"key":"Toy Ornithopter"},{"floor":12.0,"key":"Oddly Smooth Stone"},{"floor":13.0,"key":"Champion Belt"},{"floor":23.0,"key":"Blood Vial"},{"floor":24.0,"key":"Lantern"},{"floor":26.0,"key":"Toxic Egg 2"},{"floor":34,"key":"RuthlessExorcism:ReiMu"},{"floor":34,"key":"AntiCross"},{"floor":34,"key":"Another Sword"},{"floor":36,"key":"CatCart"},{"floor":43,"key":"Mercury Hourglass"}],"event_choices":[{"damage_healed":0.0,"max_hp_gain":0.0,"max_hp_loss":0.0,"gold_gain":75.0,"event_name":"World of Goop","player_choice":"Gather Gold","floor":2.0,"gold_loss":0.0,"damage_taken":11.0},{"damage_healed":0.0,"max_hp_gain":0.0,"max_hp_loss":0.0,"gold_gain":0.0,"event_name":"Living Wall","player_choice":"Grow","floor":4.0,"gold_loss":0.0,"damage_taken":0.0,"cards_upgraded":["Inflame"]},{"damage_healed":0.0,"max_hp_gain":0.0,"max_hp_loss":0.0,"gold_gain":75.0,"event_name":"FaceTrader","player_choice":"Touch","floor":7.0,"gold_loss":0.0,"damage_taken":8.0},{"damage_healed":0.0,"max_hp_gain":0.0,"max_hp_loss":0.0,"gold_gain":175.0,"event_name":"Liars Game","player_choice":"AGREE","floor":11.0,"gold_loss":0.0,"damage_taken":0.0,"cards_obtained":["Doubt"]},{"damage_healed":0.0,"max_hp_gain":0.0,"max_hp_loss":0.0,"gold_gain":99.0,"event_name":"Nest","player_choice":"Stole From Cult","floor":20.0,"gold_loss":0.0,"damage_taken":0.0},{"damage_healed":0.0,"max_hp_gain":0.0,"max_hp_loss":0.0,"gold_gain":0.0,"event_name":"Addict","player_choice":"Obtained Relic","floor":21.0,"gold_loss":85.0,"damage_taken":0.0,"relics_obtained":["Bag of Preparation"]},{"damage_healed":0,"gold_gain":0,"player_choice":"Shed Blood","damage_taken":20,"max_hp_gain":5,"max_hp_loss":0,"event_name":"Forgotten Altar","floor":31,"gold_loss":0},{"damage_healed":0,"gold_gain":0,"player_choice":"Fight","damage_taken":0,"max_hp_gain":0,"max_hp_loss":0,"event_name":"OrinTheCat","floor":36,"gold_loss":0},{"damage_healed":0,"gold_gain":0,"player_choice":"Memory 1","damage_taken":0,"max_hp_gain":0,"max_hp_loss":0,"event_name":"SensoryStone","floor":38,"gold_loss":0},{"damage_healed":0,"gold_gain":0,"player_choice":"Rummage","damage_taken":0,"relics_obtained":["WarpedTongs"],"max_hp_gain":0,"max_hp_loss":0,"event_name":"Accursed Blacksmith","floor":41,"gold_loss":0,"cards_obtained":["Pain"]}],"is_beta":false,"boss_relics":[{"not_picked":["Tiny House","Busted Crown"],"picked":"SacredBark"},{"not_picked":["Cursed Key","ReplayTheSpireMod:DimensionalGlitch"],"picked":"Replay:Grab Bag"},{"not_picked":["Velvet Choker","Coffee Dripper"],"picked":"ChewingGum"},{"not_picked":["Runic Dome","Fusion Hammer"],"picked":"SlaversCollar"},{"not_picked":["Snecko Eye","RedLine:ReiMu"],"picked":"Calling Bell"}],"items_purged_floors":[22],"is_endless":false,"potions_floor_spawned":[1,14,16,19,33,42,46],"ascension_level":1}}