{"host":"8ohk72e3leaymhq4","time":1610196575,"event":{"mods":["ATMod(阿瑾Mod)","Act Like it!","Arknights The Spire","Aspiration","BaseMod","BetterRewards","Colored Powertips","Conspire","Downfall","FutureSeer","Gensokyo","Hallownest","Hubris","Hunter 猎人","KinomotoSakuraMod(木之本樱)","LagranYue(拉格朗・月)","Lobotomy","LobotomyExtend","Marisa（F雨　魔理沙）","Mimic Mod","Minty Spire (QoL Compilation)","Nova Terra(诺娃・泰拉)","Prisma Mod","Quarter Circle Forward PUNCH!","Relic Stats","Remilia（蕾米莉亚）","Replay The Spire","Reworked Bosses","Shop Mod","Spicy Shops","StSLib","Td1madao Mod","TestMod","The Administrix","The Bug Knight","The Construct","The Mystic","WarShipGirlsR/战舰少女R mod","Youmu（魂魄妖梦）","Yuri Mod","vexMod","【遗物卡牌】REMEMod","篝火指南"],"gold_per_floor":[110,110,110,129,80,111,129,158,189,204,274,287,287,131,131,228,228,242,242,242,258,275,300,300,19,49,61,61,61,61,61],"floor_reached":13,"playtime":4516,"items_purged":["sneckomod:Bewildered"],"score":163,"play_id":"993c54c2-3f52-4d03-a69c-f731dad9dc17","local_time":"20210109204935","is_ascension_mode":false,"campfire_choices":[{"data":"HollowMod:FocusHealStart","floor":13.0,"key":"SMITH"},{"floor":15.0,"key":"DIG"},{"data":"Bursts","floor":7,"key":"SMITH"},{"data":"HollowMod:SoulStrike","floor":11,"key":"SMITH"}],"circlet_count":1,"master_deck":["HollowMod:NailStrikeStart","HollowMod:NailStrikeStart","HollowMod:NailStrikeStart","HollowMod:NailStrikeStart","HollowMod:QuickDashStart","HollowMod:QuickDashStart","HollowMod:QuickDashStart","HollowMod:QuickDashStart","HollowMod:FocusHealStart+1","HollowMod:PogoStrike","AT_FamilyPortrait","Bursts+1","HollowMod:MantisMark","HollowMod:SoulSplash","HollowMod:CornifersMapStart","HollowMod:ChannelNail+1","HollowMod:DreamGate","HollowMod:LifebloodCocoon","HollowMod:SoulShaman","HollowMod:RecoilStrike","HollowMod:SoulSplash","HollowMod:DashSlash","HollowMod:DesolateDive","HollowMod:DoubleDash","HollowMod:Hiveblood","HollowMod:SharpenedNail","HollowMod:CloakDash","HollowMod:CoiledNail","HollowMod:AwokenDreamNail","HollowMod:SoulStrike+1","HollowMod:CycloneSlash","HollowMod:FallenFury"],"relics":["HollowMod:VesselMask","REME_ComplimentaryCards","AT_ATBox","testmod-TestBox","LagranYue:RandomDrawCardRelic","testmod-BlackFramedGlasses","Hallownest:DreamNailRelic","Circlet","Prayer Wheel","aspiration:HiddenCompartment","Matryoshka","Replay:Mystery Machine","Strawberry","Replay:Baseball","conspire:DecoderRing","HandDrill","Centennial Puzzle","testmod-TimeTraveler","LetterFromLob","hubris:Icosahedron","hubris:GlazedTorus","ReplayTheSpireMod:CursedCoin","LagranYue:ReturningEmperorRelic","Toy Ornithopter","LaetitiaHeart"],"acts_visited":["Hallownest:Greenpath","Hallownest:CityofTears"],"potions_floor_usage":[],"damage_taken":[{"damage":1.0,"enemies":"Hallownest:monsterHuskWarrior","floor":1.0,"turns":4.0},{"damage":2.0,"enemies":"Hallownest:monsterHuskGuard","floor":4.0,"turns":4.0},{"damage":29.0,"enemies":"Hallownest:eliteMossKnight","floor":6.0,"turns":9.0},{"damage":3.0,"enemies":"Hallownest:2_MossCreeps","floor":7.0,"turns":4.0},{"damage":11.0,"enemies":"Hallownest:eliteCrystalGuardian","floor":8.0,"turns":5.0},{"damage":8.0,"enemies":"Hallownest:Wandering_and_Horned","floor":9.0,"turns":5.0},{"damage":3.0,"enemies":"Hallownest:Wandering_and_Horned","floor":10.0,"turns":4.0},{"damage":1.0,"enemies":"Hallownest:monsterAspidMother","floor":12.0,"turns":4.0},{"damage":56.0,"enemies":"Hallownest:BossBrokenVessel","floor":16.0,"turns":11.0},{"damage":0.0,"enemies":"Cultist","floor":1.0,"turns":4.0},{"damage":0,"enemies":"Jaw Worm","floor":4,"turns":3},{"damage":1,"enemies":"2 Louse","floor":5,"turns":2},{"damage":30,"enemies":"HollowMod:MossKnight","floor":6,"turns":6},{"damage":6,"enemies":"2 Fungi Beasts","floor":9,"turns":4},{"damage":11,"enemies":"2 Fungi Beasts","floor":10,"turns":3},{"damage":2,"enemies":"3 Louse","floor":13,"turns":1}],"seed_played":"6976939562187548713","potions_obtained":[{"floor":6.0,"key":"Explosive Potion"},{"floor":7.0,"key":"Energy Potion"},{"floor":8.0,"key":"ColorlessPotion"},{"floor":10.0,"key":"Weak Potion"},{"floor":16.0,"key":"Fire Potion"},{"floor":4,"key":"Strength Potion"},{"floor":10,"key":"FairyPotion"}],"is_trial":false,"path_per_floor":["M","?","?","M","$","E","M","E","MIM","M","T","M","R","$","R","B",null,"M","M","?","?","M","M","E","R","$","MIM","M","R","E","M"],"character_chosen":"THE_BUGKNIGHT","items_purchased":["HollowMod:ChannelNail+1","HandDrill","ReplayTheSpireMod:CursedCoin","LagranYue:ReturningEmperorRelic","HollowMod:SoulStrike"],"campfire_rested":0,"item_purchase_floors":[5,14,8,8,8],"current_hp_per_floor":[75,75,75,75,75,54,55,49,53,54,54,63,63,63,63,30,82,82,82,82,82,82,70,70,70,79,80,80,1,0,0],"gold":61,"neow_bonus":"RANDOM_EVENT","is_daily":false,"chose_seed":false,"campfire_upgraded":3,"win_rate":0.0,"timestamp":1610196575,"path_taken":["M","?","?","?","?","E","?","E","MIM","M","?","M","R","?","R","BOSS","M","M","?","?","M","M","E","R","$","MIM","M","R","E","M"],"items_purchased_type":["Card","Relic","Relic","Relic","Card"],"build_version":"2020-12-22","purchased_purges":1,"victory":false,"max_hp_per_floor":[75,75,75,75,75,75,75,75,82,82,82,82,82,82,82,82,82,82,82,82,82,82,82,82,82,82,82,82,1,1,1],"relic_stats":{"Centennial Puzzle":[18],"counters":[16,73],"Prayer Wheel":9,"HandDrill":[18],"obtain_stats":[{"AT_ATBox":0,"LagranYue:RandomDrawCardRelic":0,"HollowMod:VesselMask":0,"Hallownest:DreamNailRelic":2,"Replay:Mystery Machine":9,"testmod-BlackFramedGlasses":0,"LagranYue:ReturningEmperorRelic":8,"Centennial Puzzle":15,"Matryoshka":8,"hubris:Icosahedron":3,"LaetitiaHeart":12,"Strawberry":9,"conspire:DecoderRing":11,"Prayer Wheel":4,"HandDrill":14,"hubris:GlazedTorus":6,"testmod-TestBox":0,"testmod-TimeTraveler":17,"ReplayTheSpireMod:CursedCoin":8,"Circlet":3,"aspiration:HiddenCompartment":6,"Replay:Baseball":11,"LetterFromLob":1,"Toy Ornithopter":9,"REME_ComplimentaryCards":0},{"AT_ATBox":0,"LagranYue:RandomDrawCardRelic":0,"HollowMod:VesselMask":0,"Hallownest:DreamNailRelic":1,"Replay:Mystery Machine":6,"testmod-BlackFramedGlasses":0,"LagranYue:ReturningEmperorRelic":13,"Centennial Puzzle":8,"Matryoshka":5,"hubris:Icosahedron":10,"LaetitiaHeart":15,"Strawberry":6,"conspire:DecoderRing":7,"Prayer Wheel":2,"HandDrill":8,"hubris:GlazedTorus":13,"testmod-TestBox":0,"testmod-TimeTraveler":9,"ReplayTheSpireMod:CursedCoin":13,"Circlet":1,"aspiration:HiddenCompartment":3,"Replay:Baseball":7,"LetterFromLob":1,"Toy Ornithopter":14,"REME_ComplimentaryCards":0},{"AT_ATBox":0,"LagranYue:RandomDrawCardRelic":0,"HollowMod:VesselMask":0,"Hallownest:DreamNailRelic":4,"Replay:Mystery Machine":31,"testmod-BlackFramedGlasses":0,"LagranYue:ReturningEmperorRelic":65,"Centennial Puzzle":39,"Matryoshka":26,"hubris:Icosahedron":54,"LaetitiaHeart":72,"Strawberry":31,"conspire:DecoderRing":35,"Prayer Wheel":5,"HandDrill":39,"hubris:GlazedTorus":65,"testmod-TestBox":0,"testmod-TimeTraveler":50,"ReplayTheSpireMod:CursedCoin":65,"Circlet":4,"aspiration:HiddenCompartment":17,"Replay:Baseball":35,"LetterFromLob":4,"Toy Ornithopter":69,"REME_ComplimentaryCards":0}],"Toy Ornithopter":0},"card_choices":[{"not_picked":["HollowMod:DoubleDash","HollowMod:NewLittleFool"],"picked":"HollowMod:MantisMark","floor":1.0},{"not_picked":["HollowMod:NewLittleFool","HollowMod:SiblingsSouls"],"picked":"HollowMod:SoulSplash","floor":4.0},{"not_picked":["HollowMod:MawleksShell","HollowMod:TaintedHusks"],"picked":"HollowMod:CornifersMapStart","floor":4.0},{"not_picked":["HollowMod:AbyssShriek","HollowMod:DungDefenderAura"],"picked":"HollowMod:DreamGate","floor":6.0},{"not_picked":["HollowMod:NewLittleFool","HollowMod:MidwifesHunger"],"picked":"HollowMod:LifebloodCocoon","floor":7.0},{"not_picked":["HollowMod:DreamGate","HollowMod:PureNailStrike"],"picked":"HollowMod:SoulShaman","floor":7.0},{"not_picked":["HollowMod:InfectedCysts","HollowMod:DungDefenderAura"],"picked":"HollowMod:RecoilStrike","floor":8.0},{"not_picked":["HollowMod:MawleksShell","HollowMod:DescendingDark"],"picked":"HollowMod:SoulSplash","floor":9.0},{"not_picked":["HollowMod:Grubsong","HollowMod:NewJinnsSoul"],"picked":"HollowMod:DashSlash","floor":10.0},{"not_picked":["HollowMod:PureNailStrike","HollowMod:TaintedHusks","HollowMod:VengefulVoid"],"picked":"SKIP","floor":10.0},{"not_picked":["HollowMod:InfectionAssault","HollowMod:MawleksShell"],"picked":"HollowMod:DesolateDive","floor":12.0},{"not_picked":["HollowMod:GrimmsGift","HollowMod:PureNailStrike"],"picked":"HollowMod:DoubleDash","floor":12.0},{"not_picked":["HollowMod:SlysStrikes","HollowMod:MidwifesHunger"],"picked":"HollowMod:Hiveblood","floor":16.0},{"not_picked":["HollowMod:InfectedAttack","HollowMod:SoulSplash"],"picked":"HollowMod:SharpenedNail","floor":1},{"not_picked":["HollowMod:ShadowDash","HollowMod:MawleksShell"],"picked":"HollowMod:CloakDash","floor":1},{"not_picked":["HollowMod:InfectedAttack","HollowMod:InfectedCysts"],"picked":"HollowMod:CoiledNail","floor":4},{"not_picked":["HollowMod:MidwifesHunger","HollowMod:InfectionAssault","HollowMod:LifebloodCocoon"],"picked":"SKIP","floor":4},{"not_picked":["HollowMod:SoulSplash","HollowMod:SiblingsSouls","HollowMod:SiblingsShadow"],"picked":"SKIP","floor":5},{"not_picked":["HollowMod:SiblingsSouls","HollowMod:VengefulVoid","HollowMod:DreamGate"],"picked":"SKIP","floor":5},{"not_picked":["HollowMod:Hiveblood","HollowMod:ShapeofUnn"],"picked":"HollowMod:AwokenDreamNail","floor":6},{"not_picked":["HollowMod:CoiledNail","HollowMod:PureNailStrike"],"picked":"HollowMod:CycloneSlash","floor":9},{"not_picked":["HollowMod:DescendingDark","HollowMod:CrystalDash"],"picked":"HollowMod:FallenFury","floor":10},{"not_picked":["HollowMod:WraithStrike","HollowMod:SiblingsShadow","HollowMod:InfectedAttack"],"picked":"SKIP","floor":10}],"player_experience":32877,"relics_obtained":[{"floor":1.0,"key":"LetterFromLob"},{"floor":6.0,"key":"aspiration:HiddenCompartment"},{"floor":8.0,"key":"Matryoshka"},{"floor":9.0,"key":"Replay:Mystery Machine"},{"floor":9.0,"key":"Strawberry"},{"floor":11.0,"key":"Replay:Baseball"},{"floor":11.0,"key":"conspire:DecoderRing"},{"floor":15.0,"key":"Centennial Puzzle"},{"floor":1,"key":"LetterFromLob"},{"floor":6,"key":"hubris:GlazedTorus"},{"floor":9,"key":"Toy Ornithopter"}],"event_choices":[{"damage_healed":0,"gold_gain":0,"player_choice":"Leave","damage_taken":0,"max_hp_gain":0,"max_hp_loss":0,"event_name":"conspire:Investor","floor":2,"gold_loss":0}],"is_beta":false,"boss_relics":[{"not_picked":["vexMod:CursedCompass","qcfpunch:Killian_Engine_Alpha"],"picked":"testmod-TimeTraveler"}],"items_purged_floors":[8],"is_endless":false,"potions_floor_spawned":[6,7,8,10,16,4,10],"killed_by":"3 Louse","ascension_level":0}}