{"host":"aukiz5jlacd3g5yc","time":1610235480,"event":{"mods":["2.2 Compatiblity","BaseMod","Beaked The Cultist","Bestiary","Colored Map","Colored Powertips","Downfall","GifTheSpireLib","Highlight Path","Hubris","Infinite Spire","Minty Spire (QoL Compilation)","Permanent Neow","Quick Restart","Random Character Button","Rare Cards Sparkle","Relic Sorter","Relic Stats","Replay The Spire","StSLib","Unknown Chances","everything is the same but u backflip on backflip","slay the spire mod where everything is the same but ironclad has a cowboy hat"],"gold_per_floor":[18,37,56,231,43,43,76,76,103,103,121,71,87,32,32,137,137,148,161,161,161,1,1,26,26,26,53,67,67,81,2,2,2,2],"floor_reached":33,"playtime":930,"items_purged":[],"score":297,"play_id":"fd210d5d-66cb-42f6-b177-90ccfa8d037a","local_time":"20210109173800","is_ascension_mode":true,"campfire_choices":[{"data":"Apotheosis","floor":6,"key":"SMITH"},{"data":"Demonic Infusion","floor":8,"key":"SMITH"},{"data":"Hemogenesis","floor":15,"key":"SMITH"},{"data":"Double Tap","floor":23,"key":"SMITH"},{"data":"Offering","floor":25,"key":"SMITH"},{"data":"1","floor":29,"key":"LIFT"},{"data":"2","floor":32,"key":"LIFT"}],"circlet_count":0,"master_deck":["Strike_R+1","Strike_R+1","Strike_R+1","Strike_R+1","Defend_R+1","Defend_R+1","Defend_R+1","Defend_R+1","Bash","Demonic Infusion+1","Carnage","Cleave","Apotheosis+1","Hemogenesis+1","Iron Wave","Rampage","Blood for Blood","Blood for Blood","Double Tap+1","Twin Strike+1","Disarm","Pummel","Limit Break","Offering+1","Fiend Fire","Battle Trance","Life Link"],"relics":["Burning Blood","infinitespire:ShieldingShard","Bag of Marbles","Electric Blood","Dream Catcher","Girya","Toy Ornithopter"],"acts_visited":["Exordium","TheCity"],"potions_floor_usage":[7,13,19,28,30,30,33],"damage_taken":[{"damage":18,"enemies":"Jaw Worm","floor":1,"turns":3},{"damage":6,"enemies":"Cultist","floor":2,"turns":3},{"damage":0,"enemies":"2 Louse","floor":3,"turns":3},{"damage":27,"enemies":"Replay:BlueRogue","floor":7,"turns":6},{"damage":6,"enemies":"2 Fungi Beasts","floor":11,"turns":3},{"damage":6,"enemies":"Gremlin Gang","floor":13,"turns":3},{"damage":58,"enemies":"Hexaghost","floor":16,"turns":8},{"damage":14,"enemies":"Spheric Guardian","floor":18,"turns":3},{"damage":13,"enemies":"3 Byrds","floor":19,"turns":5},{"damage":18,"enemies":"Replay:Snechameleon","floor":24,"turns":3},{"damage":31,"enemies":"Book of Stabbing","floor":27,"turns":3},{"damage":24,"enemies":"Centurion and Healer","floor":28,"turns":5},{"damage":20,"enemies":"Snake Plant","floor":30,"turns":2},{"damage":72,"enemies":"Collector","floor":33,"turns":6}],"seed_played":"-2926485631277319233","potions_obtained":[{"floor":3,"key":"champ:CounterPotion"},{"floor":7,"key":"hexamod:EctoCoolerPotion"},{"floor":11,"key":"BloodPotion"},{"floor":13,"key":"infinitespire:BlackPotion"},{"floor":19,"key":"SteroidPotion"},{"floor":24,"key":"Reflective Coating"},{"floor":28,"key":"ColorlessPotion"}],"is_trial":false,"path_per_floor":["M","M","M","?","$","R","E","R","T","?","M","?","M","$","R","B",null,"M","M","?","?","$","R","E","R","T","E","M","R","M","$","R","B"],"character_chosen":"IRONCLAD","items_purchased":["Apotheosis","Blood for Blood","Limit Break","Life Link"],"campfire_rested":0,"item_purchase_floors":[5,14,22,31],"current_hp_per_floor":[68,68,74,74,74,74,53,53,53,53,60,60,60,60,60,19,80,72,65,65,65,65,65,53,53,53,28,15,15,27,27,27,0,0],"gold":2,"neow_bonus":"THREE_RARE_CARDS","is_daily":false,"chose_seed":false,"campfire_upgraded":5,"win_rate":0.0,"timestamp":1610235480,"path_taken":["M","M","M","?","$","R","E","R","T","?","?","?","M","$","R","BOSS","M","M","?","?","$","R","E","R","T","E","M","R","?","?","R","BOSS"],"items_purchased_type":["Card","Card","Card","Card"],"build_version":"2020-12-22","purchased_purges":0,"victory":false,"max_hp_per_floor":[80,80,80,80,80,80,80,80,80,80,80,80,80,80,80,80,80,80,80,80,80,80,80,80,80,80,80,80,80,80,80,80,80,80],"relic_stats":{"Dream Catcher":0,"counters":[14,56],"obtain_stats":[{"Girya":26,"Dream Catcher":24,"infinitespire:ShieldingShard":7,"Bag of Marbles":9,"Electric Blood":17,"Burning Blood":0,"Toy Ornithopter":27},{"Girya":10,"Dream Catcher":10,"infinitespire:ShieldingShard":4,"Bag of Marbles":4,"Electric Blood":7,"Burning Blood":0,"Toy Ornithopter":11},{"Girya":40,"Dream Catcher":40,"infinitespire:ShieldingShard":15,"Bag of Marbles":15,"Electric Blood":29,"Burning Blood":0,"Toy Ornithopter":43}],"Burning Blood":78,"Toy Ornithopter":20},"card_choices":[{"not_picked":["Impervious","Offering"],"picked":"Demonic Infusion","floor":0},{"not_picked":["Dual Wield","Sword Boomerang","Iron Wave"],"picked":"SKIP","floor":1},{"not_picked":["Flex","Blood for Blood"],"picked":"Carnage","floor":2},{"not_picked":["Pommel Strike","hubris:ReadiedAction"],"picked":"Cleave","floor":3},{"not_picked":["Cleave","Thunderclap"],"picked":"Hemogenesis","floor":7},{"not_picked":["Heavy Blade","Perfected Strike","Clothesline"],"picked":"SKIP","floor":11},{"not_picked":["Pommel Strike","Shrug It Off"],"picked":"Rampage","floor":13},{"not_picked":["Juggernaut","Reaper"],"picked":"Double Tap","floor":16},{"not_picked":["Anger","Armaments"],"picked":"Twin Strike+1","floor":18},{"not_picked":["Burning Pact","Body Slam+1"],"picked":"Disarm","floor":19},{"not_picked":["Power Through","Seeing Red+1"],"picked":"Offering","floor":24},{"not_picked":["Rampage+1","Clash"],"picked":"Fiend Fire","floor":27},{"not_picked":["Iron Wave","Clothesline+1"],"picked":"Battle Trance","floor":28},{"not_picked":["Clothesline","Headbutt","Anger"],"picked":"SKIP","floor":30}],"player_experience":344382,"relics_obtained":[{"floor":7,"key":"infinitespire:ShieldingShard"},{"floor":9,"key":"Bag of Marbles"},{"floor":24,"key":"Dream Catcher"},{"floor":26,"key":"Girya"},{"floor":27,"key":"Toy Ornithopter"}],"event_choices":[{"damage_healed":0,"gold_gain":175,"player_choice":"AGREE","damage_taken":0,"max_hp_gain":0,"max_hp_loss":0,"event_name":"Liars Game","floor":4,"gold_loss":0,"cards_obtained":["Doubt"]},{"cards_removed":["Doubt"],"damage_healed":0,"gold_gain":0,"player_choice":"Took Card","damage_taken":0,"max_hp_gain":0,"max_hp_loss":0,"event_name":"NoteForYourself","floor":10,"gold_loss":0,"cards_obtained":["Iron Wave"]},{"cards_removed":["Strike_R"],"damage_healed":0,"gold_gain":0,"player_choice":"Card Removal","damage_taken":0,"max_hp_gain":0,"max_hp_loss":0,"event_name":"The Cleric","floor":12,"gold_loss":50},{"damage_healed":0,"gold_gain":0,"player_choice":"Simplicity","damage_taken":0,"max_hp_gain":0,"max_hp_loss":0,"event_name":"Back to Basics","floor":20,"gold_loss":0,"cards_upgraded":["Strike_R","Strike_R","Strike_R","Strike_R","Defend_R","Defend_R","Defend_R","Defend_R"]},{"damage_healed":0,"gold_gain":0,"player_choice":"Read","damage_taken":0,"max_hp_gain":0,"max_hp_loss":0,"event_name":"The Library","floor":21,"gold_loss":0,"cards_obtained":["Pummel"]}],"is_beta":false,"boss_relics":[{"not_picked":["ReplayTheSpireMod:SealedPack","Runic Cube"],"picked":"Electric Blood"}],"items_purged_floors":[],"is_endless":false,"potions_floor_spawned":[3,7,11,13,19,24,28],"killed_by":"Collector","ascension_level":1}}