{"host":"17uzppmr1r5fe5jj","time":1610196886,"event":{"mods":["BaseMod","Highlight Path","Minty Spire (QoL Compilation)","StSLib"],"gold_per_floor":[112,128,147,158,171,202,202,213,268,28,28,48,64,84,84,195,195,205,222,242,253,135,135,135,165,219,258,43,43,52,67,67,179,179,494,510,520,231,249,293,293,332,332,347,175,190,204,222,222,222],"floor_reached":51,"playtime":1209,"items_purged":["Strike_R","Strike_R","Strike_R","Defend_R","Defend_R"],"score":1059,"play_id":"2c97a2bb-991b-4513-889d-643733723683","local_time":"20210109205446","daily_mods":["Vintage","Heirloom","Flight"],"is_ascension_mode":false,"campfire_choices":[{"data":"Inflame","floor":7,"key":"SMITH"},{"data":"Whirlwind","floor":11,"key":"SMITH"},{"data":"Bash","floor":15,"key":"SMITH"},{"data":"True Grit","floor":23,"key":"SMITH"},{"data":"Offering","floor":24,"key":"SMITH"},{"data":"Seeing Red","floor":29,"key":"SMITH"},{"floor":30,"key":"REST"},{"data":"Shrug It Off","floor":32,"key":"SMITH"},{"data":"Reaper","floor":41,"key":"SMITH"},{"data":"Pummel","floor":49,"key":"SMITH"}],"circlet_count":0,"master_deck":["Strike_R","Strike_R","Defend_R","Defend_R","Bash+1","Inflame+1","Whirlwind+1","Offering+1","True Grit+1","Shrug It Off+1","Dark Embrace+1","Seeing Red+1","Battle Trance+1","Reaper+1","Pummel+1","Armaments+1"],"relics":["Burning Blood","Lizard Tail","Mummified Hand","Bag of Preparation","Paper Frog","MealTicket","PreservedInsect","The Courier","Nunchaku","Centennial Puzzle","Brimstone","Mercury Hourglass","Pen Nib","CeramicFish","Velvet Choker","StoneCalendar","StrikeDummy","Art of War","Bottled Flame","Dream Catcher","Smiling Mask","Anchor","Frozen Eye","Strawberry","Sozu","Old Coin","Regal Pillow","Akabeko","Chemical X","Vajra","Frozen Egg 2","Bronze Scales","Blood Vial","Happy Flower","Letter Opener","Bag of Marbles","Red Skull","Shuriken","Gremlin Horn"],"acts_visited":["Exordium","TheCity","TheBeyond"],"potions_floor_usage":[4,6,6,16,16,16,16,20,20,21],"damage_taken":[{"damage":0,"enemies":"2 Louse","floor":1,"turns":3},{"damage":10,"enemies":"Cultist","floor":2,"turns":4},{"damage":5,"enemies":"Jaw Worm","floor":3,"turns":5},{"damage":0,"enemies":"2 Fungi Beasts","floor":4,"turns":3},{"damage":14,"enemies":"Exordium Thugs","floor":5,"turns":5},{"damage":7,"enemies":"Gremlin Nob","floor":6,"turns":3},{"damage":11,"enemies":"Blue Slaver","floor":8,"turns":4},{"damage":11,"enemies":"Lots of Slimes","floor":12,"turns":2},{"damage":0,"enemies":"Gremlin Gang","floor":13,"turns":1},{"damage":11,"enemies":"Looter","floor":14,"turns":2},{"damage":6,"enemies":"Slime Boss","floor":16,"turns":6},{"damage":6,"enemies":"Spheric Guardian","floor":18,"turns":2},{"damage":6,"enemies":"3 Byrds","floor":19,"turns":1},{"damage":6,"enemies":"3 Cultists","floor":20,"turns":2},{"damage":6,"enemies":"Cultist and Chosen","floor":21,"turns":2},{"damage":6,"enemies":"Gremlin Leader","floor":25,"turns":2},{"damage":0,"enemies":"Slavers","floor":27,"turns":1},{"damage":6,"enemies":"Snecko","floor":31,"turns":2},{"damage":28,"enemies":"Champ","floor":33,"turns":5},{"damage":0,"enemies":"3 Darklings","floor":35,"turns":1},{"damage":6,"enemies":"Orb Walker","floor":36,"turns":2},{"damage":6,"enemies":"Spire Growth","floor":37,"turns":2},{"damage":6,"enemies":"Jaw Worm Horde","floor":39,"turns":1},{"damage":6,"enemies":"Nemesis","floor":40,"turns":1},{"damage":18,"enemies":"Giant Head","floor":42,"turns":4},{"damage":5,"enemies":"4 Shapes","floor":44,"turns":1},{"damage":0,"enemies":"Writhing Mass","floor":46,"turns":1},{"damage":0,"enemies":"Jaw Worm Horde","floor":47,"turns":1},{"damage":8,"enemies":"4 Shapes","floor":48,"turns":1},{"damage":6,"enemies":"Awakened One","floor":50,"turns":2}],"seed_played":"639961322696307106","potions_obtained":[{"floor":3,"key":"Fire Potion"},{"floor":4,"key":"FearPotion"},{"floor":5,"key":"EssenceOfSteel"},{"floor":6,"key":"Regen Potion"},{"floor":12,"key":"EntropicBrew"},{"floor":18,"key":"BlessingOfTheForge"},{"floor":19,"key":"Explosive Potion"},{"floor":21,"key":"DuplicationPotion"},{"floor":31,"key":"FearPotion"},{"floor":33,"key":"EssenceOfSteel"}],"is_trial":true,"path_per_floor":["M","M","M","M","M","E","R","M","T","$","R","M","M","M","R","B",null,"M","M","M","M","$","R","R","E","T","E","$","R","R","M","R","B",null,"M","M","M","$","M","E","R","E","T","M","$","M","M","M","R","B",null],"character_chosen":"IRONCLAD","items_purchased":["Whirlwind","Brimstone","True Grit","Shrug It Off","Frozen Eye","Seeing Red","Chemical X","Vajra","Bag of Marbles"],"campfire_rested":1,"item_purchase_floors":[10,10,22,22,28,28,38,38,45],"current_hp_per_floor":[80,76,77,80,72,71,71,66,66,80,80,75,80,75,75,80,80,80,80,80,80,80,80,80,80,80,80,80,80,80,87,87,65,87,87,87,87,87,87,87,87,86,86,87,87,87,87,85,85,87],"gold":222,"neow_bonus":"","is_daily":false,"chose_seed":false,"campfire_upgraded":9,"win_rate":0.0,"timestamp":1610196886,"path_taken":["M","M","M","M","M","E","R","M","T","$","R","M","M","M","R","BOSS","M","M","M","M","$","R","R","E","T","E","$","R","R","M","R","BOSS","M","M","M","$","M","E","R","E","T","M","$","M","M","M","R","BOSS"],"items_purchased_type":["Card","Relic","Card","Card","Relic","Card","Relic","Relic","Relic"],"build_version":"2020-12-22","purchased_purges":5,"victory":true,"max_hp_per_floor":[80,80,80,80,80,80,80,80,80,80,80,80,80,80,80,80,80,80,80,80,80,80,80,80,80,80,80,80,80,80,87,87,87,87,87,87,87,87,87,87,87,87,87,87,87,87,87,87,87,87],"card_choices":[{"not_picked":["Headbutt","Sentinel"],"picked":"Inflame","floor":6},{"not_picked":["Feed","Immolate"],"picked":"Offering","floor":16},{"not_picked":["Havoc+1","True Grit","Shrug It Off"],"picked":"SKIP","floor":25},{"not_picked":["Hemokinesis","Shrug It Off"],"picked":"Dark Embrace+1","floor":27},{"not_picked":["Feel No Pain","Wild Strike"],"picked":"Battle Trance+1","floor":30},{"not_picked":["Offering","Exhume"],"picked":"Reaper","floor":33},{"not_picked":["Thunderclap","Anger+1","Pummel"],"picked":"SKIP","floor":40},{"not_picked":["Thunderclap","Anger+1"],"picked":"Pummel","floor":40},{"not_picked":["Thunderclap+1","Twin Strike"],"picked":"Armaments+1","floor":42}],"player_experience":83659,"relics_obtained":[{"floor":1,"key":"Mummified Hand"},{"floor":2,"key":"Bag of Preparation"},{"floor":3,"key":"Paper Frog"},{"floor":4,"key":"MealTicket"},{"floor":5,"key":"PreservedInsect"},{"floor":6,"key":"The Courier"},{"floor":8,"key":"Nunchaku"},{"floor":9,"key":"Centennial Puzzle"},{"floor":12,"key":"Mercury Hourglass"},{"floor":13,"key":"Pen Nib"},{"floor":14,"key":"CeramicFish"},{"floor":18,"key":"StoneCalendar"},{"floor":19,"key":"StrikeDummy"},{"floor":20,"key":"Art of War"},{"floor":21,"key":"Bottled Flame"},{"floor":25,"key":"Dream Catcher"},{"floor":26,"key":"Smiling Mask"},{"floor":27,"key":"Anchor"},{"floor":31,"key":"Strawberry"},{"floor":35,"key":"Old Coin"},{"floor":36,"key":"Regal Pillow"},{"floor":37,"key":"Akabeko"},{"floor":39,"key":"Frozen Egg 2"},{"floor":40,"key":"Bronze Scales"},{"floor":42,"key":"Blood Vial"},{"floor":43,"key":"Happy Flower"},{"floor":44,"key":"Letter Opener"},{"floor":46,"key":"Red Skull"},{"floor":47,"key":"Shuriken"},{"floor":48,"key":"Gremlin Horn"}],"event_choices":[],"is_beta":false,"boss_relics":[{"not_picked":["Black Blood","SacredBark"],"picked":"Velvet Choker"},{"not_picked":["Calling Bell","SlaversCollar"],"picked":"Sozu"}],"items_purged_floors":[10,22,28,38,45],"is_endless":false,"potions_floor_spawned":[3,4,5,6,12,18,19,21,31,33,39,40,42,47],"ascension_level":0}}