{"host":"z9grmtg2w0nmz8n1","time":1610171027,"event":{"mods":["Aspiration","Bard","BaseMod","Beaked The Cultist","Better Altar","Better Match","Better Note","Better Sensory Stone","Better Skull","Better Third Choice","BetterRewards","CCEM","Colored Map","Conspire","Downfall","GifTheSpireLib","Googly Eyes","Halation","Hermit","Highlight Path","Hubris","Hunter ??","Jedi Mod","Jorbs\u0027s Wanderer Trilogy","Mad Scientist","Marisa????????","Minty Spire (QoL Compilation)","Permanent Neow","Replay The Spire","Shade Mod","Shop Mod","Spicy Shops","StSLib","Stuff the Spire","The Bug Knight","The Construct","The Necromancer","The Runesmith","The Witch"],"gold_per_floor":[117,131,149,160,46,80,80,111,165,165,65,80,80,128,128,230,230,241,258,273,292,292,292,292],"floor_reached":23,"playtime":1072,"items_purged":["Runesmith:Strike_RS","Regret"],"score":228,"play_id":"dece7d5e-be15-4eec-b63d-5be187731f13","local_time":"20210109034347","is_ascension_mode":false,"campfire_choices":[{"floor":13,"key":"REST"},{"floor":15,"key":"RECALL"}],"circlet_count":0,"master_deck":["Runesmith:Strike_RS","Runesmith:Strike_RS+1","Runesmith:Strike_RS","Runesmith:Defend_RS","Runesmith:Defend_RS","Runesmith:Defend_RS","Runesmith:Defend_RS","Runesmith:CraftFirestone","Runesmith:Fortify","Runesmith:FissionHammer","Runesmith:UnstableHammer","Runesmith:ChargedHammer","Runesmith:ChiselStab+1","Runesmith:RunicBlueprint+1","Runesmith:CraftMagma","Runesmith:FissionHammer","Runesmith:HammerThrow","Runesmith:PerfectChisel","Runesmith:HammerTime"],"relics":["Runesmith:BrokenRuby","Bag of Marbles","jedi:matchstick","Chameleon Ring","CCEMRelics:Barrel","Painkiller Herb"],"acts_visited":["Exordium","TheCity"],"potions_floor_usage":[8],"damage_taken":[{"damage":0,"enemies":"Jaw Worm","floor":1,"turns":3},{"damage":0,"enemies":"conspire:RoseBush","floor":2,"turns":2},{"damage":0,"enemies":"2 Louse","floor":3,"turns":2},{"damage":2,"enemies":"Large Slime","floor":4,"turns":5},{"damage":0,"enemies":"HollowMod:MossKnight","floor":6,"turns":4},{"damage":32,"enemies":"Gremlin Nob","floor":8,"turns":4},{"damage":3,"enemies":"Exordium Thugs","floor":12,"turns":3},{"damage":7,"enemies":"Slime Boss","floor":16,"turns":7},{"damage":17,"enemies":"Spheric Guardian","floor":18,"turns":4},{"damage":0,"enemies":"Chosen","floor":19,"turns":4},{"damage":4,"enemies":"3 Cultists","floor":20,"turns":4},{"damage":7,"enemies":"Centurion and Healer","floor":21,"turns":5},{"damage":50,"enemies":"Slavers","floor":23,"turns":4}],"seed_played":"-1727831770037529599","potions_obtained":[{"floor":2,"key":"DuplicationPotion"},{"floor":3,"key":"Ancient Potion"},{"floor":12,"key":"SteroidPotion"},{"floor":18,"key":"Elixir"},{"floor":20,"key":"Energy Potion"}],"is_trial":false,"path_per_floor":["M","M","M","M","$","E","?","E","T","?","$","M","R","T","R","B",null,"?","?","?","?","?","E"],"character_chosen":"RUNESMITH_CLASS","items_purchased":["Runesmith:ChiselStab+1"],"campfire_rested":1,"item_purchase_floors":[5],"current_hp_per_floor":[63,63,63,61,61,61,61,29,29,16,16,13,31,31,31,24,63,46,46,42,35,35,0,0],"gold":292,"neow_bonus":"THREE_RARE_CARDS","is_daily":false,"chose_seed":false,"campfire_upgraded":0,"win_rate":0.0,"timestamp":1610171027,"path_taken":["M","M","M","M","$","E","?","E","T","?","$","M","R","?","R","BOSS","?","?","?","?","?","E"],"items_purchased_type":["Card"],"build_version":"2020-12-22","purchased_purges":2,"victory":false,"max_hp_per_floor":[63,63,63,63,63,63,63,63,63,63,63,63,63,63,63,63,63,63,63,63,63,63,63,63],"card_choices":[{"not_picked":["Runesmith:MetallurgicalResearch","Runesmith:Duplicate"],"picked":"Runesmith:FissionHammer","floor":0},{"not_picked":["Runesmith:StaticCage","Runesmith:MakeshiftArmor"],"picked":"Runesmith:UnstableHammer","floor":1},{"not_picked":["Runesmith:MakeshiftArmor","Runesmith:Repurpose","Runesmith:HeatExchange"],"picked":"SKIP","floor":2},{"not_picked":["Runesmith:StaticCage","Runesmith:HeatExchange","Runesmith:DoubleUp"],"picked":"SKIP","floor":3},{"not_picked":["Runesmith:Repurpose","Runesmith:ShiftingStrike"],"picked":"Runesmith:ChargedHammer","floor":4},{"not_picked":["Runesmith:Malloc","Runesmith:Empowerment","Runesmith:CraftProtectio"],"picked":"SKIP","floor":6},{"not_picked":["Runesmith:Attraction","Runesmith:ChiselStab"],"picked":"Runesmith:RunicBlueprint","floor":8},{"not_picked":["Runesmith:CraftObretio","Runesmith:HeatExchange"],"picked":"Runesmith:CraftMagma","floor":12},{"not_picked":["Runesmith:MetallurgicalResearch","Runesmith:DuctTape"],"picked":"Runesmith:FissionHammer","floor":16},{"not_picked":["Runesmith:Superposition","Runesmith:ChiselStab"],"picked":"Runesmith:HammerThrow","floor":18},{"not_picked":["Runesmith:Terraform+1","Runesmith:StaticCage","Runesmith:MakeshiftArmor"],"picked":"SKIP","floor":19},{"not_picked":["Runesmith:StaticCage+1","Runesmith:ChargedHammer+1"],"picked":"Runesmith:PerfectChisel","floor":20},{"not_picked":["Runesmith:EarthShield","Runesmith:HeatedChisel+1"],"picked":"Runesmith:HammerTime","floor":21}],"player_experience":815394,"relics_obtained":[{"floor":6,"key":"Bag of Marbles"},{"floor":8,"key":"Chameleon Ring"},{"floor":14,"key":"CCEMRelics:Barrel"}],"event_choices":[{"damage_healed":0,"gold_gain":0,"player_choice":"Box","damage_taken":0,"relics_obtained":["jedi:matchstick"],"max_hp_gain":0,"max_hp_loss":0,"event_name":"Big Fish","floor":7,"gold_loss":0,"cards_obtained":["Regret"]},{"damage_healed":29,"gold_gain":0,"player_choice":"Upgrade","damage_taken":13,"max_hp_gain":0,"max_hp_loss":63,"event_name":"betterThird:BetterShining","floor":10,"gold_loss":0,"cards_upgraded":["Runesmith:RunicBlueprint","Runesmith:Strike_RS"]},{"cards_removed":["Runesmith:Strike_RS"],"damage_healed":0,"gold_gain":0,"player_choice":"Give","damage_taken":0,"max_hp_gain":0,"max_hp_loss":0,"event_name":"betterNote:BetterNote","floor":22,"gold_loss":0,"cards_obtained":["Strike_B"]}],"is_beta":false,"boss_relics":[{"not_picked":["Runesmith:CoreCrystal","conspire:RunicOctahedron"],"picked":"Painkiller Herb"}],"items_purged_floors":[5,11],"is_endless":false,"potions_floor_spawned":[2,3,12,18,20,21],"killed_by":"Slavers","ascension_level":0}}