{"host":"J","time":1610193949,"event":{"mods":["AchievementEnabler","BaseMod","Block Reminder","Highlight Path","Minty Spire (QoL Compilation)","Permanent Neow","Quick Restart","Relic Stats","UnlockEverythingMod"],"gold_per_floor":[99,99,99,99,40,40,40,40,40,40,40,40,40,40,40,40,40,40,0,0,0,0,0,0,0],"floor_reached":24,"playtime":2409,"items_purged":[],"score":436,"play_id":"f287ceff-c465-4c25-9714-4e3296628d1b","local_time":"20210109130549","is_ascension_mode":true,"campfire_choices":[{"data":"Defragment","floor":10.0,"key":"SMITH"},{"floor":15.0,"key":"REST"},{"data":"Chaos","floor":23,"key":"SMITH"}],"circlet_count":0,"master_deck":["AscendersBane","Strike_B","Defend_B","Defend_B","Defend_B","Defend_B","Zap","Dualcast","Chaos+1","Conserve Battery","Doom and Gloom","Ball Lightning","Coolheaded","Defragment+1","Echo Form","Ball Lightning+1","Steam Power+1","Steam Power+1","Compile Driver","Compile Driver"],"relics":["Ectoplasm","FaceOfCleric","Bag of Marbles","MawBank","Tiny Chest","Astrolabe"],"acts_visited":["Exordium","TheCity"],"potions_floor_usage":[],"damage_taken":[{"damage":4.0,"enemies":"Small Slimes","floor":1.0,"turns":3.0},{"damage":1.0,"enemies":"Cultist","floor":2.0,"turns":3.0},{"damage":1.0,"enemies":"2 Louse","floor":3.0,"turns":4.0},{"damage":9.0,"enemies":"Gremlin Nob","floor":6.0,"turns":4.0},{"damage":21.0,"enemies":"3 Sentries","floor":8.0,"turns":6.0},{"damage":10.0,"enemies":"2 Fungi Beasts","floor":11.0,"turns":3.0},{"damage":7.0,"enemies":"Lagavulin","floor":12.0,"turns":6.0},{"damage":9.0,"enemies":"Red Slaver","floor":14.0,"turns":2.0},{"damage":25.0,"enemies":"Slime Boss","floor":16.0,"turns":9.0},{"damage":24,"enemies":"3 Byrds","floor":18,"turns":3},{"damage":15,"enemies":"2 Thieves","floor":19,"turns":3},{"damage":8,"enemies":"Snecko","floor":20,"turns":5},{"damage":17,"enemies":"Sentry and Sphere","floor":22,"turns":5},{"damage":0,"enemies":"Snake Plant","floor":24,"turns":2}],"seed_played":"3298780884454664528","potions_obtained":[{"floor":1.0,"key":"SkillPotion"},{"floor":2.0,"key":"Fire Potion"},{"floor":11.0,"key":"DuplicationPotion"},{"floor":22,"key":"Explosive Potion"}],"is_trial":false,"path_per_floor":["M","M","M","?","$","E","$","E","T","R","M","E","$","M","R","B",null,"M","M","M","?","M","R","M"],"character_chosen":"DEFECT","items_purchased":["Ball Lightning"],"campfire_rested":1,"item_purchase_floors":[5],"current_hp_per_floor":[60,59,58,58,58,50,50,30,30,30,21,15,15,7,29,5,59,36,22,15,31,15,15,15,15],"gold":0,"neow_bonus":"BOSS_RELIC","is_daily":false,"chose_seed":false,"campfire_upgraded":2,"win_rate":0.0,"timestamp":1610193949,"path_taken":["M","M","M","?","?","E","$","E","T","R","M","E","$","M","R","BOSS","M","M","M","?","M","R","M"],"items_purchased_type":["Card"],"build_version":"2020-12-18","purchased_purges":0,"victory":false,"max_hp_per_floor":[71,71,71,71,71,72,72,73,73,73,74,75,75,76,76,77,77,78,79,80,80,81,81,81,81],"relic_stats":{"FaceOfCleric":10,"counters":[14,58],"Astrolabe":["Ball Lightning","Steam Power","Steam Power"],"Tiny Chest":0,"Ectoplasm":564,"MawBank":0,"obtain_stats":[{"FaceOfCleric":4,"Astrolabe":17,"Tiny Chest":12,"Ectoplasm":0,"Bag of Marbles":6,"Cracked Core":0,"MawBank":8},{"FaceOfCleric":3,"Astrolabe":9,"Tiny Chest":7,"Ectoplasm":0,"Bag of Marbles":4,"Cracked Core":0,"MawBank":5},{"FaceOfCleric":10,"Astrolabe":40,"Tiny Chest":29,"Ectoplasm":0,"Bag of Marbles":14,"Cracked Core":0,"MawBank":20}]},"card_choices":[{"not_picked":["Hologram","Double Energy"],"picked":"Chaos","floor":1.0},{"not_picked":["Turbo","Undo"],"picked":"Conserve Battery","floor":2.0},{"not_picked":["Double Energy","Redo"],"picked":"Doom and Gloom","floor":3.0},{"not_picked":["Streamline","Rebound"],"picked":"Coolheaded","floor":6.0},{"not_picked":["Hello World","Stack"],"picked":"Defragment","floor":8.0},{"not_picked":["Heatsinks","Gash","Melter"],"picked":"SKIP","floor":11.0},{"not_picked":["Consume","Streamline","Conserve Battery"],"picked":"SKIP","floor":12.0},{"not_picked":["Hologram","Undo","FTL"],"picked":"SKIP","floor":14.0},{"not_picked":["Reboot","Thunder Strike"],"picked":"Echo Form","floor":16.0},{"not_picked":["Sweeping Beam","Recycle"],"picked":"Compile Driver","floor":18},{"not_picked":["Go for the Eyes","Skim+1","Heatsinks"],"picked":"SKIP","floor":19},{"not_picked":["Auto Shields","Leap"],"picked":"Compile Driver","floor":20},{"not_picked":["Rip and Tear","Reinforced Body","Compile Driver"],"picked":"SKIP","floor":22}],"player_experience":222857,"relics_obtained":[{"floor":6.0,"key":"Bag of Marbles"},{"floor":8.0,"key":"MawBank"},{"floor":12.0,"key":"Tiny Chest"}],"event_choices":[{"damage_healed":0.0,"max_hp_gain":0.0,"max_hp_loss":0.0,"gold_gain":0.0,"event_name":"FaceTrader","player_choice":"Trade","floor":4.0,"gold_loss":0.0,"damage_taken":0.0,"relics_obtained":["FaceOfCleric"]},{"damage_healed":16,"gold_gain":0,"player_choice":"Heal","damage_taken":0,"max_hp_gain":0,"max_hp_loss":0,"event_name":"The Library","floor":21,"gold_loss":0}],"is_beta":true,"boss_relics":[{"not_picked":["Tiny House","Philosopher\u0027s Stone"],"picked":"Astrolabe"}],"items_purged_floors":[],"is_endless":false,"potions_floor_spawned":[1,2,3,11,12,22],"killed_by":"Snake Plant","ascension_level":20}}