{"host":"3asmp5aovk69ekg9","time":1610171524,"event":{"mods":["100% Spire Juice","BaseMod","BetterRewards","Colored Map","Colored Powertips","Dark Map","Hermit","Koishi","Magitek Elite","Minty Spire (QoL Compilation)","Permanent Neow","Remove Card Discount Mod","Shade Mod","StSLib","The Alterego","The Cursed","The Death Knight","The Fake Hero","The IronCluck","The Marked","The Senshi","The Wild Card"],"gold_per_floor":[118,118,293,293,308,342,352,352,375,149,166,199,218,218,218,321,321,333,352,352,375,386,415,118,150,176,176,204,304,304,338,338,444,444,456,456,506,506,526,562,577,596,644,644,672,682,709,719,719,719,719,719,237,264,264],"floor_reached":56,"playtime":13211,"items_purged":["Strike_B","Strike_B","Strike_B","Strike_B","Defend_B","Defend_B","Zap","Dualcast","Defend_B","Defend_B","Flash of Steel","Leap","Cold Snap"],"score":2352,"play_id":"202630b2-f5a7-4166-8ae0-01b74f81f092","local_time":"20210108215204","is_ascension_mode":true,"campfire_choices":[{"data":"Sadistic Nature","floor":8.0,"key":"SMITH"},{"data":"Steam","floor":15.0,"key":"SMITH"},{"data":"Reinforced Body","floor":27.0,"key":"SMITH"},{"data":"Beam Cell","floor":30.0,"key":"SMITH"},{"data":"1","floor":32.0,"key":"LIFT"},{"data":"Buffer","floor":44.0,"key":"SMITH"},{"floor":49.0,"key":"RECALL"},{"data":"Echo Form","floor":52.0,"key":"SMITH"}],"circlet_count":0,"master_deck":["Gash","Sadistic Nature+1","Self Repair","Gash","Steam+1","Reinforced Body+1","Beam Cell+1","Reinforced Body","Static Discharge","Scrape","FTL","Steam Power+1","Go for the Eyes","Echo Form+1","Self Repair","Steam","Heatsinks","Gash","Core Surge","Buffer+1","Loop+1","Chill+1","Sadistic Nature"],"relics":["Cracked Core","Torii","Guard_Bracelet","Toy Ornithopter","Calipers","Lantern","Bag of Preparation","ClockworkSouvenir","Omamori","Turnip","Philosopher\u0027s Stone","MutagenicStrength","Chemical X","War Paint","Girya","CeramicFish","Singing Bowl","Peace Pipe","Bronze Scales","Busted Crown","Pocketwatch","Molten Egg 2","Oddly Smooth Stone","Thread and Needle","Unceasing Top","Happy Flower","HandDrill","DeathKnight:PutricidesVial"],"acts_visited":["Exordium","TheCity","TheBeyond","TheEnding"],"potions_floor_usage":[55,55,55],"damage_taken":[{"damage":0.0,"enemies":"2 Louse","floor":1.0,"turns":3.0},{"damage":0.0,"enemies":"Cultist","floor":5.0,"turns":4.0},{"damage":1.0,"enemies":"Lagavulin","floor":6.0,"turns":7.0},{"damage":0.0,"enemies":"Jaw Worm","floor":7.0,"turns":4.0},{"damage":2.0,"enemies":"Gremlin Gang","floor":11.0,"turns":3.0},{"damage":1.0,"enemies":"3 Sentries","floor":12.0,"turns":5.0},{"damage":0.0,"enemies":"Looter","floor":13.0,"turns":1.0},{"damage":3.0,"enemies":"Hexaghost","floor":16.0,"turns":7.0},{"damage":0.0,"enemies":"3 Byrds","floor":18.0,"turns":4.0},{"damage":1.0,"enemies":"Spheric Guardian","floor":19.0,"turns":3.0},{"damage":20.0,"enemies":"Snecko","floor":22.0,"turns":5.0},{"damage":13.0,"enemies":"Book of Stabbing","floor":23.0,"turns":4.0},{"damage":0.0,"enemies":"Slavers","floor":25.0,"turns":4.0},{"damage":19.0,"enemies":"Snake Plant","floor":28.0,"turns":3.0},{"damage":1.0,"enemies":"Colosseum Slavers","floor":29.0,"turns":3.0},{"damage":0.0,"enemies":"Colosseum Nobs","floor":29.0,"turns":4.0},{"damage":6.0,"enemies":"Book of Stabbing","floor":31.0,"turns":3.0},{"damage":0.0,"enemies":"Champ","floor":33.0,"turns":5.0},{"damage":0.0,"enemies":"3 Shapes","floor":35.0,"turns":4.0},{"damage":0.0,"enemies":"Mind Bloom Boss Battle","floor":37.0,"turns":3.0},{"damage":0.0,"enemies":"3 Darklings","floor":39.0,"turns":4.0},{"damage":0.0,"enemies":"Nemesis","floor":40.0,"turns":5.0},{"damage":0.0,"enemies":"Writhing Mass","floor":41.0,"turns":4.0},{"damage":0.0,"enemies":"Sphere and 2 Shapes","floor":42.0,"turns":5.0},{"damage":1.0,"enemies":"Giant Head","floor":45.0,"turns":7.0},{"damage":0.0,"enemies":"Transient","floor":46.0,"turns":5.0},{"damage":0.0,"enemies":"Nemesis","floor":47.0,"turns":4.0},{"damage":0.0,"enemies":"Jaw Worm Horde","floor":48.0,"turns":3.0},{"damage":0.0,"enemies":"Time Eater","floor":50.0,"turns":9.0},{"damage":0,"enemies":"Shield and Spear","floor":54,"turns":6},{"damage":4,"enemies":"The Heart","floor":55,"turns":8}],"seed_played":"-640159209480986526","potions_obtained":[{"floor":1.0,"key":"Swift Potion"},{"floor":6.0,"key":"AttackPotion"},{"floor":11.0,"key":"Weak Potion"},{"floor":12.0,"key":"Energy Potion"},{"floor":16.0,"key":"EssenceOfSteel"},{"floor":23.0,"key":"FearPotion"},{"floor":29.0,"key":"PowerPotion"},{"floor":33.0,"key":"DeathKnight:RimePotion"},{"floor":35.0,"key":"DeathKnight:BottledBloodEchoes"},{"floor":40.0,"key":"LiquidMemories"},{"floor":41.0,"key":"PotionOfCapacity"},{"floor":54,"key":"Weak Potion"}],"is_trial":false,"path_per_floor":["M","?","?","?","M","E","M","R","T","$","M","E","M","T","R","B",null,"M","M","?","T","M","E","$","E","T","R","M","?","R","E","R","B",null,"M","?","?","?","M","E","M","M","T","R","E","M","E","M","R","B",null,"R","$","E","B",null],"character_chosen":"DEFECT","items_purchased":["Gash","Torii","Sadistic Nature","Guard_Bracelet","Toy Ornithopter","Calipers","Self Repair","Gash","Flash of Steel","Steam","Reinforced Body","Leap","Cold Snap","Beam Cell","Scrape","ClockworkSouvenir","Chemical X","War Paint","Happy Flower","HandDrill","Sadistic Nature"],"campfire_rested":0,"item_purchase_floors":[0,0,0,0,0,0,0,0,0,0,0,0,0,0,10,10,24,24,53,53,53],"current_hp_per_floor":[27,27,27,27,34,40,47,47,47,47,52,63,70,70,70,75,75,75,75,75,75,70,71,71,75,75,75,70,77,77,71,71,77,77,79,79,81,77,87,87,89,91,91,91,93,95,97,99,99,99,99,99,99,101,101],"gold":264,"neow_bonus":"","is_daily":false,"chose_seed":false,"campfire_upgraded":6,"win_rate":0.0,"timestamp":1610171524,"path_taken":["M","?","?","?","M","E","?","R","T","?","M","E","M","?","R","BOSS","M","?","?","?","M","E","$","E","T","R","M","?","R","E","R","BOSS","M","?","?","?","M","E","M","?","T","R","E","M","E","M","R","BOSS","R","$","E","BOSS"],"items_purchased_type":["Card","Relic","Card","Relic","Relic","Relic","Card","Card","Card","Card","Card","Card","Card","Card","Card","Relic","Relic","Relic","Relic","Relic","Card"],"build_version":"2020-12-22","purchased_purges":13,"victory":true,"max_hp_per_floor":[75,75,75,75,75,75,75,75,75,75,75,75,75,75,75,75,75,75,75,75,75,75,75,75,75,75,75,75,77,77,77,77,77,77,79,79,81,87,87,87,89,91,91,91,93,95,97,99,99,99,99,99,99,101,101],"card_choices":[{"not_picked":["Barrage","Double Energy"],"picked":"Reinforced Body","floor":1.0},{"not_picked":["Barrage","Compile Driver","Redo"],"picked":"SKIP","floor":5.0},{"not_picked":["Turbo","Compile Driver"],"picked":"Static Discharge","floor":6.0},{"not_picked":["Beam Cell","Double Energy"],"picked":"Leap","floor":7.0},{"not_picked":["Aggregate","Streamline"],"picked":"FTL","floor":11.0},{"not_picked":["Auto Shields","Redo"],"picked":"Steam Power","floor":12.0},{"not_picked":["Doom and Gloom","Stack"],"picked":"Go for the Eyes","floor":13.0},{"not_picked":["Rainbow","Core Surge"],"picked":"Echo Form","floor":16.0},{"not_picked":["Hello World","Hologram"],"picked":"Self Repair","floor":18.0},{"not_picked":["Go for the Eyes","Chaos"],"picked":"Steam","floor":19.0},{"not_picked":["Sweeping Beam","Barrage+1","Melter"],"picked":"SKIP","floor":22.0},{"not_picked":["Auto Shields","Barrage+1","Force Field"],"picked":"SKIP","floor":23.0},{"not_picked":["Barrage","Leap"],"picked":"Heatsinks","floor":25.0},{"not_picked":["Tempest","Hologram"],"picked":"Gash","floor":28.0},{"not_picked":["Chaos","Rip and Tear","Cold Snap+1"],"picked":"Singing Bowl","floor":29.0},{"not_picked":["Darkness","Compile Driver"],"picked":"Core Surge","floor":31.0},{"not_picked":["Seek","Thunder Strike"],"picked":"Buffer","floor":33.0},{"not_picked":["Beam Cell"],"picked":"Singing Bowl","floor":35.0},{"not_picked":["Rebound+1"],"picked":"Singing Bowl","floor":37.0},{"not_picked":["Purity"],"picked":"Singing Bowl","floor":38.0},{"not_picked":["Discovery"],"picked":"Singing Bowl","floor":38.0},{"not_picked":["Jack Of All Trades"],"picked":"Singing Bowl","floor":38.0},{"not_picked":[],"picked":"Loop+1","floor":39.0},{"not_picked":[],"picked":"Chill+1","floor":40.0},{"not_picked":["Sweeping Beam+1"],"picked":"Singing Bowl","floor":41.0},{"not_picked":["Streamline+1"],"picked":"Singing Bowl","floor":42.0},{"not_picked":["Streamline+1"],"picked":"Singing Bowl","floor":45.0},{"not_picked":["Hello World"],"picked":"Singing Bowl","floor":46.0},{"not_picked":["Genetic Algorithm+1"],"picked":"Singing Bowl","floor":47.0},{"not_picked":["Steam Power"],"picked":"Singing Bowl","floor":48.0},{"not_picked":["Chaos+1"],"picked":"Singing Bowl","floor":54}],"player_experience":1180807,"relics_obtained":[{"floor":6.0,"key":"Lantern"},{"floor":9.0,"key":"Bag of Preparation"},{"floor":12.0,"key":"Omamori"},{"floor":14.0,"key":"Turnip"},{"floor":25.0,"key":"Girya"},{"floor":26.0,"key":"CeramicFish"},{"floor":29.0,"key":"Singing Bowl"},{"floor":29.0,"key":"Peace Pipe"},{"floor":31.0,"key":"Bronze Scales"},{"floor":37.0,"key":"Pocketwatch"},{"floor":40.0,"key":"Molten Egg 2"},{"floor":43.0,"key":"Oddly Smooth Stone"},{"floor":45.0,"key":"Thread and Needle"},{"floor":47.0,"key":"Unceasing Top"},{"floor":54,"key":"DeathKnight:PutricidesVial"}],"event_choices":[{"damage_healed":0.0,"max_hp_gain":0.0,"max_hp_loss":0.0,"gold_gain":175.0,"event_name":"Liars Game","player_choice":"AGREE","floor":3.0,"gold_loss":0.0,"damage_taken":0.0,"cards_obtained":["Doubt"]},{"cards_removed":["Doubt"],"damage_healed":0.0,"max_hp_gain":0.0,"max_hp_loss":0.0,"gold_gain":0.0,"event_name":"Wheel of Change","player_choice":"Card Removal","floor":4.0,"gold_loss":0.0,"damage_taken":0.0},{"damage_healed":0.0,"max_hp_gain":0.0,"max_hp_loss":0.0,"gold_gain":0.0,"event_name":"Drug Dealer","player_choice":"Inject Mutagens","floor":20.0,"gold_loss":0.0,"damage_taken":0.0,"relics_obtained":["MutagenicStrength"]},{"damage_healed":0.0,"max_hp_gain":0.0,"max_hp_loss":0.0,"gold_gain":0.0,"event_name":"Colosseum","player_choice":"Fight","floor":29.0,"gold_loss":0.0,"damage_taken":0.0},{"damage_healed":0.0,"max_hp_gain":0.0,"max_hp_loss":0.0,"gold_gain":0.0,"event_name":"Colosseum","player_choice":"Fought Nobs","floor":29.0,"gold_loss":0.0,"damage_taken":0.0},{"cards_removed":["Leap"],"damage_healed":0.0,"max_hp_gain":0.0,"max_hp_loss":0.0,"gold_gain":0.0,"event_name":"Falling","player_choice":"Removed Skill","floor":36.0,"gold_loss":0.0,"damage_taken":0.0},{"damage_healed":0.0,"max_hp_gain":0.0,"max_hp_loss":0.0,"gold_gain":0.0,"event_name":"MindBloom","player_choice":"Fight","floor":37.0,"gold_loss":0.0,"damage_taken":0.0},{"damage_healed":0.0,"max_hp_gain":0.0,"max_hp_loss":0.0,"gold_gain":0.0,"event_name":"SensoryStone","player_choice":"Memory 3","floor":38.0,"gold_loss":0.0,"damage_taken":10.0}],"is_beta":false,"boss_relics":[{"not_picked":["Snecko Eye","Gem_Box"],"picked":"Philosopher\u0027s Stone"},{"not_picked":["Calling Bell","Runic Dome"],"picked":"Busted Crown"}],"items_purged_floors":[0,0,0,0,0,0,0,0,0,10,53,53,53],"is_endless":false,"potions_floor_spawned":[1,6,11,12,16,22,23,29,29,33,35,40,41,47,48,54],"ascension_level":8}}