{"host":"njb27ds59h4j3ikk","time":1610160118,"event":{"mods":["AchievementEnabler","BaseMod","Better Altar","Better Match","Better Note","Better Sensory Stone","Better Skull","Better Third Choice","BetterRewards","Downfall","Hermit","Hubris","Minty Spire (QoL Compilation)","Permanent Neow","Quarter Circle Forward PUNCH!","Quick Restart","Rare Cards Sparkle","Replay The Spire","Shop Mod","StSLib","Trackpad","Transform Curses"],"gold_per_floor":[110,121,136,226,237,237,263,276,276,294,313,325,325,350,350,424,424,441,454,404,404,421,447,111,145,145,171,203,203,183,183,183,255,255,272,272,289,285,305,331,331,231,231],"floor_reached":42,"playtime":1650,"items_purged":[],"score":1871,"play_id":"142d1b0f-7d86-44a5-acba-b525500a2e49","local_time":"20210108214158","is_ascension_mode":true,"campfire_choices":[{"data":"Armaments","floor":6.0,"key":"SMITH"},{"data":"Flex","floor":13.0,"key":"SMITH"},{"data":"Disarm","floor":15.0,"key":"SMITH"},{"floor":29.0,"key":"REST"},{"floor":32.0,"key":"REST"},{"floor":41,"key":"REST"}],"circlet_count":0,"master_deck":["AscendersBane","Feed+1","Strike_R+1","Strike_R","Strike_R","Strike_R","Strike_R","Defend_R","Defend_R","Defend_R","Defend_R","Bash","Run Through+1","Ghostly Armor+1","Pommel Strike+1","Replay:Undeath\u0027s Touch+1","Replay:Parry","Inflame+1","Replay:Undeath\u0027s Touch","expansioncontent:BronzeBeam","Armaments+1","Flex+1","Wild Strike+1","Thunderclap+1","ReplayTheSpireMod:Corrosion Curse","Disarm+1","Fire Breathing","Disarm+1","Reaper","Shrug It Off","Replay:Undeath\u0027s Touch","Pain","Perfected Strike","Dropkick","Infernal Blade+1","Berserk+1","AbeCurse","Twin Strike","Carnage+1","ReplayTheSpireMod:IOU","ReplayTheSpireMod:Private Reserves+1","Metallicize+1","Cleave"],"relics":["Burning Blood","Replay:Wax Seal","Replay:WaspNest","MerchantsRug","hubris:FunFungus","Turnip","Quantum Egg","Darkstone Periapt","Replay:Towering Pillar of Hats","Champion Belt","Bag of Marbles","StoneCalendar","ReplayTheSpireMod:Spearhead","qcfpunch:Broken_Tusk","trackpad:StainlessSteel","Mirror","trackpad:Coffee","WarpedTongs","Self Forming Clay","champ:Barbells","Pantograph","Gremlin Horn","Bronze Scales","Replay:Ringing Soul","Golden Egg","Red Skull","Whetstone","trackpad:ByrdBGone","Oddly Smooth Stone","Abe\u0027s Treasure","BargainBundle","Paper Frog","Bottled Flame"],"acts_visited":["Exordium","TheCity","TheBeyond"],"potions_floor_usage":[40,40],"damage_taken":[{"damage":9.0,"enemies":"Jaw Worm","floor":1.0,"turns":3.0},{"damage":0.0,"enemies":"Cultist","floor":2.0,"turns":2.0},{"damage":4.0,"enemies":"2 Louse","floor":3.0,"turns":3.0},{"damage":17.0,"enemies":"Large Slime","floor":5.0,"turns":5.0},{"damage":15.0,"enemies":"Gremlin Nob","floor":7.0,"turns":4.0},{"damage":0.0,"enemies":"2 Fungi Beasts","floor":8.0,"turns":2.0},{"damage":10.0,"enemies":"Red Slaver","floor":10.0,"turns":2.0},{"damage":0.0,"enemies":"Exordium Wildlife","floor":11.0,"turns":2.0},{"damage":0.0,"enemies":"2 Fungi Beasts","floor":12.0,"turns":2.0},{"damage":0.0,"enemies":"Lagavulin","floor":14.0,"turns":2.0},{"damage":48.0,"enemies":"Hexaghost","floor":16.0,"turns":7.0},{"damage":22.0,"enemies":"Chosen","floor":18.0,"turns":4.0},{"damage":11.0,"enemies":"Spheric Guardian","floor":19.0,"turns":4.0},{"damage":16.0,"enemies":"Centurion and Healer","floor":22.0,"turns":6.0},{"damage":12.0,"enemies":"Replay:Snechameleon","floor":23.0,"turns":6.0},{"damage":26.0,"enemies":"Gremlin Leader","floor":25.0,"turns":5.0},{"damage":24.0,"enemies":"Slavers","floor":28.0,"turns":3.0},{"damage":19.0,"enemies":"Pondfish","floor":33.0,"turns":6.0},{"damage":73.0,"enemies":"3 Shapes","floor":35.0,"turns":4.0},{"damage":33.0,"enemies":"Orb Walker","floor":37.0,"turns":3.0},{"damage":11.0,"enemies":"Sphere and 2 Shapes","floor":39.0,"turns":3.0},{"damage":73,"enemies":"Giant Head","floor":40,"turns":6},{"damage":117,"enemies":"Transient","floor":42,"turns":6}],"seed_played":"8738014509632903851","potions_obtained":[{"floor":7.0,"key":"AttackPotion"},{"floor":10.0,"key":"Swift Potion"},{"floor":18.0,"key":"PowerPotion"},{"floor":19.0,"key":"Languid Potion"},{"floor":28.0,"key":"FearPotion"},{"floor":30.0,"key":"CultistPotion"}],"is_trial":false,"path_per_floor":["M","M","M","?","M","R","E","M","T","M","M","M","R","E","R","B",null,"M","M","?","?","M","E","$","E","T","T","E","R","?","$","R","B",null,"M","?","M","$","M","E","R","M"],"character_chosen":"IRONCLAD","items_purchased":["Replay:Wax Seal","Replay:WaspNest","Run Through+1","MerchantsRug","Lee\u0027s Waffle","Ghostly Armor+1","Pommel Strike","Quantum Egg","Darkstone Periapt","Replay:Undeath\u0027s Touch","Champion Belt","Bag of Marbles","Replay:Parry","Inflame+1","Replay:Undeath\u0027s Touch","expansioncontent:BronzeBeam","champ:Barbells","Pantograph","Golden Egg","Red Skull","Whetstone","trackpad:ByrdBGone","Oddly Smooth Stone","BargainBundle","Paper Frog","ReplayTheSpireMod:Private Reserves"],"campfire_rested":3,"item_purchase_floors":[0,0,0,0,0,0,0,0,0,0,0,0,0,0,0,0,24,24,31,31,31,31,31,38,38,38],"current_hp_per_floor":[79,86,90,60,49,49,44,54,54,50,60,70,70,77,77,35,88,84,80,80,86,94,89,95,79,79,79,70,109,109,47,86,118,141,99,103,85,94,94,50,102,0,0],"gold":231,"neow_bonus":"","is_daily":false,"chose_seed":false,"campfire_upgraded":3,"win_rate":0.0,"timestamp":1610160118,"path_taken":["M","M","M","?","?","R","E","M","T","M","M","?","R","E","R","BOSS","M","?","?","?","?","E","$","E","T","?","E","R","?","?","R","BOSS","M","?","M","?","M","E","R","?"],"items_purchased_type":["Relic","Relic","Card","Relic","Relic","Card","Card","Relic","Relic","Card","Relic","Relic","Card","Card","Card","Card","Relic","Relic","Relic","Relic","Relic","Relic","Relic","Relic","Relic","Card"],"build_version":"2020-12-22","purchased_purges":0,"victory":false,"max_hp_per_floor":[82,86,90,90,90,90,94,98,98,98,102,106,106,106,106,106,106,106,106,106,112,116,116,122,126,126,126,133,133,133,133,133,136,145,152,152,159,168,171,174,174,174,174],"card_choices":[{"not_picked":["Replay:Undeath\u0027s Touch","Life Link"],"picked":"Armaments","floor":1.0},{"not_picked":["Dark Embrace","ReplayTheSpireMod:Muscle Training"],"picked":"Flex","floor":2.0},{"not_picked":["Replay:Undeath\u0027s Touch","Anger"],"picked":"Wild Strike","floor":3.0},{"not_picked":["Body Slam","Wild Strike"],"picked":"Thunderclap","floor":5.0},{"not_picked":["Clothesline","Inflame","Pommel Strike"],"picked":"SKIP","floor":7.0},{"not_picked":["Iron Wave","Flex"],"picked":"ReplayTheSpireMod:Corrosion Curse","floor":8.0},{"not_picked":["hubris:SharpeningStone","Wild Strike","Searing Blow"],"picked":"SKIP","floor":10.0},{"not_picked":["Heavy Blade","Fiend Fire"],"picked":"Disarm","floor":11.0},{"not_picked":["Life Link","Run Through"],"picked":"Fire Breathing","floor":12.0},{"not_picked":["True Grit","Eclipse"],"picked":"Disarm","floor":14.0},{"not_picked":["Eclipse","Limit Break"],"picked":"Reaper","floor":16.0},{"not_picked":["Armaments","Flex"],"picked":"Shrug It Off","floor":18.0},{"not_picked":["Body Slam","Heavy Blade"],"picked":"Replay:Undeath\u0027s Touch","floor":19.0},{"not_picked":["Metallicize","Whirlwind","Anger"],"picked":"SKIP","floor":22.0},{"not_picked":["Thunderclap","Havoc"],"picked":"Perfected Strike","floor":23.0},{"not_picked":["Hemogenesis","Sword Boomerang"],"picked":"Dropkick","floor":25.0},{"not_picked":["Dark Embrace+1","Juggernaut"],"picked":"Infernal Blade+1","floor":28.0},{"not_picked":["Barricade","hubris:StunningStrike"],"picked":"Berserk","floor":33.0},{"not_picked":["Clash","Run Through"],"picked":"Twin Strike","floor":35.0},{"not_picked":["Run Through","Thunderclap+1"],"picked":"Carnage+1","floor":37.0},{"not_picked":["Clash","Anger"],"picked":"Metallicize+1","floor":39.0},{"not_picked":["Whirlwind","Clash"],"picked":"Cleave","floor":40}],"player_experience":1232853,"relics_obtained":[{"floor":7.0,"key":"qcfpunch:Broken_Tusk"},{"floor":9.0,"key":"trackpad:StainlessSteel"},{"floor":14.0,"key":"Mirror"},{"floor":23.0,"key":"Self Forming Clay"},{"floor":25.0,"key":"Gremlin Horn"},{"floor":26.0,"key":"Bronze Scales"},{"floor":28.0,"key":"Replay:Ringing Soul"},{"floor":40,"key":"Bottled Flame"}],"event_choices":[{"damage_healed":0.0,"max_hp_gain":0.0,"max_hp_loss":0.0,"gold_gain":90.0,"event_name":"betterSkull:BetterSkull","player_choice":"RE GO ","floor":4.0,"gold_loss":0.0,"damage_taken":33.0,"cards_upgraded":[],"relics_obtained":["ReplayTheSpireMod:Spearhead"]},{"damage_healed":0.0,"max_hp_gain":0.0,"max_hp_loss":0.0,"gold_gain":0.0,"event_name":"Designer","player_choice":"Upgrade","floor":20.0,"gold_loss":50.0,"damage_taken":0.0,"cards_upgraded":["Disarm"]},{"damage_healed":0.0,"max_hp_gain":0.0,"max_hp_loss":0.0,"gold_gain":0.0,"event_name":"Accursed Blacksmith","player_choice":"Rummage","floor":21.0,"gold_loss":0.0,"damage_taken":0.0,"relics_obtained":["WarpedTongs"],"cards_obtained":["Pain"]},{"damage_healed":0.0,"max_hp_gain":0.0,"max_hp_loss":0.0,"gold_gain":0.0,"event_name":"The Woman in Blue","player_choice":"Bought 1 Potion","floor":30.0,"gold_loss":0.0,"damage_taken":0.0},{"damage_healed":4.0,"max_hp_gain":0.0,"max_hp_loss":0.0,"gold_gain":0.0,"event_name":"betterSkull:BetterSkull","player_choice":"LEAVE ","floor":36.0,"gold_loss":0.0,"damage_taken":0.0,"cards_upgraded":[],"relics_obtained":[]}],"is_beta":false,"boss_relics":[{"not_picked":["Empty Cage","hubris:GrandSneckoEye"],"picked":"trackpad:Coffee"},{"not_picked":["Snecko Heart","Replay:Wanted Poster"],"picked":"Abe\u0027s Treasure"}],"items_purged_floors":[],"is_endless":false,"potions_floor_spawned":[7,10,11,12,18,19,28,35,39],"killed_by":"Transient","ascension_level":20}}