{"host":"fevvm7bbzuh4s1jc","time":1610236756,"event":{"mods":["BaseMod","Highlight Path","Minty Spire (QoL Compilation)","Relic Stats"],"gold_per_floor":[117,167,167,177,190,190,219,219,219,219,246,262,295,75,75,151,151,168,94,113,113,19,19,33,62,89,120,120,147,1,1,1,76,76,93,43,61,11,26,26,60,74,101,126,143,56,56,0,0,0,0,0,0,0,31,31],"floor_reached":57,"playtime":5004,"items_purged":["Strike_G","Strike_G","Strike_G","Strike_G","Strike_G","Masterful Stab","Flying Knee+1"],"score":3368,"play_id":"ddda5d23-5fc3-4a55-beb5-25f0805d8dce","local_time":"20210109185916","is_ascension_mode":true,"campfire_choices":[{"data":"All Out Attack","floor":6.0,"key":"SMITH"},{"data":"Neutralize","floor":8.0,"key":"SMITH"},{"data":"Poisoned Stab","floor":10.0,"key":"SMITH"},{"data":"Footwork","floor":15.0,"key":"SMITH"},{"data":"After Image","floor":23.0,"key":"SMITH"},{"floor":28.0,"key":"REST"},{"floor":32.0,"key":"REST"},{"data":"Wraith Form v2","floor":40,"key":"SMITH"},{"data":"Well Laid Plans","floor":47,"key":"SMITH"},{"floor":49,"key":"RECALL"},{"data":"Wraith Form v2","floor":53,"key":"SMITH"}],"circlet_count":0,"master_deck":["AscendersBane","Defend_G","Defend_G","Defend_G","Defend_G","Defend_G","Survivor","Neutralize+1","Blade Dance+1","All Out Attack+1","Poisoned Stab+1","Quick Slash+1","Dagger Throw+1","Leg Sweep","Footwork+1","Dodge and Roll","After Image+1","PiercingWail","Backflip","Backflip","Footwork","Well Laid Plans+1","Noxious Fumes","Escape Plan","Blade Dance","Escape Plan","Acrobatics","Wraith Form v2+1","Leg Sweep","Wraith Form v2+1","Die Die Die+1","Backflip+1","Noxious Fumes","Malaise"],"relics":["Ring of the Snake","Juzu Bracelet","Calipers","Molten Egg 2","Toy Ornithopter","Smiling Mask","Philosopher\u0027s Stone","Question Card","Blood Vial","Vajra","Snake Skull","FaceOfCleric","SlaversCollar","Akabeko","Pantograph","Red Mask","Whetstone"],"acts_visited":["TheCity","TheBeyond","TheEnding"],"potions_floor_usage":[41,41,45,56],"damage_taken":[{"damage":1.0,"enemies":"Jaw Worm","floor":1.0,"turns":6.0},{"damage":1.0,"enemies":"Cultist","floor":4.0,"turns":3.0},{"damage":4.0,"enemies":"Small Slimes","floor":5.0,"turns":2.0},{"damage":4.0,"enemies":"3 Sentries","floor":7.0,"turns":4.0},{"damage":15.0,"enemies":"Lagavulin","floor":11.0,"turns":5.0},{"damage":0.0,"enemies":"Blue Slaver","floor":12.0,"turns":2.0},{"damage":0.0,"enemies":"3 Sentries","floor":13.0,"turns":2.0},{"damage":2.0,"enemies":"Slime Boss","floor":16.0,"turns":7.0},{"damage":9.0,"enemies":"3 Byrds","floor":18.0,"turns":6.0},{"damage":0.0,"enemies":"Spheric Guardian","floor":20.0,"turns":3.0},{"damage":1.0,"enemies":"Cultist and Chosen","floor":24.0,"turns":8.0},{"damage":19.0,"enemies":"Book of Stabbing","floor":25.0,"turns":6.0},{"damage":40.0,"enemies":"Slavers","floor":27.0,"turns":9.0},{"damage":13.0,"enemies":"Gremlin Leader","floor":29.0,"turns":11.0},{"damage":22.0,"enemies":"Collector","floor":33.0,"turns":12.0},{"damage":0,"enemies":"3 Shapes","floor":35,"turns":4},{"damage":17,"enemies":"3 Darklings","floor":37,"turns":7},{"damage":1,"enemies":"Sphere and 2 Shapes","floor":39,"turns":8},{"damage":14,"enemies":"Reptomancer","floor":41,"turns":10},{"damage":0,"enemies":"Transient","floor":42,"turns":6},{"damage":0,"enemies":"Giant Head","floor":44,"turns":12},{"damage":18,"enemies":"4 Shapes","floor":45,"turns":8},{"damage":38,"enemies":"Awakened One","floor":50,"turns":26},{"damage":17,"enemies":"Donu and Deca","floor":51,"turns":14},{"damage":40,"enemies":"Shield and Spear","floor":55,"turns":11},{"damage":58,"enemies":"The Heart","floor":56,"turns":19}],"seed_played":"7253990006398618728","potions_obtained":[{"floor":4.0,"key":"LiquidMemories"},{"floor":5.0,"key":"Explosive Potion"},{"floor":7.0,"key":"Strength Potion"},{"floor":13.0,"key":"Poison Potion"},{"floor":16.0,"key":"Swift Potion"},{"floor":18.0,"key":"CunningPotion"},{"floor":37,"key":"FearPotion"},{"floor":39,"key":"Swift Potion"},{"floor":41,"key":"AttackPotion"},{"floor":55,"key":"SneckoOil"}],"is_trial":false,"path_per_floor":["M","?","?","M","M","R","E","R","T","R","E","M","E","$","R","B",null,"M","$","M","?","$","R","M","E","T","E","R","E","$","?","R","B",null,"M","$","M","$","M","R","E","M","T","E","M","$","R","?","R","B","B",null,"R","$","E","B",null],"character_chosen":"THE_SILENT","items_purchased":["Leg Sweep","Footwork","Dodge and Roll","Backflip","Well Laid Plans","Escape Plan","Acrobatics","Noxious Fumes"],"campfire_rested":2,"item_purchase_floors":[14,14,14,19,22,30,30,46],"current_hp_per_floor":[58,58,58,57,53,53,49,49,49,49,34,34,39,39,39,42,60,51,51,51,51,51,51,50,41,41,3,22,11,11,11,30,11,53,56,56,42,42,44,44,43,46,46,49,39,39,39,39,39,29,40,67,67,67,30,5],"gold":31,"neow_bonus":"RANDOM_COMMON_RELIC","is_daily":false,"chose_seed":false,"campfire_upgraded":8,"win_rate":0.0,"timestamp":1610236756,"path_taken":["M","?","?","M","M","R","E","R","T","R","E","M","E","$","R","BOSS","M","$","M","?","$","R","M","E","T","E","R","E","$","?","R","BOSS","M","$","M","$","M","R","E","M","T","E","M","$","R","?","R","BOSS","BOSS","R","$","E","BOSS"],"items_purchased_type":["Card","Card","Card","Card","Card","Card","Card","Card"],"build_version":"2020-12-22","purchased_purges":7,"victory":true,"max_hp_per_floor":[66,66,66,66,66,66,66,66,66,66,66,66,66,66,66,66,66,66,66,66,66,66,66,66,66,66,66,66,66,66,66,66,67,67,68,68,69,69,70,70,71,72,72,73,74,74,74,74,74,75,76,76,76,76,77,78],"relic_stats":{"Blood Vial":28,"FaceOfCleric":12,"counters":[26,211],"Pantograph":75,"Snake Skull":[150],"Juzu Bracelet":1,"Whetstone":[],"Smiling Mask":700,"Question Card":11,"obtain_stats":[{"Calipers":7,"Vajra":27,"Snake Skull":29,"Juzu Bracelet":0,"Whetstone":55,"Smiling Mask":13,"Question Card":25,"Akabeko":41,"Blood Vial":26,"SlaversCollar":34,"FaceOfCleric":31,"Pantograph":44,"Molten Egg 2":9,"Philosopher\u0027s Stone":17,"Red Mask":48,"Toy Ornithopter":11,"Ring of the Snake":0},{"Calipers":4,"Vajra":13,"Snake Skull":14,"Juzu Bracelet":0,"Whetstone":25,"Smiling Mask":7,"Question Card":12,"Akabeko":19,"Blood Vial":12,"SlaversCollar":15,"FaceOfCleric":14,"Pantograph":21,"Molten Egg 2":4,"Philosopher\u0027s Stone":8,"Red Mask":22,"Toy Ornithopter":5,"Ring of the Snake":0},{"Calipers":15,"Vajra":63,"Snake Skull":74,"Juzu Bracelet":0,"Whetstone":192,"Smiling Mask":24,"Question Card":54,"Akabeko":115,"Blood Vial":54,"SlaversCollar":86,"FaceOfCleric":74,"Pantograph":133,"Molten Egg 2":15,"Philosopher\u0027s Stone":31,"Red Mask":141,"Toy Ornithopter":20,"Ring of the Snake":0}],"Toy Ornithopter":40,"Ring of the Snake":[52]},"card_choices":[{"not_picked":["Bane","Cloak And Dagger"],"picked":"Blade Dance","floor":1.0},{"not_picked":["Flechettes","Tactician"],"picked":"All Out Attack","floor":4.0},{"not_picked":["Deflect","Sucker Punch"],"picked":"Poisoned Stab","floor":5.0},{"not_picked":["Outmaneuver","Well Laid Plans"],"picked":"Masterful Stab","floor":7.0},{"not_picked":["Deflect","Accuracy"],"picked":"Flying Knee+1","floor":11.0},{"not_picked":["All Out Attack+1","Cloak And Dagger"],"picked":"Quick Slash+1","floor":12.0},{"not_picked":["Night Terror","Flying Knee+1"],"picked":"Dagger Throw+1","floor":13.0},{"not_picked":["Die Die Die+1","Glass Knife+1"],"picked":"After Image","floor":16.0},{"not_picked":["Quick Slash+1","Dagger Spray+1"],"picked":"PiercingWail","floor":18.0},{"not_picked":["Underhanded Strike+1","Deflect"],"picked":"Backflip","floor":20.0},{"not_picked":["Deflect","Predator+1"],"picked":"Noxious Fumes","floor":24.0},{"not_picked":["Underhanded Strike+1","Distraction"],"picked":"Escape Plan","floor":25.0},{"not_picked":["Phantasmal Killer","Cloak And Dagger","Sucker Punch+1","Calculated Gamble"],"picked":"SKIP","floor":27.0},{"not_picked":["Accuracy","Infinite Blades","Bouncing Flask"],"picked":"Blade Dance","floor":29.0},{"not_picked":["Venomology","Night Terror","Envenom"],"picked":"Wraith Form v2","floor":33.0},{"not_picked":["Underhanded Strike+1","Choke+1","Quick Slash+1"],"picked":"Leg Sweep","floor":35},{"not_picked":["Bane+1","Blade Dance","Dodge and Roll"],"picked":"Wraith Form v2","floor":37},{"not_picked":["Bane+1","Slice+1","Quick Slash+1"],"picked":"Die Die Die+1","floor":39},{"not_picked":["Poisoned Stab+1","Finisher+1","Cloak And Dagger","Prepared"],"picked":"SKIP","floor":41},{"not_picked":["Quick Slash+1","Eviscerate+1","Calculated Gamble+1"],"picked":"Backflip+1","floor":42},{"not_picked":["Underhanded Strike+1","Infinite Blades","Doppelganger","Bane+1"],"picked":"SKIP","floor":44},{"not_picked":["Caltrops","Dodge and Roll","Infinite Blades+1","Well Laid Plans"],"picked":"SKIP","floor":45},{"not_picked":["Slice+1","Riddle With Holes+1","Prepared+1"],"picked":"Malaise","floor":55}],"player_experience":2681316,"relics_obtained":[{"floor":7.0,"key":"Calipers"},{"floor":9.0,"key":"Molten Egg 2"},{"floor":11.0,"key":"Toy Ornithopter"},{"floor":13.0,"key":"Smiling Mask"},{"floor":25.0,"key":"Question Card"},{"floor":26.0,"key":"Blood Vial"},{"floor":27.0,"key":"Vajra"},{"floor":29.0,"key":"Snake Skull"},{"floor":41,"key":"Akabeko"},{"floor":44,"key":"Pantograph"},{"floor":55,"key":"Whetstone"}],"event_choices":[{"damage_healed":0.0,"max_hp_gain":0.0,"max_hp_loss":0.0,"gold_gain":50.0,"event_name":"Golden Shrine","player_choice":"Pray","floor":2.0,"gold_loss":0.0,"damage_taken":0.0},{"damage_healed":0.0,"max_hp_gain":0.0,"max_hp_loss":0.0,"gold_gain":0.0,"event_name":"Living Wall","player_choice":"Grow","floor":3.0,"gold_loss":0.0,"damage_taken":0.0,"cards_upgraded":["Blade Dance"]},{"damage_healed":0.0,"max_hp_gain":0.0,"max_hp_loss":0.0,"gold_gain":0.0,"event_name":"The Library","player_choice":"Read","floor":21.0,"gold_loss":0.0,"damage_taken":0.0,"cards_obtained":["Footwork"]},{"damage_healed":0.0,"max_hp_gain":0.0,"max_hp_loss":0.0,"gold_gain":0.0,"event_name":"FaceTrader","player_choice":"Trade","floor":31.0,"gold_loss":0.0,"damage_taken":0.0,"relics_obtained":["FaceOfCleric"]},{"damage_healed":0,"gold_gain":0,"player_choice":"Paid","damage_taken":0,"relics_obtained":["Red Mask"],"max_hp_gain":0,"max_hp_loss":0,"event_name":"Tomb of Lord Red Mask","floor":48,"gold_loss":56}],"is_beta":false,"boss_relics":[{"not_picked":["HoveringKite","WristBlade"],"picked":"Philosopher\u0027s Stone"},{"not_picked":["Tiny House","SacredBark"],"picked":"SlaversCollar"}],"items_purged_floors":[14,19,22,30,36,38,46],"is_endless":false,"potions_floor_spawned":[4,5,7,12,13,16,18,20,24,37,39,41,55],"ascension_level":20}}