{"host":"vzygucmp2u9s1xuv","time":1610232999,"event":{"mods":["BaseMod","Colored Map","DeckTracker","Keyboard Shortcuts","Minty Spire (QoL Compilation)","Quick Restart","StSLib","SuperFastMode"],"gold_per_floor":[119,139,214,214,227,256,256,290,316,333,333,350,383,37,37,37,37],"floor_reached":16,"playtime":430,"items_purged":["Strike_G"],"score":254,"play_id":"09e7941b-b2e2-405b-b9d1-ad8bbac784c9","local_time":"20210110075639","is_ascension_mode":true,"campfire_choices":[{"data":"Accuracy","floor":7,"key":"SMITH"},{"floor":15,"key":"REST"}],"circlet_count":0,"master_deck":["AscendersBane","Strike_G","Strike_G","Strike_G","Strike_G","Defend_G","Defend_G","Defend_G","Defend_G","Defend_G","Survivor","Neutralize","Infinite Blades+1","Backflip","Accuracy+1","Envenom","Dagger Spray","PiercingWail","Storm of Steel"],"relics":["Ring of the Snake","Orichalcum","Smiling Mask","Lantern","Oddly Smooth Stone","Centennial Puzzle","Unceasing Top"],"acts_visited":["Exordium"],"potions_floor_usage":[6,6,8,13],"damage_taken":[{"damage":0,"enemies":"2 Louse","floor":1,"turns":3},{"damage":0,"enemies":"Small Slimes","floor":2,"turns":3},{"damage":5,"enemies":"Jaw Worm","floor":5,"turns":6},{"damage":0,"enemies":"Gremlin Nob","floor":6,"turns":3},{"damage":12,"enemies":"3 Sentries","floor":8,"turns":9},{"damage":7,"enemies":"2 Fungi Beasts","floor":10,"turns":4},{"damage":5,"enemies":"3 Louse","floor":12,"turns":3},{"damage":18,"enemies":"Gremlin Nob","floor":13,"turns":4},{"damage":26,"enemies":"Slime Boss","floor":16,"turns":3}],"seed_played":"8748360537640956396","potions_obtained":[{"floor":2,"key":"ColorlessPotion"},{"floor":5,"key":"Poison Potion"},{"floor":6,"key":"Fire Potion"},{"floor":10,"key":"Fire Potion"}],"is_trial":false,"path_per_floor":["M","M","?","?","M","E","R","E","T","M","?","M","E","$","R","B"],"character_chosen":"THE_SILENT","items_purchased":["Unceasing Top"],"campfire_rested":1,"item_purchase_floors":[14],"current_hp_per_floor":[59,59,48,48,43,43,43,31,31,24,24,19,1,1,20,0,0],"gold":37,"neow_bonus":"RANDOM_COMMON_RELIC","is_daily":false,"chose_seed":false,"campfire_upgraded":1,"win_rate":0.0,"timestamp":1610232999,"path_taken":["M","M","?","?","M","E","R","E","T","M","?","M","E","$","R","BOSS"],"items_purchased_type":["Relic"],"build_version":"2020-12-22","purchased_purges":1,"victory":false,"max_hp_per_floor":[66,66,66,66,66,66,66,66,66,66,66,66,66,66,66,66,66],"card_choices":[{"not_picked":["Quick Slash","Sucker Punch","Setup"],"picked":"SKIP","floor":1},{"not_picked":["Dagger Throw","Catalyst"],"picked":"Infinite Blades","floor":2},{"not_picked":["Flying Knee","Predator"],"picked":"Backflip","floor":5},{"not_picked":["Dagger Spray","Slice"],"picked":"Accuracy","floor":6},{"not_picked":["Crippling Poison","Bouncing Flask"],"picked":"Envenom","floor":8},{"not_picked":["Dodge and Roll","Flying Knee"],"picked":"Dagger Spray","floor":10},{"not_picked":["Noxious Fumes","Accuracy"],"picked":"PiercingWail","floor":12},{"not_picked":["Bane","PiercingWail"],"picked":"Storm of Steel","floor":13}],"player_experience":648664,"relics_obtained":[{"floor":6,"key":"Smiling Mask"},{"floor":8,"key":"Lantern"},{"floor":9,"key":"Oddly Smooth Stone"},{"floor":13,"key":"Centennial Puzzle"}],"event_choices":[{"damage_healed":0,"gold_gain":75,"player_choice":"Gather Gold","damage_taken":11,"max_hp_gain":0,"max_hp_loss":0,"event_name":"World of Goop","floor":3,"gold_loss":0},{"damage_healed":0,"gold_gain":0,"player_choice":"Grow","damage_taken":0,"max_hp_gain":0,"max_hp_loss":0,"event_name":"Living Wall","floor":4,"gold_loss":0,"cards_upgraded":["Infinite Blades"]},{"damage_healed":0,"gold_gain":0,"player_choice":"Ignored","damage_taken":0,"max_hp_gain":0,"max_hp_loss":0,"event_name":"Liars Game","floor":11,"gold_loss":0}],"is_beta":false,"boss_relics":[],"items_purged_floors":[14],"is_endless":false,"potions_floor_spawned":[2,5,6,10],"killed_by":"Slime Boss","ascension_level":15}}