{"host":"y6zg4wwu39otf01a","time":1610228447,"event":{"mods":["Act Like it!","Aspiration","BaseMod","Better Altar","Better Match","Better Note","Better Sensory Stone","Better Skull","Better Third Choice","Challenge The Spire","Colored Map","Colored Powertips","Conspire","GifTheSpireLib","Glutton Mod","Halation","Hermit","Highlight Path","Hubris","Infinite Spire","Mimic Mod","Minty Spire (QoL Compilation)","Quick Restart","Random Character Button","Rare Cards Sparkle","Replay The Spire","Retaliation","Shade Mod","Spicy Shops","StSLib","Stuff the Spire","The Blue Laboratory","The Jungle","TheArtist","thorton","vexMod"],"gold_per_floor":[112,16,41,73,105,773,539,331,372,414,457,466,130,132,169,235,265,354],"floor_reached":19,"playtime":10320,"items_purged":[],"score":370,"play_id":"87c9cd0b-40a3-40b2-902e-977768dc214c","local_time":"20210109164047","daily_mods":["challengethespire:Bronze Difficulty","challengethespire:Modded Elite Rush","Uncertain Future"],"is_ascension_mode":false,"campfire_choices":[],"circlet_count":0,"master_deck":["hermit:Strike_Hermit","hermit:Strike_Hermit","hermit:Strike_Hermit","hermit:Strike_Hermit","hermit:Defend_Hermit+1","hermit:Defend_Hermit+1","hermit:Defend_Hermit","hermit:Defend_Hermit","hermit:Snapshot","hermit:Covet","hermit:Glare","hermit:Enervate+1","hermit:BigShot","hermit:Quickdraw+1","hermit:BigShot","hermit:DeadOrAlive","hermit:ItchyTrigger","hubris:Wrath","conspire:Banana","hermit:Deadeye","vexMod:StairwayStrike","hermit:PistolWhip","hermit:HighNoon","hermit:Deadeye","Crow Ritual","hermit:Snipe"],"relics":["hermit:Momento","Black Star","Sling","PreservedInsect","thethorton:BankDeed","ReplayTheSpireMod:Ninjato","War Paint","Shovel","vexMod:Dragonfruit","hubris:SlimyHat","Onion Ring","infinitespire:Joker Card","Whetstone","Replay:Grab Bag","vexMod:RockOfEvil","Cursed Key","thethorton:BottledFunds","ReplayTheSpireMod:CursedCoin","ReplayTheSpireMod:Lightbulb","Vajra","StoneCalendar","vexMod:PlasmaPancake","hubris:ToyBattleship","StuffTheSpire:Experiment12","Replay:Wax Seal","aspiration:FrozenJewel","thethorton:CrushedCigarette","Lee\u0027s Waffle","hubris:Zylophone","Toy Ornithopter","Molten Egg 2","StuffTheSpire:Nightcore","Replay:Bandana","infinitespire:Satchel","ReplayFunnel","vexMod:RetaliationKit"],"acts_visited":["Exordium"],"potions_floor_usage":[17,17,18],"damage_taken":[{"damage":0,"enemies":"Replay:BlueRogue","floor":3,"turns":2},{"damage":9,"enemies":"3 Sentries","floor":4,"turns":3},{"damage":0,"enemies":"Lagavulin","floor":5,"turns":2},{"damage":0,"enemies":"conspire:Head Lice","floor":9,"turns":2},{"damage":1,"enemies":"Replay:Snechameleon","floor":10,"turns":2},{"damage":6,"enemies":"conspire:SneckoGhost","floor":11,"turns":3},{"damage":36,"enemies":"Nemesis","floor":15,"turns":4},{"damage":3,"enemies":"Giant Head","floor":16,"turns":4},{"damage":0,"enemies":"Reptomancer","floor":17,"turns":2},{"damage":6,"enemies":"Shield and Spear","floor":18,"turns":2}],"seed_played":"-2670537908551759981","potions_obtained":[{"floor":9,"key":"Dexterity Potion"},{"floor":15,"key":"Fruit Juice"},{"floor":16,"key":"hermit:BlackBile"},{"floor":17,"key":"SkillPotion"}],"is_trial":true,"path_per_floor":["$","$","E","E","E","T","$","$","E","E","E","T","$","$","E","E","E","E",null],"character_chosen":"HERMIT","items_purchased":["thethorton:BankDeed","hermit:Glare","hermit:Enervate","ReplayTheSpireMod:Ninjato","hermit:BigShot","War Paint","hermit:Quickdraw","ReplayTheSpireMod:CursedCoin","conspire:Banana","hermit:Deadeye","ReplayTheSpireMod:Lightbulb","vexMod:StairwayStrike","Vajra","StoneCalendar","Lee\u0027s Waffle","Crow Ritual"],"campfire_rested":0,"item_purchase_floors":[1,1,1,1,1,1,2,7,7,7,7,7,8,8,13,13],"current_hp_per_floor":[75,75,80,71,71,40,40,40,47,46,41,41,55,55,20,19,34,33],"gold":361,"neow_bonus":"","is_daily":false,"chose_seed":false,"campfire_upgraded":0,"win_rate":0.0,"timestamp":1610228447,"path_taken":["$","$","E","E","E","T","$","$","E","E","E","T","$","$","E","E","E","E"],"items_purchased_type":["Relic","Card","Card","Relic","Card","Relic","Card","Relic","Card","Card","Relic","Card","Relic","Relic","Relic","Card"],"build_version":"2020-12-22","purchased_purges":0,"victory":true,"max_hp_per_floor":[75,75,80,80,80,40,40,40,47,47,48,48,55,55,56,58,63,63],"card_choices":[],"player_experience":686166,"relics_obtained":[{"floor":3,"key":"Shovel"},{"floor":3,"key":"vexMod:Dragonfruit"},{"floor":4,"key":"hubris:SlimyHat"},{"floor":4,"key":"Onion Ring"},{"floor":5,"key":"infinitespire:Joker Card"},{"floor":5,"key":"Whetstone"},{"floor":9,"key":"vexMod:PlasmaPancake"},{"floor":10,"key":"hubris:ToyBattleship"},{"floor":10,"key":"StuffTheSpire:Experiment12"},{"floor":11,"key":"Replay:Wax Seal"},{"floor":11,"key":"aspiration:FrozenJewel"},{"floor":15,"key":"hubris:Zylophone"},{"floor":15,"key":"Toy Ornithopter"},{"floor":16,"key":"Molten Egg 2"},{"floor":16,"key":"StuffTheSpire:Nightcore"},{"floor":17,"key":"Replay:Bandana"},{"floor":17,"key":"infinitespire:Satchel"},{"floor":18,"key":"ReplayFunnel"},{"floor":18,"key":"vexMod:RetaliationKit"}],"event_choices":[],"is_beta":false,"boss_relics":[{"not_picked":["Snecko Heart","aspiration:RunicSpoon"],"picked":"Replay:Grab Bag"},{"not_picked":["Ectoplasm","Fusion Hammer"],"picked":"vexMod:RockOfEvil"},{"not_picked":["vexMod:DeviousBotling","conspire:RoyalGoblet"],"picked":"Cursed Key"},{"not_picked":["Kintsugi","halation:Yufonium"],"picked":"thethorton:BottledFunds"},{"not_picked":["halation:PlatinumPhoenix","hermit:ClaspedLocket"],"picked":"thethorton:CrushedCigarette"}],"items_purged_floors":[],"is_endless":false,"potions_floor_spawned":[9,15,16,17],"ascension_level":0}}