{"host":"1c17lcvl7acx821p","time":1610235131,"event":{"mods":["AchievementEnabler","BaseMod","Colored Map","Minty Spire (QoL Compilation)","StSLib"],"gold_per_floor":[164,89,89,41,41,41,57,67,113,125,165,177,205,248,260,369,381,410,422,446,458,458],"floor_reached":21,"playtime":759,"items_purged":["Strike_R"],"score":224,"play_id":"bc05a14e-4bf7-4fad-b87a-df429fd0cf66","local_time":"20210110013211","is_ascension_mode":true,"campfire_choices":[{"data":"Searing Blow","floor":6.0,"key":"SMITH"},{"data":"Searing Blow+1","floor":10.0,"key":"SMITH"},{"data":"Searing Blow+2","floor":12.0,"key":"SMITH"},{"floor":15.0,"key":"REST"}],"circlet_count":0,"master_deck":["Strike_R+1","Defend_R","Defend_R","Defend_R","Defend_R","Bash","Searing Blow+3","Armaments","Reaper","Barricade+1","Hemokinesis+1","Juggernaut+1","Disarm"],"relics":["Tiny House","Boot","MawBank","Bird Faced Urn","Toy Ornithopter","Astrolabe"],"acts_visited":["Exordium","TheCity"],"potions_floor_usage":[16,21,21,21,21],"damage_taken":[{"damage":1.0,"enemies":"Cultist","floor":1.0,"turns":3.0},{"damage":1.0,"enemies":"2 Louse","floor":7.0,"turns":2.0},{"damage":7.0,"enemies":"Jaw Worm","floor":8.0,"turns":3.0},{"damage":16.0,"enemies":"Gremlin Nob","floor":11.0,"turns":3.0},{"damage":4.0,"enemies":"3 Louse","floor":13.0,"turns":3.0},{"damage":25.0,"enemies":"3 Sentries","floor":14.0,"turns":8.0},{"damage":29,"enemies":"Hexaghost","floor":16,"turns":11},{"damage":30,"enemies":"Spheric Guardian","floor":18,"turns":4},{"damage":48,"enemies":"Shell Parasite","floor":20,"turns":8},{"damage":57,"enemies":"Chosen and Byrds","floor":21,"turns":6}],"seed_played":"4866717773044103135","potions_obtained":[{"floor":0.0,"key":"FearPotion"},{"floor":1.0,"key":"HeartOfIron"},{"floor":8.0,"key":"Fire Potion"},{"floor":18,"key":"EntropicBrew"},{"floor":20,"key":"FearPotion"}],"is_trial":false,"path_per_floor":["M","$","?","$","?","R","M","M","T","R","E","R","M","E","R","B",null,"M","?","M","M"],"character_chosen":"IRONCLAD","items_purchased":["PowerPotion"],"campfire_rested":1,"item_purchase_floors":[4],"current_hp_per_floor":[84,84,84,84,66,66,65,58,58,58,42,42,38,13,38,14,85,55,55,14,0,0],"gold":458,"neow_bonus":"BOSS_RELIC","is_daily":false,"chose_seed":false,"campfire_upgraded":3,"win_rate":0.0,"timestamp":1610235131,"path_taken":["M","$","?","$","?","R","M","M","T","R","E","R","M","E","R","BOSS","M","?","M","M"],"items_purchased_type":["Potion"],"build_version":"2020-12-22","purchased_purges":1,"victory":false,"max_hp_per_floor":[85,85,85,85,85,85,85,85,85,85,85,85,85,85,85,85,85,85,85,85,85,85],"card_choices":[{"not_picked":["Bloodletting","Dark Embrace"],"picked":"Carnage","floor":0.0},{"not_picked":["Clothesline","Sentinel"],"picked":"Searing Blow","floor":1.0},{"not_picked":["Pommel Strike","Heavy Blade","Headbutt"],"picked":"SKIP","floor":7.0},{"not_picked":["Heavy Blade","Blood for Blood"],"picked":"Armaments","floor":8.0},{"not_picked":["Cleave","Fiend Fire","Headbutt"],"picked":"SKIP","floor":11.0},{"not_picked":["Thunderclap","Feel No Pain","Warcry"],"picked":"SKIP","floor":13.0},{"not_picked":["Headbutt","Pommel Strike","Fiend Fire"],"picked":"SKIP","floor":14.0},{"not_picked":["Barricade","Berserk"],"picked":"Reaper","floor":16},{"not_picked":["Iron Wave","Shrug It Off","Entrench"],"picked":"SKIP","floor":18},{"not_picked":["Sever Soul+1","Clothesline+1"],"picked":"Disarm","floor":20}],"player_experience":11063,"relics_obtained":[{"floor":9.0,"key":"MawBank"},{"floor":11.0,"key":"Bird Faced Urn"},{"floor":14.0,"key":"Toy Ornithopter"}],"event_choices":[{"damage_healed":0.0,"max_hp_gain":0.0,"max_hp_loss":0.0,"gold_gain":0.0,"event_name":"Liars Game","player_choice":"Ignored","floor":3.0,"gold_loss":0.0,"damage_taken":0.0},{"damage_healed":0.0,"max_hp_gain":0.0,"max_hp_loss":0.0,"gold_gain":0.0,"event_name":"Scrap Ooze","player_choice":"Success","floor":5.0,"gold_loss":0.0,"damage_taken":18.0,"relics_obtained":["Boot"]},{"cards_removed":["Strike_R"],"damage_healed":0,"gold_gain":0,"player_choice":"Elegance","damage_taken":0,"max_hp_gain":0,"max_hp_loss":0,"event_name":"Back to Basics","floor":19,"gold_loss":0}],"is_beta":false,"boss_relics":[{"not_picked":["Fusion Hammer","Busted Crown"],"picked":"Astrolabe"}],"items_purged_floors":[2],"is_endless":false,"potions_floor_spawned":[1,8,18,20],"killed_by":"Chosen and Byrds","ascension_level":4}}