{"host":"dyggtcpod2kd5hqt","time":1610215692,"event":{"mods":["2.2 Compatiblity","AchievementEnabler","BaseMod","Bestiary","Block Reminder","Colored Map","Colored Powertips","Minty Spire (QoL Compilation)","Quick Restart","Rare Cards Sparkle","Relic Stats","Unknown Chances"],"gold_per_floor":[114,114,114,128,128,128,47,90,90,133,156,0,39,54,54,54,54],"floor_reached":16,"playtime":897,"items_purged":[],"score":207,"play_id":"1df28c7f-cb74-4515-924e-735351ae0ff7","local_time":"20210109130812","is_ascension_mode":true,"campfire_choices":[{"data":"Melter","floor":6.0,"key":"SMITH"},{"floor":15.0,"key":"REST"}],"circlet_count":0,"master_deck":["Strike_B","Strike_B","Strike_B","Strike_B","Defend_B","Defend_B","Defend_B","Zap","Dualcast","Melter+1","Hello World","Gash","Defragment","Go for the Eyes","Electrodynamics","Gash","Hologram","Glacier"],"relics":["Cracked Core","NeowsBlessing","Golden Idol","Blood Vial","Gremlin Horn","Omamori","Toolbox","Orichalcum"],"acts_visited":["Exordium"],"potions_floor_usage":[],"damage_taken":[{"damage":0.0,"enemies":"Small Slimes","floor":1.0,"turns":1.0},{"damage":0.0,"enemies":"Jaw Worm","floor":4.0,"turns":1.0},{"damage":0.0,"enemies":"3 Sentries","floor":8.0,"turns":1.0},{"damage":28.0,"enemies":"Gremlin Nob","floor":10.0,"turns":4.0},{"damage":4.0,"enemies":"Cultist","floor":11.0,"turns":3.0},{"damage":20.0,"enemies":"Lagavulin","floor":13.0,"turns":4.0},{"damage":5.0,"enemies":"Looter","floor":14.0,"turns":3.0},{"damage":37,"enemies":"Slime Boss","floor":16,"turns":6}],"seed_played":"-229392373195103691","potions_obtained":[{"floor":8.0,"key":"Explosive Potion"}],"is_trial":false,"path_per_floor":["M","?","?","M","?","R","$","E","T","E","M","$","E","M","R","B"],"character_chosen":"DEFECT","items_purchased":["Defragment","Toolbox"],"campfire_rested":1,"item_purchase_floors":[7,12],"current_hp_per_floor":[68,68,68,68,50,50,50,50,50,24,22,22,4,1,23,0,0],"gold":54,"neow_bonus":"THREE_ENEMY_KILL","is_daily":false,"chose_seed":false,"campfire_upgraded":1,"win_rate":0.0,"timestamp":1610215692,"path_taken":["M","?","?","?","?","R","$","E","T","E","M","$","E","M","R","BOSS"],"items_purchased_type":["Card","Relic"],"build_version":"2020-12-22","purchased_purges":0,"victory":false,"max_hp_per_floor":[75,75,75,75,75,75,75,75,75,75,75,75,75,75,75,75,75],"relic_stats":{"Blood Vial":10,"Gremlin Horn":[0,0],"counters":[8,23],"Golden Idol":34,"Orichalcum":[30],"obtain_stats":[{"Blood Vial":8,"NeowsBlessing":0,"Gremlin Horn":9,"Golden Idol":5,"Toolbox":12,"Omamori":10,"Orichalcum":13,"Cracked Core":0},{"Blood Vial":3,"NeowsBlessing":0,"Gremlin Horn":3,"Golden Idol":2,"Toolbox":5,"Omamori":4,"Orichalcum":6,"Cracked Core":0},{"Blood Vial":3,"NeowsBlessing":0,"Gremlin Horn":3,"Golden Idol":2,"Toolbox":10,"Omamori":7,"Orichalcum":14,"Cracked Core":0}]},"card_choices":[{"not_picked":["Beam Cell","Compile Driver"],"picked":"Melter","floor":1.0},{"not_picked":["Glacier","Aggregate"],"picked":"Gash","floor":4.0},{"not_picked":["Sweeping Beam","Steam"],"picked":"Go for the Eyes","floor":8.0},{"not_picked":["Double Energy","Buffer"],"picked":"Electrodynamics","floor":10.0},{"not_picked":["Rebound","Doom and Gloom"],"picked":"Gash","floor":11.0},{"not_picked":["Recycle","Rebound"],"picked":"Hologram","floor":13.0},{"not_picked":["Turbo","Stack"],"picked":"Glacier","floor":14.0}],"player_experience":579163,"relics_obtained":[{"floor":8.0,"key":"Blood Vial"},{"floor":9.0,"key":"Gremlin Horn"},{"floor":10.0,"key":"Omamori"},{"floor":13.0,"key":"Orichalcum"}],"event_choices":[{"damage_healed":0.0,"max_hp_gain":0.0,"max_hp_loss":0.0,"gold_gain":0.0,"cards_transformed":["Defend_B"],"event_name":"Living Wall","player_choice":"Change","floor":2.0,"gold_loss":0.0,"damage_taken":0.0,"cards_obtained":["Hello World"]},{"damage_healed":0.0,"max_hp_gain":0.0,"max_hp_loss":0.0,"gold_gain":0.0,"event_name":"The Woman in Blue","player_choice":"Bought 0 Potions","floor":3.0,"gold_loss":0.0,"damage_taken":0.0},{"damage_healed":0.0,"max_hp_gain":0.0,"max_hp_loss":0.0,"gold_gain":0.0,"event_name":"Golden Idol","player_choice":"Take Damage","floor":5.0,"gold_loss":0.0,"damage_taken":18.0,"relics_obtained":["Golden Idol"]}],"is_beta":false,"boss_relics":[],"items_purged_floors":[],"is_endless":false,"potions_floor_spawned":[8],"killed_by":"Slime Boss","ascension_level":9}}