{"host":"b995t17pt6d05w8c","time":1610219478,"event":{"mods":["AchievementEnabler","BaseMod","Colored Map","Minty Spire (QoL Compilation)","SuperFastMode"],"gold_per_floor":[118,134,153,170,170,199,199,218,218,63,63,83,97,97,97,201,201,216,230,230,52,62,62,78,78,104,115,115,115,115,131,131,131,131],"floor_reached":33,"playtime":1122,"items_purged":["Strike_B","Strike_B"],"score":402,"play_id":"bf5cca08-24a9-4aea-95f3-03cff2b0757b","local_time":"20210110041118","is_ascension_mode":true,"campfire_choices":[{"data":"Beam Cell","floor":7.0,"key":"SMITH"},{"floor":15.0,"key":"REST"},{"data":"Creative AI","floor":23.0,"key":"SMITH"},{"data":"Chaos","floor":28.0,"key":"SMITH"},{"data":"Ghostly","floor":32.0,"key":"SMITH"}],"circlet_count":0,"master_deck":["AscendersBane","Strike_B","Strike_B+1","Defend_B","Defend_B","Defend_B","Defend_B","Zap+1","Dualcast","Cold Snap+1","Beam Cell+1","Coolheaded","Glacier","Double Energy","Stack","Undo","White Noise","Reboot","Creative AI+1","Ball Lightning","Recycle","Ghostly","Ghostly","Ghostly+1","Ghostly","Ghostly","Sunder","Chaos+1","Jack Of All Trades"],"relics":["Cracked Core","Whetstone","Symbiotic Virus","Matryoshka","Nuclear Battery","Pen Nib","Bottled Tornado"],"acts_visited":["Exordium","TheCity"],"potions_floor_usage":[33],"damage_taken":[{"damage":2.0,"enemies":"Jaw Worm","floor":1.0,"turns":3.0},{"damage":0.0,"enemies":"Cultist","floor":2.0,"turns":3.0},{"damage":0.0,"enemies":"Small Slimes","floor":3.0,"turns":3.0},{"damage":14.0,"enemies":"Gremlin Gang","floor":4.0,"turns":4.0},{"damage":28.0,"enemies":"3 Sentries","floor":6.0,"turns":12.0},{"damage":11.0,"enemies":"Exordium Thugs","floor":8.0,"turns":5.0},{"damage":0.0,"enemies":"3 Louse","floor":12.0,"turns":3.0},{"damage":13.0,"enemies":"Gremlin Gang","floor":13.0,"turns":4.0},{"damage":26.0,"enemies":"Slime Boss","floor":16.0,"turns":18.0},{"damage":13.0,"enemies":"2 Thieves","floor":18.0,"turns":4.0},{"damage":10.0,"enemies":"Chosen","floor":19.0,"turns":7.0},{"damage":0.0,"enemies":"Snake Plant","floor":22.0,"turns":4.0},{"damage":1.0,"enemies":"Shelled Parasite and Fungi","floor":24.0,"turns":11.0},{"damage":0.0,"enemies":"Cultist and Chosen","floor":27.0,"turns":6.0},{"damage":12.0,"enemies":"Snake Plant","floor":31.0,"turns":5.0},{"damage":83,"enemies":"Automaton","floor":33,"turns":10}],"seed_played":"-1619795380785908828","potions_obtained":[{"floor":0.0,"key":"Ancient Potion"},{"floor":0.0,"key":"SpeedPotion"},{"floor":0.0,"key":"Swift Potion"},{"floor":5.0,"key":"LiquidMemories"},{"floor":5.0,"key":"FairyPotion"},{"floor":5.0,"key":"Regen Potion"},{"floor":8.0,"key":"FearPotion"},{"floor":16.0,"key":"Weak Potion"},{"floor":31.0,"key":"PowerPotion"}],"is_trial":false,"path_per_floor":["M","M","M","M","?","E","R","M","T","$","?","M","M","T","R","B",null,"M","M","?","$","M","R","M","?","T","M","R","$","?","M","R","B"],"character_chosen":"DEFECT","items_purchased":["Undo","Sunder"],"campfire_rested":1,"item_purchase_floors":[10,21],"current_hp_per_floor":[66,66,66,52,52,39,39,28,28,28,28,28,15,15,37,11,59,46,36,36,36,36,36,35,35,35,35,35,35,35,23,23,0,0],"gold":131,"neow_bonus":"THREE_SMALL_POTIONS","is_daily":false,"chose_seed":false,"campfire_upgraded":4,"win_rate":0.0,"timestamp":1610219478,"path_taken":["M","M","M","M","?","E","R","M","T","?","?","?","M","?","R","BOSS","M","?","?","?","?","R","M","?","T","M","R","$","?","M","R","BOSS"],"items_purchased_type":["Card","Card"],"build_version":"2020-12-22","purchased_purges":2,"victory":false,"max_hp_per_floor":[75,75,75,75,75,75,75,75,75,75,75,75,75,75,75,75,75,75,75,37,37,37,37,37,37,37,37,37,37,37,37,37,37,37],"card_choices":[{"not_picked":["Lockon","Darkness"],"picked":"Cold Snap","floor":1.0},{"not_picked":["Storm","Steam"],"picked":"Beam Cell","floor":2.0},{"not_picked":["Beam Cell","Cold Snap"],"picked":"Coolheaded","floor":3.0},{"not_picked":["Rip and Tear","Steam"],"picked":"Glacier","floor":4.0},{"not_picked":["Redo","Steam"],"picked":"Double Energy","floor":6.0},{"not_picked":["Steam Power","Cold Snap"],"picked":"Stack","floor":8.0},{"not_picked":["Conserve Battery","Barrage"],"picked":"White Noise","floor":12.0},{"not_picked":["Redo","Stack"],"picked":"Reboot","floor":13.0},{"not_picked":["Fission","Echo Form"],"picked":"Creative AI","floor":16.0},{"not_picked":["Gash","Cold Snap"],"picked":"Ball Lightning","floor":18.0},{"not_picked":["Ball Lightning","Go for the Eyes"],"picked":"Recycle","floor":19.0},{"not_picked":["Cold Snap","Static Discharge","Conserve Battery+1"],"picked":"SKIP","floor":22.0},{"not_picked":["Hologram","Barrage","Beam Cell"],"picked":"SKIP","floor":24.0},{"not_picked":["Compile Driver+1","Glacier","Static Discharge"],"picked":"SKIP","floor":27.0},{"not_picked":["Compile Driver+1","Glacier","Static Discharge"],"picked":"SKIP","floor":27.0},{"not_picked":["Barrage","Meteor Strike","Ball Lightning"],"picked":"SKIP","floor":31.0}],"player_experience":80993,"relics_obtained":[{"floor":6.0,"key":"Whetstone"},{"floor":9.0,"key":"Symbiotic Virus"},{"floor":14.0,"key":"Matryoshka"},{"floor":26.0,"key":"Pen Nib"},{"floor":26.0,"key":"Bottled Tornado"}],"event_choices":[{"damage_healed":0.0,"max_hp_gain":0.0,"max_hp_loss":0.0,"gold_gain":0.0,"event_name":"Lab","player_choice":"Got Potions","floor":5.0,"gold_loss":0.0,"damage_taken":0.0},{"damage_healed":0.0,"max_hp_gain":0.0,"max_hp_loss":0.0,"gold_gain":0.0,"event_name":"Upgrade Shrine","player_choice":"Upgraded","floor":11.0,"gold_loss":0.0,"damage_taken":0.0,"cards_upgraded":["Zap"]},{"damage_healed":0.0,"max_hp_gain":0.0,"max_hp_loss":38.0,"gold_gain":0.0,"event_name":"Ghosts","player_choice":"Became a Ghost","floor":20.0,"gold_loss":0.0,"damage_taken":0.0,"cards_obtained":["Ghostly","Ghostly","Ghostly","Ghostly","Ghostly"]},{"damage_healed":0.0,"max_hp_gain":0.0,"max_hp_loss":0.0,"gold_gain":0.0,"event_name":"The Library","player_choice":"Read","floor":25.0,"gold_loss":0.0,"damage_taken":0.0,"cards_obtained":["Chaos"]},{"damage_healed":0.0,"max_hp_gain":0.0,"max_hp_loss":0.0,"gold_gain":0.0,"event_name":"Match and Keep!","player_choice":"1 cards matched","floor":30.0,"gold_loss":0.0,"damage_taken":0.0,"cards_obtained":["Jack Of All Trades"]}],"is_beta":false,"boss_relics":[{"not_picked":["Black Star","Ectoplasm"],"picked":"Nuclear Battery"}],"items_purged_floors":[10,21],"is_endless":false,"potions_floor_spawned":[2,8,12,16,24,31],"killed_by":"Automaton","ascension_level":10}}