{"host":"08sn1703g14rasc1","time":1610179603,"event":{"mods":["AchievementEnabler","BaseMod","Colored Map","Colored Powertips","Hermit","Minty Spire (QoL Compilation)","StSLib"],"gold_per_floor":[110,110,185,1,1,1,36,48,48,68,78,90,103,133,133,229,229,244,244,25,42,42,72,72,105,132,57,57,70,89,99,99,99,99],"floor_reached":33,"playtime":966,"items_purged":["Strike_R"],"score":416,"play_id":"ac3a071a-f73e-4087-b7f3-bb86bc583a23","local_time":"20210109000643","is_ascension_mode":true,"campfire_choices":[{"data":"Bludgeon","floor":6.0,"key":"SMITH"},{"floor":15.0,"key":"REST"},{"floor":24,"key":"REST"},{"floor":28,"key":"REST"},{"floor":32,"key":"REST"}],"circlet_count":0,"master_deck":["Strike_R","Strike_R","Strike_R","Defend_R","Defend_R","Defend_R","Defend_R","Bash","Seeing Red","Bloodletting","Bludgeon+1","Ghostly Armor","Inflame","Ghostly Armor","Cleave","Metallicize","Disarm","Dual Wield","Blood for Blood","Rage","Offering","Whirlwind","Demon Form","Immolate","Rage+1","Bludgeon+1","Inflame+1","Seeing Red","Shrug It Off","Spot Weakness","Uppercut+1","Reaper"],"relics":["Burning Blood","Orichalcum","MealTicket","Dream Catcher","Bronze Scales","Fusion Hammer","Pocketwatch","Potion Belt","Bag of Marbles"],"acts_visited":["Exordium","TheCity"],"potions_floor_usage":[16,33,33,33],"damage_taken":[{"damage":10.0,"enemies":"Small Slimes","floor":1.0,"turns":6.0},{"damage":15.0,"enemies":"Gremlin Nob","floor":7.0,"turns":4.0},{"damage":2.0,"enemies":"Jaw Worm","floor":8.0,"turns":3.0},{"damage":0.0,"enemies":"Cultist","floor":10.0,"turns":2.0},{"damage":0.0,"enemies":"Red Slaver","floor":11.0,"turns":4.0},{"damage":3.0,"enemies":"Looter","floor":12.0,"turns":2.0},{"damage":28.0,"enemies":"Gremlin Gang","floor":13.0,"turns":5.0},{"damage":13.0,"enemies":"Lagavulin","floor":14.0,"turns":6.0},{"damage":58,"enemies":"Slime Boss","floor":16,"turns":14},{"damage":19,"enemies":"Shell Parasite","floor":18,"turns":4},{"damage":0,"enemies":"3 Byrds","floor":21,"turns":3},{"damage":46,"enemies":"Gremlin Leader","floor":23,"turns":4},{"damage":34,"enemies":"Book of Stabbing","floor":25,"turns":5},{"damage":21,"enemies":"Snake Plant","floor":29,"turns":1},{"damage":25,"enemies":"Sentry and Sphere","floor":30,"turns":4},{"damage":2,"enemies":"Snecko","floor":31,"turns":4},{"damage":65,"enemies":"Champ","floor":33,"turns":9}],"seed_played":"6146633201364959121","potions_obtained":[{"floor":7.0,"key":"DuplicationPotion"},{"floor":11.0,"key":"EssenceOfSteel"},{"floor":13.0,"key":"FearPotion"},{"floor":25,"key":"FearPotion"},{"floor":29,"key":"SpeedPotion"},{"floor":30,"key":"SkillPotion"}],"is_trial":false,"path_per_floor":["M","?","?","$","?","R","E","M","T","M","M","M","M","E","R","B",null,"M","?","$","M","?","E","R","E","T","$","R","M","M","M","R","B"],"character_chosen":"IRONCLAD","items_purchased":["Bludgeon","Ghostly Armor","Demon Form","Immolate"],"campfire_rested":4,"item_purchase_floors":[4,4,20,20],"current_hp_per_floor":[68,61,50,50,76,76,67,71,71,77,80,80,58,51,75,23,66,53,53,68,74,74,34,58,30,30,45,69,54,35,39,63,0,0],"gold":99,"neow_bonus":"THREE_CARDS","is_daily":false,"chose_seed":false,"campfire_upgraded":1,"win_rate":0.0,"timestamp":1610179603,"path_taken":["M","?","?","$","?","R","E","M","T","M","M","M","M","E","R","BOSS","M","?","?","?","?","E","R","E","T","$","R","?","M","M","R","BOSS"],"items_purchased_type":["Card","Card","Card","Card"],"build_version":"2020-12-22","purchased_purges":1,"victory":false,"max_hp_per_floor":[80,80,80,80,80,80,80,80,80,80,80,80,80,80,80,80,80,80,80,80,80,80,80,80,80,80,80,80,80,80,80,80,80,80],"card_choices":[{"not_picked":["Battle Trance","Headbutt"],"picked":"Seeing Red","floor":0.0},{"not_picked":["Clash","Iron Wave"],"picked":"Bloodletting","floor":1.0},{"not_picked":["Clothesline","Dark Embrace"],"picked":"Inflame","floor":7.0},{"not_picked":["Rampage","Heavy Blade"],"picked":"Ghostly Armor","floor":8.0},{"not_picked":["Carnage","Body Slam"],"picked":"Cleave","floor":10.0},{"not_picked":["Flex","Combust"],"picked":"Metallicize","floor":11.0},{"not_picked":["Sever Soul","Iron Wave"],"picked":"Disarm","floor":12.0},{"not_picked":["Flame Barrier","Clothesline"],"picked":"Dual Wield","floor":13.0},{"not_picked":["Warcry","Bloodletting"],"picked":"Blood for Blood","floor":14.0},{"not_picked":["Rampage","Perfected Strike"],"picked":"Rage","floor":15.0},{"not_picked":["Limit Break","Berserk"],"picked":"Offering","floor":16},{"not_picked":["Iron Wave","Seeing Red"],"picked":"Whirlwind","floor":18},{"not_picked":["Twin Strike","Anger+1"],"picked":"Rage+1","floor":21},{"not_picked":["Havoc","Flex"],"picked":"Inflame+1","floor":23},{"not_picked":["Perfected Strike","Body Slam"],"picked":"Seeing Red","floor":25},{"not_picked":["Clash","Searing Blow"],"picked":"Shrug It Off","floor":28},{"not_picked":["Dropkick","Iron Wave+1"],"picked":"Spot Weakness","floor":29},{"not_picked":["Anger","Flex"],"picked":"Uppercut+1","floor":30},{"not_picked":["Sword Boomerang+1","Twin Strike"],"picked":"Reaper","floor":31}],"player_experience":470885,"relics_obtained":[{"floor":7.0,"key":"MealTicket"},{"floor":9.0,"key":"Dream Catcher"},{"floor":14.0,"key":"Bronze Scales"},{"floor":23,"key":"Pocketwatch"},{"floor":25,"key":"Potion Belt"},{"floor":26,"key":"Bag of Marbles"}],"event_choices":[{"damage_healed":0.0,"max_hp_gain":0.0,"max_hp_loss":0.0,"gold_gain":0.0,"event_name":"Scrap Ooze","player_choice":"Success","floor":2.0,"gold_loss":0.0,"damage_taken":7.0,"relics_obtained":["Orichalcum"]},{"damage_healed":0.0,"max_hp_gain":0.0,"max_hp_loss":0.0,"gold_gain":75.0,"event_name":"World of Goop","player_choice":"Gather Gold","floor":3.0,"gold_loss":0.0,"damage_taken":11.0},{"damage_healed":26.0,"max_hp_gain":0.0,"max_hp_loss":0.0,"gold_gain":0.0,"event_name":"Big Fish","player_choice":"Banana","floor":5.0,"gold_loss":0.0,"damage_taken":0.0},{"cards_removed":["Strike_R"],"damage_healed":0,"gold_gain":0,"player_choice":"Offered Basic","damage_taken":0,"max_hp_gain":0,"max_hp_loss":0,"event_name":"Bonfire Elementals","floor":19,"gold_loss":0},{"damage_healed":0,"gold_gain":0,"player_choice":"Copied","damage_taken":0,"max_hp_gain":0,"max_hp_loss":0,"event_name":"Duplicator","floor":22,"gold_loss":0,"cards_obtained":["Bludgeon"]}],"is_beta":false,"boss_relics":[{"not_picked":["Ectoplasm","Coffee Dripper"],"picked":"Fusion Hammer"}],"items_purged_floors":[27],"is_endless":false,"potions_floor_spawned":[7,11,13,25,29,30],"killed_by":"Champ","ascension_level":8}}