{"host":"f49a0fglrdtttfz6","time":1610156122,"event":{"mods":["BaseMod","Downfall","Lobotomy","Minty Spire (QoL Compilation)","StSLib"],"gold_per_floor":[117,87,106,123,123,153,153,171,171,171,93,128,128,139,139,139,139],"floor_reached":16,"playtime":1067,"items_purged":[],"score":110,"play_id":"fbe4a633-0129-4c2a-846f-e5b38d890f55","local_time":"20210108193522","is_ascension_mode":false,"campfire_choices":[{"floor":7,"key":"REST"},{"floor":10,"key":"REST"},{"floor":15,"key":"REST"}],"circlet_count":0,"master_deck":["Strike_B","Strike_B","Strike_B","Strike_B","Defend_B","Defend_B","Defend_B","Defend_B","Zap","Dualcast","Beam Cell","VoidDream","Chaos","PunishingBird","Melter","MHz","Electrodynamics","ShyLook","Cold Snap","LongBird","Loop","Mercenary","Skim","Conserve Battery","QueenBee"],"relics":["Cracked Core","CogitoBucket","Lizard Tail","Gremlin Horn","Shovel","Gambling Chip","ResearcherNote"],"acts_visited":["Exordium"],"potions_floor_usage":[6,6,6,12,16],"damage_taken":[{"damage":2,"enemies":"2 Louse","floor":1,"turns":3},{"damage":1,"enemies":"Cultist","floor":3,"turns":3},{"damage":8,"enemies":"Jaw Worm","floor":4,"turns":4},{"damage":42,"enemies":"3 Sentries","floor":6,"turns":8},{"damage":1,"enemies":"Large Slime","floor":8,"turns":4},{"damage":32,"enemies":"Gremlin Nob","floor":12,"turns":5},{"damage":17,"enemies":"Red Slaver","floor":14,"turns":4},{"damage":55,"enemies":"The Guardian","floor":16,"turns":7}],"seed_played":"-5007549975100656480","potions_obtained":[{"floor":2,"key":"EssenceOfSteel"},{"floor":2,"key":"Slimebound:ThreeZeroPotion"},{"floor":3,"key":"DuplicationPotion"},{"floor":6,"key":"Guardian:BlockOnCardUsePotion"},{"floor":8,"key":"Block Potion"}],"is_trial":false,"path_per_floor":["M","?","M","M","?","E","R","M","T","R","$","E","?","M","R","B"],"character_chosen":"DEFECT","items_purchased":["Loop"],"campfire_rested":3,"item_purchase_floors":[11],"current_hp_per_floor":[73,73,72,64,61,19,41,46,46,68,68,36,36,21,43,30,30],"gold":139,"neow_bonus":"","is_daily":false,"chose_seed":false,"campfire_upgraded":0,"win_rate":0.0,"timestamp":1610156122,"path_taken":["M","?","M","?","?","E","R","M","T","R","?","E","?","?","R","BOSS"],"items_purchased_type":["Card"],"build_version":"2020-12-22","purchased_purges":0,"victory":false,"max_hp_per_floor":[75,75,75,75,75,75,75,75,75,75,75,75,75,75,75,75,75],"card_choices":[{"not_picked":["Skim","Streamline"],"picked":"Beam Cell","floor":1},{"not_picked":["OSAHOGD","BeautyBeast"],"picked":"VoidDream","floor":1},{"not_picked":["Barrage","Blizzard"],"picked":"Chaos","floor":3},{"not_picked":["UniverseFragment","ShyLook"],"picked":"PunishingBird","floor":3},{"not_picked":["Seek","Hologram"],"picked":"Melter","floor":4},{"not_picked":["CrumblingArmor","Variant"],"picked":"MHz","floor":4},{"not_picked":["Go for the Eyes","Stack"],"picked":"Electrodynamics","floor":6},{"not_picked":["OSAHOGD","FairyFestival"],"picked":"ShyLook","floor":6},{"not_picked":["Reprogram","Streamline"],"picked":"Cold Snap","floor":8},{"not_picked":["SingingMachine","OldLady"],"picked":"LongBird","floor":8},{"not_picked":["Coolheaded","Tempest"],"picked":"Gash","floor":12},{"not_picked":["Wellcheers","SpiderBud"],"picked":"Mercenary","floor":12},{"not_picked":["Force Field","Coolheaded"],"picked":"Conserve Battery","floor":14},{"not_picked":["FairyFestival","Scorched"],"picked":"QueenBee","floor":14}],"player_experience":61409,"relics_obtained":[{"floor":6,"key":"Gremlin Horn"},{"floor":9,"key":"Shovel"},{"floor":12,"key":"Gambling Chip"}],"event_choices":[{"damage_healed":0,"gold_gain":0,"player_choice":"Bought 2 Potions","damage_taken":0,"max_hp_gain":0,"max_hp_loss":0,"event_name":"The Woman in Blue","floor":2,"gold_loss":0},{"damage_healed":0,"gold_gain":0,"player_choice":"Success","damage_taken":3,"relics_obtained":["Lizard Tail"],"max_hp_gain":0,"max_hp_loss":0,"event_name":"Scrap Ooze","floor":5,"gold_loss":0},{"damage_healed":0,"gold_gain":0,"cards_transformed":["Gash"],"player_choice":"Transformed","damage_taken":0,"max_hp_gain":0,"max_hp_loss":0,"event_name":"Transmorgrifier","floor":13,"gold_loss":0,"cards_obtained":["Skim"]}],"is_beta":false,"boss_relics":[],"items_purged_floors":[],"is_endless":false,"potions_floor_spawned":[3,6,8],"killed_by":"The Guardian","ascension_level":0}}