{"host":"9ndbo4kgsfoemf7y","time":1610177558,"event":{"mods":["AchievementEnabler","BaseMod","Colored Map","DeckTracker","Keyboard Shortcuts","Minty Spire (QoL Compilation)","Permanent Neow","Quick Restart","Relic Stats","StSLib","SuperFastMode"],"gold_per_floor":[112,112,60,70,85,113,113,33,78,78,78,88,88,88],"floor_reached":13,"playtime":382,"items_purged":[],"score":162,"play_id":"85b5e594-f356-4ecd-84a4-d6b94b879a4a","local_time":"20210109163238","is_ascension_mode":true,"campfire_choices":[{"data":"Crippling Poison","floor":7.0,"key":"SMITH"},{"data":"Bouncing Flask","floor":11.0,"key":"SMITH"}],"circlet_count":0,"master_deck":["AscendersBane","Strike_G","Strike_G","Strike_G","Strike_G","Strike_G","Defend_G","Defend_G","Defend_G","Defend_G","Defend_G","Survivor","Neutralize+1","Corpse Explosion","Crippling Poison+1","Deadly Poison","Grand Finale","Bouncing Flask+1"],"relics":["Ring of the Snake","Centennial Puzzle","Bronze Scales","Bag of Marbles"],"acts_visited":["Exordium"],"potions_floor_usage":[12],"damage_taken":[{"damage":13.0,"enemies":"2 Louse","floor":1.0,"turns":2.0},{"damage":0.0,"enemies":"Cultist","floor":4.0,"turns":4.0},{"damage":1.0,"enemies":"Jaw Worm","floor":5.0,"turns":4.0},{"damage":13.0,"enemies":"3 Sentries","floor":6.0,"turns":5.0},{"damage":20,"enemies":"Gremlin Gang","floor":12,"turns":3},{"damage":17,"enemies":"Lagavulin","floor":13,"turns":3}],"seed_played":"8537825238571200197","potions_obtained":[{"floor":1.0,"key":"SteroidPotion"},{"floor":6.0,"key":"LiquidBronze"}],"is_trial":false,"path_per_floor":["M","?","$","M","M","E","R","$","T","T","R","M","E"],"character_chosen":"THE_SILENT","items_purchased":["Deadly Poison","Bouncing Flask"],"campfire_rested":0,"item_purchase_floors":[3,8],"current_hp_per_floor":[46,46,46,46,45,32,32,32,32,32,32,12,0,0],"gold":88,"neow_bonus":"ONE_RANDOM_RARE_CARD","is_daily":false,"chose_seed":false,"campfire_upgraded":2,"win_rate":0.0,"timestamp":1610177558,"path_taken":["M","?","$","?","M","E","R","$","T","?","R","M","E"],"items_purchased_type":["Card","Card"],"build_version":"2020-12-22","purchased_purges":0,"victory":false,"max_hp_per_floor":[66,66,66,66,66,66,66,66,66,66,66,66,66,66],"relic_stats":{"Centennial Puzzle":[6],"counters":[6,21],"Bronze Scales":[15],"obtain_stats":[{"Centennial Puzzle":6,"Bronze Scales":9,"Bag of Marbles":10,"Ring of the Snake":0},{"Centennial Puzzle":4,"Bronze Scales":4,"Bag of Marbles":4,"Ring of the Snake":0},{"Centennial Puzzle":15,"Bronze Scales":15,"Bag of Marbles":15,"Ring of the Snake":0}],"Ring of the Snake":[12]},"card_choices":[{"not_picked":["Prepared","Dodge and Roll"],"picked":"Crippling Poison","floor":1.0},{"not_picked":["Underhanded Strike","PiercingWail","Predator"],"picked":"SKIP","floor":4.0},{"not_picked":["Cloak And Dagger","Slice","Endless Agony"],"picked":"SKIP","floor":5.0},{"not_picked":["Dodge and Roll","Slice"],"picked":"Grand Finale","floor":6.0},{"not_picked":["Poisoned Stab","Terror","Bane"],"picked":"SKIP","floor":12}],"player_experience":793116,"relics_obtained":[{"floor":6.0,"key":"Centennial Puzzle"},{"floor":9.0,"key":"Bronze Scales"},{"floor":10.0,"key":"Bag of Marbles"}],"event_choices":[{"damage_healed":0.0,"max_hp_gain":0.0,"max_hp_loss":0.0,"gold_gain":0.0,"event_name":"Upgrade Shrine","player_choice":"Upgraded","floor":2.0,"gold_loss":0.0,"damage_taken":0.0,"cards_upgraded":["Neutralize"]}],"is_beta":false,"boss_relics":[],"items_purged_floors":[],"is_endless":false,"potions_floor_spawned":[1,6],"killed_by":"Lagavulin","ascension_level":19}}