{"host":"7nm1ow5v9mg4ehcw","time":1610211842,"event":{"mods":["BaseMod","Highlight Path","Minty Spire (QoL Compilation)","StSLib"],"gold_per_floor":[119,194,194,144,68,68,100,100,100,113,133,133,147,162,162,262,262,273,543,56,331,343,343,370,370,396,409,423,439,465,64,64,163,163,179,196,53,53,0,29,29,79,134,149,167,214,248,268,268,268,268,268,15,43,43],"floor_reached":56,"playtime":2763,"items_purged":["Strike_R","Strike_R"],"score":1520,"play_id":"3f26df7b-3e22-4423-a6d8-a24ae35d8692","local_time":"20210109180402","is_ascension_mode":false,"campfire_choices":[{"data":"Flex","floor":6,"key":"SMITH"},{"floor":8,"key":"RECALL"},{"data":"Infernal Blade","floor":15,"key":"SMITH"},{"data":"Seeing Red","floor":23,"key":"SMITH"},{"data":"True Grit","floor":25,"key":"SMITH"},{"data":"Sword Boomerang","floor":32,"key":"SMITH"},{"data":"Feel No Pain","floor":41,"key":"SMITH"},{"data":"Corruption","floor":49,"key":"SMITH"},{"data":"Fiend Fire","floor":52,"key":"SMITH"}],"circlet_count":0,"master_deck":["Strike_R","Strike_R","Defend_R","Defend_R","Defend_R","Defend_R","Bash","Flex+1","Sword Boomerang+1","Thunderclap","Seeing Red+1","Infernal Blade+1","Offering","Sentinel+1","Spot Weakness+1","Shrug It Off","Dark Embrace+1","Fiend Fire+1","Impervious+1","Feel No Pain+1","Seeing Red+1","True Grit+1","Pummel","Sentinel+1","Pummel+1","Corruption+1"],"relics":["Burning Blood","NeowsBlessing","Omamori","Dead Branch","Runic Cube","Paper Frog","HandDrill","Sundial","Regal Pillow","Ice Cream","Lee\u0027s Waffle","Toxic Egg 2","SlaversCollar","ClockworkSouvenir","Red Mask","Pear","Gambling Chip","Vajra","TungstenRod","Ornamental Fan","Bag of Marbles","Bronze Scales"],"acts_visited":["Exordium","TheCity","TheBeyond","TheEnding"],"potions_floor_usage":[16,22,24,29,30,40,46,55],"damage_taken":[{"damage":0,"enemies":"2 Louse","floor":1,"turns":1},{"damage":0,"enemies":"3 Sentries","floor":7,"turns":1},{"damage":0,"enemies":"Small Slimes","floor":10,"turns":1},{"damage":11,"enemies":"Jaw Worm","floor":11,"turns":4},{"damage":0,"enemies":"Large Slime","floor":13,"turns":4},{"damage":6,"enemies":"Red Slaver","floor":14,"turns":3},{"damage":14,"enemies":"Hexaghost","floor":16,"turns":8},{"damage":8,"enemies":"Shell Parasite","floor":18,"turns":3},{"damage":23,"enemies":"Spheric Guardian","floor":22,"turns":4},{"damage":9,"enemies":"Gremlin Leader","floor":24,"turns":4},{"damage":8,"enemies":"Shelled Parasite and Fungi","floor":27,"turns":2},{"damage":11,"enemies":"Sentry and Sphere","floor":28,"turns":4},{"damage":27,"enemies":"Snake Plant","floor":29,"turns":3},{"damage":6,"enemies":"Book of Stabbing","floor":30,"turns":3},{"damage":16,"enemies":"Champ","floor":33,"turns":5},{"damage":10,"enemies":"3 Shapes","floor":35,"turns":3},{"damage":6,"enemies":"Orb Walker","floor":36,"turns":3},{"damage":12,"enemies":"Giant Head","floor":40,"turns":5},{"damage":0,"enemies":"Mind Bloom Boss Battle","floor":42,"turns":6},{"damage":6,"enemies":"Spire Growth","floor":44,"turns":2},{"damage":3,"enemies":"Jaw Worm Horde","floor":45,"turns":3},{"damage":22,"enemies":"2 Orb Walkers","floor":46,"turns":3},{"damage":10,"enemies":"Reptomancer","floor":47,"turns":1},{"damage":0,"enemies":"3 Darklings","floor":48,"turns":2},{"damage":10,"enemies":"Donu and Deca","floor":50,"turns":2},{"damage":5,"enemies":"Shield and Spear","floor":54,"turns":2},{"damage":19,"enemies":"The Heart","floor":55,"turns":4}],"seed_played":"-586591303536251762","potions_obtained":[{"floor":10,"key":"BloodPotion"},{"floor":13,"key":"EssenceOfSteel"},{"floor":14,"key":"ColorlessPotion"},{"floor":18,"key":"SteroidPotion"},{"floor":27,"key":"PowerPotion"},{"floor":29,"key":"Ancient Potion"},{"floor":33,"key":"PowerPotion"},{"floor":36,"key":"Dexterity Potion"},{"floor":44,"key":"LiquidBronze"},{"floor":46,"key":"EssenceOfSteel"},{"floor":47,"key":"BlessingOfTheForge"},{"floor":54,"key":"GamblersBrew"}],"is_trial":false,"path_per_floor":["M","?","?","?","$","R","E","R","T","M","M","?","M","M","R","B",null,"M","?","$","?","M","R","E","R","T","M","M","M","E","$","R","B",null,"M","M","$","?","?","E","R","?","T","M","M","?","E","M","R","B",null,"R","$","E","B",null],"character_chosen":"IRONCLAD","items_purchased":["Sword Boomerang","Fire Potion","Paper Frog","HandDrill","Lee\u0027s Waffle","Toxic Egg 2","ClockworkSouvenir","Bag of Marbles"],"campfire_rested":0,"item_purchase_floors":[5,5,20,20,31,31,37,53],"current_hp_per_floor":[80,69,69,69,69,69,75,75,75,80,75,75,80,80,80,72,80,78,51,51,51,50,50,47,47,47,45,40,19,19,87,87,77,87,83,83,83,83,83,87,87,93,93,93,96,80,76,82,82,78,97,97,97,97,84],"gold":43,"neow_bonus":"THREE_ENEMY_KILL","is_daily":false,"chose_seed":false,"campfire_upgraded":8,"win_rate":0.0,"timestamp":1610211842,"path_taken":["M","?","?","?","?","R","E","R","T","M","M","?","?","M","R","BOSS","M","?","?","?","M","R","E","R","T","M","M","M","E","$","R","BOSS","M","?","$","?","?","E","R","?","T","M","M","?","E","?","R","BOSS","R","$","E","BOSS"],"items_purchased_type":["Card","Potion","Relic","Relic","Relic","Relic","Relic","Relic"],"build_version":"2020-12-22","purchased_purges":2,"victory":true,"max_hp_per_floor":[80,80,80,80,80,80,80,80,80,80,80,80,80,80,80,80,80,80,80,80,80,80,80,80,80,80,80,80,80,80,87,87,87,87,87,87,87,87,87,97,97,97,97,97,97,97,97,97,97,97,97,97,97,97,97],"card_choices":[{"not_picked":["Anger","Second Wind"],"picked":"Flex","floor":1},{"not_picked":["Wild Strike","Perfected Strike"],"picked":"Thunderclap","floor":7},{"not_picked":["Headbutt","Thunderclap","Twin Strike"],"picked":"SKIP","floor":10},{"not_picked":["Twin Strike","True Grit"],"picked":"Seeing Red","floor":11},{"not_picked":["Barricade","Warcry"],"picked":"Infernal Blade","floor":13},{"not_picked":["Searing Blow","Rampage","Anger"],"picked":"SKIP","floor":14},{"not_picked":["Bludgeon","Juggernaut"],"picked":"Offering","floor":16},{"not_picked":["Thunderclap","Shrug It Off"],"picked":"Sentinel+1","floor":18},{"not_picked":["True Grit+1","Battle Trance"],"picked":"Spot Weakness+1","floor":22},{"not_picked":["Headbutt","Iron Wave"],"picked":"True Grit","floor":24},{"not_picked":["Thunderclap","Twin Strike"],"picked":"Shrug It Off","floor":27},{"not_picked":["Shrug It Off","Body Slam","Flex"],"picked":"SKIP","floor":28},{"not_picked":["Anger","Armaments"],"picked":"Dark Embrace+1","floor":29},{"not_picked":["Evolve","Body Slam"],"picked":"Fiend Fire","floor":30},{"not_picked":["Berserk","Exhume+1"],"picked":"Impervious+1","floor":33},{"not_picked":["Searing Blow+1","Iron Wave+1","Thunderclap"],"picked":"SKIP","floor":35},{"not_picked":["Bloodletting+1","Thunderclap"],"picked":"Feel No Pain","floor":36},{"not_picked":["Armaments+1","Clash+1"],"picked":"Seeing Red+1","floor":40},{"not_picked":["Body Slam+1","Warcry+1"],"picked":"True Grit+1","floor":44},{"not_picked":["Flex+1","Thunderclap"],"picked":"Pummel","floor":45},{"not_picked":["Perfected Strike","Pommel Strike+1"],"picked":"Sentinel+1","floor":46},{"not_picked":["Cleave","Armaments+1"],"picked":"Pummel+1","floor":47},{"not_picked":["Uppercut+1","Intimidate+1"],"picked":"Corruption","floor":48},{"not_picked":["Evolve+1","Iron Wave+1","Inflame+1"],"picked":"SKIP","floor":54}],"player_experience":340561,"relics_obtained":[{"floor":7,"key":"Dead Branch"},{"floor":24,"key":"Sundial"},{"floor":26,"key":"Regal Pillow"},{"floor":30,"key":"Ice Cream"},{"floor":40,"key":"Pear"},{"floor":42,"key":"Gambling Chip"},{"floor":43,"key":"Vajra"},{"floor":46,"key":"TungstenRod"},{"floor":47,"key":"Ornamental Fan"},{"floor":54,"key":"Bronze Scales"}],"event_choices":[{"damage_healed":0,"gold_gain":75,"player_choice":"Gather Gold","damage_taken":11,"max_hp_gain":0,"max_hp_loss":0,"event_name":"World of Goop","floor":2,"gold_loss":0},{"damage_healed":0,"gold_gain":0,"player_choice":"Box","damage_taken":0,"relics_obtained":["Omamori"],"max_hp_gain":0,"max_hp_loss":0,"event_name":"Big Fish","floor":3,"gold_loss":0,"cards_obtained":["Regret"]},{"cards_removed":["Regret"],"damage_healed":0,"gold_gain":0,"player_choice":"Card Removal","damage_taken":0,"max_hp_gain":0,"max_hp_loss":0,"event_name":"The Cleric","floor":4,"gold_loss":50},{"cards_removed":["Strike_R"],"damage_healed":0,"gold_gain":0,"player_choice":"Purged","damage_taken":0,"max_hp_gain":0,"max_hp_loss":0,"event_name":"Purifier","floor":12,"gold_loss":0},{"damage_healed":0,"gold_gain":270,"player_choice":"GOLD GOLD GOLD ","damage_taken":27,"max_hp_gain":0,"max_hp_loss":0,"event_name":"Knowing Skull","floor":19,"potions_obtained":[],"gold_loss":0,"cards_obtained":[]},{"damage_healed":0,"gold_gain":275,"player_choice":"Desecrate","damage_taken":0,"max_hp_gain":0,"max_hp_loss":0,"event_name":"Golden Shrine","floor":21,"gold_loss":0,"cards_obtained":["Regret"]},{"cards_removed":["True Grit"],"damage_healed":0,"gold_gain":0,"player_choice":"Removed Skill","damage_taken":0,"max_hp_gain":0,"max_hp_loss":0,"event_name":"Falling","floor":38,"gold_loss":0},{"damage_healed":0,"gold_gain":0,"player_choice":"Paid","damage_taken":0,"relics_obtained":["Red Mask"],"max_hp_gain":0,"max_hp_loss":0,"event_name":"Tomb of Lord Red Mask","floor":39,"gold_loss":53},{"damage_healed":0,"gold_gain":0,"player_choice":"Fight","damage_taken":0,"max_hp_gain":0,"max_hp_loss":0,"event_name":"MindBloom","floor":42,"gold_loss":0},{"damage_healed":0,"gold_gain":0,"player_choice":"Fight","damage_taken":0,"max_hp_gain":0,"max_hp_loss":0,"event_name":"Mysterious Sphere","floor":46,"gold_loss":0}],"is_beta":false,"boss_relics":[{"not_picked":["Tiny House","Snecko Eye"],"picked":"Runic Cube"},{"not_picked":["SacredBark","Mark of Pain"],"picked":"SlaversCollar"}],"items_purged_floors":[20,53],"is_endless":false,"potions_floor_spawned":[10,13,14,18,27,29,33,36,44,46,47,54],"ascension_level":0}}