{"host":"6fqhshdhe0vx68dt","time":1610172532,"event":{"mods":["BaseMod","Marisa£®ÏF”Í°°ƒß¿Ì…≥£©","Minty Spire (QoL Compilation)"],"gold_per_floor":[109,122,142,43,69,112,77,93,164,164,195,195,225,251,251,363,363,397,397,397,422,72,99,99,99,126,157,187,215,257,357,357,357,357],"floor_reached":33,"playtime":2439,"items_purged":[],"score":289,"play_id":"d9e9a524-e23e-4275-b8cb-03fda900100d","local_time":"20210109140852","is_ascension_mode":false,"campfire_choices":[{"data":"ChargingUp","floor":10,"key":"SMITH"},{"floor":12,"key":"REST"},{"floor":15,"key":"REST"},{"data":"EscapeVelocity","floor":25,"key":"SMITH"},{"floor":32,"key":"REST"}],"circlet_count":0,"master_deck":["Strike_MRS","Strike_MRS","Strike_MRS","Strike_MRS","Defend_MRS","Defend_MRS","Defend_MRS","Defend_MRS","MasterSpark","UpSweep","EnergyRecoil","SuperPerseids","EventHorizon","WitchOfGreed","ChargingUp+1","AsteroidBelt","GrandCross","FairyDestructionRay","SuperNova","EscapeVelocity+1","PowerUp","PropBag","EnergyFlow","DoubleSpark","GalacticHalo","MaximisePower","SprinkleStarSeal","Parasite","Parasite","WitchLeyline"],"relics":["MiniHakkero","Vajra","Bottled Tornado","Happy Flower","SacredBark","Thread and Needle","Potion Belt","Nunchaku","Lantern","ShroomBag","Mercury Hourglass"],"acts_visited":["Exordium","TheCity"],"potions_floor_usage":[3,16,16,18,18,23,23,23,27,29,30,33,33,33,33],"damage_taken":[{"damage":1,"enemies":"Cultist","floor":1,"turns":3},{"damage":2,"enemies":"Jaw Worm","floor":2,"turns":3},{"damage":0,"enemies":"2 Louse","floor":3,"turns":3},{"damage":27,"enemies":"Gremlin Gang","floor":5,"turns":6},{"damage":16,"enemies":"Lagavulin","floor":6,"turns":10},{"damage":9,"enemies":"Red Slaver","floor":8,"turns":3},{"damage":8,"enemies":"Looter","floor":11,"turns":3},{"damage":24,"enemies":"Exordium Thugs","floor":13,"turns":3},{"damage":50,"enemies":"The Guardian","floor":16,"turns":9},{"damage":20,"enemies":"2 Thieves","floor":18,"turns":4},{"damage":15,"enemies":"Shell Parasite","floor":21,"turns":5},{"damage":27,"enemies":"Gremlin Leader","floor":23,"turns":8},{"damage":22,"enemies":"3 Cultists","floor":27,"turns":6},{"damage":17,"enemies":"Snake Plant","floor":28,"turns":4},{"damage":2,"enemies":"Centurion and Healer","floor":29,"turns":4},{"damage":33,"enemies":"Slavers","floor":30,"turns":5},{"damage":46,"enemies":"Automaton","floor":33,"turns":6}],"seed_played":"-4386186404248195447","potions_obtained":[{"floor":2,"key":"SpeedPotion"},{"floor":3,"key":"Fruit Juice"},{"floor":5,"key":"SpeedPotion"},{"floor":5,"key":"BottledSpark"},{"floor":6,"key":"EssenceOfSteel"},{"floor":8,"key":"Energy Potion"},{"floor":16,"key":"Fire Potion"},{"floor":16,"key":"Strength Potion"},{"floor":18,"key":"LiquidBronze"},{"floor":21,"key":"Regen Potion"},{"floor":23,"key":"SteroidPotion"},{"floor":27,"key":"Strength Potion"},{"floor":28,"key":"EssenceOfSteel"},{"floor":28,"key":"SpeedPotion"},{"floor":29,"key":"BottledSpark"},{"floor":30,"key":"FearPotion"},{"floor":30,"key":"FearPotion"}],"is_trial":false,"path_per_floor":["M","M","M","$","M","E","?","M","T","R","M","R","M","T","R","B",null,"M","?","?","M","$","E","?","R","T","M","M","M","E","?","R","B"],"character_chosen":"MARISA","items_purchased":["WitchOfGreed","ChargingUp","Potion Belt","PropBag","EnergyFlow","Block Potion"],"campfire_rested":3,"item_purchase_floors":[4,4,22,22,22,22],"current_hp_per_floor":[81,79,84,84,57,41,62,53,53,53,45,71,47,47,73,23,87,67,67,67,52,52,65,65,65,65,55,38,36,3,3,29,0,0],"gold":357,"neow_bonus":"TEN_PERCENT_HP_BONUS","is_daily":false,"chose_seed":false,"campfire_upgraded":2,"win_rate":0.0,"timestamp":1610172532,"path_taken":["M","M","?","$","M","E","?","M","T","R","M","R","M","?","R","BOSS","M","?","?","?","?","E","?","R","T","M","M","?","E","?","R","BOSS"],"items_purchased_type":["Card","Card","Relic","Card","Card","Potion"],"build_version":"2020-12-22","purchased_purges":0,"victory":false,"max_hp_per_floor":[82,82,87,87,87,87,87,87,87,87,87,87,87,87,87,87,87,87,87,87,87,87,87,87,87,87,87,87,87,87,87,87,87,87],"card_choices":[{"not_picked":["GrandCross","MilkyWay"],"picked":"EnergyRecoil","floor":1},{"not_picked":["GalacticHalo","GravityBeat"],"picked":"SuperPerseids","floor":2},{"not_picked":["StarlightTyphoon","AsteroidBelt"],"picked":"EventHorizon","floor":3},{"not_picked":["DoubleSpark","OortCloud"],"picked":"AsteroidBelt","floor":5},{"not_picked":["MilkyWay","RefractionSpark"],"picked":"GrandCross","floor":6},{"not_picked":["IllusionStar","NonDirectionalLaser"],"picked":"FairyDestructionRay","floor":8},{"not_picked":["Robbery","OortCloud"],"picked":"SuperNova","floor":11},{"not_picked":["SporeBomb","GrandCross","MysteriousBeam"],"picked":"SKIP","floor":13},{"not_picked":["BigCrunch","FinalSpark"],"picked":"EscapeVelocity","floor":16},{"not_picked":["UnstableBomb","BlazeAway+1","SporeBomb"],"picked":"SKIP","floor":18},{"not_picked":["MysteriousBeam+1","UnstableBomb"],"picked":"PowerUp","floor":21},{"not_picked":["AsteroidBelt","DC"],"picked":"DoubleSpark","floor":23},{"not_picked":["Acceleration","StarlightTyphoon"],"picked":"GalacticHalo","floor":27},{"not_picked":["GravityBeat","6A"],"picked":"MaximisePower","floor":28},{"not_picked":["GravityBeat","MagicChant"],"picked":"SprinkleStarSeal","floor":29},{"not_picked":["GravityBeat+1","FairyDestructionRay"],"picked":"WitchLeyline","floor":30}],"player_experience":29010,"relics_obtained":[{"floor":6,"key":"Vajra"},{"floor":9,"key":"Bottled Tornado"},{"floor":14,"key":"Happy Flower"},{"floor":23,"key":"Nunchaku"},{"floor":26,"key":"Lantern"},{"floor":30,"key":"ShroomBag"}],"event_choices":[{"damage_healed":21,"gold_gain":0,"player_choice":"Healed","damage_taken":0,"max_hp_gain":0,"max_hp_loss":0,"event_name":"The Cleric","floor":7,"gold_loss":35},{"damage_healed":0,"gold_gain":0,"player_choice":"Opened","damage_taken":0,"relics_obtained":["Thread and Needle"],"max_hp_gain":0,"max_hp_loss":0,"event_name":"The Mausoleum","floor":19,"gold_loss":0},{"damage_healed":0,"gold_gain":0,"player_choice":"Ignored","damage_taken":0,"max_hp_gain":0,"max_hp_loss":0,"event_name":"NoteForYourself","floor":20,"gold_loss":0},{"damage_healed":0,"gold_gain":0,"player_choice":"Ignored","damage_taken":0,"max_hp_gain":0,"max_hp_loss":0,"event_name":"Ghosts","floor":24,"gold_loss":0},{"damage_healed":0,"gold_gain":100,"player_choice":"Pray","damage_taken":0,"max_hp_gain":0,"max_hp_loss":0,"event_name":"Golden Shrine","floor":31,"gold_loss":0}],"is_beta":false,"boss_relics":[{"not_picked":["Philosopher\u0027s Stone","Cursed Key"],"picked":"SacredBark"}],"items_purged_floors":[],"is_endless":false,"potions_floor_spawned":[2,3,5,8,16,23,28,30],"killed_by":"Automaton","ascension_level":0}}