{"host":"1p0ug38l8q9et435","time":1610229356,"event":{"mods":["AchievementEnabler","BaseMod","Colored Powertips","Downfall","Minty Spire (QoL Compilation)","StSLib","UnlockEverythingMod"],"gold_per_floor":[212,224,89,89,113,200,223,235,292,127,147,3,3,59,59,158,158,171,187,67,84,101,101,101,101,101],"floor_reached":25,"playtime":932,"items_purged":[],"score":191,"play_id":"703d314c-b171-4b8d-9011-b4205ee2b849","local_time":"20210109135556","is_ascension_mode":false,"campfire_choices":[{"floor":8,"key":"REST"},{"floor":13,"key":"REST"},{"data":"expansioncontent:Chronoboost","floor":15,"key":"SMITH"},{"floor":23,"key":"REST"}],"circlet_count":0,"master_deck":["Strike_P","Strike_P","Strike_P","Strike_P","Defend_P","Defend_P","Defend_P","Defend_P","Eruption","Vigilance","BattleHymn","FollowUp","expansioncontent:Chronoboost+1","FlurryOfBlows","Consecrate","Halt","Guardian:Gem_Red","Guardian:Gem_Lightblue","Alpha","EmptyFist","Go for the Eyes+1","Prostrate","Halt","EmptyFist","Hologram+1"],"relics":["PureWater","MawBank","Omamori","PrismaticShard","Sling","HornCleat","Fusion Hammer"],"acts_visited":["Exordium","TheCity"],"potions_floor_usage":[14],"damage_taken":[{"damage":1,"enemies":"Jaw Worm","floor":1,"turns":4},{"damage":0,"enemies":"2 Louse","floor":2,"turns":3},{"damage":19,"enemies":"Cultist","floor":7,"turns":4},{"damage":12,"enemies":"Looter","floor":11,"turns":4},{"damage":0,"enemies":"Gremlin Nob","floor":14,"turns":2},{"damage":49,"enemies":"Slime Boss","floor":16,"turns":7},{"damage":15,"enemies":"Spheric Guardian","floor":18,"turns":4},{"damage":5,"enemies":"3 Byrds","floor":19,"turns":4},{"damage":10,"enemies":"Snecko","floor":21,"turns":5},{"damage":19,"enemies":"Shelled Parasite and Fungi","floor":22,"turns":5},{"damage":40,"enemies":"3 Cultists","floor":25,"turns":3}],"seed_played":"5784714618475685312","potions_obtained":[{"floor":11,"key":"GamblersBrew"},{"floor":14,"key":"AttackPotion"},{"floor":18,"key":"Energy Potion"}],"is_trial":false,"path_per_floor":["M","M","$","?","T","?","M","R","T","$","M","$","R","?","R","B",null,"M","M","$","M","M","R","?","M"],"character_chosen":"WATCHER","items_purchased":["expansioncontent:Chronoboost","FlurryOfBlows","PrismaticShard","Halt","Sling","Prostrate","Halt","EmptyFist"],"campfire_rested":3,"item_purchase_floors":[3,3,10,10,12,20,20,20],"current_hp_per_floor":[71,71,71,71,71,60,41,62,62,62,50,50,71,71,71,22,72,57,52,52,42,23,44,31,0,0],"gold":101,"neow_bonus":"HUNDRED_GOLD","is_daily":false,"chose_seed":false,"campfire_upgraded":1,"win_rate":0.0,"timestamp":1610229356,"path_taken":["M","M","$","?","?","?","M","R","T","$","M","$","R","?","R","BOSS","M","M","$","M","M","R","?","M"],"items_purchased_type":["Card","Card","Relic","Card","Relic","Card","Card","Card"],"build_version":"2020-12-22","purchased_purges":0,"victory":false,"max_hp_per_floor":[72,72,72,72,72,72,72,72,72,72,72,72,72,72,72,72,72,72,72,72,72,72,72,77,77,77],"card_choices":[{"not_picked":["ThirdEye","FollowUp"],"picked":"BattleHymn","floor":1},{"not_picked":["CutThroughFate","FlyingSleeves"],"picked":"FollowUp","floor":2},{"not_picked":["FlurryOfBlows","Evaluate"],"picked":"Consecrate","floor":7},{"not_picked":["Loop","Dagger Spray"],"picked":"Guardian:Gem_Red","floor":11},{"not_picked":["sneckomod:IronFang","Reaper"],"picked":"Guardian:Gem_Lightblue","floor":14},{"not_picked":["sneckomod:Mudshield","Rainbow"],"picked":"Alpha","floor":16},{"not_picked":["Turbo","champ:Lariat"],"picked":"EmptyFist","floor":18},{"not_picked":["Dash","Shrug It Off"],"picked":"Go for the Eyes+1","floor":19},{"not_picked":["sneckomod:IronFang","Jack Of All Trades"],"picked":"Hologram+1","floor":21},{"not_picked":["Guardian:Suspension","sneckomod:ImprovisedAttack","Slimebound:LeechingTouch"],"picked":"SKIP","floor":22}],"player_experience":16357,"relics_obtained":[{"floor":5,"key":"MawBank"},{"floor":9,"key":"Omamori"},{"floor":14,"key":"HornCleat"}],"event_choices":[{"damage_healed":0,"gold_gain":0,"player_choice":"Ignored","damage_taken":0,"max_hp_gain":0,"max_hp_loss":0,"event_name":"Golden Wing","floor":4,"gold_loss":0},{"damage_healed":0,"gold_gain":75,"player_choice":"Gather Gold","damage_taken":11,"max_hp_gain":0,"max_hp_loss":0,"event_name":"World of Goop","floor":6,"gold_loss":0},{"damage_healed":0,"gold_gain":30,"player_choice":"Searched \u00273\u0027 times","damage_taken":0,"max_hp_gain":0,"max_hp_loss":0,"event_name":"Dead Adventurer","floor":14,"gold_loss":0},{"damage_healed":0,"gold_gain":0,"player_choice":"Shed Blood","damage_taken":18,"max_hp_gain":5,"max_hp_loss":0,"event_name":"Forgotten Altar","floor":24,"gold_loss":0}],"is_beta":false,"boss_relics":[{"not_picked":["Cursed Key","Empty Cage"],"picked":"Fusion Hammer"}],"items_purged_floors":[],"is_endless":false,"potions_floor_spawned":[11,14,18],"killed_by":"3 Cultists","ascension_level":0}}