{"host":"bxn2em57qlx5u4i0","time":1610230220,"event":{"mods":["BaseMod","Colored Map","Colored Powertips","Highlight Path","Minty Spire (QoL Compilation)","Random Character Button","Relic Sorter","Relic Stats","StSLib","SuperFastMode"],"gold_per_floor":[115,40,40,40,40,73,92,92,92,107,32,32,63,82,82,160,160,171,13,13,13,33,33,63,73,73,73,89,89,89],"floor_reached":29,"playtime":790,"items_purged":["Strike_G"],"score":552,"play_id":"d9e38343-8a8c-46bc-b16f-e8bd20dbc848","local_time":"20210109171020","is_ascension_mode":true,"campfire_choices":[{"data":"Deadly Poison","floor":8.0,"key":"SMITH"},{"data":"Survivor","floor":12.0,"key":"SMITH"},{"data":"Bouncing Flask","floor":15,"key":"SMITH"},{"floor":23,"key":"REST"},{"floor":27,"key":"REST"}],"circlet_count":0,"master_deck":["AscendersBane","Strike_G","Strike_G+1","Defend_G+1","Defend_G","Defend_G","Defend_G","Survivor+1","Neutralize","Infinite Blades","Deadly Poison+1","Flying Knee+1","Deadly Poison","Bouncing Flask+1","Venomology","Calculated Gamble","Backstab+1","Noxious Fumes","Tactician"],"relics":["Ring of the Serpent","NeowsBlessing","Singing Bowl","Molten Egg 2","Strawberry","TwistedFunnel","Peace Pipe","Matryoshka"],"acts_visited":["Exordium","TheCity"],"potions_floor_usage":[13,18,24,24,24,24,25,28,29,29],"damage_taken":[{"damage":0.0,"enemies":"Jaw Worm","floor":1.0,"turns":1.0},{"damage":0.0,"enemies":"Gremlin Nob","floor":6.0,"turns":1.0},{"damage":0.0,"enemies":"Small Slimes","floor":7.0,"turns":1.0},{"damage":0.0,"enemies":"Cultist","floor":10.0,"turns":3.0},{"damage":14,"enemies":"3 Sentries","floor":13,"turns":7},{"damage":1,"enemies":"2 Fungi Beasts","floor":14,"turns":4},{"damage":6,"enemies":"Hexaghost","floor":16,"turns":7},{"damage":30,"enemies":"2 Thieves","floor":18,"turns":5},{"damage":9,"enemies":"Shell Parasite","floor":22,"turns":4},{"damage":33,"enemies":"Gremlin Leader","floor":24,"turns":8},{"damage":6,"enemies":"Centurion and Healer","floor":25,"turns":8},{"damage":20,"enemies":"Snecko","floor":28,"turns":5},{"damage":23,"enemies":"Slavers","floor":29,"turns":4}],"seed_played":"-987748074571967119","potions_obtained":[{"floor":6.0,"key":"PowerPotion"},{"floor":13,"key":"SneckoOil"},{"floor":14,"key":"Dexterity Potion"},{"floor":16,"key":"Explosive Potion"},{"floor":24,"key":"LiquidMemories"}],"is_trial":false,"path_per_floor":["M","?","?","?","?","E","M","R","T","M","$","R","E","M","R","B",null,"M","$","$","?","M","R","E","M","T","R","M","E"],"character_chosen":"THE_SILENT","items_purchased":["TwistedFunnel"],"campfire_rested":2,"item_purchase_floors":[19],"current_hp_per_floor":[59,59,52,32,32,32,32,32,32,32,32,32,25,24,24,18,59,29,29,29,29,22,44,26,20,20,42,22,0,0],"gold":89,"neow_bonus":"THREE_ENEMY_KILL","is_daily":false,"chose_seed":false,"campfire_upgraded":3,"win_rate":0.0,"timestamp":1610230220,"path_taken":["M","?","?","?","?","E","M","R","T","M","$","R","E","M","R","BOSS","M","?","$","?","M","R","E","M","T","R","M","E"],"items_purchased_type":["Relic"],"build_version":"2020-12-22","purchased_purges":1,"victory":false,"max_hp_per_floor":[66,66,66,66,66,66,66,66,66,66,66,66,73,73,73,73,73,73,73,73,73,75,75,75,75,75,75,75,75,75],"relic_stats":{"Peace Pipe":0,"Singing Bowl":2,"counters":[13,58],"obtain_stats":[{"TwistedFunnel":19,"Peace Pipe":24,"Matryoshka":26,"NeowsBlessing":0,"Singing Bowl":6,"Strawberry":13,"Molten Egg 2":9,"Ring of the Serpent":17,"Ring of the Snake":0},{"TwistedFunnel":8,"Peace Pipe":10,"Matryoshka":11,"NeowsBlessing":0,"Singing Bowl":2,"Strawberry":5,"Molten Egg 2":3,"Ring of the Serpent":7,"Ring of the Snake":0},{"TwistedFunnel":29,"Peace Pipe":41,"Matryoshka":49,"NeowsBlessing":0,"Singing Bowl":2,"Strawberry":13,"Molten Egg 2":3,"Ring of the Serpent":24,"Ring of the Snake":0}]},"card_choices":[{"not_picked":["Dodge and Roll","Finisher","Sucker Punch"],"picked":"SKIP","floor":1.0},{"not_picked":["Underhanded Strike","Accuracy"],"picked":"Infinite Blades","floor":6.0},{"not_picked":["Acrobatics","Cloak And Dagger"],"picked":"Deadly Poison","floor":7.0},{"not_picked":["Infinite Blades","Footwork"],"picked":"Flying Knee+1","floor":10.0},{"not_picked":["Cloak And Dagger","Die Die Die+1"],"picked":"Deadly Poison","floor":13},{"not_picked":["Deadly Poison","Blade Dance"],"picked":"Bouncing Flask","floor":14},{"not_picked":["Phantasmal Killer","Envenom"],"picked":"Venomology","floor":16},{"not_picked":["Dagger Throw+1","PiercingWail"],"picked":"Calculated Gamble","floor":18},{"not_picked":["Blade Dance","Dash+1","Predator+1"],"picked":"Singing Bowl","floor":22},{"not_picked":["Night Terror","Poisoned Stab+1"],"picked":"Backstab+1","floor":24},{"not_picked":["Predator+1","Prepared"],"picked":"Noxious Fumes","floor":25},{"not_picked":["Well Laid Plans","Prepared"],"picked":"Tactician","floor":28}],"player_experience":2898419,"relics_obtained":[{"floor":6.0,"key":"Singing Bowl"},{"floor":9.0,"key":"Molten Egg 2"},{"floor":13,"key":"Strawberry"},{"floor":24,"key":"Peace Pipe"},{"floor":26,"key":"Matryoshka"}],"event_choices":[{"cards_removed":["Strike_G"],"damage_healed":0.0,"max_hp_gain":0.0,"max_hp_loss":0.0,"gold_gain":0.0,"event_name":"The Cleric","player_choice":"Card Removal","floor":2.0,"gold_loss":75.0,"damage_taken":0.0},{"cards_removed":["Strike_G"],"damage_healed":0.0,"max_hp_gain":0.0,"max_hp_loss":0.0,"gold_gain":0.0,"event_name":"Golden Wing","player_choice":"Card Removal","floor":3.0,"gold_loss":0.0,"damage_taken":7.0},{"damage_healed":0.0,"max_hp_gain":0.0,"max_hp_loss":0.0,"gold_gain":0.0,"event_name":"Shining Light","player_choice":"Entered Light","floor":4.0,"gold_loss":0.0,"damage_taken":20.0,"cards_upgraded":["Strike_G","Defend_G"]},{"cards_removed":["Defend_G"],"damage_healed":0.0,"max_hp_gain":0.0,"max_hp_loss":0.0,"gold_gain":0.0,"event_name":"Wheel of Change","player_choice":"Card Removal","floor":5.0,"gold_loss":0.0,"damage_taken":0.0},{"damage_healed":0,"gold_gain":0,"player_choice":"Ignored","damage_taken":0,"max_hp_gain":0,"max_hp_loss":0,"event_name":"The Mausoleum","floor":21,"gold_loss":0}],"is_beta":false,"boss_relics":[{"not_picked":["HoveringKite","Black Star"],"picked":"Ring of the Serpent"}],"items_purged_floors":[11],"is_endless":false,"potions_floor_spawned":[6,13,14,16,24],"killed_by":"Slavers","ascension_level":20}}