{"host":"xcuflocadasoaqda","time":1610162503,"event":{"mods":["BaseMod","Bestiary","Filter the Spire","Minty Spire (QoL Compilation)","Relic Stats"],"gold_per_floor":[119,119,138,138,103,144,144,167,167,167,167,183,227,242,242,341,341,359,380,398,378,403,403,447,71,71,21,21,21,52,68,68,164,164,182,182,245,182,182,220,220,244,244,258,258,289,371,389,389,389,389,389,389,48,82,82],"floor_reached":57,"playtime":9238,"items_purged":["Prepared","Backstab","Flechettes","Die Die Die"],"score":2816,"play_id":"fdeae090-8045-4867-8558-3ec9e97089d2","local_time":"20210108212143","is_ascension_mode":true,"campfire_choices":[{"data":"Noxious Fumes","floor":7,"key":"SMITH"},{"floor":11,"key":"REST"},{"floor":15,"key":"REST"},{"data":"Bouncing Flask","floor":23,"key":"SMITH"},{"data":"Well Laid Plans","floor":28,"key":"SMITH"},{"data":"Corpse Explosion","floor":32,"key":"SMITH"},{"data":"Wraith Form v2","floor":41,"key":"SMITH"},{"floor":45,"key":"RECALL"},{"data":"Tactician","floor":49,"key":"SMITH"},{"data":"Calculated Gamble","floor":53,"key":"SMITH"}],"circlet_count":0,"master_deck":["AscendersBane","Survivor","Neutralize","Calculated Gamble+1","Leg Sweep","Malaise","Reflex+1","Flechettes","Venomology","Catalyst+1","Noxious Fumes+1","Dodge and Roll","Night Terror","Backflip","Night Terror","Backflip","Adrenaline","Bouncing Flask+1","Acrobatics","Corpse Explosion+1","Well Laid Plans+1","PiercingWail","Wraith Form v2+1","Leg Sweep","Tools of the Trade","Tactician+1","Acrobatics"],"relics":["Pandora\u0027s Box","Golden Idol","Anchor","Art of War","Snecko Eye","Torii","Membership Card","Paper Crane","Meat on the Bone","Darkstone Periapt","HoveringKite","Dead Branch","Nunchaku","Prayer Wheel","Pantograph","Strange Spoon","Du-Vu Doll","Gambling Chip"],"acts_visited":["Exordium","TheCity","TheBeyond","TheEnding"],"potions_floor_usage":[6,6,13,13,14,16,18,20,22,22,30,31,31,31,33,35,37,42,42,42,50,55,56],"damage_taken":[{"damage":4,"enemies":"Jaw Worm","floor":1,"turns":3},{"damage":8,"enemies":"2 Louse","floor":3,"turns":2},{"damage":56,"enemies":"Gremlin Nob","floor":6,"turns":6},{"damage":2,"enemies":"Small Slimes","floor":8,"turns":3},{"damage":14,"enemies":"Exordium Thugs","floor":12,"turns":4},{"damage":2,"enemies":"3 Sentries","floor":13,"turns":6},{"damage":0,"enemies":"Lots of Slimes","floor":14,"turns":1},{"damage":17,"enemies":"Slime Boss","floor":16,"turns":11},{"damage":8,"enemies":"2 Thieves","floor":18,"turns":3},{"damage":6,"enemies":"Shell Parasite","floor":19,"turns":6},{"damage":5,"enemies":"Chosen and Byrds","floor":20,"turns":8},{"damage":0,"enemies":"Snake Plant","floor":22,"turns":5},{"damage":9,"enemies":"Book of Stabbing","floor":24,"turns":5},{"damage":7,"enemies":"Gremlin Leader","floor":30,"turns":7},{"damage":0,"enemies":"Shelled Parasite and Fungi","floor":31,"turns":3},{"damage":16,"enemies":"Champ","floor":33,"turns":4},{"damage":0,"enemies":"3 Shapes","floor":35,"turns":3},{"damage":25,"enemies":"2 Orb Walkers","floor":37,"turns":3},{"damage":0,"enemies":"Giant Head","floor":40,"turns":4},{"damage":0,"enemies":"3 Darklings","floor":42,"turns":2},{"damage":0,"enemies":"Maw","floor":44,"turns":4},{"damage":0,"enemies":"Reptomancer","floor":46,"turns":4},{"damage":1,"enemies":"Sphere and 2 Shapes","floor":48,"turns":5},{"damage":53,"enemies":"Time Eater","floor":50,"turns":9},{"damage":1,"enemies":"Donu and Deca","floor":51,"turns":3},{"damage":0,"enemies":"Shield and Spear","floor":55,"turns":5},{"damage":27,"enemies":"The Heart","floor":56,"turns":7}],"seed_played":"-213286156636737234","potions_obtained":[{"floor":1,"key":"Block Potion"},{"floor":13,"key":"SneckoOil"},{"floor":14,"key":"Dexterity Potion"},{"floor":16,"key":"PowerPotion"},{"floor":46,"key":"Explosive Potion"},{"floor":48,"key":"Strength Potion"}],"is_trial":false,"path_per_floor":["M","?","M","?","?","E","R","M","T","?","R","M","E","M","R","B",null,"M","M","M","?","M","R","E","$","T","$","R","?","E","M","R","B",null,"M","?","?","$","?","E","R","M","T","M","R","E","T","M","R","B","B",null,"R","$","E","B",null],"character_chosen":"THE_SILENT","items_purchased":["Membership Card","Paper Crane","Well Laid Plans","Acrobatics","Strange Spoon","Du-Vu Doll"],"campfire_rested":2,"item_purchase_floors":[25,25,25,54,54,54],"current_hp_per_floor":[55,55,47,29,44,18,18,16,16,16,34,20,18,18,36,19,50,42,36,31,31,46,46,37,37,37,37,37,37,42,42,42,38,55,55,55,42,42,42,42,42,42,42,42,42,42,42,41,41,19,43,56,56,56,56,33],"gold":82,"neow_bonus":"BOSS_RELIC","is_daily":false,"chose_seed":false,"campfire_upgraded":7,"win_rate":0.0,"timestamp":1610162503,"path_taken":["M","?","M","?","?","E","R","M","T","?","R","?","E","M","R","BOSS","M","M","?","?","M","R","E","$","T","?","R","?","E","M","R","BOSS","M","?","?","$","?","E","R","M","T","M","R","E","?","M","R","BOSS","BOSS","R","$","E","BOSS"],"items_purchased_type":["Relic","Relic","Card","Card","Relic","Relic"],"build_version":"2020-12-22","purchased_purges":4,"victory":true,"max_hp_per_floor":[66,60,60,60,60,60,60,60,60,60,60,60,60,60,60,60,60,60,60,60,60,60,60,60,60,60,60,60,60,60,60,60,60,60,60,60,60,60,60,60,60,60,60,60,60,60,60,60,60,60,60,60,60,60,60,60],"relic_stats":{"Darkstone Periapt":0,"Torii":4,"counters":[27,126],"Golden Idol":213,"Dead Branch":[78],"HoveringKite":[26],"Strange Spoon":[8],"Nunchaku":[1],"Pantograph":48,"Gambling Chip":[4],"Snecko Eye":[187,174,193,173],"Pandora\u0027s Box":["Calculated Gamble","Accuracy","Leg Sweep","Backstab","Flechettes","Die Die Die","Malaise","Reflex","Flechettes","Venomology"],"Prayer Wheel":1,"Art of War":[42],"obtain_stats":[{"Darkstone Periapt":30,"Torii":24,"Golden Idol":2,"Dead Branch":37,"HoveringKite":34,"Paper Crane":25,"Du-Vu Doll":54,"Strange Spoon":54,"Anchor":9,"Nunchaku":40,"Pantograph":47,"Gambling Chip":55,"Snecko Eye":17,"Pandora\u0027s Box":0,"Prayer Wheel":46,"Art of War":13,"Membership Card":25,"Ring of the Snake":0,"Meat on the Bone":26},{"Darkstone Periapt":14,"Torii":13,"Golden Idol":1,"Dead Branch":18,"HoveringKite":16,"Paper Crane":13,"Du-Vu Doll":25,"Strange Spoon":25,"Anchor":4,"Nunchaku":19,"Pantograph":22,"Gambling Chip":26,"Snecko Eye":8,"Pandora\u0027s Box":0,"Prayer Wheel":22,"Art of War":6,"Membership Card":13,"Ring of the Snake":0,"Meat on the Bone":13},{"Darkstone Periapt":70,"Torii":63,"Golden Idol":3,"Dead Branch":83,"HoveringKite":77,"Paper Crane":63,"Du-Vu Doll":114,"Strange Spoon":114,"Anchor":14,"Nunchaku":87,"Pantograph":97,"Gambling Chip":119,"Snecko Eye":36,"Pandora\u0027s Box":0,"Prayer Wheel":97,"Art of War":24,"Membership Card":63,"Ring of the Snake":0,"Meat on the Bone":63}],"Meat on the Bone":48},"card_choices":[{"not_picked":["Underhanded Strike","Distraction"],"picked":"Catalyst","floor":1},{"not_picked":["Dagger Spray","Terror"],"picked":"Noxious Fumes","floor":3},{"not_picked":["Bane","Outmaneuver"],"picked":"Dodge and Roll","floor":6},{"not_picked":["Expertise","Underhanded Strike"],"picked":"Prepared","floor":8},{"not_picked":["Blade Dance","Heel Hook"],"picked":"Backflip","floor":12},{"not_picked":["Bane","Choke"],"picked":"Night Terror","floor":13},{"not_picked":["Sucker Punch","Finisher"],"picked":"Backflip","floor":14},{"not_picked":["Bullet Time","After Image"],"picked":"Adrenaline","floor":16},{"not_picked":["Sucker Punch+1","Prepared"],"picked":"Bouncing Flask","floor":18},{"not_picked":["Cloak And Dagger","Distraction","Blade Dance+1"],"picked":"SKIP","floor":19},{"not_picked":["Dagger Throw","Outmaneuver"],"picked":"Acrobatics","floor":20},{"not_picked":["Prepared","Cloak And Dagger","Distraction"],"picked":"SKIP","floor":22},{"not_picked":["Malaise","Prepared"],"picked":"Corpse Explosion","floor":24},{"not_picked":["Sucker Punch+1","Slice","Calculated Gamble"],"picked":"SKIP","floor":30},{"not_picked":["Bane","Prepared+1"],"picked":"PiercingWail","floor":31},{"not_picked":["Doppelganger","Die Die Die"],"picked":"Wraith Form v2","floor":33},{"not_picked":["Bane+1","Dagger Throw","PiercingWail"],"picked":"SKIP","floor":35},{"not_picked":["Cloak And Dagger+1","Concentrate"],"picked":"Leg Sweep","floor":37},{"not_picked":["PiercingWail","Choke","Distraction"],"picked":"SKIP","floor":40},{"not_picked":["Expertise","Slice","Underhanded Strike"],"picked":"SKIP","floor":42},{"not_picked":["Bane","Blade Dance","Leg Sweep"],"picked":"SKIP","floor":44},{"not_picked":["Leg Sweep","Riddle With Holes"],"picked":"Tools of the Trade","floor":46},{"not_picked":["Acrobatics","Deflect"],"picked":"Tactician","floor":48},{"not_picked":["Outmaneuver+1","Setup+1","Flying Knee"],"picked":"SKIP","floor":48},{"not_picked":["Eviscerate","Dodge and Roll","Dagger Spray"],"picked":"SKIP","floor":55}],"player_experience":1884360,"relics_obtained":[{"floor":9,"key":"Anchor"},{"floor":13,"key":"Art of War"},{"floor":24,"key":"Torii"},{"floor":26,"key":"Meat on the Bone"},{"floor":30,"key":"Darkstone Periapt"},{"floor":37,"key":"Dead Branch"},{"floor":40,"key":"Nunchaku"},{"floor":46,"key":"Prayer Wheel"},{"floor":47,"key":"Pantograph"},{"floor":55,"key":"Gambling Chip"}],"event_choices":[{"damage_healed":0,"gold_gain":0,"player_choice":"Lose Max HP","damage_taken":0,"relics_obtained":["Golden Idol"],"max_hp_gain":0,"max_hp_loss":6,"event_name":"Golden Idol","floor":2,"gold_loss":0},{"damage_healed":0,"gold_gain":0,"player_choice":"Entered Light","damage_taken":18,"max_hp_gain":0,"max_hp_loss":0,"event_name":"Shining Light","floor":4,"gold_loss":0,"cards_upgraded":["Reflex","Catalyst"]},{"damage_healed":15,"gold_gain":0,"player_choice":"Healed","damage_taken":0,"max_hp_gain":0,"max_hp_loss":0,"event_name":"The Cleric","floor":5,"gold_loss":35},{"damage_healed":0,"gold_gain":0,"cards_transformed":["Accuracy"],"player_choice":"Transformed","damage_taken":0,"max_hp_gain":0,"max_hp_loss":0,"event_name":"Transmorgrifier","floor":10,"gold_loss":0,"cards_obtained":["Night Terror"]},{"damage_healed":0,"gold_gain":0,"player_choice":"Bought 1 Potion","damage_taken":0,"max_hp_gain":0,"max_hp_loss":0,"event_name":"The Woman in Blue","floor":21,"gold_loss":0},{"damage_healed":0,"gold_gain":0,"player_choice":"Memory 1","damage_taken":0,"max_hp_gain":0,"max_hp_loss":0,"event_name":"SensoryStone","floor":36,"gold_loss":0},{"damage_healed":0,"gold_gain":0,"player_choice":"Fight","damage_taken":0,"max_hp_gain":0,"max_hp_loss":0,"event_name":"Mysterious Sphere","floor":37,"gold_loss":0},{"damage_healed":0,"gold_gain":0,"player_choice":"Ignored","damage_taken":0,"max_hp_gain":0,"max_hp_loss":0,"event_name":"Tomb of Lord Red Mask","floor":39,"gold_loss":0}],"is_beta":false,"boss_relics":[{"not_picked":["Ectoplasm","Cursed Key"],"picked":"Snecko Eye"},{"not_picked":["Fusion Hammer","Runic Pyramid"],"picked":"HoveringKite"}],"items_purged_floors":[25,27,38,54],"is_endless":false,"potions_floor_spawned":[1,12,13,14,16,19,20,31,35,46,48,55],"ascension_level":20}}