{"host":"yvlk1m4foro8gl4v","time":1610185356,"event":{"mods":["AchievementEnabler","Act Like it!","BaseMod","Minty Spire (QoL Compilation)","Relic Stats","StSLib","The Servant 0.9.4","Uncapped"],"gold_per_floor":[115,130,130,130,148,148,175,22,67,67,81,134,165,184,184,281,281,292,292,306,44,88,88,108,119,143,176,176,176,0,12,12,108,108,149,98,144,144,184,184,184,184,262,304,349,37,37,55,55,55,55,55,55,80,80,80],"floor_reached":55,"playtime":4274,"items_purged":["Pain"],"score":733,"play_id":"417377c9-3073-4d5e-8f6c-8eff7f107364","local_time":"20210109094236","is_ascension_mode":true,"campfire_choices":[{"data":"LikeWater","floor":6.0,"key":"SMITH"},{"data":"Eruption","floor":15.0,"key":"SMITH"},{"data":"Omniscience","floor":23.0,"key":"SMITH"},{"floor":29.0,"key":"REST"},{"data":"Wish","floor":32.0,"key":"SMITH"},{"data":"ClearTheMind","floor":40.0,"key":"SMITH"},{"data":"Wish","floor":47.0,"key":"SMITH"},{"floor":49,"key":"RECALL"},{"data":"Study","floor":52,"key":"SMITH"}],"circlet_count":0,"master_deck":["Eruption+1","Vigilance","LikeWater+1","BowlingBash","ClearTheMind+1","ReachHeaven","Crescendo","CrushJoints","MentalFortress","Swivel","Wallop","Wish+1","Conclude","Omniscience+1","Protect","FollowUp+1","FlurryOfBlows+1","Vault","FlurryOfBlows","Indignation","Wish+1","Omniscience+1","Study+1","DeceiveReality+1"],"relics":["PureWater","NeowsBlessing","WarpedTongs","Lantern","InkBottle","PreservedInsect","Pandora\u0027s Box","Nloth\u0027s Gift","Kunai","Tiny Chest","Du-Vu Doll","Busted Crown","MealTicket","DollysMirror","White Beast Statue"],"acts_visited":["Exordium","TheCity","TheBeyond","TheEnding"],"potions_floor_usage":[50,55,55],"damage_taken":[{"damage":0.0,"enemies":"2 Louse","floor":1.0,"turns":1.0},{"damage":0.0,"enemies":"Cultist","floor":2.0,"turns":1.0},{"damage":1.0,"enemies":"Jaw Worm","floor":5.0,"turns":1.0},{"damage":8.0,"enemies":"3 Sentries","floor":7.0,"turns":7.0},{"damage":5.0,"enemies":"Looter","floor":11.0,"turns":2.0},{"damage":0.0,"enemies":"Lagavulin","floor":13.0,"turns":4.0},{"damage":0.0,"enemies":"Blue Slaver","floor":14.0,"turns":5.0},{"damage":11.0,"enemies":"The Guardian","floor":16.0,"turns":11.0},{"damage":6.0,"enemies":"Shell Parasite","floor":18.0,"turns":6.0},{"damage":6.0,"enemies":"2 Thieves","floor":20.0,"turns":3.0},{"damage":0.0,"enemies":"Cultist and Chosen","floor":22.0,"turns":4.0},{"damage":0.0,"enemies":"Chosen and Byrds","floor":24.0,"turns":5.0},{"damage":34.0,"enemies":"Centurion and Healer","floor":25.0,"turns":3.0},{"damage":17.0,"enemies":"Book of Stabbing","floor":27.0,"turns":5.0},{"damage":0.0,"enemies":"Snecko","floor":31.0,"turns":5.0},{"damage":5.0,"enemies":"Collector","floor":33.0,"turns":8.0},{"damage":7.0,"enemies":"Orb Walker","floor":35.0,"turns":3.0},{"damage":2.0,"enemies":"3 Shapes","floor":37.0,"turns":5.0},{"damage":0.0,"enemies":"3 Darklings","floor":39.0,"turns":5.0},{"damage":13.0,"enemies":"Spire Growth","floor":44.0,"turns":4.0},{"damage":0.0,"enemies":"Maw","floor":45.0,"turns":5.0},{"damage":0.0,"enemies":"Transient","floor":48.0,"turns":5.0},{"damage":36,"enemies":"Donu and Deca","floor":50,"turns":10},{"damage":18,"enemies":"Shield and Spear","floor":54,"turns":7},{"damage":61,"enemies":"The Heart","floor":55,"turns":10}],"seed_played":"-7682313141237017110","potions_obtained":[{"floor":1.0,"key":"DuplicationPotion"},{"floor":5.0,"key":"StancePotion"},{"floor":11.0,"key":"GamblersBrew"},{"floor":13.0,"key":"BottledMiracle"},{"floor":22.0,"key":"Swift Potion"},{"floor":31.0,"key":"AttackPotion"},{"floor":37.0,"key":"SpeedPotion"},{"floor":39.0,"key":"GamblersBrew"}],"is_trial":false,"path_per_floor":["M","M","?","?","M","R","E","$","T","?","M","?","E","M","R","B",null,"M","?","M","$","M","R","M","M","T","E","?","R","?","M","R","B",null,"M","$","M","?","M","R","T","?","T","M","M","$","R","M","R","B",null,"R","$","E","B"],"character_chosen":"WATCHER","items_purchased":["ReachHeaven","Kunai","FlurryOfBlows","Wish","DollysMirror"],"campfire_rested":1,"item_purchase_floors":[8,21,36,46,46],"current_hp_per_floor":[72,72,58,58,57,57,49,49,49,49,44,44,44,44,44,33,72,66,66,60,60,60,60,60,26,26,9,9,30,30,30,30,25,72,65,65,63,63,63,63,63,63,63,50,50,65,65,65,65,29,68,68,68,50,0,0],"gold":80,"neow_bonus":"THREE_ENEMY_KILL","is_daily":false,"chose_seed":false,"campfire_upgraded":7,"win_rate":0.0,"timestamp":1610185356,"path_taken":["M","M","?","?","?","R","E","$","T","?","M","?","E","M","R","BOSS","M","?","M","$","?","R","M","M","T","E","?","R","?","M","R","BOSS","M","$","M","?","M","R","?","?","T","M","M","$","R","M","R","BOSS","R","$","E","BOSS"],"items_purchased_type":["Card","Relic","Card","Card","Relic"],"build_version":"2020-12-22","purchased_purges":1,"victory":false,"max_hp_per_floor":[72,72,72,72,72,72,72,72,72,72,72,72,72,72,72,72,72,72,72,72,72,72,72,72,72,72,72,72,72,72,72,72,72,72,72,72,72,68,68,68,68,68,68,68,68,68,68,68,68,68,68,68,68,68,68,68],"relic_stats":{"Busted Crown":14,"counters":[25,125],"Pandora\u0027s Box":["Crescendo","CrushJoints","MentalFortress","Swivel","Wallop","Wish","Conclude","Omniscience"],"Tiny Chest":1,"MealTicket":15,"PreservedInsect":109,"Nloth\u0027s Gift":1,"Kunai":[35],"obtain_stats":[{"Lantern":7,"NeowsBlessing":0,"PreservedInsect":13,"Juzu Bracelet":9,"White Beast Statue":54,"WarpedTongs":4,"Du-Vu Doll":27,"Busted Crown":34,"DollysMirror":46,"Pandora\u0027s Box":17,"Tiny Chest":26,"MealTicket":41,"Nloth\u0027s Gift":19,"Kunai":21,"PureWater":0,"InkBottle":10},{"Lantern":4,"NeowsBlessing":0,"PreservedInsect":6,"Juzu Bracelet":4,"White Beast Statue":24,"WarpedTongs":2,"Du-Vu Doll":14,"Busted Crown":16,"DollysMirror":21,"Pandora\u0027s Box":8,"Tiny Chest":13,"MealTicket":19,"Nloth\u0027s Gift":9,"Kunai":10,"PureWater":0,"InkBottle":4},{"Lantern":10,"NeowsBlessing":0,"PreservedInsect":16,"Juzu Bracelet":10,"White Beast Statue":115,"WarpedTongs":2,"Du-Vu Doll":58,"Busted Crown":71,"DollysMirror":93,"Pandora\u0027s Box":32,"Tiny Chest":53,"MealTicket":84,"Nloth\u0027s Gift":38,"Kunai":41,"PureWater":0,"InkBottle":10}],"InkBottle":[47],"WarpedTongs":[122]},"card_choices":[{"not_picked":["Conclude","Consecrate"],"picked":"LikeWater","floor":1.0},{"not_picked":["CrushJoints","SashWhip","SignatureMove"],"picked":"SKIP","floor":2.0},{"not_picked":["DeceiveReality","Fasting2"],"picked":"BowlingBash","floor":5.0},{"not_picked":["InnerPeace","Halt"],"picked":"ClearTheMind","floor":7.0},{"not_picked":["SignatureMove","CutThroughFate","Collect"],"picked":"SKIP","floor":11.0},{"not_picked":["BowlingBash","CutThroughFate","ThirdEye"],"picked":"SKIP","floor":13.0},{"not_picked":["FlyingSleeves","Ragnarok","BowlingBash"],"picked":"SKIP","floor":14.0},{"not_picked":["Consecrate","ClearTheMind","CrushJoints+1"],"picked":"SKIP","floor":18.0},{"not_picked":["DeceiveReality","InnerPeace","Halt"],"picked":"SKIP","floor":20.0},{"not_picked":["Evaluate+1","CrushJoints"],"picked":"Protect","floor":22.0},{"not_picked":["SashWhip","ClearTheMind","Swivel"],"picked":"SKIP","floor":24.0},{"not_picked":["SandsOfTime","EmptyFist"],"picked":"FollowUp+1","floor":25.0},{"not_picked":["Brilliance","Nirvana","CutThroughFate"],"picked":"SKIP","floor":27.0},{"not_picked":["Evaluate","CutThroughFate+1"],"picked":"FlurryOfBlows+1","floor":31.0},{"not_picked":["Devotion","Ragnarok"],"picked":"Vault","floor":33.0},{"not_picked":["Worship"],"picked":"SKIP","floor":35.0},{"not_picked":["FlyingSleeves"],"picked":"SKIP","floor":37.0},{"not_picked":[],"picked":"Indignation","floor":39.0},{"not_picked":["Nirvana"],"picked":"SKIP","floor":44.0},{"not_picked":["FlurryOfBlows"],"picked":"SKIP","floor":45.0},{"not_picked":[],"picked":"Study","floor":48.0},{"not_picked":[],"picked":"DeceiveReality+1","floor":54}],"player_experience":729484,"relics_obtained":[{"floor":7.0,"key":"Lantern"},{"floor":9.0,"key":"Juzu Bracelet"},{"floor":13.0,"key":"PreservedInsect"},{"floor":26.0,"key":"Tiny Chest"},{"floor":27.0,"key":"Du-Vu Doll"},{"floor":41.0,"key":"MealTicket"},{"floor":54,"key":"White Beast Statue"}],"event_choices":[{"damage_healed":0.0,"max_hp_gain":0.0,"max_hp_loss":0.0,"gold_gain":0.0,"event_name":"Shining Light","player_choice":"Entered Light","floor":3.0,"gold_loss":0.0,"damage_taken":14.0,"cards_upgraded":["Defend_P","Strike_P"]},{"damage_healed":0.0,"max_hp_gain":0.0,"max_hp_loss":0.0,"gold_gain":0.0,"event_name":"Accursed Blacksmith","player_choice":"Rummage","floor":4.0,"gold_loss":0.0,"damage_taken":0.0,"relics_obtained":["WarpedTongs"],"cards_obtained":["Pain"]},{"damage_healed":0.0,"max_hp_gain":0.0,"max_hp_loss":0.0,"gold_gain":0.0,"event_name":"Dead Adventurer","player_choice":"Searched \u00271\u0027 times","floor":10.0,"gold_loss":0.0,"damage_taken":0.0,"relics_obtained":["InkBottle"]},{"damage_healed":0.0,"max_hp_gain":0.0,"max_hp_loss":0.0,"gold_gain":53.0,"event_name":"Golden Wing","player_choice":"Gained Gold","floor":12.0,"gold_loss":0.0,"damage_taken":0.0},{"damage_healed":0.0,"max_hp_gain":0.0,"max_hp_loss":0.0,"gold_gain":0.0,"event_name":"N\u0027loth","player_choice":"Traded Relic","floor":19.0,"relics_lost":["Juzu Bracelet"],"gold_loss":0.0,"damage_taken":0.0,"relics_obtained":["Nloth\u0027s Gift"]},{"damage_healed":0.0,"max_hp_gain":0.0,"max_hp_loss":0.0,"gold_gain":0.0,"event_name":"Cursed Tome","player_choice":"Ignored","floor":28.0,"gold_loss":0.0,"damage_taken":0.0},{"damage_healed":0.0,"max_hp_gain":0.0,"max_hp_loss":0.0,"gold_gain":0.0,"event_name":"Masked Bandits","player_choice":"Paid Fearfully","floor":30.0,"gold_loss":176.0,"damage_taken":0.0},{"damage_healed":0.0,"max_hp_gain":0.0,"max_hp_loss":4.0,"gold_gain":0.0,"event_name":"Winding Halls","player_choice":"Max HP","floor":38.0,"gold_loss":0.0,"damage_taken":0.0},{"damage_healed":0.0,"max_hp_gain":0.0,"max_hp_loss":0.0,"gold_gain":0.0,"event_name":"Tomb of Lord Red Mask","player_choice":"Ignored","floor":42.0,"gold_loss":0.0,"damage_taken":0.0}],"is_beta":false,"boss_relics":[{"not_picked":["Ectoplasm","Tiny House"],"picked":"Pandora\u0027s Box"},{"not_picked":["Runic Dome","Empty Cage"],"picked":"Busted Crown"}],"items_purged_floors":[8],"is_endless":false,"potions_floor_spawned":[1,5,11,13,14,22,31,37,39,44],"killed_by":"The Heart","ascension_level":1}}