{"host":"xkmvu47k9fdstweo","time":1610235178,"event":{"mods":["BaseMod","Colored Map","Conspire","Hubris","Minty Spire (QoL Compilation)","Quick Restart","Railgun Mod","Shop Mod","StSLib","The Alterego","The Servant 0.9.4","The Wild Card","TheBandit","WarShipGirlsR/??è≠èóR mod","vexMod"],"gold_per_floor":[115,115,93,110,35,67,67,83,106,137,154,124,139,139,139,244,244,255,269,269,269],"floor_reached":20,"playtime":694,"items_purged":["Strike_G"],"score":351,"play_id":"a53bf092-34f6-418d-b1b5-620d06261f3a","local_time":"20210109183258","is_ascension_mode":true,"campfire_choices":[{"data":"Blade Dance","floor":7.0,"key":"SMITH"},{"data":"Accuracy","floor":15.0,"key":"SMITH"}],"circlet_count":0,"master_deck":["AscendersBane","Strike_G","Strike_G+1","Strike_G","Strike_G+1","Defend_G","Defend_G","Defend_G","Defend_G","Defend_G","Survivor","Neutralize","Well Laid Plans","Blade Dance+1","Accuracy+1","Infinite Blades","Dodge and Roll","Footwork","After Image","Cloak And Dagger","Wraith Form v2"],"relics":["hubris:MysteriousPyramids","FossilizedHelix","vexMod:DeviousBotling","Whetstone","Omamori","conspire:SeveredTorchhead"],"acts_visited":["Exordium","TheCity"],"potions_floor_usage":[],"damage_taken":[{"damage":8.0,"enemies":"Small Slimes","floor":1.0,"turns":4.0},{"damage":4.0,"enemies":"Cultist","floor":4.0,"turns":4.0},{"damage":24.0,"enemies":"Lagavulin","floor":6.0,"turns":10.0},{"damage":0.0,"enemies":"2 Louse","floor":8.0,"turns":3.0},{"damage":17.0,"enemies":"Gremlin Nob","floor":10.0,"turns":4.0},{"damage":6.0,"enemies":"Lots of Slimes","floor":11.0,"turns":4.0},{"damage":0.0,"enemies":"Looter","floor":13.0,"turns":3.0},{"damage":3.0,"enemies":"The Guardian","floor":16.0,"turns":7.0},{"damage":0.0,"enemies":"Shell Parasite","floor":18.0,"turns":7.0},{"damage":0.0,"enemies":"conspire:FuzzyDice","floor":19.0,"turns":9.0},{"damage":0,"enemies":"conspire:HollyBat","floor":20,"turns":1}],"seed_played":"162361620569826746","potions_obtained":[{"floor":1.0,"key":"AttackPotion"},{"floor":10.0,"key":"PowerPotion"},{"floor":11.0,"key":"BlessingOfTheForge"},{"floor":12.0,"key":"ColorlessPotion"},{"floor":12.0,"key":"DistilledChaos"},{"floor":13.0,"key":"DuplicationPotion"},{"floor":19.0,"key":"FearPotion"}],"is_trial":false,"path_per_floor":["M","?","$","M","$","E","R","M","T","E","M","?","M","?","R","B",null,"M","M","M"],"character_chosen":"THE_SILENT","items_purchased":["Blade Dance"],"campfire_rested":0,"item_purchase_floors":[3],"current_hp_per_floor":[55,55,55,51,51,27,27,27,27,10,4,4,4,70,70,67,69,69,69,69,69],"gold":269,"neow_bonus":"BOSS_RELIC","is_daily":false,"chose_seed":false,"campfire_upgraded":2,"win_rate":0.0,"timestamp":1610235178,"path_taken":["M","?","$","?","$","E","R","?","T","E","M","?","?","?","R","BOSS","M","M","M"],"items_purchased_type":["Card"],"build_version":"2020-12-22","purchased_purges":1,"victory":false,"max_hp_per_floor":[70,70,70,70,70,70,70,70,70,70,70,70,70,70,70,70,70,70,70,70,70],"card_choices":[{"not_picked":["Outmaneuver","conspire:PoisonWeapons"],"picked":"Well Laid Plans","floor":1.0},{"not_picked":["hubris:Counter","hubris:SlightOfHand","Prepared"],"picked":"SKIP","floor":4.0},{"not_picked":["hubris:SlightOfHand","Prepared"],"picked":"hubris:Counter","floor":4.0},{"not_picked":["Choke","hubris:TrickCloak"],"picked":"Accuracy","floor":6.0},{"not_picked":["Outmaneuver","Expertise","All Out Attack"],"picked":"SKIP","floor":8.0},{"not_picked":["Crippling Poison","Expertise"],"picked":"Infinite Blades","floor":10.0},{"not_picked":["Heel Hook","hubris:Sniper"],"picked":"Dodge and Roll","floor":11.0},{"not_picked":["Deadly Poison","Slice"],"picked":"Footwork","floor":13.0},{"not_picked":["Adrenaline","Doppelganger"],"picked":"After Image","floor":16.0},{"not_picked":["Flying Knee","Poisoned Stab"],"picked":"Cloak And Dagger","floor":18.0},{"not_picked":["Bane","Deadly Poison"],"picked":"Wraith Form v2","floor":19.0}],"player_experience":293479,"relics_obtained":[{"floor":6.0,"key":"FossilizedHelix"},{"floor":9.0,"key":"Whetstone"},{"floor":10.0,"key":"Omamori"}],"event_choices":[{"damage_healed":0.0,"max_hp_gain":0.0,"max_hp_loss":0.0,"gold_gain":0.0,"event_name":"WeMeetAgain","player_choice":"Gave Potion","floor":2.0,"gold_loss":0.0,"damage_taken":0.0,"relics_obtained":["hubris:MysteriousPyramids"]},{"damage_healed":0.0,"max_hp_gain":0.0,"max_hp_loss":0.0,"gold_gain":0.0,"event_name":"The Woman in Blue","player_choice":"Bought 2 Potions","floor":12.0,"gold_loss":0.0,"damage_taken":0.0},{"cards_removed":["hubris:Counter"],"damage_healed":66.0,"max_hp_gain":0.0,"max_hp_loss":0.0,"gold_gain":0.0,"event_name":"Bonfire Elementals","player_choice":"Offered Uncommon","floor":14.0,"gold_loss":0.0,"damage_taken":0.0}],"is_beta":false,"boss_relics":[{"not_picked":["vexMod:RockOfEvil","hubris:TerracottaHorce"],"picked":"conspire:SeveredTorchhead"}],"items_purged_floors":[5],"is_endless":false,"potions_floor_spawned":[1,10,11,13,19],"killed_by":"conspire:HollyBat","ascension_level":10}}