{"host":"c97twqu0op5dg8i4","time":1610214911,"event":{"mods":["BaseMod","Minty Spire (QoL Compilation)"],"gold_per_floor":[111,129,175,175,30,69,69,109,157,257,300,300,338,364,364,473,473,495,524,546,546,546],"floor_reached":21,"playtime":686,"items_purged":[],"score":273,"play_id":"31784fae-51df-436d-a2d6-e408243b6969","local_time":"20210109125511","is_ascension_mode":true,"campfire_choices":[{"data":"Noxious Fumes","floor":7,"key":"SMITH"},{"data":"Poisoned Stab","floor":12,"key":"SMITH"},{"floor":15,"key":"REST"}],"circlet_count":0,"master_deck":["Strike_G","Strike_G","Strike_G","Defend_G","Defend_G","Defend_G","Defend_G","Defend_G","Survivor","Neutralize","Poisoned Stab+1","Noxious Fumes+1","Poisoned Stab","Die Die Die","Bane","PiercingWail","Backflip","Adrenaline","Dagger Spray+1","PiercingWail","Bouncing Flask"],"relics":["Ring of the Snake","MealTicket","CeramicFish","Snake Skull","Mango","Regal Pillow","Blood Vial","Eternal Feather","Nunchaku","Empty Cage"],"acts_visited":["Exordium","TheCity"],"potions_floor_usage":[11,13],"damage_taken":[{"damage":0,"enemies":"Cultist","floor":1,"turns":5},{"damage":0,"enemies":"2 Louse","floor":2,"turns":3},{"damage":32,"enemies":"3 Sentries","floor":6,"turns":6},{"damage":17,"enemies":"Lagavulin","floor":8,"turns":5},{"damage":6,"enemies":"Gremlin Nob","floor":11,"turns":3},{"damage":13,"enemies":"Lagavulin","floor":13,"turns":5},{"damage":2,"enemies":"Jaw Worm","floor":14,"turns":3},{"damage":18,"enemies":"The Guardian","floor":16,"turns":8},{"damage":10,"enemies":"Spheric Guardian","floor":18,"turns":5},{"damage":7,"enemies":"3 Byrds","floor":19,"turns":4},{"damage":39,"enemies":"Sentry and Sphere","floor":20,"turns":6},{"damage":40,"enemies":"Shelled Parasite and Fungi","floor":21,"turns":5}],"seed_played":"-654892670570332955","potions_obtained":[{"floor":2,"key":"Block Potion"},{"floor":8,"key":"Fire Potion"},{"floor":11,"key":"LiquidBronze"}],"is_trial":false,"path_per_floor":["M","M","T","?","$","E","R","E","T","?","E","R","E","M","R","B",null,"M","M","M","M"],"character_chosen":"THE_SILENT","items_purchased":["Snake Skull"],"campfire_rested":1,"item_purchase_floors":[5],"current_hp_per_floor":[70,70,70,75,75,57,57,40,40,40,36,45,34,34,84,68,89,79,74,37,0,0],"gold":546,"neow_bonus":"RANDOM_COMMON_RELIC","is_daily":false,"chose_seed":false,"campfire_upgraded":2,"win_rate":0.0,"timestamp":1610214911,"path_taken":["M","M","?","?","?","E","R","E","T","?","E","R","E","?","R","BOSS","M","M","M","M"],"items_purchased_type":["Relic"],"build_version":"2020-12-22","purchased_purges":0,"victory":false,"max_hp_per_floor":[70,70,70,75,75,89,89,89,89,89,89,89,89,89,89,89,89,89,89,89,89,89],"card_choices":[{"not_picked":["Deflect","Sucker Punch"],"picked":"Poisoned Stab","floor":1},{"not_picked":["Flying Knee","Riddle With Holes"],"picked":"Noxious Fumes","floor":2},{"not_picked":["Dodge and Roll","Outmaneuver"],"picked":"Poisoned Stab","floor":6},{"not_picked":["Finisher","Underhanded Strike"],"picked":"Die Die Die","floor":8},{"not_picked":["Flying Knee","Backstab"],"picked":"Bane","floor":11},{"not_picked":["Sucker Punch","Eviscerate"],"picked":"PiercingWail","floor":13},{"not_picked":["Dagger Spray","Prepared"],"picked":"Backflip","floor":14},{"not_picked":["Glass Knife","Burst"],"picked":"Adrenaline","floor":16},{"not_picked":["Underhanded Strike","PiercingWail+1"],"picked":"Dagger Spray+1","floor":18},{"not_picked":["Dagger Throw","Slice"],"picked":"PiercingWail","floor":19},{"not_picked":["PiercingWail","Dagger Throw"],"picked":"Bouncing Flask","floor":20}],"player_experience":265901,"relics_obtained":[{"floor":3,"key":"CeramicFish"},{"floor":6,"key":"Mango"},{"floor":8,"key":"Regal Pillow"},{"floor":9,"key":"Blood Vial"},{"floor":11,"key":"Eternal Feather"},{"floor":13,"key":"Nunchaku"}],"event_choices":[{"damage_healed":0,"gold_gain":0,"player_choice":"Donut","damage_taken":0,"max_hp_gain":5,"max_hp_loss":0,"event_name":"Big Fish","floor":4,"gold_loss":0},{"damage_healed":0,"gold_gain":100,"player_choice":"Pray","damage_taken":0,"max_hp_gain":0,"max_hp_loss":0,"event_name":"Golden Shrine","floor":10,"gold_loss":0}],"is_beta":false,"boss_relics":[{"not_picked":["Astrolabe","SacredBark"],"picked":"Empty Cage"}],"items_purged_floors":[],"is_endless":false,"potions_floor_spawned":[2,8,11],"killed_by":"Shelled Parasite and Fungi","ascension_level":4}}