{"host":"2se5dq1do2gp0x9k","time":1610236746,"event":{"mods":["AchievementEnabler","BaseMod","Block Reminder","Colored Map","Colored Powertips","Minty Spire (QoL Compilation)","Relic Stats","StSLib","SuperFastMode"],"gold_per_floor":[116,166,181,201,201,201,216,247,247,247,260,82,100,454,454,531,531,546,596,418,418,418,418,418],"floor_reached":23,"playtime":1004,"items_purged":["Pain","Nirvana"],"score":480,"play_id":"57d0ac07-fed1-4114-91ba-5d81fa9819ba","local_time":"20210109155906","is_ascension_mode":true,"campfire_choices":[{"data":"Eruption","floor":6.0,"key":"SMITH"},{"data":"Meditate","floor":10.0,"key":"SMITH"},{"data":"Meditate","floor":15.0,"key":"SMITH"}],"circlet_count":0,"master_deck":["AscendersBane","Eruption+1","Vigilance","CarveReality","Meditate+1","Sanctity","Protect","Consecrate","Meditate+1","Wallop","EmptyFist","Protect","Alpha","TalkToTheHand","Alpha","ReachHeaven","Pray","WheelKick","DeusExMachina","WreathOfFlame","TalkToTheHand"],"relics":["PureWater","Thread and Needle","WarpedTongs","Oddly Smooth Stone","Eternal Feather","Old Coin","Pandora\u0027s Box","Nilry\u0027s Codex"],"acts_visited":["Exordium","TheCity"],"potions_floor_usage":[23],"damage_taken":[{"damage":1.0,"enemies":"Cultist","floor":1.0,"turns":4.0},{"damage":0.0,"enemies":"Small Slimes","floor":3.0,"turns":4.0},{"damage":3.0,"enemies":"Jaw Worm","floor":4.0,"turns":3.0},{"damage":2.0,"enemies":"2 Fungi Beasts","floor":7.0,"turns":3.0},{"damage":12.0,"enemies":"3 Sentries","floor":8.0,"turns":8.0},{"damage":1.0,"enemies":"3 Louse","floor":11.0,"turns":4.0},{"damage":0.0,"enemies":"Gremlin Gang","floor":13.0,"turns":3.0},{"damage":0.0,"enemies":"Lagavulin","floor":14.0,"turns":6.0},{"damage":0.0,"enemies":"Slime Boss","floor":16.0,"turns":4.0},{"damage":10.0,"enemies":"Chosen","floor":18.0,"turns":6.0},{"damage":32,"enemies":"Slavers","floor":23,"turns":3}],"seed_played":"3430767452389617758","potions_obtained":[{"floor":4.0,"key":"SpeedPotion"},{"floor":8.0,"key":"ColorlessPotion"},{"floor":14.0,"key":"Strength Potion"}],"is_trial":false,"path_per_floor":["M","?","M","M","?","R","M","E","T","R","M","$","M","E","R","B",null,"M","?","$","?","?","E"],"character_chosen":"WATCHER","items_purchased":["Meditate","Wallop","TalkToTheHand"],"campfire_rested":0,"item_purchase_floors":[12,12,20],"current_hp_per_floor":[60,54,54,51,51,51,49,37,37,46,45,45,45,45,57,57,61,51,51,51,30,24,0,0],"gold":418,"neow_bonus":"ONE_RARE_RELIC","is_daily":false,"chose_seed":false,"campfire_upgraded":3,"win_rate":0.0,"timestamp":1610236746,"path_taken":["M","?","M","?","?","R","M","E","T","R","M","$","?","E","R","BOSS","M","?","$","?","?","E"],"items_purchased_type":["Card","Card","Card"],"build_version":"2020-12-22","purchased_purges":2,"victory":false,"max_hp_per_floor":[62,62,62,62,62,62,62,62,62,62,62,62,62,62,62,62,62,62,62,62,62,62,62,62],"relic_stats":{"counters":[11,48],"Eternal Feather":21,"Pandora\u0027s Box":["Nirvana","TalkToTheHand","Alpha","ReachHeaven","Pray","WheelKick","DeusExMachina","WreathOfFlame"],"obtain_stats":[{"Nilry\u0027s Codex":21,"Oddly Smooth Stone":8,"Thread and Needle":0,"Eternal Feather":9,"Pandora\u0027s Box":17,"PureWater":0,"WarpedTongs":5,"Old Coin":14},{"Nilry\u0027s Codex":10,"Oddly Smooth Stone":5,"Thread and Needle":0,"Eternal Feather":5,"Pandora\u0027s Box":9,"PureWater":0,"WarpedTongs":3,"Old Coin":8},{"Nilry\u0027s Codex":45,"Oddly Smooth Stone":22,"Thread and Needle":0,"Eternal Feather":22,"Pandora\u0027s Box":39,"PureWater":0,"WarpedTongs":11,"Old Coin":35}],"WarpedTongs":[37]},"card_choices":[{"not_picked":["JustLucky","Weave"],"picked":"CarveReality","floor":1.0},{"not_picked":["ThirdEye","Worship"],"picked":"Meditate","floor":3.0},{"not_picked":["EmptyMind","Halt"],"picked":"Sanctity","floor":4.0},{"not_picked":["Halt","Crescendo"],"picked":"Protect","floor":7.0},{"not_picked":["FollowUp","Conclude"],"picked":"Consecrate","floor":8.0},{"not_picked":["Nirvana","Collect","Wireheading"],"picked":"SKIP","floor":11.0},{"not_picked":["MentalFortress","Consecrate"],"picked":"EmptyFist","floor":13.0},{"not_picked":["Pray","Evaluate"],"picked":"Protect","floor":14.0},{"not_picked":["Blasphemy","Omniscience"],"picked":"Alpha","floor":16.0},{"not_picked":["CarveReality","Meditate","EmptyFist"],"picked":"SKIP","floor":18.0}],"player_experience":3823111,"relics_obtained":[{"floor":8.0,"key":"Oddly Smooth Stone"},{"floor":9.0,"key":"Eternal Feather"},{"floor":14.0,"key":"Old Coin"},{"floor":21.0,"key":"Nilry\u0027s Codex"}],"event_choices":[{"damage_healed":0.0,"max_hp_gain":0.0,"max_hp_loss":0.0,"gold_gain":50.0,"event_name":"FaceTrader","player_choice":"Touch","floor":2.0,"gold_loss":0.0,"damage_taken":6.0},{"damage_healed":0.0,"max_hp_gain":0.0,"max_hp_loss":0.0,"gold_gain":0.0,"event_name":"Accursed Blacksmith","player_choice":"Rummage","floor":5.0,"gold_loss":0.0,"damage_taken":0.0,"relics_obtained":["WarpedTongs"],"cards_obtained":["Pain"]},{"damage_healed":0.0,"max_hp_gain":0.0,"max_hp_loss":0.0,"gold_gain":50.0,"event_name":"Nest","player_choice":"Stole From Cult","floor":19.0,"gold_loss":0.0,"damage_taken":0.0},{"damage_healed":0.0,"max_hp_gain":0.0,"max_hp_loss":0.0,"gold_gain":0.0,"event_name":"Cursed Tome","player_choice":"Obtained Book","floor":21.0,"gold_loss":0.0,"damage_taken":21.0},{"damage_healed":0.0,"max_hp_gain":0.0,"max_hp_loss":0.0,"gold_gain":0.0,"event_name":"Knowing Skull","player_choice":"","floor":22.0,"potions_obtained":[],"gold_loss":0.0,"damage_taken":6.0,"cards_obtained":[]}],"is_beta":false,"boss_relics":[{"not_picked":["Tiny House","Black Star"],"picked":"Pandora\u0027s Box"}],"items_purged_floors":[12,20],"is_endless":false,"potions_floor_spawned":[4,8,13,14],"killed_by":"Slavers","ascension_level":15}}