{"host":"46dxij13gllk3u9t","time":1610155316,"event":{"mods":["BaseMod","Better Note","BetterRewards","Colored Powertips","Custom Start","Gremlin Mod","Minty Spire (QoL Compilation)","Relic Sorter","Shop Mod","StSLib","The IronCluck","slay the spire mod where everything is the same but ironclad has a cowboy hat"],"gold_per_floor":[109,109,123,123,123,123,123,123,176,201,275,289,123,146,146,267,267,291,391,412,426,447,447,466,466,466],"floor_reached":25,"playtime":1801,"items_purged":["Gremlin:Strike"],"score":195,"play_id":"cadb5635-32a1-4c0e-b4ff-4e7c09d7e9cf","local_time":"20210108202156","is_ascension_mode":false,"campfire_choices":[{"data":"Gremlin:CatScratch","floor":6.0,"key":"SMITH"},{"data":"Gremlin:TagTeam","floor":8.0,"key":"SMITH"},{"data":"Gremlin:Tadah","floor":15.0,"key":"SMITH"},{"floor":23,"key":"REST"}],"circlet_count":0,"master_deck":["Gremlin:Strike","Gremlin:Strike","Gremlin:Defend","Gremlin:Defend","Gremlin:Defend","Gremlin:Defend","Gremlin:TagTeam+1","Gremlin:GremlinDance","Gremlin:FeelTheAudience","Gremlin:CatScratch+1","Gremlin:Glimmer","Gremlin:PinNeedle","Gremlin:PinNeedle","Flash of Steel","Gremlin:Tadah+1","Gremlin:BrokenShin","CurseOfTheBell","Gremlin:BubbleBarrier+1","Gremlin:ShankStone","Gremlin:GremlinArms","Gremlin:Patsy","Gremlin:Stupend+1","Gremlin:BulkUp"],"relics":["Gremlin:GremlinKnob","Dream Catcher","Golden Idol","Akabeko","Nunchaku","Calling Bell","Boot","Matryoshka","Pocketwatch"],"acts_visited":["Exordium","TheCity"],"potions_floor_usage":[24,25],"damage_taken":[{"damage":4.0,"enemies":"Cultist","floor":1.0,"turns":4.0},{"damage":1.0,"enemies":"Jaw Worm","floor":3.0,"turns":5.0},{"damage":0.0,"enemies":"2 Louse","floor":10.0,"turns":1.0},{"damage":2.0,"enemies":"3 Sentries","floor":11.0,"turns":4.0},{"damage":0.0,"enemies":"Looter","floor":12.0,"turns":2.0},{"damage":10.0,"enemies":"Exordium Wildlife","floor":14.0,"turns":3.0},{"damage":47.0,"enemies":"The Guardian","floor":16.0,"turns":17.0},{"damage":2.0,"enemies":"Chosen","floor":18.0,"turns":2.0},{"damage":0.0,"enemies":"Shell Parasite","floor":20.0,"turns":4.0},{"damage":10.0,"enemies":"Chosen and Byrds","floor":21.0,"turns":4.0},{"damage":5,"enemies":"Snake Plant","floor":22,"turns":3},{"damage":7,"enemies":"Snecko","floor":24,"turns":5},{"damage":99,"enemies":"Gremlin Leader","floor":25,"turns":5}],"seed_played":"-8423296749617093154","potions_obtained":[{"floor":1.0,"key":"DuplicationPotion"},{"floor":3.0,"key":"SpeedPotion"},{"floor":16.0,"key":"Energy Potion"},{"floor":24,"key":"SteroidPotion"}],"is_trial":false,"path_per_floor":["M","?","M","?","?","R","T","R","T","M","?","M","$","M","R","B",null,"M","?","M","M","M","R","M","E"],"character_chosen":"GREMLIN","items_purchased":["Flash of Steel"],"campfire_rested":1,"item_purchase_floors":[13],"current_hp_per_floor":[16,14,18,18,18,18,18,18,18,18,14,17,17,18,18,2,19,17,17,17,12,11,16,10,0,0],"gold":466,"neow_bonus":"RANDOM_COMMON_RELIC","is_daily":false,"chose_seed":false,"campfire_upgraded":3,"win_rate":0.0,"timestamp":1610155316,"path_taken":["M","?","M","?","?","R","?","R","T","?","?","M","$","M","R","BOSS","M","?","M","M","M","R","M","E"],"items_purchased_type":["Card"],"build_version":"2020-12-22","purchased_purges":1,"victory":false,"max_hp_per_floor":[20,20,20,20,19,19,19,19,19,19,19,19,19,19,19,19,19,19,19,19,19,19,19,19,19,19],"card_choices":[{"not_picked":["Gremlin:GremlinArms","Gremlin:Tricksy"],"picked":"Gremlin:FeelTheAudience","floor":1.0},{"not_picked":["Gremlin:FollowThrough","Gremlin:ToeStub"],"picked":"Gremlin:CatScratch","floor":3.0},{"not_picked":["Gremlin:Presto","Gremlin:Revel"],"picked":"Gremlin:Glimmer","floor":10.0},{"not_picked":["Gremlin:PourSalt","Gremlin:ProperTools"],"picked":"Gremlin:PinNeedle","floor":11.0},{"not_picked":["Gremlin:Jeer","Gremlin:Exacerbate"],"picked":"Gremlin:PinNeedle","floor":12.0},{"not_picked":["Gremlin:FanOfKnives","Gremlin:Pretaliation"],"picked":"Gremlin:Tadah","floor":14.0},{"not_picked":["Gremlin:Duplicate","Gremlin:CongaLine"],"picked":"Gremlin:BrokenShin","floor":16.0},{"not_picked":["Gremlin:GremlinMeal","Gremlin:Dazzle+1"],"picked":"Gremlin:BubbleBarrier+1","floor":18.0},{"not_picked":["Gremlin:PartyStick","Gremlin:Tricksy+1"],"picked":"Gremlin:ShankStone","floor":20.0},{"not_picked":["Gremlin:GlitterGuard+1","Gremlin:Patsy"],"picked":"Gremlin:GremlinArms","floor":21.0},{"not_picked":["Gremlin:GremlinMeal+1","Gremlin:Presto"],"picked":"Gremlin:Patsy","floor":22},{"not_picked":["Gremlin:Whiz","Gremlin:FlipOut"],"picked":"Gremlin:Stupend+1","floor":23},{"not_picked":["Gremlin:Enthusiasm","Gremlin:Pretaliation"],"picked":"Gremlin:BulkUp","floor":24}],"player_experience":366431,"relics_obtained":[{"floor":9.0,"key":"Akabeko"},{"floor":11.0,"key":"Nunchaku"},{"floor":17.0,"key":"Boot"},{"floor":17.0,"key":"Matryoshka"},{"floor":17.0,"key":"Pocketwatch"}],"event_choices":[{"cards_removed":["Gremlin:Strike"],"damage_healed":0.0,"max_hp_gain":0.0,"max_hp_loss":0.0,"gold_gain":0.0,"event_name":"Golden Wing","player_choice":"Card Removal","floor":2.0,"gold_loss":0.0,"damage_taken":2.0},{"damage_healed":0.0,"max_hp_gain":0.0,"max_hp_loss":0.0,"gold_gain":0.0,"event_name":"Liars Game","player_choice":"Ignored","floor":4.0,"gold_loss":0.0,"damage_taken":0.0},{"damage_healed":0.0,"max_hp_gain":0.0,"max_hp_loss":1.0,"gold_gain":0.0,"event_name":"Golden Idol","player_choice":"Lose Max HP","floor":5.0,"gold_loss":0.0,"damage_taken":0.0,"relics_obtained":["Golden Idol"]},{"damage_healed":0.0,"max_hp_gain":0.0,"max_hp_loss":0.0,"gold_gain":0.0,"event_name":"Dead Adventurer","player_choice":"Searched \u00272\u0027 times","floor":11.0,"gold_loss":0.0,"damage_taken":0.0},{"damage_healed":0.0,"max_hp_gain":0.0,"max_hp_loss":0.0,"gold_gain":100.0,"event_name":"Golden Shrine","player_choice":"Pray","floor":19.0,"gold_loss":0.0,"damage_taken":0.0}],"is_beta":false,"boss_relics":[{"not_picked":["Snecko Eye","Ectoplasm"],"picked":"Calling Bell"}],"items_purged_floors":[13],"is_endless":false,"potions_floor_spawned":[1,3,16,24],"killed_by":"Gremlin Leader","ascension_level":0}}