{"host":"9l1knhxfturzliqa","time":1610191984,"event":{"mods":["BaseMod","Colored Map","Colored Powertips","DeckTracker","Highlight Path","Keyboard Shortcuts","Minty Spire (QoL Compilation)","Random Character Button"],"gold_per_floor":[16,31,46,46,11,11,39,39,62,62,80,105,117,136,136,210,210,221,221,240,9,19,19,19],"floor_reached":23,"playtime":1250,"items_purged":["Strike_G"],"score":318,"play_id":"2ed8a147-0e75-4d31-9b8f-5450eebd2135","local_time":"20210109203304","is_ascension_mode":true,"campfire_choices":[{"data":"Noxious Fumes","floor":6.0,"key":"SMITH"},{"floor":8.0,"key":"REST"},{"data":"Deadly Poison","floor":10.0,"key":"SMITH"},{"floor":15.0,"key":"REST"}],"circlet_count":0,"master_deck":["AscendersBane","Strike_G","Strike_G","Strike_G","Defend_G","Defend_G","Defend_G","Defend_G","Survivor","Neutralize","PiercingWail","Deadly Poison+1","Blur","Noxious Fumes+1","Expertise","Crippling Poison","Outmaneuver","Dagger Throw","Malaise","PiercingWail","PiercingWail","Tactician","Underhanded Strike","Choke","Noxious Fumes","Backflip","Acrobatics"],"relics":["Ring of the Snake","Ancient Tea Set","Omamori","Odd Mushroom","HoveringKite","Orrery"],"acts_visited":["Exordium","TheCity"],"potions_floor_usage":[23],"damage_taken":[{"damage":2.0,"enemies":"2 Louse","floor":1.0,"turns":5.0},{"damage":10.0,"enemies":"Cultist","floor":2.0,"turns":5.0},{"damage":2.0,"enemies":"Small Slimes","floor":3.0,"turns":5.0},{"damage":40.0,"enemies":"Gremlin Nob","floor":7.0,"turns":5.0},{"damage":10.0,"enemies":"2 Fungi Beasts","floor":11.0,"turns":4.0},{"damage":8.0,"enemies":"The Mushroom Lair","floor":12.0,"turns":4.0},{"damage":0.0,"enemies":"Exordium Thugs","floor":13.0,"turns":4.0},{"damage":1.0,"enemies":"Looter","floor":14.0,"turns":4.0},{"damage":11.0,"enemies":"Hexaghost","floor":16.0,"turns":8.0},{"damage":13.0,"enemies":"Spheric Guardian","floor":18.0,"turns":6.0},{"damage":6.0,"enemies":"Chosen","floor":20.0,"turns":5.0},{"damage":23.0,"enemies":"Sentry and Sphere","floor":22.0,"turns":7.0},{"damage":18,"enemies":"Slavers","floor":23,"turns":3}],"seed_played":"-5284486541164638483","potions_obtained":[{"floor":2.0,"key":"SkillPotion"},{"floor":12.0,"key":"Dexterity Potion"},{"floor":13.0,"key":"EntropicBrew"},{"floor":14.0,"key":"Strength Potion"},{"floor":16.0,"key":"Explosive Potion"},{"floor":20.0,"key":"GamblersBrew"}],"is_trial":false,"path_per_floor":["M","M","M","?","$","R","E","R","T","R","M","?","M","M","R","B",null,"M","?","M","$","M","E"],"character_chosen":"THE_SILENT","items_purchased":["Noxious Fumes","Orrery"],"campfire_rested":2,"item_purchase_floors":[5,21],"current_hp_per_floor":[61,51,49,42,42,42,2,23,23,23,13,5,5,4,25,14,56,43,43,37,37,14,0,0],"gold":19,"neow_bonus":"REMOVE_TWO","is_daily":false,"chose_seed":false,"campfire_upgraded":2,"win_rate":0.0,"timestamp":1610191984,"path_taken":["M","M","M","?","?","R","E","R","T","R","M","?","M","M","R","BOSS","M","?","M","?","M","E"],"items_purchased_type":["Card","Relic"],"build_version":"2020-12-22","purchased_purges":1,"victory":false,"max_hp_per_floor":[70,70,70,70,70,70,70,70,70,70,70,70,70,70,70,70,70,70,70,70,70,70,70,70],"card_choices":[{"not_picked":["Flying Knee","Blade Dance"],"picked":"PiercingWail","floor":1.0},{"not_picked":["Blade Dance","Dash"],"picked":"Deadly Poison","floor":2.0},{"not_picked":["Finisher","Outmaneuver"],"picked":"Blur","floor":3.0},{"not_picked":["Underhanded Strike","Deflect"],"picked":"Expertise","floor":7.0},{"not_picked":["Acrobatics","Underhanded Strike"],"picked":"Crippling Poison","floor":11.0},{"not_picked":["Expertise","Endless Agony"],"picked":"Outmaneuver","floor":12.0},{"not_picked":["Caltrops","Sucker Punch"],"picked":"Dagger Throw","floor":13.0},{"not_picked":["Sucker Punch","Terror","Slice"],"picked":"SKIP","floor":14.0},{"not_picked":["Bullet Time","Die Die Die"],"picked":"Malaise","floor":16.0},{"not_picked":["Footwork","Underhanded Strike","Riddle With Holes"],"picked":"SKIP","floor":18.0},{"not_picked":["Dagger Spray","Blade Dance"],"picked":"PiercingWail","floor":20.0},{"not_picked":["Dash+1","Dodge and Roll"],"picked":"Tactician","floor":21.0},{"not_picked":["Tactician","Riddle With Holes"],"picked":"Underhanded Strike","floor":21.0},{"not_picked":["Poisoned Stab","All Out Attack"],"picked":"Choke","floor":21.0},{"not_picked":["Deadly Poison","Tactician"],"picked":"Noxious Fumes","floor":21.0},{"not_picked":["Dagger Spray+1","Wraith Form v2"],"picked":"Backflip","floor":21.0},{"not_picked":["Skewer","Masterful Stab"],"picked":"Acrobatics","floor":22.0}],"player_experience":402454,"relics_obtained":[{"floor":7.0,"key":"Ancient Tea Set"},{"floor":9.0,"key":"Omamori"},{"floor":12.0,"key":"Odd Mushroom"}],"event_choices":[{"damage_healed":0.0,"max_hp_gain":0.0,"max_hp_loss":0.0,"gold_gain":0.0,"event_name":"Wheel of Change","player_choice":"Damaged","floor":4.0,"gold_loss":0.0,"damage_taken":7.0},{"damage_healed":0.0,"max_hp_gain":0.0,"max_hp_loss":0.0,"gold_gain":0.0,"event_name":"Mushrooms","player_choice":"Fought Mushrooms","floor":12.0,"gold_loss":0.0,"damage_taken":0.0},{"damage_healed":0.0,"max_hp_gain":0.0,"max_hp_loss":0.0,"gold_gain":0.0,"event_name":"Duplicator","player_choice":"Copied","floor":19.0,"gold_loss":0.0,"damage_taken":0.0,"cards_obtained":["PiercingWail"]}],"is_beta":false,"boss_relics":[{"not_picked":["Tiny House","Philosopher\u0027s Stone"],"picked":"HoveringKite"}],"items_purged_floors":[21],"is_endless":false,"potions_floor_spawned":[2,12,13,14,16,20],"killed_by":"Slavers","ascension_level":13}}