{"host":"8zwct8k1efxci9za","time":1610222810,"event":{"mods":["AchievementEnabler","BaseMod","Block Reminder","Colored Powertips","DeckTracker","Minty Spire (QoL Compilation)","Rare Cards Sparkle","Relic Sorter","StSLib","SuperFastMode"],"gold_per_floor":[118,118,118,129,109,109,135,152,152,152,152,152,171,96,96,219,219,238,238,337,380,400,442,442,442,467,467,500,515,515,529,529,643,643,668,259,259,277,301,332,332,374,460,487,225,225,234,252,252,252,252,252,102,127,127],"floor_reached":56,"playtime":3714,"items_purged":["Defend_G","Defend_G","Parasite","Pain"],"score":1391,"play_id":"99517dbb-d555-4c90-bab1-89a6567b857e","local_time":"20210109210650","is_ascension_mode":true,"campfire_choices":[{"data":"1","floor":6,"key":"LIFT"},{"data":"2","floor":10,"key":"LIFT"},{"data":"3","floor":15,"key":"LIFT"},{"floor":25,"key":"RECALL"},{"data":"After Image","floor":27,"key":"SMITH"},{"floor":32,"key":"REST"},{"data":"A Thousand Cuts","floor":41,"key":"SMITH"},{"data":"Blade Dance","floor":46,"key":"SMITH"},{"data":"Neutralize","floor":49,"key":"SMITH"},{"data":"After Image","floor":52,"key":"SMITH"}],"circlet_count":0,"master_deck":["Strike_G","Strike_G","Strike_G","Defend_G","Defend_G","Defend_G","Survivor","Neutralize+1","Sucker Punch","Deflect","After Image+1","Backflip","Cloak And Dagger","Die Die Die","Blade Dance+1","Blade Dance+1","Phantasmal Killer+1","A Thousand Cuts+1","Acrobatics+1","After Image+1","Flash of Steel","Finisher+1","Infinite Blades","After Image+1","Madness","Madness"],"relics":["Ring of the Serpent","Girya","Lizard Tail","Bloody Idol","MutagenicStrength","Red Mask","CeramicFish","Strawberry","Ninja Scroll","Cursed Key","Happy Flower","Bronze Scales","Letter Opener","Boot","DollysMirror","Prayer Wheel","Vajra"],"acts_visited":["Exordium","TheCity","TheBeyond","TheEnding"],"potions_floor_usage":[7,8,16,18,23,33,55,55],"damage_taken":[{"damage":4,"enemies":"Jaw Worm","floor":1,"turns":6},{"damage":3,"enemies":"Small Slimes","floor":4,"turns":6},{"damage":19,"enemies":"Lagavulin","floor":7,"turns":10},{"damage":0,"enemies":"Cultist","floor":8,"turns":4},{"damage":0,"enemies":"Large Slime","floor":13,"turns":6},{"damage":35,"enemies":"Hexaghost","floor":16,"turns":15},{"damage":16,"enemies":"2 Thieves","floor":18,"turns":5},{"damage":1,"enemies":"Masked Bandits","floor":21,"turns":3},{"damage":0,"enemies":"Chosen","floor":22,"turns":3},{"damage":9,"enemies":"Book of Stabbing","floor":23,"turns":5},{"damage":27,"enemies":"Slavers","floor":28,"turns":5},{"damage":2,"enemies":"Snake Plant","floor":29,"turns":3},{"damage":0,"enemies":"3 Cultists","floor":31,"turns":2},{"damage":64,"enemies":"Champ","floor":33,"turns":10},{"damage":0,"enemies":"Orb Walker","floor":35,"turns":3},{"damage":0,"enemies":"3 Darklings","floor":38,"turns":2},{"damage":4,"enemies":"Maw","floor":39,"turns":5},{"damage":6,"enemies":"Nemesis","floor":40,"turns":3},{"damage":2,"enemies":"Giant Head","floor":42,"turns":5},{"damage":1,"enemies":"Reptomancer","floor":44,"turns":4},{"damage":0,"enemies":"Awakened One","floor":50,"turns":7},{"damage":6,"enemies":"Shield and Spear","floor":54,"turns":5},{"damage":65,"enemies":"The Heart","floor":55,"turns":8}],"seed_played":"-6777843907682219275","potions_obtained":[{"floor":1,"key":"EssenceOfSteel"},{"floor":5,"key":"SteroidPotion"},{"floor":8,"key":"PowerPotion"},{"floor":13,"key":"DuplicationPotion"},{"floor":22,"key":"Regen Potion"},{"floor":28,"key":"CunningPotion"},{"floor":38,"key":"Fire Potion"},{"floor":44,"key":"Dexterity Potion"},{"floor":54,"key":"SpeedPotion"}],"is_trial":false,"path_per_floor":["M","?","?","M","?","R","E","M","T","R","?","?","M","$","R","B",null,"M","?","?","?","M","E","?","R","T","R","E","M","?","M","R","B",null,"M","$","?","M","M","E","R","E","T","E","$","R","T","?","R","B",null,"R","$","E","B",null],"character_chosen":"THE_SILENT","items_purchased":["After Image","FairyPotion","Flash of Steel","DollysMirror"],"campfire_rested":1,"item_purchase_floors":[36,36,36,45],"current_hp_per_floor":[66,66,59,56,56,56,37,37,37,37,60,43,43,43,43,8,70,54,54,54,53,53,56,56,56,63,63,36,34,34,39,62,48,77,77,77,77,77,77,76,76,77,77,77,74,74,74,74,74,74,74,74,74,73,8],"gold":127,"neow_bonus":"ONE_RARE_RELIC","is_daily":false,"chose_seed":false,"campfire_upgraded":5,"win_rate":0.0,"timestamp":1610222810,"path_taken":["M","?","?","?","?","R","E","?","T","R","?","?","M","$","R","BOSS","M","?","?","?","M","E","?","R","T","R","E","?","?","M","R","BOSS","M","$","?","?","M","E","R","E","T","E","$","R","?","?","R","BOSS","R","$","E","BOSS"],"items_purchased_type":["Card","Potion","Card","Relic"],"build_version":"2020-12-22","purchased_purges":4,"victory":true,"max_hp_per_floor":[70,70,70,70,70,70,70,70,70,70,70,70,70,70,70,70,70,70,70,70,70,70,70,70,70,77,77,77,77,77,77,77,77,77,77,77,77,77,77,77,77,77,77,77,74,74,74,74,74,74,74,74,74,74,74],"card_choices":[{"not_picked":["Deadly Poison","Reflex"],"picked":"Sucker Punch","floor":1},{"not_picked":["Skewer","Poisoned Stab"],"picked":"Deflect","floor":4},{"not_picked":["Blade Dance","Crippling Poison"],"picked":"After Image","floor":7},{"not_picked":["Flying Knee","PiercingWail"],"picked":"Backflip","floor":8},{"not_picked":["Well Laid Plans","Prepared"],"picked":"Cloak And Dagger","floor":13},{"not_picked":["Bullet Time","Glass Knife"],"picked":"Die Die Die","floor":16},{"not_picked":["Sucker Punch","Slice+1"],"picked":"Blade Dance+1","floor":18},{"not_picked":["Bane","Flying Knee"],"picked":"Blade Dance","floor":22},{"not_picked":["Calculated Gamble+1","Infinite Blades"],"picked":"Phantasmal Killer","floor":23},{"not_picked":["Catalyst+1","Underhanded Strike","Outmaneuver"],"picked":"SKIP","floor":28},{"not_picked":["Deflect","Tactician","Prepared+1"],"picked":"SKIP","floor":29},{"not_picked":["Poisoned Stab","Blade Dance","Corpse Explosion"],"picked":"SKIP","floor":31},{"not_picked":["Wraith Form v2","Die Die Die"],"picked":"A Thousand Cuts","floor":33},{"not_picked":["Deflect","Flying Knee"],"picked":"Acrobatics+1","floor":35},{"not_picked":["Underhanded Strike+1","Flechettes","Deflect+1"],"picked":"SKIP","floor":38},{"not_picked":["Poisoned Stab+1","Expertise"],"picked":"Finisher+1","floor":39},{"not_picked":["Dodge and Roll+1","PiercingWail+1","Reflex+1"],"picked":"SKIP","floor":40},{"not_picked":["Deadly Poison","Calculated Gamble"],"picked":"Infinite Blades","floor":42},{"not_picked":["Cloak And Dagger","Slice","Prepared+1"],"picked":"SKIP","floor":44},{"not_picked":["Deadly Poison","Underhanded Strike","Flechettes"],"picked":"SKIP","floor":54}],"player_experience":98886,"relics_obtained":[{"floor":7,"key":"Lizard Tail"},{"floor":21,"key":"Red Mask"},{"floor":23,"key":"CeramicFish"},{"floor":26,"key":"Strawberry"},{"floor":28,"key":"Ninja Scroll"},{"floor":40,"key":"Happy Flower"},{"floor":42,"key":"Bronze Scales"},{"floor":43,"key":"Letter Opener"},{"floor":44,"key":"Boot"},{"floor":47,"key":"Prayer Wheel"},{"floor":54,"key":"Vajra"}],"event_choices":[{"cards_removed":["Doubt"],"damage_healed":0,"gold_gain":0,"player_choice":"Forget","damage_taken":0,"max_hp_gain":0,"max_hp_loss":0,"event_name":"Living Wall","floor":2,"gold_loss":0},{"cards_removed":["Strike_G"],"damage_healed":0,"gold_gain":0,"player_choice":"Card Removal","damage_taken":7,"max_hp_gain":0,"max_hp_loss":0,"event_name":"Golden Wing","floor":3,"gold_loss":0},{"damage_healed":0,"gold_gain":0,"player_choice":"Bought 1 Potion","damage_taken":0,"max_hp_gain":0,"max_hp_loss":0,"event_name":"The Woman in Blue","floor":5,"gold_loss":0},{"damage_healed":23,"gold_gain":0,"player_choice":"Banana","damage_taken":0,"max_hp_gain":0,"max_hp_loss":0,"event_name":"Big Fish","floor":11,"gold_loss":0},{"damage_healed":0,"gold_gain":0,"player_choice":"Take Damage","damage_taken":17,"relics_obtained":["Golden Idol"],"max_hp_gain":0,"max_hp_loss":0,"event_name":"Golden Idol","floor":12,"gold_loss":0},{"damage_healed":0,"gold_gain":0,"player_choice":"Inject Mutagens","damage_taken":0,"relics_obtained":["MutagenicStrength"],"max_hp_gain":0,"max_hp_loss":0,"event_name":"Drug Dealer","floor":19,"gold_loss":0},{"damage_healed":0,"gold_gain":99,"player_choice":"Stole From Cult","damage_taken":0,"max_hp_gain":0,"max_hp_loss":0,"event_name":"Nest","floor":20,"gold_loss":0},{"damage_healed":0,"gold_gain":0,"player_choice":"Fought Bandits","damage_taken":0,"max_hp_gain":0,"max_hp_loss":0,"event_name":"Masked Bandits","floor":21,"gold_loss":0},{"damage_healed":0,"gold_gain":0,"player_choice":"Upgraded","damage_taken":0,"max_hp_gain":0,"max_hp_loss":0,"event_name":"Upgrade Shrine","floor":24,"gold_loss":0,"cards_upgraded":["Phantasmal Killer"]},{"damage_healed":0,"gold_gain":0,"player_choice":"Gave Idol","damage_taken":0,"relics_obtained":["Bloody Idol"],"max_hp_gain":0,"max_hp_loss":0,"event_name":"Forgotten Altar","floor":30,"relics_lost":["Golden Idol"],"gold_loss":0},{"cards_removed":["Strike_G"],"damage_healed":0,"gold_gain":0,"player_choice":"Purged","damage_taken":0,"max_hp_gain":0,"max_hp_loss":0,"event_name":"Purifier","floor":37,"gold_loss":0},{"damage_healed":0,"gold_gain":0,"player_choice":"Embrace Madness","damage_taken":9,"max_hp_gain":0,"max_hp_loss":0,"event_name":"Winding Halls","floor":48,"gold_loss":0,"cards_obtained":["Madness","Madness"]}],"is_beta":false,"boss_relics":[{"not_picked":["Philosopher\u0027s Stone","Sozu"],"picked":"Ring of the Serpent"},{"not_picked":["Tiny House","SacredBark"],"picked":"Cursed Key"}],"items_purged_floors":[14,36,45,53],"is_endless":false,"potions_floor_spawned":[1,8,13,22,28,38,44,54],"ascension_level":2}}