{"host":"8xi53560pl5zaoq2","time":1610215964,"event":{"mods":["BaseMod","Colored Map","Highlight Path","Minty Spire (QoL Compilation)","StSLib","Synergy Search"],"gold_per_floor":[111,122,122,138,25,25,36,36,63,63,138,150,150,163,163,262,262,276,287,287,298,298,298,323,323,323,337,337,353,384,416,428,541,553,576,75,35,45,62,62,74,74,74,74,87,105,105,37,37,37],"floor_reached":51,"playtime":2939,"items_purged":["Strike_P","Strike_P"],"score":1142,"play_id":"99a77e0f-9b09-4f8f-a6ea-5f136f835ac6","local_time":"20210109111244","is_ascension_mode":true,"campfire_choices":[{"data":"TalkToTheHand","floor":6,"key":"SMITH"},{"data":"CrushJoints","floor":8,"key":"SMITH"},{"data":"Fasting2","floor":10,"key":"SMITH"},{"floor":15,"key":"REST"},{"floor":23,"key":"REST"},{"data":"DevaForm","floor":25,"key":"SMITH"},{"floor":28,"key":"REST"},{"data":"TalkToTheHand","floor":32,"key":"SMITH"},{"data":"Alpha","floor":40,"key":"SMITH"},{"data":"WindmillStrike","floor":42,"key":"SMITH"},{"data":"Thinking Ahead","floor":44,"key":"PURGE"},{"data":"Shame","floor":47,"key":"PURGE"},{"data":"Strike_P","floor":49,"key":"PURGE"}],"circlet_count":0,"master_deck":["Strike_P","Defend_P","Defend_P","Defend_P","Defend_P","Eruption","Vigilance","CrushJoints+1","DevaForm+1","Prostrate","TalkToTheHand+1","Fasting2+1","WindmillStrike+1","Prostrate","ConjureBlade+1","Evaluate+1","Vault","Protect+1","Ghostly","Ghostly","Ghostly","Ghostly","Ghostly","Writhe","CutThroughFate","Sanctity","TalkToTheHand+1","DeusExMachina","Alpha+1","ThirdEye","BattleHymn","Protect+1","Protect+1","TalkToTheHand+1","Wish","Fasting2"],"relics":["PureWater","Pen Nib","Ancient Tea Set","StrikeDummy","Cursed Key","Red Mask","Oddly Smooth Stone","MawBank","Snecko Eye","Art of War","Peace Pipe"],"acts_visited":["Exordium","TheCity","TheBeyond"],"potions_floor_usage":[16,18,27,27,33,33,50],"damage_taken":[{"damage":0,"enemies":"2 Louse","floor":1,"turns":1},{"damage":2,"enemies":"Jaw Worm","floor":2,"turns":3},{"damage":19,"enemies":"Small Slimes","floor":4,"turns":2},{"damage":3,"enemies":"Blue Slaver","floor":7,"turns":5},{"damage":18,"enemies":"Large Slime","floor":12,"turns":6},{"damage":0,"enemies":"3 Louse","floor":14,"turns":3},{"damage":0,"enemies":"Slime Boss","floor":16,"turns":4},{"damage":0,"enemies":"Chosen","floor":18,"turns":4},{"damage":18,"enemies":"2 Thieves","floor":19,"turns":5},{"damage":21,"enemies":"Cultist and Chosen","floor":21,"turns":6},{"damage":0,"enemies":"Masked Bandits","floor":24,"turns":6},{"damage":9,"enemies":"Chosen and Byrds","floor":27,"turns":9},{"damage":0,"enemies":"Snecko","floor":29,"turns":5},{"damage":1,"enemies":"Slavers","floor":30,"turns":6},{"damage":1,"enemies":"Centurion and Healer","floor":31,"turns":5},{"damage":5,"enemies":"Automaton","floor":33,"turns":10},{"damage":0,"enemies":"Orb Walker","floor":35,"turns":6},{"damage":0,"enemies":"3 Darklings","floor":38,"turns":5},{"damage":3,"enemies":"Jaw Worm Horde","floor":39,"turns":5},{"damage":1,"enemies":"Transient","floor":41,"turns":6},{"damage":1,"enemies":"Maw","floor":45,"turns":8},{"damage":7,"enemies":"Jaw Worm Horde","floor":46,"turns":4},{"damage":0,"enemies":"Time Eater","floor":50,"turns":8}],"seed_played":"8853283044833862064","potions_obtained":[{"floor":2,"key":"EssenceOfSteel"},{"floor":7,"key":"PowerPotion"},{"floor":14,"key":"EssenceOfSteel"},{"floor":16,"key":"DuplicationPotion"},{"floor":21,"key":"ColorlessPotion"},{"floor":24,"key":"Block Potion"},{"floor":29,"key":"Weak Potion"},{"floor":33,"key":"Dexterity Potion"},{"floor":35,"key":"GamblersBrew"},{"floor":45,"key":"Block Potion"}],"is_trial":false,"path_per_floor":["M","M","?","M","$","R","M","R","T","R","?","M","T","M","R","B",null,"M","M","?","M","?","R","?","R","T","M","R","M","E","M","R","B",null,"M","$","?","M","M","R","M","R","T","R","M","M","R","$","R","B",null],"character_chosen":"WATCHER","items_purchased":["TalkToTheHand","Thinking Ahead","Art of War","BattleHymn","Fasting2"],"campfire_rested":3,"item_purchase_floors":[5,36,36,36,48],"current_hp_per_floor":[65,63,68,49,49,49,46,46,46,46,35,17,17,17,40,40,68,68,50,36,15,15,27,27,27,27,18,30,30,29,28,28,23,37,37,37,37,37,34,34,33,33,33,33,32,25,25,25,25,25],"gold":37,"neow_bonus":"RANDOM_COMMON_RELIC","is_daily":false,"chose_seed":false,"campfire_upgraded":7,"win_rate":0.0,"timestamp":1610215964,"path_taken":["M","M","?","M","$","R","M","R","T","R","?","M","?","M","R","BOSS","M","M","?","M","?","R","?","R","T","M","R","M","E","M","R","BOSS","M","$","?","M","M","R","M","R","T","R","M","M","R","$","R","BOSS"],"items_purchased_type":["Card","Card","Relic","Card","Card"],"build_version":"2020-12-22","purchased_purges":2,"victory":true,"max_hp_per_floor":[72,72,77,77,77,77,77,77,77,77,77,77,77,77,77,77,77,77,77,82,82,41,41,41,41,41,41,41,41,41,41,41,41,41,41,41,41,41,41,41,41,41,41,41,41,41,41,41,41,41],"card_choices":[{"not_picked":["Evaluate","BowlingBash"],"picked":"CrushJoints","floor":1},{"not_picked":["Prostrate","Crescendo"],"picked":"DevaForm","floor":2},{"not_picked":["Consecrate","Crescendo"],"picked":"Prostrate","floor":4},{"not_picked":["Indignation","FollowUp"],"picked":"Fasting2","floor":7},{"not_picked":["CutThroughFate","BowlingBash"],"picked":"WindmillStrike","floor":12},{"not_picked":["Meditate","Worship"],"picked":"Prostrate","floor":14},{"not_picked":["LessonLearned","MasterReality"],"picked":"ConjureBlade","floor":16},{"not_picked":["BowlingBash+1","ClearTheMind+1"],"picked":"Evaluate+1","floor":18},{"not_picked":["Vengeance","ClearTheMind"],"picked":"Vault","floor":19},{"not_picked":["FlyingSleeves","EmptyFist"],"picked":"Protect","floor":21},{"not_picked":["Collect","Wallop"],"picked":"CutThroughFate","floor":27},{"not_picked":["EmptyBody","Consecrate"],"picked":"Sanctity","floor":29},{"not_picked":["Conclude","Protect"],"picked":"TalkToTheHand","floor":30},{"not_picked":["Indignation+1","FollowUp+1"],"picked":"DeusExMachina","floor":31},{"not_picked":["LessonLearned","Blasphemy"],"picked":"Alpha","floor":33},{"not_picked":["Pray+1","Conclude"],"picked":"ThirdEye","floor":35},{"not_picked":["CrushJoints+1","WheelKick","EmptyBody+1"],"picked":"SKIP","floor":38},{"not_picked":["BattleHymn","CutThroughFate+1"],"picked":"Protect+1","floor":39},{"not_picked":["FlyingSleeves","ThirdEye"],"picked":"Protect+1","floor":41},{"not_picked":["BowlingBash","FollowUp"],"picked":"TalkToTheHand+1","floor":45},{"not_picked":["Collect+1","Study+1"],"picked":"Wish","floor":46}],"player_experience":1278958,"relics_obtained":[{"floor":9,"key":"Ancient Tea Set"},{"floor":13,"key":"StrikeDummy"},{"floor":24,"key":"Red Mask"},{"floor":26,"key":"Oddly Smooth Stone"},{"floor":30,"key":"MawBank"},{"floor":43,"key":"Peace Pipe"}],"event_choices":[{"damage_healed":0,"gold_gain":0,"player_choice":"Donut","damage_taken":0,"max_hp_gain":5,"max_hp_loss":0,"event_name":"Big Fish","floor":3,"gold_loss":0},{"damage_healed":0,"gold_gain":75,"player_choice":"Gather Gold","damage_taken":11,"max_hp_gain":0,"max_hp_loss":0,"event_name":"World of Goop","floor":11,"gold_loss":0},{"damage_healed":0,"gold_gain":0,"player_choice":"Shed Blood","damage_taken":19,"max_hp_gain":5,"max_hp_loss":0,"event_name":"Forgotten Altar","floor":20,"gold_loss":0},{"damage_healed":0,"gold_gain":0,"player_choice":"Became a Ghost","damage_taken":0,"max_hp_gain":0,"max_hp_loss":41,"event_name":"Ghosts","floor":22,"gold_loss":0,"cards_obtained":["Ghostly","Ghostly","Ghostly","Ghostly","Ghostly"]},{"damage_healed":0,"gold_gain":0,"player_choice":"Fought Bandits","damage_taken":0,"max_hp_gain":0,"max_hp_loss":0,"event_name":"Masked Bandits","floor":24,"gold_loss":0},{"damage_healed":0,"gold_gain":0,"player_choice":"Upgraded Two","damage_taken":0,"max_hp_gain":0,"max_hp_loss":0,"event_name":"Designer","floor":37,"gold_loss":40,"cards_upgraded":["Protect","ConjureBlade"]}],"is_beta":false,"boss_relics":[{"not_picked":["SlaversCollar","Coffee Dripper"],"picked":"Cursed Key"},{"not_picked":["Fusion Hammer","Tiny House"],"picked":"Snecko Eye"}],"items_purged_floors":[5,36],"is_endless":false,"potions_floor_spawned":[2,7,14,16,21,24,29,33,35,45],"ascension_level":9}}