{"host":"a2lvm7nbw6nkrc91","time":1610177924,"event":{"mods":["BaseMod","Friendly Minions","Hermit","Lobotomy","Minty Spire (QoL Compilation)","Replay The Spire","StSLib"],"gold_per_floor":[116,128,142,142,160,160,173,199,199,6,6,6],"floor_reached":11,"playtime":290,"items_purged":[],"score":75,"play_id":"085a0c53-68b0-457e-a5fb-3a470dcba795","local_time":"20210109163844","is_ascension_mode":false,"campfire_choices":[{"data":"Eruption","floor":6,"key":"SMITH"}],"circlet_count":0,"master_deck":["Strike_P","Strike_P","Strike_P","Strike_P","Defend_P","Defend_P","Defend_P","Defend_P","Eruption+1","Vigilance","SandsOfTime","MeatLantern","InnerPeace","CrumblingArmor","ClearTheMind","Murderer","Evaluate","OSAHOGD","DeusExMachina","Scorched","FearNoEvil","EmptyFist"],"relics":["PureWater","CogitoBucket","Replay:Bottled Snecko","Thread and Needle","Replay:Rubber Ducky"],"acts_visited":["Exordium"],"potions_floor_usage":[8,8],"damage_taken":[{"damage":0,"enemies":"Cultist","floor":1,"turns":4},{"damage":3,"enemies":"2 Louse","floor":2,"turns":3},{"damage":0,"enemies":"Small Slimes","floor":3,"turns":5},{"damage":4,"enemies":"Blue Slaver","floor":5,"turns":5},{"damage":57,"enemies":"Large Slime","floor":7,"turns":3},{"damage":3,"enemies":"Gremlin Nob","floor":8,"turns":4},{"damage":11,"enemies":"3 Sentries","floor":11,"turns":1}],"seed_played":"-6940783814329987631","potions_obtained":[{"floor":3,"key":"BlessingOfTheForge"},{"floor":5,"key":"Block Potion"},{"floor":8,"key":"Swift Potion"}],"is_trial":false,"path_per_floor":["M","M","M","?","M","R","M","E","T","$","E"],"character_chosen":"WATCHER","items_purchased":["Replay:Rubber Ducky","EmptyFist"],"campfire_rested":0,"item_purchase_floors":[10,10],"current_hp_per_floor":[72,69,69,72,68,68,11,8,8,8,0,0],"gold":6,"neow_bonus":"","is_daily":false,"chose_seed":false,"campfire_upgraded":1,"win_rate":0.0,"timestamp":1610177924,"path_taken":["M","M","?","?","M","R","M","E","T","$","E"],"items_purchased_type":["Relic","Card"],"build_version":"2020-12-22","purchased_purges":0,"victory":false,"max_hp_per_floor":[72,72,72,72,72,72,72,72,72,72,72,72],"card_choices":[{"not_picked":["MeltingLove","NakedNest"],"picked":"ShyLook","floor":1},{"not_picked":["Swivel","Collect"],"picked":"SandsOfTime","floor":1},{"not_picked":["Bloodbath","OldLady"],"picked":"MeatLantern","floor":2},{"not_picked":["SignatureMove","Collect"],"picked":"InnerPeace","floor":2},{"not_picked":["MHz","WallGazer"],"picked":"CrumblingArmor","floor":3},{"not_picked":["SandsOfTime","ThirdEye"],"picked":"ClearTheMind","floor":3},{"not_picked":["OldLady","LittlePrince"],"picked":"Murderer","floor":5},{"not_picked":["CutThroughFate","BowlingBash"],"picked":"Evaluate","floor":5},{"not_picked":["Wellcheers","GreedKing"],"picked":"OSAHOGD","floor":7},{"not_picked":["Wallop","Halt"],"picked":"DeusExMachina","floor":7},{"not_picked":["Laetitia","FairyFestival"],"picked":"Scorched","floor":8},{"not_picked":["WreathOfFlame","ReachHeaven"],"picked":"FearNoEvil","floor":8}],"player_experience":501871,"relics_obtained":[{"floor":8,"key":"Replay:Bottled Snecko"},{"floor":9,"key":"Thread and Needle"}],"event_choices":[{"cards_removed":["ShyLook"],"damage_healed":5,"gold_gain":0,"player_choice":"Offered Common","damage_taken":0,"max_hp_gain":0,"max_hp_loss":0,"event_name":"Bonfire Elementals","floor":4,"gold_loss":0},{"cards_removed":["ShyLook"],"damage_healed":5,"gold_gain":0,"player_choice":"Offered Special","damage_taken":0,"max_hp_gain":0,"max_hp_loss":0,"event_name":"Bonfire Elementals","floor":4,"gold_loss":0}],"is_beta":false,"boss_relics":[],"items_purged_floors":[],"is_endless":false,"potions_floor_spawned":[3,5,8],"killed_by":"3 Sentries","ascension_level":0}}