{"host":"oe6yjh9x9s1jtd6c","time":1610230088,"event":{"mods":["Act Like it!","BaseMod","Downfall","Hubris","Jorbs\u0027s Wanderer Trilogy","Minty Spire (QoL Compilation)","Permanent Neow","Relic Stats","Replay The Spire","Shop Mod","StSLib","The Jungle"],"gold_per_floor":[116,116,131,131,145,170,170,170,170],"floor_reached":8,"playtime":377,"items_purged":[],"score":95,"play_id":"f8e7b987-5d48-45c4-b40b-130dc707c95d","local_time":"20210109220808","is_ascension_mode":true,"campfire_choices":[{"data":"Loop","floor":7,"key":"SMITH"}],"circlet_count":0,"master_deck":["AscendersBane","Strike_B","Strike_B","Strike_B","Defend_B","Defend_B","Defend_B","Zap","Dualcast","Cold Snap","Loop+1","Glacier","Rip and Tear"],"relics":["Empty Cage","Replay:Bottled Snecko","Replay:Baseball"],"acts_visited":["Exordium"],"potions_floor_usage":[],"damage_taken":[{"damage":13,"enemies":"Small Slimes","floor":1,"turns":5},{"damage":1,"enemies":"2 Louse","floor":3,"turns":4},{"damage":0,"enemies":"Cultist","floor":5,"turns":4},{"damage":30,"enemies":"3 Sentries","floor":6,"turns":10},{"damage":27,"enemies":"Gremlin Nob","floor":8,"turns":5}],"seed_played":"7627796181624153482","potions_obtained":[{"floor":3,"key":"Elixir"}],"is_trial":false,"path_per_floor":["M","?","M","?","M","E","R","E"],"character_chosen":"DEFECT","items_purchased":[],"campfire_rested":0,"item_purchase_floors":[],"current_hp_per_floor":[51,51,50,50,50,20,20,0,0],"gold":170,"neow_bonus":"BOSS_RELIC","is_daily":false,"chose_seed":false,"campfire_upgraded":1,"win_rate":0.0,"timestamp":1610230088,"path_taken":["M","?","M","?","?","E","R","E"],"items_purchased_type":[],"build_version":"2020-12-22","purchased_purges":0,"victory":false,"max_hp_per_floor":[71,71,71,71,71,71,71,71,71],"relic_stats":{"counters":[5,28],"obtain_stats":[{"Replay:Baseball":6,"Replay:Bottled Snecko":4,"Cracked Core":0,"Empty Cage":0},{"Replay:Baseball":4,"Replay:Bottled Snecko":2,"Cracked Core":0,"Empty Cage":0},{"Replay:Baseball":23,"Replay:Bottled Snecko":9,"Cracked Core":0,"Empty Cage":0}]},"card_choices":[{"not_picked":["Leap","ReplayTheSpireMod:System Scan"],"picked":"Cold Snap","floor":1},{"not_picked":["Sweeping Beam","Leap"],"picked":"Glacier","floor":3},{"not_picked":["Steam Power","hubris:SpecializedCircuitry"],"picked":"Rip and Tear","floor":5},{"not_picked":["Gash","Crystallizer","Stack"],"picked":"SKIP","floor":6}],"player_experience":591451,"relics_obtained":[{"floor":6,"key":"Replay:Baseball"}],"event_choices":[{"damage_healed":0,"gold_gain":0,"player_choice":"Gave Potion","damage_taken":0,"relics_obtained":["Replay:Bottled Snecko"],"max_hp_gain":0,"max_hp_loss":0,"event_name":"WeMeetAgain","floor":4,"gold_loss":0}],"is_beta":false,"boss_relics":[],"items_purged_floors":[],"is_endless":false,"potions_floor_spawned":[3],"killed_by":"Gremlin Nob","ascension_level":14}}