{"host":"jexbkylv34f8xu3o","time":1610158903,"event":{"mods":["AchievementEnabler","BaseMod","Colored Map","Colored Powertips","GifTheSpireLib","Highlight Path","Minty Spire (QoL Compilation)","Quick Restart","StSLib"],"gold_per_floor":[116,66,66,66,80,105,105,105,105,105,139,149,178,193,193,296,296,315,328,345,391,28,56,56,56,83,83,101,115,115,115,115],"floor_reached":31,"playtime":906,"items_purged":[],"score":447,"play_id":"28dc3078-7f73-4b67-a459-9bcd833f97d0","local_time":"20210108232143","is_ascension_mode":true,"campfire_choices":[{"data":"Uppercut","floor":8,"key":"SMITH"},{"data":"Bash","floor":10,"key":"SMITH"},{"floor":15,"key":"DIG"},{"floor":27,"key":"REST"},{"floor":30,"key":"REST"}],"circlet_count":0,"master_deck":["AscendersBane","Strike_R","Strike_R","Strike_R","Strike_R","Defend_R","Defend_R","Defend_R","Defend_R","Bash+1","Carnage","Uppercut+1","Shrug It Off","Pommel Strike","Infernal Blade","Fire Breathing","Demon Form","Clothesline+1","Wild Strike","Wild Strike","Disarm+1"],"relics":["Burning Blood","NeowsBlessing","Art of War","Vajra","CultistMask","Du-Vu Doll","Shovel","Blood Vial","The Courier","Busted Crown","Ancient Tea Set","Bag of Preparation","Girya","White Beast Statue","Omamori"],"acts_visited":["Exordium","TheCity"],"potions_floor_usage":[13,16,16,20,23,28,29],"damage_taken":[{"damage":0,"enemies":"Cultist","floor":1,"turns":1},{"damage":0,"enemies":"Small Slimes","floor":5,"turns":1},{"damage":0,"enemies":"Lagavulin","floor":6,"turns":1},{"damage":21,"enemies":"3 Sentries","floor":11,"turns":7},{"damage":4,"enemies":"Jaw Worm","floor":12,"turns":2},{"damage":27,"enemies":"Lagavulin","floor":13,"turns":4},{"damage":0,"enemies":"2 Fungi Beasts","floor":14,"turns":2},{"damage":54,"enemies":"The Guardian","floor":16,"turns":11},{"damage":0,"enemies":"Spheric Guardian","floor":18,"turns":2},{"damage":19,"enemies":"Shell Parasite","floor":19,"turns":4},{"damage":38,"enemies":"Centurion and Healer","floor":20,"turns":4},{"damage":20,"enemies":"Book of Stabbing","floor":23,"turns":4},{"damage":28,"enemies":"Snake Plant","floor":28,"turns":3},{"damage":21,"enemies":"3 Cultists","floor":29,"turns":4},{"damage":43,"enemies":"Slavers","floor":31,"turns":3}],"seed_played":"-159943515344905056","potions_obtained":[{"floor":1,"key":"GamblersBrew"},{"floor":11,"key":"Fire Potion"},{"floor":12,"key":"CultistPotion"},{"floor":13,"key":"BloodPotion"},{"floor":19,"key":"Energy Potion"},{"floor":20,"key":"Energy Potion"},{"floor":28,"key":"Fire Potion"},{"floor":29,"key":"CultistPotion"}],"is_trial":false,"path_per_floor":["M","?","?","$","M","E","?","R","T","R","E","M","E","M","R","B",null,"M","M","M","T","$","E","$","?","T","R","M","M","R","E"],"character_chosen":"IRONCLAD","items_purchased":["Bag of Preparation","Girya"],"campfire_rested":2,"item_purchase_floors":[22,22],"current_hp_per_floor":[78,78,66,66,72,78,78,78,78,78,63,65,44,52,52,22,66,74,63,33,33,33,21,21,21,21,45,25,12,36,0,0],"gold":115,"neow_bonus":"THREE_ENEMY_KILL","is_daily":false,"chose_seed":false,"campfire_upgraded":2,"win_rate":0.0,"timestamp":1610158903,"path_taken":["M","?","?","?","M","E","?","R","T","R","E","M","E","M","R","BOSS","M","?","M","?","$","E","$","?","T","R","M","M","R","E"],"items_purchased_type":["Relic","Relic"],"build_version":"2020-12-22","purchased_purges":0,"victory":false,"max_hp_per_floor":[80,80,80,80,80,80,80,80,80,80,80,80,80,80,80,80,80,80,80,80,80,80,80,80,80,80,80,80,80,80,80,80],"card_choices":[{"not_picked":["Perfected Strike","Iron Wave"],"picked":"Carnage","floor":1},{"not_picked":["Body Slam","Headbutt"],"picked":"Uppercut","floor":5},{"not_picked":["Feel No Pain","Dual Wield"],"picked":"Shrug It Off","floor":6},{"not_picked":["Armaments","Ghostly Armor","Shockwave"],"picked":"SKIP","floor":11},{"not_picked":["Bloodletting","Anger"],"picked":"Pommel Strike","floor":12},{"not_picked":["Armaments","Perfected Strike"],"picked":"Infernal Blade","floor":13},{"not_picked":["Sword Boomerang","Body Slam"],"picked":"Fire Breathing","floor":14},{"not_picked":["Exhume","Fiend Fire"],"picked":"Demon Form","floor":16},{"not_picked":[],"picked":"Clothesline+1","floor":18},{"not_picked":[],"picked":"Wild Strike","floor":19},{"not_picked":["Clash"],"picked":"SKIP","floor":20},{"not_picked":[],"picked":"Wild Strike","floor":23},{"not_picked":["Headbutt"],"picked":"SKIP","floor":28},{"not_picked":[],"picked":"Disarm+1","floor":29}],"player_experience":548835,"relics_obtained":[{"floor":6,"key":"Vajra"},{"floor":9,"key":"Du-Vu Doll"},{"floor":11,"key":"Shovel"},{"floor":13,"key":"Blood Vial"},{"floor":15,"key":"The Courier"},{"floor":21,"key":"Ancient Tea Set"},{"floor":23,"key":"White Beast Statue"},{"floor":26,"key":"Omamori"}],"event_choices":[{"cards_removed":["Strike_R"],"damage_healed":0,"gold_gain":0,"player_choice":"Card Removal","damage_taken":0,"max_hp_gain":0,"max_hp_loss":0,"event_name":"The Cleric","floor":2,"gold_loss":50},{"damage_healed":0,"gold_gain":0,"player_choice":"Success","damage_taken":12,"relics_obtained":["Art of War"],"max_hp_gain":0,"max_hp_loss":0,"event_name":"Scrap Ooze","floor":3,"gold_loss":0},{"damage_healed":0,"gold_gain":0,"player_choice":"Trade","damage_taken":0,"relics_obtained":["CultistMask"],"max_hp_gain":0,"max_hp_loss":0,"event_name":"FaceTrader","floor":7,"gold_loss":0},{"damage_healed":0,"gold_gain":0,"player_choice":"Ignored","damage_taken":0,"max_hp_gain":0,"max_hp_loss":0,"event_name":"Ghosts","floor":25,"gold_loss":0}],"is_beta":false,"boss_relics":[{"not_picked":["Runic Cube","Pandora\u0027s Box"],"picked":"Busted Crown"}],"items_purged_floors":[],"is_endless":false,"potions_floor_spawned":[1,11,12,13,19,20,28,29],"killed_by":"Slavers","ascension_level":10}}