{"host":"bq4pt811tk9yrmjl","time":1610203406,"event":{"mods":["AchievementEnabler","BaseMod","Colored Map","Colored Powertips","Defuse TimeMaze Blight","Hermit","Minty Spire (QoL Compilation)","StSLib","SuperFastMode"],"gold_per_floor":[119,194,194,212,55,90,114,127,127,127,75,96,134,147,147,267,267,287,287,312,10,10,10,44,44,44,44,44],"floor_reached":27,"playtime":586,"items_purged":[],"score":279,"play_id":"c469a644-4bce-4ac4-a7f5-c6b59c063ad6","local_time":"20210109124326","is_ascension_mode":true,"campfire_choices":[{"data":"hermit:GoldenBullet","floor":10,"key":"SMITH"},{"floor":15,"key":"REST"}],"circlet_count":0,"master_deck":["hermit:Strike_Hermit","hermit:Strike_Hermit","hermit:Strike_Hermit","hermit:Strike_Hermit","hermit:Defend_Hermit","hermit:Defend_Hermit","hermit:Defend_Hermit","hermit:Defend_Hermit","hermit:Snapshot","hermit:Covet","hermit:GoldenBullet+1","Injury","hermit:Vantage","hermit:Deadeye","hermit:Manifest","hermit:GhostlyPresence+1","hermit:Magnum","hermit:Headshot+1","hermit:HighCaliber+1"],"relics":["hermit:ClaspedLocket","Golden Idol","PreservedInsect","Unceasing Top","HornCleat","Nloth\u0027s Gift","Juzu Bracelet","Art of War","Bronze Scales","Centennial Puzzle"],"acts_visited":["Exordium","TheCity"],"potions_floor_usage":[7,8,12,13,16,20],"damage_taken":[{"damage":0.0,"enemies":"Cultist","floor":1.0,"turns":1.0},{"damage":0.0,"enemies":"2 Louse","floor":4.0,"turns":2.0},{"damage":0.0,"enemies":"Gremlin Nob","floor":6.0,"turns":1.0},{"damage":6,"enemies":"Jaw Worm","floor":7,"turns":2},{"damage":10,"enemies":"Exordium Thugs","floor":8,"turns":3},{"damage":6,"enemies":"Lots of Slimes","floor":12,"turns":4},{"damage":13,"enemies":"Lagavulin","floor":13,"turns":5},{"damage":0,"enemies":"2 Fungi Beasts","floor":14,"turns":2},{"damage":48,"enemies":"The Guardian","floor":16,"turns":22},{"damage":0,"enemies":"Chosen","floor":18,"turns":4},{"damage":7,"enemies":"2 Thieves","floor":20,"turns":4},{"damage":11,"enemies":"Book of Stabbing","floor":24,"turns":4},{"damage":29,"enemies":"Gremlin Leader","floor":27,"turns":6}],"seed_played":"9082322327549793233","potions_obtained":[{"floor":4.0,"key":"AttackPotion"},{"floor":7,"key":"AttackPotion"},{"floor":8,"key":"GamblersBrew"},{"floor":12,"key":"PowerPotion"},{"floor":16,"key":"CultistPotion"},{"floor":18,"key":"Fire Potion"}],"is_trial":false,"path_per_floor":["M","?","?","M","$","E","M","M","T","R","$","M","E","M","R","B",null,"M","?","M","$","?","$","E","?","T","E"],"character_chosen":"HERMIT","items_purchased":["PreservedInsect","PowerPotion","Juzu Bracelet","Art of War"],"campfire_rested":1,"item_purchase_floors":[5,11,21,21],"current_hp_per_floor":[75,64,64,64,64,64,58,48,48,48,48,42,29,29,51,3,75,75,75,68,68,68,68,57,57,57,28,28],"gold":44,"neow_bonus":"THREE_ENEMY_KILL","is_daily":false,"chose_seed":false,"campfire_upgraded":1,"win_rate":0.0,"timestamp":1610203406,"path_taken":["M","?","?","M","?","E","M","M","T","R","$","M","E","M","R","BOSS","M","?","?","?","?","$","E","?","T","E"],"items_purchased_type":["Relic","Potion","Relic","Relic"],"build_version":"2020-12-22","purchased_purges":0,"victory":false,"max_hp_per_floor":[75,75,75,75,75,75,75,75,75,75,75,75,75,75,75,75,75,75,75,75,75,75,75,75,75,75,75,75],"card_choices":[{"not_picked":["hermit:Quickdraw","hermit:Deadeye"],"picked":"hermit:GoldenBullet","floor":1.0},{"not_picked":["hermit:HoleUp","hermit:Quickdraw"],"picked":"hermit:Vantage","floor":4.0},{"not_picked":["hermit:TrackingShot","hermit:LowProfile","hermit:Dive"],"picked":"SKIP","floor":6.0},{"not_picked":["hermit:FullyLoaded","hermit:HoleUp"],"picked":"hermit:Deadeye","floor":7},{"not_picked":["hermit:Misfire","hermit:Roulette"],"picked":"hermit:Manifest","floor":8},{"not_picked":["hermit:Misfire","hermit:Feint","hermit:Adapt"],"picked":"SKIP","floor":12},{"not_picked":["hermit:LoneWolf","hermit:FatalDesire","hermit:WideOpen"],"picked":"SKIP","floor":13},{"not_picked":["hermit:Grudge","hermit:Showdown"],"picked":"hermit:GhostlyPresence","floor":14},{"not_picked":["hermit:Purgatory","hermit:Roughhouse"],"picked":"hermit:Magnum","floor":16},{"not_picked":["hermit:TakeCover+1","hermit:LoneWolf"],"picked":"hermit:Headshot+1","floor":18},{"not_picked":["hermit:Magnum","hermit:BodyArmor"],"picked":"hermit:HighCaliber+1","floor":20},{"not_picked":["hermit:Roughhouse","hermit:HighCaliber","hermit:FromBeyond"],"picked":"SKIP","floor":24}],"player_experience":148812,"relics_obtained":[{"floor":6.0,"key":"Unceasing Top"},{"floor":13,"key":"HornCleat"},{"floor":24,"key":"Bronze Scales"},{"floor":26,"key":"Centennial Puzzle"}],"event_choices":[{"damage_healed":0.0,"max_hp_gain":0.0,"max_hp_loss":0.0,"gold_gain":75.0,"event_name":"World of Goop","player_choice":"Gather Gold","floor":2.0,"gold_loss":0.0,"damage_taken":11.0},{"damage_healed":0.0,"max_hp_gain":0.0,"max_hp_loss":0.0,"gold_gain":0.0,"event_name":"Golden Idol","player_choice":"Take Wound","floor":3.0,"gold_loss":0.0,"damage_taken":0.0,"relics_obtained":["Golden Idol"],"cards_obtained":["Injury"]},{"damage_healed":0,"gold_gain":0,"player_choice":"Traded Relic","damage_taken":0,"relics_obtained":["Nloth\u0027s Gift"],"max_hp_gain":0,"max_hp_loss":0,"event_name":"N\u0027loth","floor":19,"relics_lost":["NeowsBlessing"],"gold_loss":0},{"damage_healed":0,"gold_gain":0,"player_choice":"Upgraded","damage_taken":0,"max_hp_gain":0,"max_hp_loss":0,"event_name":"Upgrade Shrine","floor":22,"gold_loss":0,"cards_upgraded":["hermit:GhostlyPresence"]}],"is_beta":false,"boss_relics":[{"not_picked":["Coffee Dripper","Runic Dome"],"picked":"hermit:ClaspedLocket"}],"items_purged_floors":[],"is_endless":false,"potions_floor_spawned":[4,7,8,12,16,18],"killed_by":"Gremlin Leader","ascension_level":1}}