{"host":"yecadp3kwkksam5a","time":1610176430,"event":{"mods":["BaseMod","Minty Spire (QoL Compilation)","StSLib"],"gold_per_floor":[111,128,144,159,159,193,213,213,213,240,240,272,284,311,311,386,386,406,420,335,207,207,241,241,241,310,341,356,371,388,418,418,492,492,502,516,179,179,108,108,136,176,176,196,196,231,247,282,282,282,282,282,282,9,39,39],"floor_reached":57,"playtime":3808,"items_purged":["Strike_G","Strike_G","Strike_G+1"],"score":3939,"play_id":"26891cdc-e6af-42a3-b543-36ed63d9d874","local_time":"20210109161350","is_ascension_mode":true,"campfire_choices":[{"data":"Prepared","floor":8.0,"key":"SMITH"},{"floor":15.0,"key":"RECALL"},{"data":"Storm of Steel","floor":24.0,"key":"SMITH"},{"data":"Tactician","floor":32,"key":"SMITH"},{"data":"Corruption","floor":40,"key":"SMITH"},{"data":"Crippling Poison","floor":49,"key":"SMITH"},{"data":"Defend_G","floor":53,"key":"SMITH"}],"circlet_count":0,"master_deck":["AscendersBane","Strike_G+1","Defend_G","Defend_G+1","Defend_G","Defend_G","Defend_G+1","Survivor+1","Neutralize","Corruption+1","Terror","Escape Plan","PiercingWail+1","Blade Dance","Crippling Poison+1","Prepared+1","PiercingWail+1","Bullet Time","Acrobatics","Storm of Steel+1","Calculated Gamble","Cloak And Dagger","Bouncing Flask","Concentrate","Tactician+1","Blur","Infinite Blades","Blur","Storm of Steel","Blade Dance","PiercingWail","Deadly Poison","Acrobatics","Blade Dance","Venomology","Deadly Poison","Leg Sweep","Deflect","Bouncing Flask","PiercingWail+1","Blade Dance","Concentrate","Masterful Stab"],"relics":["Ring of the Snake","Dead Branch","Bottled Tornado","Lantern","Whetstone","Paper Crane","Bottled Lightning","War Paint","Coffee Dripper","Omamori","Necronomicon","Anchor","Blue Candle","Centennial Puzzle","Eternal Feather","Black Star","Membership Card","CeramicFish","Orrery","CaptainsWheel","Ninja Scroll","Ancient Tea Set","PreservedInsect","Happy Flower","Dream Catcher","Vajra","Frozen Eye","Bag of Preparation","Boot"],"acts_visited":["Exordium","TheCity","TheBeyond","TheEnding"],"potions_floor_usage":[42,56,56],"damage_taken":[{"damage":0.0,"enemies":"Cultist","floor":1.0,"turns":3.0},{"damage":0.0,"enemies":"Jaw Worm","floor":2.0,"turns":1.0},{"damage":0.0,"enemies":"2 Louse","floor":3.0,"turns":2.0},{"damage":0.0,"enemies":"Lots of Slimes","floor":4.0,"turns":3.0},{"damage":0.0,"enemies":"Lagavulin","floor":6.0,"turns":3.0},{"damage":0.0,"enemies":"2 Fungi Beasts","floor":7.0,"turns":2.0},{"damage":0.0,"enemies":"Gremlin Nob","floor":10.0,"turns":1.0},{"damage":0.0,"enemies":"3 Sentries","floor":12.0,"turns":2.0},{"damage":0.0,"enemies":"Exordium Thugs","floor":13.0,"turns":1.0},{"damage":0.0,"enemies":"Gremlin Nob","floor":14.0,"turns":1.0},{"damage":0.0,"enemies":"The Guardian","floor":16.0,"turns":2.0},{"damage":0.0,"enemies":"Spheric Guardian","floor":18.0,"turns":1.0},{"damage":0.0,"enemies":"2 Thieves","floor":19.0,"turns":1.0},{"damage":0.0,"enemies":"Slavers","floor":23.0,"turns":1.0},{"damage":1.0,"enemies":"Gremlin Leader","floor":27.0,"turns":1.0},{"damage":0.0,"enemies":"Centurion and Healer","floor":28.0,"turns":1.0},{"damage":0.0,"enemies":"Snake Plant","floor":29.0,"turns":1.0},{"damage":0,"enemies":"3 Cultists","floor":30,"turns":1},{"damage":1,"enemies":"Book of Stabbing","floor":31,"turns":1},{"damage":0,"enemies":"Collector","floor":33,"turns":1},{"damage":0,"enemies":"Orb Walker","floor":35,"turns":1},{"damage":1,"enemies":"3 Darklings","floor":36,"turns":1},{"damage":0,"enemies":"4 Shapes","floor":41,"turns":1},{"damage":0,"enemies":"Reptomancer","floor":42,"turns":1},{"damage":0,"enemies":"Writhing Mass","floor":44,"turns":2},{"damage":0,"enemies":"Nemesis","floor":46,"turns":1},{"damage":0,"enemies":"Sphere and 2 Shapes","floor":47,"turns":1},{"damage":0,"enemies":"Giant Head","floor":48,"turns":1},{"damage":0,"enemies":"Donu and Deca","floor":50,"turns":1},{"damage":16,"enemies":"Time Eater","floor":51,"turns":8},{"damage":0,"enemies":"Shield and Spear","floor":55,"turns":1},{"damage":2,"enemies":"The Heart","floor":56,"turns":4}],"seed_played":"6483449723765918141","potions_obtained":[{"floor":3.0,"key":"Poison Potion"},{"floor":7.0,"key":"ColorlessPotion"}],"is_trial":false,"path_per_floor":["M","M","M","M","?","E","M","R","T","E","?","E","M","E","R","B",null,"M","M","?","$","?","E","R","?","T","E","M","M","M","E","R","B",null,"M","M","$","?","$","R","M","E","T","M","$","E","M","E","R","B","B",null,"R","$","E","B",null],"character_chosen":"THE_SILENT","items_purchased":["Cloak And Dagger","Membership Card","CeramicFish","PiercingWail","Deadly Poison","Acrobatics","Blade Dance","Orrery","Concentrate","Vajra","Frozen Eye","Masterful Stab"],"campfire_rested":0,"item_purchase_floors":[21,37,37,37,37,39,39,39,54,54,54,54],"current_hp_per_floor":[65,65,65,65,54,54,54,54,54,54,32,32,32,32,32,32,62,62,62,62,62,41,41,41,72,72,71,71,71,71,70,72,72,72,72,71,71,71,71,72,72,72,72,72,72,72,72,72,72,72,56,68,72,72,72,70],"gold":39,"neow_bonus":"TEN_PERCENT_HP_BONUS","is_daily":false,"chose_seed":false,"campfire_upgraded":6,"win_rate":0.0,"timestamp":1610176430,"path_taken":["M","?","?","M","?","E","M","R","T","E","?","E","M","E","R","BOSS","M","M","?","$","?","E","R","?","T","E","M","M","M","E","R","BOSS","M","M","?","?","$","R","M","E","T","M","$","E","?","E","R","BOSS","BOSS","R","$","E","BOSS"],"items_purchased_type":["Card","Relic","Relic","Card","Card","Card","Card","Relic","Card","Relic","Relic","Card"],"build_version":"2020-12-22","purchased_purges":3,"victory":true,"max_hp_per_floor":[72,72,72,72,72,72,72,72,72,72,72,72,72,72,72,72,72,72,72,72,72,72,72,72,72,72,72,72,72,72,72,72,72,72,72,72,72,72,72,72,72,72,72,72,72,72,72,72,72,72,72,72,72,72,72,72],"card_choices":[{"not_picked":["Dodge and Roll","Bane"],"picked":"Terror","floor":1.0},{"not_picked":["Eviscerate","Blade Dance"],"picked":"Escape Plan","floor":2.0},{"not_picked":["Masterful Stab","Bane"],"picked":"PiercingWail","floor":3.0},{"not_picked":["Finisher","Leg Sweep"],"picked":"Blade Dance","floor":4.0},{"not_picked":["Dagger Throw","Backflip"],"picked":"Crippling Poison","floor":6.0},{"not_picked":["Sucker Punch","Footwork"],"picked":"Prepared","floor":7.0},{"not_picked":["Bane","Slice"],"picked":"PiercingWail","floor":10.0},{"not_picked":["Accuracy","Outmaneuver","Dash"],"picked":"SKIP","floor":12.0},{"not_picked":["Tactician","Bouncing Flask"],"picked":"Bullet Time","floor":13.0},{"not_picked":["Expertise","Deflect"],"picked":"Acrobatics","floor":14.0},{"not_picked":["A Thousand Cuts","Burst"],"picked":"Storm of Steel","floor":16.0},{"not_picked":["Dash","Bane"],"picked":"Calculated Gamble","floor":18.0},{"not_picked":["Terror","Accuracy","Footwork"],"picked":"SKIP","floor":19.0},{"not_picked":["Dagger Spray","Outmaneuver"],"picked":"Bouncing Flask","floor":23.0},{"not_picked":["Noxious Fumes+1","Endless Agony"],"picked":"Concentrate","floor":27.0},{"not_picked":["Sucker Punch+1","Dagger Throw"],"picked":"Tactician","floor":28.0},{"not_picked":["Die Die Die","Flying Knee"],"picked":"Blur","floor":29},{"not_picked":["Quick Slash","Distraction"],"picked":"Infinite Blades","floor":30},{"not_picked":["Heel Hook","Grand Finale"],"picked":"Blur","floor":31},{"not_picked":["Night Terror","Burst"],"picked":"Storm of Steel","floor":33},{"not_picked":["Sucker Punch","Calculated Gamble","Slice"],"picked":"SKIP","floor":35},{"not_picked":["Dagger Spray","Flying Knee+1"],"picked":"Blade Dance","floor":36},{"not_picked":["Deadly Poison","Quick Slash+1"],"picked":"Venomology","floor":39},{"not_picked":["Underhanded Strike","Cloak And Dagger"],"picked":"Deadly Poison","floor":39},{"not_picked":["Footwork","Infinite Blades"],"picked":"Leg Sweep","floor":39},{"not_picked":["Poisoned Stab+1","Quick Slash"],"picked":"Deflect","floor":39},{"not_picked":["Outmaneuver","Unload"],"picked":"Bouncing Flask","floor":41},{"not_picked":["Slice","Leg Sweep"],"picked":"PiercingWail+1","floor":42},{"not_picked":["Dagger Throw","Expertise","Footwork+1"],"picked":"SKIP","floor":44},{"not_picked":["Cloak And Dagger+1","Malaise"],"picked":"Blade Dance","floor":46},{"not_picked":["Dagger Spray","Blade Dance","Sucker Punch+1"],"picked":"SKIP","floor":47},{"not_picked":["Bullet Time","Escape Plan","Flechettes"],"picked":"SKIP","floor":48},{"not_picked":["Flechettes","Masterful Stab","Sucker Punch"],"picked":"SKIP","floor":55}],"player_experience":441661,"relics_obtained":[{"floor":6.0,"key":"Whetstone"},{"floor":10.0,"key":"Paper Crane"},{"floor":12.0,"key":"Bottled Lightning"},{"floor":14.0,"key":"War Paint"},{"floor":22.0,"key":"Necronomicon"},{"floor":23.0,"key":"Anchor"},{"floor":26.0,"key":"Blue Candle"},{"floor":27.0,"key":"Centennial Puzzle"},{"floor":31,"key":"Eternal Feather"},{"floor":42,"key":"CaptainsWheel"},{"floor":42,"key":"Ninja Scroll"},{"floor":43,"key":"Ancient Tea Set"},{"floor":46,"key":"PreservedInsect"},{"floor":46,"key":"Dead Branch"},{"floor":48,"key":"Happy Flower"},{"floor":48,"key":"Dream Catcher"},{"floor":55,"key":"Bag of Preparation"},{"floor":55,"key":"Boot"}],"event_choices":[{"damage_healed":0.0,"max_hp_gain":0.0,"max_hp_loss":0.0,"gold_gain":0.0,"event_name":"Scrap Ooze","player_choice":"Success","floor":5.0,"gold_loss":0.0,"damage_taken":11.0,"relics_obtained":["Lantern"]},{"damage_healed":0.0,"max_hp_gain":0.0,"max_hp_loss":0.0,"gold_gain":0.0,"event_name":"Shining Light","player_choice":"Entered Light","floor":11.0,"gold_loss":0.0,"damage_taken":22.0,"cards_upgraded":["PiercingWail","Survivor"]},{"damage_healed":0.0,"max_hp_gain":0.0,"max_hp_loss":0.0,"gold_gain":0.0,"event_name":"Addict","player_choice":"Obtained Relic","floor":20.0,"gold_loss":85.0,"damage_taken":0.0,"relics_obtained":["Omamori"]},{"damage_healed":0.0,"max_hp_gain":0.0,"max_hp_loss":0.0,"gold_gain":0.0,"event_name":"Cursed Tome","player_choice":"Obtained Book","floor":22.0,"gold_loss":0.0,"damage_taken":21.0},{"damage_healed":31.0,"max_hp_gain":0.0,"max_hp_loss":0.0,"gold_gain":0.0,"event_name":"Wheel of Change","player_choice":"Full Heal","floor":25.0,"gold_loss":0.0,"damage_taken":0.0},{"cards_removed":["Strike_G"],"damage_healed":0,"gold_gain":0,"player_choice":"Card Removal","damage_taken":0,"max_hp_gain":0,"max_hp_loss":0,"event_name":"Wheel of Change","floor":38,"gold_loss":0}],"is_beta":false,"boss_relics":[{"not_picked":["SacredBark","Astrolabe"],"picked":"Coffee Dripper"},{"not_picked":["Ring of the Serpent","Runic Pyramid"],"picked":"Black Star"}],"items_purged_floors":[21,37,54],"is_endless":false,"potions_floor_spawned":[3,7,13,14,16,19,28,31,33,41,44,46,47,55],"ascension_level":20}}