{"host":"f5y45f7z7ziu0smp","time":1610176565,"event":{"mods":["AchievementEnabler","BaseMod","Koishi","Marisa£¨Ùöéë¡¡Øª×âÞÞ£©","Minty Spire (QoL Compilation)","StSLib","SuperFastMode","The Hierophant"],"gold_per_floor":[115,290,365,290,307,307,307,307,307,307,307,307,322,348,348,451,451,470,470,78,78,88,88,101,101,124,150,150,150,150,150],"floor_reached":30,"playtime":493,"items_purged":["Doubt","Crescendo+1"],"score":257,"play_id":"1d367280-0c10-46b5-bb5d-53b00678dc40","local_time":"20210109161605","daily_mods":["SealedDeck","Time Dilation","Flight","Lethality"],"is_ascension_mode":false,"campfire_choices":[{"data":"Crescendo","floor":6,"key":"SMITH"},{"data":"Adaptation","floor":7,"key":"SMITH"},{"data":"MentalFortress","floor":8,"key":"SMITH"},{"data":"FlurryOfBlows","floor":10,"key":"SMITH"},{"data":"ClearTheMind","floor":15,"key":"SMITH"},{"data":"FlurryOfBlows","floor":23,"key":"SMITH"},{"data":"BowlingBash","floor":28,"key":"SMITH"},{"data":"Tantrum","floor":29,"key":"SMITH"}],"circlet_count":0,"master_deck":["FollowUp","FollowUp","BowlingBash+1","CutThroughFate","FlurryOfBlows+1","Tantrum","ClearTheMind+1","FlurryOfBlows+1","MentalFortress+1","Adaptation+1","Master of Strategy+1","CutThroughFate","Tantrum+1"],"relics":["PureWater","War Paint"],"acts_visited":["Exordium","TheCity"],"potions_floor_usage":[],"damage_taken":[{"damage":0,"enemies":"2 Louse","floor":1,"turns":1},{"damage":0,"enemies":"Jaw Worm","floor":5,"turns":1},{"damage":0,"enemies":"Small Slimes","floor":13,"turns":1},{"damage":48,"enemies":"Hexaghost","floor":16,"turns":3},{"damage":0,"enemies":"2 Thieves","floor":18,"turns":1},{"damage":0,"enemies":"Chosen","floor":22,"turns":1},{"damage":0,"enemies":"Sentry and Sphere","floor":24,"turns":2},{"damage":0,"enemies":"Gremlin Leader","floor":27,"turns":1}],"seed_played":"-5188919834448368648","potions_obtained":[{"floor":5,"key":"Explosive Potion"},{"floor":24,"key":"GamblersBrew"}],"is_trial":true,"path_per_floor":["M","?","?","$","M","R","R","R","T","R","$","$","M","T","R","B",null,"M","?","$","?","M","R","M","$","T","E","R","R","R"],"character_chosen":"WATCHER","items_purchased":["Master of Strategy","CutThroughFate","Tantrum"],"campfire_rested":0,"item_purchase_floors":[20,20,20],"current_hp_per_floor":[72,72,61,61,61,61,61,61,61,61,61,61,61,61,61,13,72,72,72,72,72,72,72,72,72,72,72,72,72,72,72],"gold":150,"neow_bonus":"","is_daily":false,"chose_seed":false,"campfire_upgraded":8,"win_rate":0.0,"timestamp":1610176565,"path_taken":["M","?","?","$","M","R","R","R","T","R","$","$","M","?","R","BOSS","M","?","$","?","M","R","M","?","T","E","R","R","R"],"items_purchased_type":["Card","Card","Card"],"build_version":"2020-12-22","purchased_purges":2,"victory":false,"max_hp_per_floor":[72,72,72,72,72,72,72,72,72,72,72,72,72,72,72,72,72,72,72,72,72,72,72,72,72,72,72,72,72,72,72],"card_choices":[{"not_picked":["JustLucky","Halt"],"picked":"Adaptation","floor":1},{"not_picked":["Perseverance","CrushJoints","BowlingBash"],"picked":"SKIP","floor":5},{"not_picked":["BattleHymn","Prostrate","Halt"],"picked":"SKIP","floor":13},{"not_picked":["Prostrate+1","FlyingSleeves","BowlingBash"],"picked":"SKIP","floor":18},{"not_picked":["SandsOfTime","JustLucky","Tantrum"],"picked":"SKIP","floor":22},{"not_picked":["FlurryOfBlows","EmptyBody","Fasting2"],"picked":"SKIP","floor":24},{"not_picked":["Devotion","WheelKick","CutThroughFate"],"picked":"SKIP","floor":27}],"player_experience":80261,"relics_obtained":[{"floor":27,"key":"War Paint"}],"event_choices":[{"damage_healed":0,"gold_gain":175,"player_choice":"AGREE","damage_taken":0,"max_hp_gain":0,"max_hp_loss":0,"event_name":"Liars Game","floor":2,"gold_loss":0,"cards_obtained":["Doubt"]},{"damage_healed":0,"gold_gain":75,"player_choice":"Gather Gold","damage_taken":11,"max_hp_gain":0,"max_hp_loss":0,"event_name":"World of Goop","floor":3,"gold_loss":0},{"damage_healed":0,"gold_gain":0,"player_choice":"Ignored","damage_taken":0,"max_hp_gain":0,"max_hp_loss":0,"event_name":"Vampires","floor":19,"gold_loss":0},{"damage_healed":0,"gold_gain":0,"player_choice":"Ignored","damage_taken":0,"max_hp_gain":0,"max_hp_loss":0,"event_name":"The Mausoleum","floor":21,"gold_loss":0}],"is_beta":false,"boss_relics":[{"not_picked":["Snecko Eye","Busted Crown","Runic Pyramid"]}],"items_purged_floors":[4,20],"is_endless":false,"potions_floor_spawned":[5,24],"ascension_level":0}}