{"host":"y3h3n3f7seyagppx","time":1610151957,"event":{"mods":["AlwaysNeverKeys","BaseMod","Better Vampires","Colored Powertips","DeckTracker","Emptier Cage","Minty Spire (QoL Compilation)","Permanent Neow","Quick Restart","Rare Cards Sparkle","Relic Sorter","Relic Stats","StSLib","Transform Curses"],"gold_per_floor":[218,56,75,87,12,12,24,59,59,89,89,103,133,167,167,245,245,261,261,261,1,1,36,36,67,67,98,44,72,72,172,172,244,244,258,0,13,30,82,109,109,140,140,140,140,151,164,197,197,197,197,197,197,24,57,57,57],"floor_reached":56,"playtime":8007,"items_purged":["Strike_G","Decay"],"score":2254,"play_id":"d464d830-0c69-4aa1-9f05-bdd1d5ae6fb2","local_time":"20210108192557","is_ascension_mode":true,"campfire_choices":[{"data":"Neutralize","floor":6.0,"key":"SMITH"},{"data":"Die Die Die","floor":15.0,"key":"SMITH"},{"data":"Wraith Form v2","floor":24.0,"key":"SMITH"},{"data":"Cloak And Dagger","floor":32.0,"key":"SMITH"},{"data":"Wraith Form v2","floor":41.0,"key":"SMITH"},{"data":"Well Laid Plans","floor":44,"key":"SMITH"},{"data":"Cloak And Dagger","floor":49,"key":"SMITH"},{"data":"Leg Sweep","floor":53,"key":"SMITH"}],"circlet_count":0,"master_deck":["AscendersBane","Defend_G","Defend_G","Defend_G","Defend_G","Defend_G","Survivor","Neutralize+1","Poisoned Stab","Poisoned Stab","Terror","Dagger Spray","Backstab","Die Die Die+1","Backflip","Backflip","Riddle With Holes","Wraith Form v2+1","Acrobatics","Ghostly","Ghostly","Ghostly","Bite","Bite","Bite","Bite","Adrenaline","Backflip","Leg Sweep+1","Cloak And Dagger+1","RitualDagger","Prepared+1","Wraith Form v2+1","PiercingWail+1","Cloak And Dagger+1","Well Laid Plans+1","PiercingWail+1","Blade Dance+1","Flash of Steel+1","Secret Technique","Bane+1","Tools of the Trade","Infinite Blades+1"],"relics":["Ring of the Snake","Oddly Smooth Stone","Shuriken","HornCleat","Bottled Flame","Odd Mushroom","Darkstone Periapt","Cursed Key","PreservedInsect","Juzu Bracelet","Happy Flower","Dream Catcher","Paper Crane","Girya","Molten Egg 2","Philosopher\u0027s Stone","ClockworkSouvenir","Akabeko","Tingsha","Pantograph","Art of War","Incense Burner"],"acts_visited":["Exordium","TheCity","TheBeyond","TheEnding"],"potions_floor_usage":[56,56],"damage_taken":[{"damage":3.0,"enemies":"Cultist","floor":1.0,"turns":5.0},{"damage":0.0,"enemies":"2 Louse","floor":3.0,"turns":2.0},{"damage":1.0,"enemies":"Small Slimes","floor":4.0,"turns":4.0},{"damage":5.0,"enemies":"Looter","floor":7.0,"turns":4.0},{"damage":25.0,"enemies":"3 Sentries","floor":8.0,"turns":8.0},{"damage":0.0,"enemies":"Gremlin Nob","floor":10.0,"turns":3.0},{"damage":0.0,"enemies":"2 Fungi Beasts","floor":12.0,"turns":2.0},{"damage":3.0,"enemies":"The Mushroom Lair","floor":13.0,"turns":3.0},{"damage":1.0,"enemies":"3 Sentries","floor":14.0,"turns":4.0},{"damage":6.0,"enemies":"The Guardian","floor":16.0,"turns":10.0},{"damage":5.0,"enemies":"Shell Parasite","floor":18.0,"turns":5.0},{"damage":0.0,"enemies":"Slavers","floor":23.0,"turns":3.0},{"damage":8.0,"enemies":"Gremlin Leader","floor":25.0,"turns":5.0},{"damage":2.0,"enemies":"Book of Stabbing","floor":27.0,"turns":4.0},{"damage":2.0,"enemies":"Gremlin Leader","floor":29.0,"turns":5.0},{"damage":1.0,"enemies":"Colosseum Slavers","floor":31.0,"turns":5.0},{"damage":0.0,"enemies":"Colosseum Nobs","floor":31.0,"turns":3.0},{"damage":21.0,"enemies":"Champ","floor":33.0,"turns":16.0},{"damage":1.0,"enemies":"Orb Walker","floor":35.0,"turns":6.0},{"damage":0.0,"enemies":"3 Shapes","floor":37.0,"turns":4.0},{"damage":1.0,"enemies":"Maw","floor":38.0,"turns":8.0},{"damage":1.0,"enemies":"2 Orb Walkers","floor":39.0,"turns":5.0},{"damage":2.0,"enemies":"Nemesis","floor":40.0,"turns":9.0},{"damage":14.0,"enemies":"Giant Head","floor":42.0,"turns":6.0},{"damage":0,"enemies":"4 Shapes","floor":46,"turns":5},{"damage":0,"enemies":"Spire Growth","floor":47,"turns":4},{"damage":0,"enemies":"Nemesis","floor":48,"turns":5},{"damage":1,"enemies":"Awakened One","floor":50,"turns":13},{"damage":2,"enemies":"Donu and Deca","floor":51,"turns":9},{"damage":0,"enemies":"Shield and Spear","floor":55,"turns":4},{"damage":33,"enemies":"The Heart","floor":56,"turns":5}],"seed_played":"86609248394966211","potions_obtained":[{"floor":1.0,"key":"Strength Potion"},{"floor":7.0,"key":"SteroidPotion"},{"floor":10.0,"key":"Dexterity Potion"},{"floor":16.0,"key":"AttackPotion"},{"floor":33.0,"key":"Swift Potion"},{"floor":35.0,"key":"DuplicationPotion"}],"is_trial":false,"path_per_floor":["M","$","M","M","$","R","M","E","T","E","?","M","?","E","R","B",null,"M","?","?","$","?","E","R","E","T","E","$","E","?","?","R","B",null,"M","$","M","M","?","E","R","E","T","R","?","M","M","E","R","B","B",null,"R","$","E","B"],"character_chosen":"THE_SILENT","items_purchased":["Oddly Smooth Stone","PreservedInsect","Swift Potion","ClockworkSouvenir","Cloak And Dagger","Well Laid Plans","Art of War"],"campfire_rested":0,"item_purchase_floors":[2,21,28,36,36,36,54],"current_hp_per_floor":[56,56,56,55,55,55,50,25,25,25,25,25,22,21,21,15,53,48,33,39,39,29,29,29,27,27,29,29,29,23,29,29,23,28,29,29,29,29,29,29,29,23,23,23,13,19,25,29,29,29,29,29,29,29,29,0,0],"gold":57,"neow_bonus":"HUNDRED_GOLD","is_daily":false,"chose_seed":false,"campfire_upgraded":8,"win_rate":0.0,"timestamp":1610151957,"path_taken":["M","?","M","?","$","R","M","E","T","E","?","M","?","E","R","BOSS","M","?","?","$","?","E","R","E","T","E","?","E","?","?","R","BOSS","M","$","M","M","?","E","R","E","T","R","?","M","M","E","R","BOSS","BOSS","R","$","E","BOSS"],"items_purchased_type":["Relic","Relic","Potion","Relic","Card","Card","Relic"],"build_version":"2020-12-22","purchased_purges":2,"victory":false,"max_hp_per_floor":[66,66,66,66,66,66,66,66,66,66,66,66,66,66,66,66,66,66,33,39,39,29,29,29,29,29,29,29,29,29,29,29,29,29,29,29,29,29,29,29,29,29,29,29,29,29,29,29,29,29,29,29,29,29,29,29,29],"relic_stats":{"Darkstone Periapt":6,"Happy Flower":[38],"counters":[31,174],"Tingsha":[97],"PreservedInsect":518,"Juzu Bracelet":1,"Cursed Key":0,"Dream Catcher":0,"Shuriken":[91],"Pantograph":0,"Art of War":[0],"obtain_stats":[{"Darkstone Periapt":14,"Girya":31,"Happy Flower":25,"Oddly Smooth Stone":2,"Tingsha":42,"PreservedInsect":21,"Juzu Bracelet":23,"Incense Burner":55,"Odd Mushroom":13,"Paper Crane":29,"Cursed Key":17,"Akabeko":40,"ClockworkSouvenir":36,"Bottled Flame":10,"Dream Catcher":27,"HornCleat":9,"Shuriken":8,"Pantograph":48,"Molten Egg 2":31,"Philosopher\u0027s Stone":34,"Art of War":54,"Ring of the Snake":0},{"Darkstone Periapt":9,"Girya":17,"Happy Flower":13,"Oddly Smooth Stone":1,"Tingsha":24,"PreservedInsect":11,"Juzu Bracelet":12,"Incense Burner":30,"Odd Mushroom":8,"Paper Crane":15,"Cursed Key":10,"Akabeko":23,"ClockworkSouvenir":19,"Bottled Flame":6,"Dream Catcher":14,"HornCleat":5,"Shuriken":5,"Pantograph":27,"Molten Egg 2":17,"Philosopher\u0027s Stone":18,"Art of War":29,"Ring of the Snake":0},{"Darkstone Periapt":35,"Girya":75,"Happy Flower":58,"Oddly Smooth Stone":5,"Tingsha":129,"PreservedInsect":50,"Juzu Bracelet":53,"Incense Burner":169,"Odd Mushroom":31,"Paper Crane":67,"Cursed Key":45,"Akabeko":123,"ClockworkSouvenir":97,"Bottled Flame":26,"Dream Catcher":62,"HornCleat":23,"Shuriken":23,"Pantograph":143,"Molten Egg 2":75,"Philosopher\u0027s Stone":91,"Art of War":165,"Ring of the Snake":0}],"Ring of the Snake":[62]},"card_choices":[{"not_picked":["All Out Attack","Deflect"],"picked":"Poisoned Stab","floor":1.0},{"not_picked":["Sucker Punch","Deadly Poison"],"picked":"Poisoned Stab","floor":3.0},{"not_picked":["Accuracy","Dagger Throw"],"picked":"Terror","floor":4.0},{"not_picked":["Deadly Poison","Eviscerate"],"picked":"Dagger Spray","floor":7.0},{"not_picked":["Terror","Quick Slash"],"picked":"Backstab","floor":8.0},{"not_picked":["Escape Plan","Catalyst"],"picked":"Die Die Die","floor":10.0},{"not_picked":["Caltrops","Deflect"],"picked":"Backflip","floor":12.0},{"not_picked":["Sucker Punch","Dodge and Roll"],"picked":"Backflip","floor":13.0},{"not_picked":["PiercingWail","Catalyst"],"picked":"Riddle With Holes","floor":14.0},{"not_picked":["Bullet Time","Grand Finale"],"picked":"Wraith Form v2","floor":16.0},{"not_picked":["Catalyst","Reflex"],"picked":"Acrobatics","floor":18.0},{"not_picked":["Prepared","Choke"],"picked":"Adrenaline","floor":23.0},{"not_picked":["Choke","Setup+1"],"picked":"Backflip","floor":25.0},{"not_picked":["Prepared","Slice"],"picked":"Leg Sweep","floor":27.0},{"not_picked":["Underhanded Strike","Backstab+1"],"picked":"Cloak And Dagger","floor":29.0},{"not_picked":["Dodge and Roll","Terror"],"picked":"Prepared+1","floor":31.0},{"not_picked":["Phantasmal Killer","Die Die Die+1"],"picked":"Wraith Form v2","floor":33.0},{"not_picked":["Masterful Stab+1","Calculated Gamble"],"picked":"PiercingWail+1","floor":35.0},{"not_picked":["Leg Sweep","Tactician"],"picked":"PiercingWail+1","floor":37.0},{"not_picked":["Blur","Dodge and Roll"],"picked":"Blade Dance+1","floor":38.0},{"not_picked":["Corpse Explosion","Well Laid Plans","PiercingWail"],"picked":"SKIP","floor":40.0},{"not_picked":["Masterful Stab+1","Slice+1","Underhanded Strike+1"],"picked":"SKIP","floor":42.0},{"not_picked":["Swift Strike+1","Finesse"],"picked":"Flash of Steel+1","floor":45},{"not_picked":["Dramatic Entrance+1","Mind Blast+1"],"picked":"Secret Technique","floor":45},{"not_picked":["Masterful Stab+1","Deadly Poison","Tactician"],"picked":"SKIP","floor":46},{"not_picked":["Noxious Fumes","Tactician","Bane+1"],"picked":"SKIP","floor":47},{"not_picked":["Noxious Fumes","Tactician"],"picked":"Bane+1","floor":47},{"not_picked":["Sucker Punch+1","Outmaneuver"],"picked":"Tools of the Trade","floor":48},{"not_picked":["Distraction","Dagger Spray+1"],"picked":"Infinite Blades+1","floor":55}],"player_experience":20509929,"relics_obtained":[{"floor":8.0,"key":"Shuriken"},{"floor":9.0,"key":"HornCleat"},{"floor":10.0,"key":"Bottled Flame"},{"floor":13.0,"key":"Odd Mushroom"},{"floor":14.0,"key":"Darkstone Periapt"},{"floor":23.0,"key":"Juzu Bracelet"},{"floor":25.0,"key":"Happy Flower"},{"floor":27.0,"key":"Dream Catcher"},{"floor":29.0,"key":"Paper Crane"},{"floor":31.0,"key":"Girya"},{"floor":31.0,"key":"Molten Egg 2"},{"floor":40.0,"key":"Akabeko"},{"floor":42.0,"key":"Tingsha"},{"floor":48,"key":"Pantograph"},{"floor":55,"key":"Incense Burner"}],"event_choices":[{"damage_healed":0.0,"max_hp_gain":0.0,"max_hp_loss":0.0,"gold_gain":0.0,"event_name":"Shining Light","player_choice":"Ignored","floor":11.0,"gold_loss":0.0,"damage_taken":0.0},{"damage_healed":0.0,"max_hp_gain":0.0,"max_hp_loss":0.0,"gold_gain":0.0,"event_name":"Mushrooms","player_choice":"Fought Mushrooms","floor":13.0,"gold_loss":0.0,"damage_taken":0.0},{"damage_healed":0.0,"max_hp_gain":0.0,"max_hp_loss":33.0,"gold_gain":0.0,"event_name":"Ghosts","player_choice":"Became a Ghost","floor":19.0,"gold_loss":0.0,"damage_taken":0.0,"cards_obtained":["Ghostly","Ghostly","Ghostly"]},{"damage_healed":0.0,"max_hp_gain":0.0,"max_hp_loss":0.0,"gold_gain":0.0,"event_name":"Forgotten Altar","player_choice":"Smashed Altar","floor":20.0,"gold_loss":0.0,"damage_taken":0.0,"cards_obtained":["Decay"]},{"damage_healed":0.0,"max_hp_gain":0.0,"max_hp_loss":10.0,"gold_gain":0.0,"event_name":"Vampires","player_choice":"Became a vampire","floor":22.0,"gold_loss":0.0,"damage_taken":0.0,"cards_obtained":["Bite","Bite","Bite","Bite"]},{"damage_healed":0.0,"max_hp_gain":0.0,"max_hp_loss":0.0,"gold_gain":0.0,"event_name":"Nest","player_choice":"Joined the Cult","floor":30.0,"gold_loss":0.0,"damage_taken":6.0,"cards_obtained":["RitualDagger"]},{"damage_healed":0.0,"max_hp_gain":0.0,"max_hp_loss":0.0,"gold_gain":0.0,"event_name":"Colosseum","player_choice":"Fight","floor":31.0,"gold_loss":0.0,"damage_taken":0.0},{"damage_healed":0.0,"max_hp_gain":0.0,"max_hp_loss":0.0,"gold_gain":0.0,"event_name":"Colosseum","player_choice":"Fought Nobs","floor":31.0,"gold_loss":0.0,"damage_taken":0.0},{"damage_healed":0.0,"max_hp_gain":0.0,"max_hp_loss":0.0,"gold_gain":0.0,"event_name":"Mysterious Sphere","player_choice":"Fight","floor":39.0,"gold_loss":0.0,"damage_taken":0.0},{"damage_healed":0,"gold_gain":0,"player_choice":"Memory 3","damage_taken":10,"max_hp_gain":0,"max_hp_loss":0,"event_name":"SensoryStone","floor":45,"gold_loss":0}],"is_beta":false,"boss_relics":[{"not_picked":["Runic Dome","Ectoplasm"],"picked":"Cursed Key"},{"not_picked":["Pandora\u0027s Box","Snecko Eye"],"picked":"Philosopher\u0027s Stone"}],"items_purged_floors":[5,21],"is_endless":false,"potions_floor_spawned":[1,7,10,16,31,33,35,42],"killed_by":"The Heart","ascension_level":20}}