{"host":"3l94tha3a4jgu0q4","time":1610193184,"event":{"mods":["2.2 Compatiblity","AchievementEnabler","BaseMod","Colored Map","Colored Powertips","Highlight Path","Minty Spire (QoL Compilation)","Permanent Neow","StSLib","SuperFastMode"],"gold_per_floor":[116,116,116,131,147,147,147,147,147,179,104,104,104],"floor_reached":12,"playtime":157,"items_purged":["Strike_P"],"score":129,"play_id":"ce791b8c-5a82-4102-bae7-22de32fdfeee","local_time":"20210109035304","is_ascension_mode":true,"campfire_choices":[{"data":"Eruption","floor":6,"key":"SMITH"},{"data":"SignatureMove","floor":8,"key":"SMITH"}],"circlet_count":0,"master_deck":["AscendersBane","Strike_P","Strike_P","Defend_P","Defend_P","Defend_P","Defend_P","Eruption+1","Vigilance","Prostrate","SignatureMove+1","Halt","DevaForm"],"relics":["VioletLotus","Ancient Tea Set","Singing Bowl","InkBottle"],"acts_visited":["Exordium"],"potions_floor_usage":[12],"damage_taken":[{"damage":2,"enemies":"2 Louse","floor":1,"turns":3},{"damage":1,"enemies":"Small Slimes","floor":4,"turns":5},{"damage":14,"enemies":"Jaw Worm","floor":5,"turns":7},{"damage":9,"enemies":"3 Sentries","floor":10,"turns":6},{"damage":16,"enemies":"Gremlin Nob","floor":12,"turns":2}],"seed_played":"4799188069255116358","potions_obtained":[{"floor":10,"key":"Fire Potion"}],"is_trial":false,"path_per_floor":["M","?","?","M","M","R","?","R","T","E","$","E"],"character_chosen":"WATCHER","items_purchased":[],"campfire_rested":0,"item_purchase_floors":[],"current_hp_per_floor":[59,52,40,39,25,25,25,25,25,16,16,0,0],"gold":104,"neow_bonus":"BOSS_RELIC","is_daily":false,"chose_seed":false,"campfire_upgraded":2,"win_rate":0.0,"timestamp":1610193184,"path_taken":["M","?","?","M","M","R","?","R","T","E","$","E"],"items_purchased_type":[],"build_version":"2020-12-22","purchased_purges":1,"victory":false,"max_hp_per_floor":[68,68,68,68,68,68,68,68,68,68,68,68,68],"card_choices":[{"not_picked":["FollowUp","CrushJoints"],"picked":"Prostrate","floor":1},{"not_picked":["JustLucky","FlyingSleeves"],"picked":"SignatureMove","floor":4},{"not_picked":["FlyingSleeves","SashWhip"],"picked":"Halt","floor":5},{"not_picked":["Nirvana","Fasting2"],"picked":"DevaForm","floor":10}],"player_experience":1911775,"relics_obtained":[{"floor":9,"key":"Singing Bowl"},{"floor":10,"key":"InkBottle"}],"event_choices":[{"cards_removed":["Strike_P"],"damage_healed":0,"gold_gain":0,"player_choice":"Card Removal","damage_taken":7,"max_hp_gain":0,"max_hp_loss":0,"event_name":"Golden Wing","floor":2,"gold_loss":0},{"damage_healed":0,"gold_gain":0,"player_choice":"Success","damage_taken":12,"relics_obtained":["Ancient Tea Set"],"max_hp_gain":0,"max_hp_loss":0,"event_name":"Scrap Ooze","floor":3,"gold_loss":0},{"damage_healed":0,"gold_gain":0,"player_choice":"Ignored","damage_taken":0,"max_hp_gain":0,"max_hp_loss":0,"event_name":"Liars Game","floor":7,"gold_loss":0}],"is_beta":false,"boss_relics":[],"items_purged_floors":[11],"is_endless":false,"potions_floor_spawned":[10],"killed_by":"Gremlin Nob","ascension_level":14}}