{"host":"cbu6enf2xtq4r7r3","time":1610152996,"event":{"mods":["2.2 Compatiblity","AlwaysNeverKeys","BaseMod","Better Match","Better Note","Better Sensory Stone","Better Skull","Better Third Choice","Colored Map","Colored Powertips","Defuse TimeMaze Blight","Emptier Cage","Minty Spire (QoL Compilation)","Permanent Neow","Quick Restart","Random Character Button","Relic Sorter","Reorder Act Four","Shop Mod","StSLib"],"gold_per_floor":[11,11,27,41,58,85,101,101,101,101,101,101],"floor_reached":11,"playtime":332,"items_purged":[],"score":83,"play_id":"ad945ab8-2e67-4f07-af93-721be29b0247","local_time":"20210109014316","is_ascension_mode":true,"campfire_choices":[{"data":"Self Repair","floor":8,"key":"SMITH"},{"data":"Defragment","floor":10,"key":"SMITH"}],"circlet_count":0,"master_deck":["Strike_B","Strike_B","Defend_B","Defend_B","Defend_B","Defend_B","Zap","Dualcast","Defragment+1","Cold Snap","Defragment","Self Repair+1","Sweeping Beam","Redo"],"relics":["Cracked Core","Anchor","InkBottle"],"acts_visited":["Exordium"],"potions_floor_usage":[4,5,6],"damage_taken":[{"damage":3,"enemies":"2 Louse","floor":1,"turns":3},{"damage":0,"enemies":"Cultist","floor":3,"turns":3},{"damage":0,"enemies":"Jaw Worm","floor":4,"turns":4},{"damage":49,"enemies":"Gremlin Gang","floor":5,"turns":4},{"damage":6,"enemies":"Lagavulin","floor":6,"turns":8},{"damage":4,"enemies":"Blue Slaver","floor":7,"turns":4},{"damage":38,"enemies":"Gremlin Nob","floor":11,"turns":4}],"seed_played":"-3903736645696306670","potions_obtained":[{"floor":1,"key":"Regen Potion"},{"floor":2,"key":"SpeedPotion"},{"floor":2,"key":"Block Potion"},{"floor":5,"key":"AttackPotion"}],"is_trial":false,"path_per_floor":["M","?","M","M","M","E","M","R","T","R","E"],"character_chosen":"DEFECT","items_purchased":[],"campfire_rested":0,"item_purchase_floors":[],"current_hp_per_floor":[72,72,72,72,23,24,27,27,27,27,0,0],"gold":101,"neow_bonus":"REMOVE_TWO","is_daily":false,"chose_seed":false,"campfire_upgraded":2,"win_rate":0.0,"timestamp":1610152996,"path_taken":["M","?","M","M","?","E","M","R","T","R","E"],"items_purchased_type":[],"build_version":"2020-12-22","purchased_purges":0,"victory":false,"max_hp_per_floor":[75,75,75,75,75,75,75,75,75,75,75,75],"card_choices":[{"not_picked":["Blizzard","Fusion"],"picked":"Defragment","floor":1},{"not_picked":["Darkness","Rebound"],"picked":"Cold Snap","floor":3},{"not_picked":["Barrage","Stack"],"picked":"Defragment","floor":4},{"not_picked":["Steam","Reinforced Body"],"picked":"Self Repair","floor":5},{"not_picked":["Leap","Streamline"],"picked":"Sweeping Beam","floor":6},{"not_picked":["Lockon","Streamline"],"picked":"Redo","floor":7}],"player_experience":67279,"relics_obtained":[{"floor":6,"key":"Anchor"},{"floor":9,"key":"InkBottle"}],"event_choices":[{"damage_healed":0,"gold_gain":0,"player_choice":"Got Potions","damage_taken":0,"max_hp_gain":0,"max_hp_loss":0,"event_name":"Lab","floor":2,"gold_loss":0}],"is_beta":false,"boss_relics":[],"items_purged_floors":[],"is_endless":false,"potions_floor_spawned":[1,3,5],"killed_by":"Gremlin Nob","ascension_level":2}}