{"host":"oiw60b5ins9fyx34","time":1610181937,"event":{"mods":["BaseMod","Colored Map","Colored Powertips","Minty Spire (QoL Compilation)","Permanent Neow","Quick Restart","Relic Stats","StSLib"],"gold_per_floor":[114,114,131,131,131,170,170,188,213,213,233,268,4,20,20,151,151,171,171,109,130,143,176,176,226,226,269,288,312,312,312,312,436,436,451,308,369,369,432,432,445,445,472,513,450,475,498,541,541,541,541,541,406,437,437],"floor_reached":56,"playtime":4178,"items_purged":["Berserk","Havoc","Injury","Parasite"],"score":1303,"play_id":"f6250ef5-4ddc-437a-aedf-19deb78c1857","local_time":"20210109174537","is_ascension_mode":false,"campfire_choices":[{"floor":7,"key":"REST"},{"data":"Uppercut","floor":10,"key":"SMITH"},{"data":"Whirlwind","floor":15,"key":"SMITH"},{"data":"Limit Break","floor":24,"key":"SMITH"},{"data":"Pummel","floor":30,"key":"SMITH"},{"data":"J.A.X.","floor":32,"key":"SMITH"},{"floor":40,"key":"RECALL"},{"data":"1","floor":42,"key":"LIFT"},{"data":"2","floor":49,"key":"LIFT"},{"data":"3","floor":52,"key":"LIFT"}],"circlet_count":0,"master_deck":["Bash+1","Iron Wave","Flame Barrier+1","Shrug It Off+1","Iron Wave+1","Whirlwind+1","Metallicize","Combust","Wild Strike","Shrug It Off","Uppercut+1","Inflame","Shrug It Off","Flame Barrier","Limit Break+1","Headbutt+1","J.A.X.+1","Evolve","Impervious","Pummel+1","Reaper","Inflame","Disarm+1","Double Tap"],"relics":["Pandora\u0027s Box","Orichalcum","Golden Idol","Red Skull","MealTicket","Vajra","Membership Card","Bag of Marbles","Cursed Key","Girya","Tiny Chest","Runic Pyramid","Medical Kit","Dead Branch","Gambling Chip","Ancient Tea Set","Whetstone","Centennial Puzzle"],"acts_visited":["Exordium","TheCity","TheBeyond","TheEnding"],"potions_floor_usage":[11,12,16,27,27,33,33,33,44,50,55,55,55],"damage_taken":[{"damage":0,"enemies":"2 Louse","floor":1,"turns":1},{"damage":0,"enemies":"Small Slimes","floor":3,"turns":2},{"damage":8,"enemies":"Gremlin Nob","floor":6,"turns":4},{"damage":0,"enemies":"Jaw Worm","floor":8,"turns":4},{"damage":2,"enemies":"Exordium Thugs","floor":11,"turns":4},{"damage":0,"enemies":"3 Sentries","floor":12,"turns":3},{"damage":2,"enemies":"2 Fungi Beasts","floor":14,"turns":3},{"damage":10,"enemies":"Hexaghost","floor":16,"turns":9},{"damage":3,"enemies":"Shell Parasite","floor":18,"turns":6},{"damage":0,"enemies":"3 Byrds","floor":21,"turns":3},{"damage":13,"enemies":"Snake Plant","floor":22,"turns":3},{"damage":19,"enemies":"Slavers","floor":23,"turns":4},{"damage":11,"enemies":"Book of Stabbing","floor":27,"turns":4},{"damage":8,"enemies":"Cultist and Chosen","floor":28,"turns":3},{"damage":3,"enemies":"Chosen and Byrds","floor":29,"turns":3},{"damage":11,"enemies":"Collector","floor":33,"turns":7},{"damage":1,"enemies":"Orb Walker","floor":35,"turns":4},{"damage":63,"enemies":"2 Orb Walkers","floor":37,"turns":6},{"damage":7,"enemies":"Mind Bloom Boss Battle","floor":39,"turns":7},{"damage":21,"enemies":"3 Darklings","floor":41,"turns":7},{"damage":31,"enemies":"Nemesis","floor":44,"turns":5},{"damage":12,"enemies":"Sphere and 2 Shapes","floor":46,"turns":7},{"damage":24,"enemies":"Writhing Mass","floor":47,"turns":4},{"damage":17,"enemies":"Giant Head","floor":48,"turns":8},{"damage":58,"enemies":"Awakened One","floor":50,"turns":9},{"damage":44,"enemies":"Shield and Spear","floor":54,"turns":6},{"damage":108,"enemies":"The Heart","floor":55,"turns":7}],"seed_played":"-819468927941649617","potions_obtained":[{"floor":3,"key":"GamblersBrew"},{"floor":8,"key":"Regen Potion"},{"floor":11,"key":"Explosive Potion"},{"floor":16,"key":"GamblersBrew"},{"floor":23,"key":"SkillPotion"},{"floor":27,"key":"Regen Potion"},{"floor":29,"key":"DistilledChaos"},{"floor":37,"key":"EssenceOfSteel"},{"floor":41,"key":"Swift Potion"},{"floor":44,"key":"CultistPotion"},{"floor":46,"key":"PowerPotion"}],"is_trial":false,"path_per_floor":["M","?","M","?","?","E","R","M","T","R","M","E","$","M","R","B",null,"M","?","$","M","M","E","R","?","T","E","M","M","R","?","R","B",null,"M","$","?","T","?","R","M","R","T","E","$","M","M","E","R","B",null,"R","$","E","B",null],"character_chosen":"IRONCLAD","items_purchased":["Membership Card","Bag of Marbles","Evolve","AttackPotion","Medical Kit","Inflame","BloodPotion","LiquidBronze"],"campfire_rested":1,"item_purchase_floors":[13,13,20,20,36,36,53,53],"current_hp_per_floor":[80,62,62,46,26,18,42,42,42,42,40,40,55,53,53,58,80,77,77,80,80,67,48,48,48,48,37,29,26,26,52,52,55,80,79,80,61,61,79,79,80,80,80,49,64,80,56,64,64,45,80,80,77,68,24],"gold":437,"neow_bonus":"BOSS_RELIC","is_daily":false,"chose_seed":false,"campfire_upgraded":5,"win_rate":0.0,"timestamp":1610181937,"path_taken":["M","?","M","?","?","E","R","M","T","R","M","E","?","?","R","BOSS","M","?","$","M","M","E","R","?","T","E","M","?","R","?","R","BOSS","M","$","?","?","?","R","M","R","T","E","$","M","?","E","R","BOSS","R","$","E","BOSS"],"items_purchased_type":["Relic","Relic","Card","Potion","Relic","Card","Potion","Potion"],"build_version":"2020-12-22","purchased_purges":4,"victory":true,"max_hp_per_floor":[80,80,80,80,80,80,80,80,80,80,80,80,80,80,80,80,80,80,80,80,80,80,80,80,80,80,80,80,80,80,80,80,80,80,80,80,80,80,80,80,80,80,80,80,80,80,80,80,80,80,80,80,77,77,77],"relic_stats":{"counters":[27,133],"Golden Idol":227,"Dead Branch":[49],"Whetstone":["Iron Wave","Bash"],"Orichalcum":[72],"Cursed Key":1,"Medical Kit":[1],"Centennial Puzzle":[3],"Gambling Chip":[12],"Pandora\u0027s Box":["Iron Wave","Berserk","Flame Barrier","Shrug It Off","Iron Wave","Whirlwind","Metallicize","Combust","Wild Strike"],"MealTicket":34,"Tiny Chest":1,"obtain_stats":[{"Girya":23,"Golden Idol":5,"Dead Branch":37,"Vajra":12,"Whetstone":48,"Orichalcum":2,"Cursed Key":17,"Medical Kit":36,"Ancient Tea Set":44,"Burning Blood":0,"Centennial Puzzle":54,"Gambling Chip":39,"Pandora\u0027s Box":0,"MealTicket":9,"Tiny Chest":27,"Bag of Marbles":13,"Membership Card":13,"Red Skull":6,"Runic Pyramid":34},{"Girya":12,"Golden Idol":2,"Dead Branch":18,"Vajra":6,"Whetstone":24,"Orichalcum":1,"Cursed Key":8,"Medical Kit":17,"Ancient Tea Set":21,"Burning Blood":0,"Centennial Puzzle":26,"Gambling Chip":19,"Pandora\u0027s Box":0,"MealTicket":4,"Tiny Chest":13,"Bag of Marbles":6,"Membership Card":6,"Red Skull":3,"Runic Pyramid":16},{"Girya":46,"Golden Idol":3,"Dead Branch":73,"Vajra":18,"Whetstone":111,"Orichalcum":1,"Cursed Key":30,"Medical Kit":67,"Ancient Tea Set":92,"Burning Blood":0,"Centennial Puzzle":126,"Gambling Chip":80,"Pandora\u0027s Box":0,"MealTicket":11,"Tiny Chest":50,"Bag of Marbles":18,"Membership Card":18,"Red Skull":7,"Runic Pyramid":63}]},"card_choices":[{"not_picked":["True Grit","Metallicize"],"picked":"Shrug It Off","floor":1},{"not_picked":["Ghostly Armor","Pommel Strike"],"picked":"Uppercut","floor":3},{"not_picked":["Warcry","Entrench","Clash"],"picked":"SKIP","floor":6},{"not_picked":["Entrench","Anger"],"picked":"Inflame","floor":8},{"not_picked":["Dropkick","Iron Wave","Headbutt"],"picked":"SKIP","floor":11},{"not_picked":["Flex","Hemokinesis"],"picked":"Shrug It Off","floor":12},{"not_picked":["Infernal Blade","Seeing Red"],"picked":"Flame Barrier","floor":14},{"not_picked":["Bludgeon","Juggernaut"],"picked":"Limit Break","floor":16},{"not_picked":["Cleave","Flex"],"picked":"Headbutt+1","floor":18},{"not_picked":["Perfected Strike","Heavy Blade"],"picked":"Havoc","floor":21},{"not_picked":["Havoc","Perfected Strike","Shrug It Off"],"picked":"SKIP","floor":22},{"not_picked":["Reckless Charge","Armaments+1"],"picked":"Impervious","floor":23},{"not_picked":["Clash","True Grit"],"picked":"Pummel","floor":27},{"not_picked":["Entrench","Dark Embrace","Twin Strike"],"picked":"SKIP","floor":28},{"not_picked":["Body Slam","Dual Wield","Shrug It Off"],"picked":"SKIP","floor":29},{"not_picked":["Offering","Fiend Fire"],"picked":"Reaper","floor":33},{"not_picked":["Wild Strike+1","Iron Wave","Pummel"],"picked":"SKIP","floor":35},{"not_picked":["Perfected Strike+1","Pommel Strike","Second Wind"],"picked":"SKIP","floor":41},{"not_picked":["Warcry","Flex"],"picked":"Disarm+1","floor":44},{"not_picked":["Whirlwind+1","Armaments+1","Sword Boomerang"],"picked":"SKIP","floor":46},{"not_picked":["Dark Embrace","Hemokinesis"],"picked":"Double Tap","floor":47},{"not_picked":["Iron Wave+1","Flex","Combust"],"picked":"SKIP","floor":48},{"not_picked":["Twin Strike","Rage","Uppercut"],"picked":"SKIP","floor":54}],"player_experience":581587,"relics_obtained":[{"floor":6,"key":"Red Skull"},{"floor":9,"key":"MealTicket"},{"floor":12,"key":"Vajra"},{"floor":23,"key":"Girya"},{"floor":27,"key":"Tiny Chest"},{"floor":37,"key":"Dead Branch"},{"floor":39,"key":"Gambling Chip"},{"floor":44,"key":"Ancient Tea Set"},{"floor":48,"key":"Whetstone"},{"floor":54,"key":"Centennial Puzzle"}],"event_choices":[{"damage_healed":0,"gold_gain":0,"player_choice":"Success","damage_taken":18,"relics_obtained":["Orichalcum"],"max_hp_gain":0,"max_hp_loss":0,"event_name":"Scrap Ooze","floor":2,"gold_loss":0},{"damage_healed":0,"gold_gain":0,"player_choice":"Entered Light","damage_taken":16,"max_hp_gain":0,"max_hp_loss":0,"event_name":"Shining Light","floor":4,"gold_loss":0,"cards_upgraded":["Shrug It Off","Flame Barrier"]},{"damage_healed":0,"gold_gain":0,"player_choice":"Take Damage","damage_taken":20,"relics_obtained":["Golden Idol"],"max_hp_gain":0,"max_hp_loss":0,"event_name":"Golden Idol","floor":5,"gold_loss":0},{"damage_healed":0,"gold_gain":0,"player_choice":"Obtain J.A.X.","damage_taken":0,"max_hp_gain":0,"max_hp_loss":0,"event_name":"Drug Dealer","floor":19,"gold_loss":0,"cards_obtained":["J.A.X."]},{"damage_healed":0,"gold_gain":100,"player_choice":"Bet on Murderer","damage_taken":0,"max_hp_gain":0,"max_hp_loss":0,"event_name":"The Joust","floor":25,"gold_loss":50},{"damage_healed":26,"gold_gain":0,"player_choice":"Heal","damage_taken":0,"max_hp_gain":0,"max_hp_loss":0,"event_name":"The Library","floor":31,"gold_loss":0},{"damage_healed":0,"gold_gain":0,"player_choice":"Fight","damage_taken":0,"max_hp_gain":0,"max_hp_loss":0,"event_name":"Mysterious Sphere","floor":37,"gold_loss":0},{"damage_healed":0,"gold_gain":0,"player_choice":"Fight","damage_taken":0,"max_hp_gain":0,"max_hp_loss":0,"event_name":"MindBloom","floor":39,"gold_loss":0}],"is_beta":false,"boss_relics":[{"not_picked":["Runic Cube","Astrolabe"],"picked":"Cursed Key"},{"not_picked":["Busted Crown","Calling Bell"],"picked":"Runic Pyramid"}],"items_purged_floors":[13,36,45,53],"is_endless":false,"potions_floor_spawned":[3,8,11,16,23,27,29,37,41,44,46,47,54],"ascension_level":0}}