{"host":"rwomhe7k24zy6c7l","time":1610170655,"event":{"mods":["Act Like it!","BaseMod","Colored Powertips","Conspire","Gensokyo","Hallownest","Luminous","Minty Spire (QoL Compilation)","RumiaBox-露米娅的神秘盒子","StSLib","The Bug Knight","Waifu the Spire","WarShipGirlsR/战舰少女R mod","【功能Mod】聪明的最终Boss"],"gold_per_floor":[110,129,145,161,161,161,178,192,274,152,152,180,9,32,32,32,32],"floor_reached":16,"playtime":743,"items_purged":["rmod:strick"],"score":102,"play_id":"7200d956-e3fd-4aa2-a891-29308649b20f","local_time":"20210109133735","is_ascension_mode":false,"campfire_choices":[{"data":"rmod:chargemoney","floor":6,"key":"SMITH"},{"floor":11,"key":"REST"},{"floor":15,"key":"REST"}],"circlet_count":0,"master_deck":["rmod:strick","rmod:strick","rmod:strick","rmod:defend","rmod:defend","rmod:defend","rmod:defend","rmod:basicallowance","rmod:maingunfire","rmod:firesupport","rmod:luckystar","rmod:chargemoney+1","rmod:goodsister","rmod:fletcherpendant"],"relics":["rmod:firstchargereward","Sundial","Membership Card","PreservedInsect"],"acts_visited":["Exordium"],"potions_floor_usage":[12,16,16],"damage_taken":[{"damage":11,"enemies":"Jaw Worm","floor":1,"turns":2},{"damage":6,"enemies":"Cultist","floor":2,"turns":3},{"damage":4,"enemies":"Small Slimes","floor":3,"turns":3},{"damage":5,"enemies":"Blue Slaver","floor":4,"turns":2},{"damage":10,"enemies":"Looter","floor":7,"turns":2},{"damage":6,"enemies":"Red Slaver","floor":8,"turns":2},{"damage":31,"enemies":"3 Sentries","floor":12,"turns":6},{"damage":58,"enemies":"The Guardian","floor":16,"turns":8}],"seed_played":"5069614011547015379","potions_obtained":[{"floor":2,"key":"Strength Potion"},{"floor":8,"key":"Energy Potion"}],"is_trial":false,"path_per_floor":["M","M","M","M","?","R","M","M","T","$","R","E","$","T","R","B"],"character_chosen":"PRAEFECT","items_purchased":["rmod:fletcherpendant","Membership Card","PowerPotion"],"campfire_rested":2,"item_purchase_floors":[10,13,13],"current_hp_per_floor":[71,65,61,56,56,56,46,40,40,40,64,33,33,33,57,0,0],"gold":32,"neow_bonus":"TEN_PERCENT_HP_BONUS","is_daily":false,"chose_seed":false,"campfire_upgraded":1,"win_rate":0.0,"timestamp":1610170655,"path_taken":["M","M","M","M","?","R","M","M","T","$","R","E","$","?","R","BOSS"],"items_purchased_type":["Card","Relic","Potion"],"build_version":"2020-12-22","purchased_purges":1,"victory":false,"max_hp_per_floor":[82,82,82,82,82,82,82,82,82,82,82,82,82,82,82,82,82],"card_choices":[{"not_picked":["rmod:maintain","rmod:combined"],"picked":"rmod:firesupport","floor":1},{"not_picked":["rmod:steelsupply","rmod:supportescort"],"picked":"rmod:luckystar","floor":2},{"not_picked":["rmod:generalist","rmod:unsinkable"],"picked":"rmod:chargemoney","floor":3},{"not_picked":["rmod:expeditionaryescort","rmod:intelligenceanalysis","rmod:ammunitionsupply"],"picked":"SKIP","floor":4},{"not_picked":["rmod:garrisonisland","rmod:victimresponsibility","rmod:firesupport"],"picked":"SKIP","floor":7},{"not_picked":["rmod:aviationdawn","rmod:gendarmerie"],"picked":"rmod:goodsister","floor":8},{"not_picked":["rmod:intelligenceanalysis","rmod:supportaircraftcarrier","rmod:windflower"],"picked":"SKIP","floor":12}],"player_experience":119856,"relics_obtained":[{"floor":12,"key":"Sundial"},{"floor":14,"key":"PreservedInsect"}],"event_choices":[{"damage_healed":0,"gold_gain":0,"player_choice":"Ignored","damage_taken":0,"max_hp_gain":0,"max_hp_loss":0,"event_name":"NoteForYourself","floor":5,"gold_loss":0}],"is_beta":false,"boss_relics":[],"items_purged_floors":[10],"is_endless":false,"potions_floor_spawned":[2,8],"killed_by":"The Guardian","ascension_level":0}}