{"host":"daa8jqyg4gqfaysm","time":1610190191,"event":{"mods":["BaseMod","Colored Powertips","Minty Spire (QoL Compilation)","StSLib"],"gold_per_floor":[116,53,4,24,36,69,69,87,87,87,97,97,132,11,11,108,108,108,108,8,8,8,8,8,8,8,8,8,8,8,8,8,8,8,8,8,8,8,8,8,8,8,8,8,8,8,8,8,8,8,8,8,8,8,8],"floor_reached":56,"playtime":2593,"items_purged":["Normality","Strike_G"],"score":1385,"play_id":"b42b3aea-a8a0-46e4-88d1-f5fa39f39ba4","local_time":"20210109190311","is_ascension_mode":false,"campfire_choices":[{"data":"A Thousand Cuts","floor":7.0,"key":"SMITH"},{"data":"Well Laid Plans","floor":10.0,"key":"SMITH"},{"data":"Neutralize","floor":12.0,"key":"SMITH"},{"data":"Burst","floor":15.0,"key":"SMITH"},{"data":"Burst","floor":23.0,"key":"SMITH"},{"data":"Wraith Form v2","floor":25.0,"key":"SMITH"},{"data":"Cloak And Dagger","floor":29.0,"key":"SMITH"},{"data":"Footwork","floor":32.0,"key":"SMITH"},{"floor":42.0,"key":"RECALL"},{"data":"After Image","floor":47.0,"key":"SMITH"},{"floor":49.0,"key":"REST"},{"data":"Caltrops","floor":52,"key":"SMITH"}],"circlet_count":0,"master_deck":["Strike_G+1","Strike_G+1","Strike_G+1","Strike_G+1","Defend_G+1","Defend_G+1","Defend_G+1","Defend_G+1","Defend_G+1","Survivor","Neutralize+1","A Thousand Cuts+1","Well Laid Plans+1","Blade Dance","PiercingWail","Cloak And Dagger+1","Acrobatics","Cloak And Dagger+1","Burst+1","Slice","Burst+1","Blade Dance+1","Wraith Form v2+1","Blur","Caltrops+1","Footwork+1","Infinite Blades","After Image+1","Prepared+1","Backflip+1","Escape Plan+1","Dodge and Roll+1"],"relics":["Ring of the Snake","Anchor","Mercury Hourglass","Bag of Marbles","Bag of Preparation","Ectoplasm","Enchiridion","Mummified Hand","White Beast Statue","Red Mask","Tiny House","The Specimen","Ornamental Fan","Toxic Egg 2","Bottled Flame"],"acts_visited":["Exordium","TheCity","TheBeyond","TheEnding"],"potions_floor_usage":[55,55,55],"damage_taken":[{"damage":2.0,"enemies":"Jaw Worm","floor":1.0,"turns":7.0},{"damage":1.0,"enemies":"Cultist","floor":4.0,"turns":4.0},{"damage":2.0,"enemies":"Small Slimes","floor":5.0,"turns":3.0},{"damage":10.0,"enemies":"3 Sentries","floor":6.0,"turns":8.0},{"damage":4.0,"enemies":"2 Fungi Beasts","floor":8.0,"turns":3.0},{"damage":0.0,"enemies":"3 Louse","floor":11.0,"turns":4.0},{"damage":8.0,"enemies":"Lagavulin","floor":13.0,"turns":6.0},{"damage":11.0,"enemies":"Slime Boss","floor":16.0,"turns":7.0},{"damage":0.0,"enemies":"Chosen","floor":18.0,"turns":4.0},{"damage":3.0,"enemies":"Shell Parasite","floor":19.0,"turns":4.0},{"damage":1.0,"enemies":"Slavers","floor":24.0,"turns":4.0},{"damage":0.0,"enemies":"Snecko","floor":27.0,"turns":2.0},{"damage":0.0,"enemies":"Shelled Parasite and Fungi","floor":28.0,"turns":4.0},{"damage":0.0,"enemies":"Centurion and Healer","floor":30.0,"turns":5.0},{"damage":0.0,"enemies":"Masked Bandits","floor":31.0,"turns":1.0},{"damage":0.0,"enemies":"Automaton","floor":33.0,"turns":8.0},{"damage":0.0,"enemies":"Orb Walker","floor":35.0,"turns":3.0},{"damage":16.0,"enemies":"2 Orb Walkers","floor":36.0,"turns":4.0},{"damage":0.0,"enemies":"3 Shapes","floor":37.0,"turns":3.0},{"damage":0.0,"enemies":"Giant Head","floor":40.0,"turns":10.0},{"damage":0.0,"enemies":"Transient","floor":41.0,"turns":5.0},{"damage":24.0,"enemies":"Reptomancer","floor":44.0,"turns":7.0},{"damage":0.0,"enemies":"3 Darklings","floor":45.0,"turns":2.0},{"damage":0.0,"enemies":"Writhing Mass","floor":46.0,"turns":7.0},{"damage":0.0,"enemies":"Donu and Deca","floor":50.0,"turns":7.0},{"damage":0,"enemies":"Shield and Spear","floor":54,"turns":7},{"damage":5,"enemies":"The Heart","floor":55,"turns":8}],"seed_played":"-6028881069954572013","potions_obtained":[{"floor":1.0,"key":"Strength Potion"},{"floor":13.0,"key":"Explosive Potion"},{"floor":16.0,"key":"AttackPotion"},{"floor":28.0,"key":"DuplicationPotion"},{"floor":31.0,"key":"SteroidPotion"},{"floor":33.0,"key":"Fruit Juice"},{"floor":34.0,"key":"PowerPotion"}],"is_trial":false,"path_per_floor":["M","?","$","M","M","E","R","M","T","R","M","R","E","$","R","B",null,"M","M","$","?","?","R","E","R","T","M","M","R","M","?","R","B",null,"M","?","M","$","?","E","M","R","T","E","M","M","R","?","R","B",null,"R","$","E","B",null],"character_chosen":"THE_SILENT","items_purchased":["Blade Dance","Slice"],"campfire_rested":1,"item_purchase_floors":[3,14],"current_hp_per_floor":[68,68,68,67,65,55,55,51,51,51,51,51,43,43,43,32,70,70,67,67,67,51,51,50,50,50,50,50,50,50,50,50,55,80,80,64,64,64,64,64,64,64,64,40,40,40,40,40,62,62,76,76,76,76,71],"gold":8,"neow_bonus":"THREE_RARE_CARDS","is_daily":false,"chose_seed":false,"campfire_upgraded":10,"win_rate":0.0,"timestamp":1610190191,"path_taken":["M","?","$","M","M","E","R","M","T","R","?","R","E","$","R","BOSS","M","M","?","?","?","R","E","R","T","M","M","R","M","?","R","BOSS","M","?","M","$","?","E","?","R","T","E","M","M","R","?","R","BOSS","R","$","E","BOSS"],"items_purchased_type":["Card","Card"],"build_version":"2020-12-22","purchased_purges":2,"victory":true,"max_hp_per_floor":[70,70,70,70,70,70,70,70,70,70,70,70,70,70,70,70,70,70,70,70,70,70,70,70,70,70,70,70,70,70,70,70,75,80,80,80,80,80,80,80,80,80,80,80,80,80,80,76,76,76,76,76,76,76,76],"card_choices":[{"not_picked":["Storm of Steel","Bullet Time"],"picked":"A Thousand Cuts","floor":0.0},{"not_picked":["Catalyst","Poisoned Stab"],"picked":"Well Laid Plans","floor":1.0},{"not_picked":["Distraction","Flying Knee"],"picked":"PiercingWail","floor":4.0},{"not_picked":["Backflip","Bouncing Flask"],"picked":"Cloak And Dagger","floor":5.0},{"not_picked":["Dash","Flechettes"],"picked":"Acrobatics","floor":6.0},{"not_picked":["Corpse Explosion","Flying Knee"],"picked":"Cloak And Dagger","floor":8.0},{"not_picked":["Eviscerate","Acrobatics","Deadly Poison"],"picked":"SKIP","floor":11.0},{"not_picked":["Prepared","Heel Hook"],"picked":"Burst","floor":13.0},{"not_picked":["Unload","Envenom"],"picked":"Burst","floor":16.0},{"not_picked":["Acrobatics","Backflip"],"picked":"Blade Dance+1","floor":18.0},{"not_picked":["Blade Dance","Underhanded Strike","Acrobatics"],"picked":"SKIP","floor":19.0},{"not_picked":["Masterful Stab+1","Setup+1"],"picked":"Wraith Form v2","floor":24.0},{"not_picked":["Sucker Punch+1","Escape Plan"],"picked":"Blur","floor":27.0},{"not_picked":["Dagger Throw","Deflect+1"],"picked":"Caltrops","floor":28.0},{"not_picked":["Acrobatics","Bane"],"picked":"Footwork","floor":30.0},{"not_picked":["Prepared","Leg Sweep"],"picked":"Infinite Blades","floor":31.0},{"not_picked":["Malaise","Venomology"],"picked":"After Image","floor":33.0},{"not_picked":["Backstab","PiercingWail"],"picked":"Prepared+1","floor":34.0},{"not_picked":["Prepared","Bane"],"picked":"Backflip+1","floor":35.0},{"not_picked":["Backflip","Endless Agony+1","Choke"],"picked":"SKIP","floor":37.0},{"not_picked":["Dagger Spray+1","Prepared+1"],"picked":"Escape Plan+1","floor":40.0},{"not_picked":["Bullet Time","Acrobatics+1","Dagger Spray"],"picked":"SKIP","floor":41.0},{"not_picked":["Underhanded Strike","Backflip+1","Leg Sweep+1"],"picked":"SKIP","floor":44.0},{"not_picked":["Quick Slash+1","Caltrops","Deflect+1"],"picked":"SKIP","floor":45.0},{"not_picked":["Flechettes+1","Deflect+1","Die Die Die"],"picked":"SKIP","floor":46.0},{"not_picked":["Underhanded Strike","Slice"],"picked":"Dodge and Roll+1","floor":54}],"player_experience":798691,"relics_obtained":[{"floor":6.0,"key":"Mercury Hourglass"},{"floor":9.0,"key":"Bag of Marbles"},{"floor":13.0,"key":"Bag of Preparation"},{"floor":22.0,"key":"Enchiridion"},{"floor":24.0,"key":"Mummified Hand"},{"floor":26.0,"key":"White Beast Statue"},{"floor":31.0,"key":"Red Mask"},{"floor":36.0,"key":"The Specimen"},{"floor":40.0,"key":"Ornamental Fan"},{"floor":44.0,"key":"Toxic Egg 2"},{"floor":54,"key":"Bottled Flame"}],"event_choices":[{"damage_healed":0.0,"max_hp_gain":0.0,"max_hp_loss":0.0,"gold_gain":0.0,"event_name":"WeMeetAgain","player_choice":"Paid Gold","floor":2.0,"gold_loss":63.0,"damage_taken":0.0,"relics_obtained":["Anchor"]},{"damage_healed":0.0,"max_hp_gain":0.0,"max_hp_loss":0.0,"gold_gain":0.0,"event_name":"Back to Basics","player_choice":"Simplicity","floor":21.0,"gold_loss":0.0,"damage_taken":0.0,"cards_upgraded":["Strike_G","Strike_G","Strike_G","Strike_G","Defend_G","Defend_G","Defend_G","Defend_G","Defend_G"]},{"damage_healed":0.0,"max_hp_gain":0.0,"max_hp_loss":0.0,"gold_gain":0.0,"event_name":"Cursed Tome","player_choice":"Obtained Book","floor":22.0,"gold_loss":0.0,"damage_taken":16.0},{"damage_healed":0.0,"max_hp_gain":0.0,"max_hp_loss":0.0,"gold_gain":0.0,"event_name":"Masked Bandits","player_choice":"Fought Bandits","floor":31.0,"gold_loss":0.0,"damage_taken":0.0},{"damage_healed":0.0,"max_hp_gain":0.0,"max_hp_loss":0.0,"gold_gain":0.0,"event_name":"Mysterious Sphere","player_choice":"Fight","floor":36.0,"gold_loss":0.0,"damage_taken":0.0},{"damage_healed":0.0,"max_hp_gain":0.0,"max_hp_loss":0.0,"gold_gain":0.0,"event_name":"SecretPortal","player_choice":"Ignored","floor":39.0,"gold_loss":0.0,"damage_taken":0.0},{"damage_healed":0.0,"max_hp_gain":0.0,"max_hp_loss":4.0,"gold_gain":0.0,"event_name":"Winding Halls","player_choice":"Max HP","floor":48.0,"gold_loss":0.0,"damage_taken":0.0}],"is_beta":false,"boss_relics":[{"not_picked":["Calling Bell","Ring of the Serpent"],"picked":"Ectoplasm"},{"not_picked":["Velvet Choker","Fusion Hammer"],"picked":"Tiny House"}],"items_purged_floors":[14,20],"is_endless":false,"potions_floor_spawned":[1,13,16,19,27,28,30,31,33,35,36,37,40,41,44,45,46,54],"ascension_level":0}}