{"host":"tr12w2fixbnujl15","time":1610156360,"event":{"mods":["2.2 Compatiblity","BaseMod","Better Skull","BetterRewards","Clockwork Mod","Colored Powertips","Evolution","Hermit","Hubris","Infinite Spire","Koishi","Mad Scientist","Minty Spire (QoL Compilation)","Quick Restart","Replay The Spire","Shop Mod","StSLib","SuperFastMode","The Animator","The Bug Knight","The Construct","The Cursed","The Hierophant","The Necromancer","The Sage","The Senshi","The Servant 0.9.4","The Spell Scribe","TheFirefly","WarShipGirlsR/????R mod"],"gold_per_floor":[115,115,115,141,164,205,205,280,280,328,328,328,375,417,417,515,515,561,561,634,496,557,626,564,564],"floor_reached":24,"playtime":928,"items_purged":[],"score":225,"play_id":"7e4b2de8-d69f-4c14-b026-a985ae8c770f","local_time":"20210108203920","is_ascension_mode":false,"campfire_choices":[{"floor":7,"key":"REST"},{"floor":12,"key":"REST"},{"floor":15,"key":"REST"}],"circlet_count":0,"master_deck":["hierophant:Strike_Hierophant","hierophant:Strike_Hierophant","hierophant:Strike_Hierophant","hierophant:Strike_Hierophant","hierophant:Punish","hierophant:Defend_Hierophant","hierophant:Defend_Hierophant","hierophant:Defend_Hierophant","hierophant:Defend_Hierophant","hierophant:Sermon","ReplayTheSpireMod:Black Plague","hierophant:Doubloon+1","hierophant:CoinFling+1","hierophant:Zeal","hierophant:SecretStash","hierophant:Doubloon+1","hierophant:ConvertCurrency","hierophant:Rebuild","hierophant:OrnateBuckler","hierophant:OrnateBuckler","hierophant:MintersHammer","hierophant:RustyCrate","hierophant:Doubloon+1","hierophant:Doubloon","ReplayTheSpireMod:Black Plague","hierophant:PristineSoul","hierophant:Generosity","hierophant:Generosity","hierophant:Doubloon","hierophant:Doubloon+1","hierophant:ThreeLashes+1","hierophant:AuricBeam"],"relics":["hierophant:PropheticMaskRelic","EVO:Axolotl","NeowsBlessing","Counterbalance","construct:BoolHorns","MerchantsRug"],"acts_visited":["Exordium","TheCity"],"potions_floor_usage":[6,14,14,16,16,20,23,23],"damage_taken":[{"damage":0,"enemies":"Cultist","floor":1,"turns":1},{"damage":0,"enemies":"2 Louse","floor":4,"turns":1},{"damage":0,"enemies":"Small Slimes","floor":5,"turns":1},{"damage":40,"enemies":"3 Sentries","floor":6,"turns":8},{"damage":0,"enemies":"Red Slaver","floor":10,"turns":3},{"damage":0,"enemies":"Large Slime","floor":13,"turns":4},{"damage":9,"enemies":"Gremlin Gang","floor":14,"turns":5},{"damage":61,"enemies":"The Guardian","floor":16,"turns":13},{"damage":0,"enemies":"Spheric Guardian","floor":18,"turns":2},{"damage":15,"enemies":"3 Byrds","floor":20,"turns":5},{"damage":21,"enemies":"Cultist and Chosen","floor":22,"turns":5},{"damage":27,"enemies":"Chosen and Byrds","floor":23,"turns":8},{"damage":16,"enemies":"Snake Plant","floor":24,"turns":1}],"seed_played":"9199042531599764330","potions_obtained":[{"floor":1,"key":"Explosive Potion"},{"floor":11,"key":"Swift Potion"},{"floor":11,"key":"Reflective Coating"},{"floor":11,"key":"Elixir"},{"floor":13,"key":"Venom Potion"},{"floor":14,"key":"Block Potion"},{"floor":16,"key":"Adrenaline Potion"},{"floor":18,"key":"AttackPotion"},{"floor":20,"key":"Weak Potion"}],"is_trial":false,"path_per_floor":["M","?","?","M","M","E","R","?","T","M","?","R","M","M","R","B",null,"M","?","M","$","M","M","M"],"character_chosen":"HIEROPHANT","items_purchased":["hierophant:Generosity","MerchantsRug"],"campfire_rested":3,"item_purchase_floors":[21,21],"current_hp_per_floor":[75,57,57,57,57,17,39,32,32,32,32,54,54,45,67,6,75,75,75,60,60,39,12,0,0],"gold":564,"neow_bonus":"THREE_ENEMY_KILL","is_daily":false,"chose_seed":false,"campfire_upgraded":0,"win_rate":0.0,"timestamp":1610156360,"path_taken":["M","?","?","M","M","E","R","?","T","?","?","R","M","M","R","BOSS","M","?","?","$","M","M","M"],"items_purchased_type":["Card","Relic"],"build_version":"2020-12-22","purchased_purges":0,"victory":false,"max_hp_per_floor":[75,75,75,75,75,75,75,75,75,75,75,75,75,75,75,75,75,75,75,75,75,75,75,75,75],"card_choices":[{"not_picked":["hierophant:HammerAndAnvil","hierophant:Empathy"],"picked":"hierophant:Sermon","floor":1},{"not_picked":["infinitespire:Execution","infinitespire:Collect"],"picked":"ReplayTheSpireMod:Black Plague","floor":2},{"not_picked":["hierophant:CoinFling","hierophant:Shelter"],"picked":"hierophant:Zeal","floor":4},{"not_picked":["hierophant:SealAway","hierophant:Doomsaying"],"picked":"hierophant:SecretStash","floor":5},{"not_picked":["hierophant:Exaltation","hierophant:Smite"],"picked":"hierophant:ConvertCurrency","floor":6},{"not_picked":["hierophant:Sermon","hierophant:Bribe"],"picked":"hierophant:Rebuild","floor":10},{"not_picked":["hierophant:Doubloon","hierophant:Alms"],"picked":"hierophant:OrnateBuckler","floor":13},{"not_picked":["hierophant:PristineSoul","hierophant:Doomsaying"],"picked":"hierophant:OrnateBuckler","floor":14},{"not_picked":["hierophant:AuricForm","hierophant:Generosity"],"picked":"hierophant:MintersHammer","floor":16},{"not_picked":["hierophant:MorningPrayer","hierophant:Refuge"],"picked":"hierophant:RustyCrate","floor":18},{"not_picked":["hierophant:HolyVerse","hierophant:MirrorShield"],"picked":"hierophant:PristineSoul","floor":20},{"not_picked":["hierophant:Remorse","hierophant:BulkyChest"],"picked":"hierophant:ThreeLashes+1","floor":22},{"not_picked":["hierophant:OrnateBuckler","hierophant:PassingBell"],"picked":"hierophant:AuricBeam","floor":23}],"player_experience":41710,"relics_obtained":[{"floor":6,"key":"Counterbalance"},{"floor":9,"key":"construct:BoolHorns"}],"event_choices":[{"damage_healed":0,"gold_gain":75,"player_choice":"Touch","damage_taken":7,"max_hp_gain":0,"max_hp_loss":0,"event_name":"FaceTrader","floor":8,"gold_loss":0},{"damage_healed":0,"gold_gain":0,"player_choice":"Got Potions","damage_taken":0,"max_hp_gain":0,"max_hp_loss":0,"event_name":"Lab","floor":11,"gold_loss":0},{"damage_healed":0,"gold_gain":0,"player_choice":"Copied","damage_taken":0,"max_hp_gain":0,"max_hp_loss":0,"event_name":"Duplicator","floor":19,"gold_loss":0,"cards_obtained":["ReplayTheSpireMod:Black Plague"]}],"is_beta":false,"boss_relics":[{"not_picked":["Kintsugi","Snecko Eye"],"picked":"hubris:HollowSoul"}],"items_purged_floors":[],"is_endless":false,"potions_floor_spawned":[1,13,14,16,18,20],"killed_by":"Snake Plant","ascension_level":0}}