{"host":"fnk117zi8wf5078t","time":1610194517,"event":{"mods":["AchievementEnabler","BaseMod","Colored Map","Minty Spire (QoL Compilation)","Rare Cards Sparkle","SuperFastMode","everything is the same but u backflip on backflip"],"gold_per_floor":[117,2,19,169,183,183,203,43,43,56,56,70,70,129,129,201,201,212,29,29,49,49,49,49],"floor_reached":23,"playtime":784,"items_purged":["Strike_R","Strike_R"],"score":344,"play_id":"454d6a92-d6a3-4156-8b8f-c13b044825a0","local_time":"20210109211517","is_ascension_mode":true,"campfire_choices":[{"data":"Rupture","floor":6.0,"key":"SMITH"},{"floor":13.0,"key":"REST"},{"floor":15.0,"key":"REST"}],"circlet_count":0,"master_deck":["AscendersBane","Strike_R","Strike_R","Strike_R+1","Defend_R","Bash","Impervious","Combust","Reckless Charge","Rupture+1","Doubt","Infernal Blade","Seeing Red+1","Battle Trance","Rampage","Sword Boomerang","Heavy Blade","Rampage","Fiend Fire","Reaper","Corruption+1","Sentinel+1","Armaments+1","Anger","Rupture","Anger","Dark Embrace"],"relics":["Burning Blood","Orrery","Du-Vu Doll","Magic Flower","Astrolabe","Nilry\u0027s Codex"],"acts_visited":["Exordium","TheCity"],"potions_floor_usage":[21,23],"damage_taken":[{"damage":16.0,"enemies":"Jaw Worm","floor":1.0,"turns":4.0},{"damage":10.0,"enemies":"Small Slimes","floor":3.0,"turns":3.0},{"damage":9.0,"enemies":"2 Louse","floor":5.0,"turns":3.0},{"damage":15.0,"enemies":"Lots of Slimes","floor":7.0,"turns":4.0},{"damage":6.0,"enemies":"Looter","floor":10.0,"turns":2.0},{"damage":3.0,"enemies":"3 Louse","floor":12.0,"turns":2.0},{"damage":33.0,"enemies":"Lagavulin Event","floor":14.0,"turns":6.0},{"damage":28.0,"enemies":"Hexaghost","floor":16.0,"turns":7.0},{"damage":45.0,"enemies":"Spheric Guardian","floor":18.0,"turns":6.0},{"damage":1,"enemies":"Chosen","floor":21,"turns":3},{"damage":27,"enemies":"Slavers","floor":23,"turns":1}],"seed_played":"5633508548888557362","potions_obtained":[{"floor":1.0,"key":"ColorlessPotion"},{"floor":3.0,"key":"Dexterity Potion"},{"floor":14.0,"key":"Regen Potion"},{"floor":16.0,"key":"Dexterity Potion"}],"is_trial":false,"path_per_floor":["M","$","M","?","M","R","M","$","T","M","?","M","R","?","R","B",null,"M","$","?","M","?","E"],"character_chosen":"IRONCLAD","items_purchased":["Reckless Charge","Orrery","Rupture"],"campfire_rested":2,"item_purchase_floors":[2,8,19],"current_hp_per_floor":[58,58,54,54,51,51,42,42,42,42,19,22,44,17,39,44,67,39,39,18,26,26,0,0],"gold":49,"neow_bonus":"ONE_RANDOM_RARE_CARD","is_daily":false,"chose_seed":false,"campfire_upgraded":1,"win_rate":0.0,"timestamp":1610194517,"path_taken":["M","$","M","?","M","R","M","$","T","M","?","M","R","?","R","BOSS","M","$","?","M","?","E"],"items_purchased_type":["Card","Relic","Card"],"build_version":"2020-12-22","purchased_purges":2,"victory":false,"max_hp_per_floor":[75,75,75,75,75,75,75,75,75,75,75,75,75,75,75,75,75,75,75,75,75,75,75,75],"card_choices":[{"not_picked":["Sword Boomerang","Perfected Strike"],"picked":"Combust","floor":1.0},{"not_picked":["Clothesline","Twin Strike"],"picked":"Rupture","floor":3.0},{"not_picked":["Clash","Armaments"],"picked":"Infernal Blade","floor":5.0},{"not_picked":["Havoc","Cleave","Sentinel"],"picked":"SKIP","floor":7.0},{"not_picked":["Infernal Blade","Warcry"],"picked":"Seeing Red","floor":8.0},{"not_picked":["Pommel Strike","Uppercut"],"picked":"Battle Trance","floor":8.0},{"not_picked":["Impervious","Thunderclap"],"picked":"Rampage","floor":8.0},{"not_picked":["Cleave","Clash"],"picked":"Sword Boomerang","floor":8.0},{"not_picked":["Perfected Strike","Body Slam"],"picked":"Heavy Blade","floor":10.0},{"not_picked":["Clash","Shrug It Off"],"picked":"Rampage","floor":12.0},{"not_picked":["Body Slam","Cleave"],"picked":"Fiend Fire","floor":14.0},{"not_picked":["Offering","Corruption"],"picked":"Reaper","floor":16.0},{"not_picked":["Intimidate","Pommel Strike"],"picked":"Anger","floor":18.0},{"not_picked":["Clothesline","Evolve"],"picked":"Anger","floor":21}],"player_experience":359943,"relics_obtained":[{"floor":9.0,"key":"Du-Vu Doll"},{"floor":14.0,"key":"Magic Flower"},{"floor":20,"key":"Nilry\u0027s Codex"}],"event_choices":[{"damage_healed":0.0,"max_hp_gain":0.0,"max_hp_loss":0.0,"gold_gain":150.0,"event_name":"Liars Game","player_choice":"AGREE","floor":4.0,"gold_loss":0.0,"damage_taken":0.0,"cards_obtained":["Doubt"]},{"damage_healed":0.0,"max_hp_gain":0.0,"max_hp_loss":0.0,"gold_gain":0.0,"event_name":"Shining Light","player_choice":"Entered Light","floor":11.0,"gold_loss":0.0,"damage_taken":23.0,"cards_upgraded":["Seeing Red","Strike_R"]},{"damage_healed":0.0,"max_hp_gain":0.0,"max_hp_loss":0.0,"gold_gain":0.0,"event_name":"Dead Adventurer","player_choice":"Searched \u00271\u0027 times","floor":14.0,"gold_loss":0.0,"damage_taken":0.0},{"damage_healed":0,"gold_gain":0,"player_choice":"Obtained Book","damage_taken":21,"max_hp_gain":0,"max_hp_loss":0,"event_name":"Cursed Tome","floor":20,"gold_loss":0},{"damage_healed":0,"gold_gain":0,"player_choice":"Read","damage_taken":0,"max_hp_gain":0,"max_hp_loss":0,"event_name":"The Library","floor":22,"gold_loss":0,"cards_obtained":["Dark Embrace"]}],"is_beta":false,"boss_relics":[{"not_picked":["Velvet Choker","Black Blood"],"picked":"Astrolabe"}],"items_purged_floors":[2,19],"is_endless":false,"potions_floor_spawned":[1,3,14,16],"killed_by":"Slavers","ascension_level":18}}