{"host":"sav7uxregyirlf69","time":1610215027,"event":{"mods":["AchievementEnabler","BaseMod","Colored Map","DeckTracker","Keyboard Shortcuts","Minty Spire (QoL Compilation)","READ ME - Guardian Mod","StSLib","SuperFastMode"],"gold_per_floor":[112,138,157,171,171,171,206,218,230,78,78,78,90,109,109,109,109],"floor_reached":16,"playtime":255,"items_purged":["Strike_G"],"score":200,"play_id":"44fe39ee-2a7e-4720-8c3f-bef5a142016d","local_time":"20210110025707","is_ascension_mode":true,"campfire_choices":[{"data":"Predator","floor":6,"key":"SMITH"},{"data":"Eviscerate","floor":8,"key":"SMITH"},{"data":"Tactician","floor":12,"key":"SMITH"},{"data":"Well Laid Plans","floor":15,"key":"SMITH"}],"circlet_count":0,"master_deck":["AscendersBane","Strike_G","Strike_G+1","Strike_G","Strike_G","Defend_G+1","Defend_G","Defend_G","Defend_G","Defend_G","Survivor","Neutralize+1","Predator+1","Dagger Throw","Eviscerate+1","Tactician+1","Well Laid Plans+1"],"relics":["Ring of the Snake","Omamori","MawBank","Pantograph"],"acts_visited":["Exordium"],"potions_floor_usage":[16],"damage_taken":[{"damage":3,"enemies":"Cultist","floor":1,"turns":5},{"damage":1,"enemies":"Small Slimes","floor":3,"turns":3},{"damage":0,"enemies":"2 Louse","floor":4,"turns":3},{"damage":16,"enemies":"Lagavulin","floor":7,"turns":8},{"damage":1,"enemies":"Exordium Wildlife","floor":13,"turns":2},{"damage":0,"enemies":"Blue Slaver","floor":14,"turns":3},{"damage":36,"enemies":"Slime Boss","floor":16,"turns":8}],"seed_played":"7048117358218770471","potions_obtained":[{"floor":3,"key":"Weak Potion"}],"is_trial":false,"path_per_floor":["M","T","M","M","?","R","E","R","T","$","?","R","M","M","R","B"],"character_chosen":"THE_SILENT","items_purchased":["Tactician"],"campfire_rested":0,"item_purchase_floors":[10],"current_hp_per_floor":[56,56,55,55,35,35,19,19,19,19,19,19,18,18,18,7,7],"gold":109,"neow_bonus":"UPGRADE_CARD","is_daily":false,"chose_seed":false,"campfire_upgraded":4,"win_rate":0.0,"timestamp":1610215027,"path_taken":["M","?","M","M","?","R","E","R","T","$","?","R","M","M","R","BOSS"],"items_purchased_type":["Card"],"build_version":"2020-12-22","purchased_purges":1,"victory":false,"max_hp_per_floor":[66,66,66,66,66,66,66,66,66,66,66,66,66,66,66,66,66],"card_choices":[{"not_picked":["Poisoned Stab","Slice"],"picked":"Predator","floor":1},{"not_picked":["All Out Attack","Bane"],"picked":"Dagger Throw","floor":3},{"not_picked":["Prepared","Blade Dance","Cloak And Dagger"],"picked":"SKIP","floor":4},{"not_picked":["Skewer","Dagger Spray"],"picked":"Eviscerate","floor":7},{"not_picked":["PiercingWail","Riddle With Holes","Eviscerate"],"picked":"SKIP","floor":13},{"not_picked":["Doppelganger","Tactician"],"picked":"Well Laid Plans","floor":14}],"player_experience":1222685,"relics_obtained":[{"floor":2,"key":"Omamori"},{"floor":7,"key":"MawBank"},{"floor":9,"key":"Pantograph"}],"event_choices":[{"damage_healed":0,"gold_gain":0,"player_choice":"Entered Light","damage_taken":20,"max_hp_gain":0,"max_hp_loss":0,"event_name":"Shining Light","floor":5,"gold_loss":0,"cards_upgraded":["Strike_G","Defend_G"]},{"damage_healed":0,"gold_gain":0,"player_choice":"Searched \u00270\u0027 times","damage_taken":0,"max_hp_gain":0,"max_hp_loss":0,"event_name":"Dead Adventurer","floor":11,"gold_loss":0}],"is_beta":false,"boss_relics":[],"items_purged_floors":[10],"is_endless":false,"potions_floor_spawned":[3],"killed_by":"Slime Boss","ascension_level":20}}