{"host":"o0q01dgb4z8zpo6o","time":1610180165,"event":{"mods":["BaseMod","GifTheSpireLib","Minty Spire (QoL Compilation)","Relic Stats","StSLib"],"gold_per_floor":[112,112,124,124,26,26,44,71,96,96,128,128,144,155,155,252,252,265,79,19,35,48,48,79,79,134,161,191,116,146,146,146,247,247,260,311,322,322,333,359,359,40,40,40,40,40,68,68,68,68,68,68,68,98,98],"floor_reached":56,"playtime":3156,"items_purged":["Pain","Strike_P+1"],"score":2045,"play_id":"121d3d2e-7d9d-4f91-8492-d24e7a87dd3b","local_time":"20210109001604","is_ascension_mode":true,"campfire_choices":[{"data":"SandsOfTime","floor":6.0,"key":"SMITH"},{"data":"ThirdEye","floor":10.0,"key":"SMITH"},{"data":"EmptyFist","floor":12.0,"key":"SMITH"},{"data":"Scrawl","floor":15.0,"key":"SMITH"},{"data":"FlyingSleeves","floor":23.0,"key":"SMITH"},{"data":"Fasting2","floor":25.0,"key":"SMITH"},{"data":"WheelKick","floor":32.0,"key":"SMITH"},{"data":"Ragnarok","floor":41.0,"key":"SMITH"},{"data":"Vault","floor":46.0,"key":"SMITH"},{"floor":49.0,"key":"RECALL"},{"data":"Tantrum","floor":52.0,"key":"SMITH"}],"circlet_count":0,"master_deck":["AscendersBane","Strike_P+1","Defend_P+1","Defend_P+1","Defend_P+1","Defend_P+1","Eruption","Vigilance","FlyingSleeves+1","SandsOfTime+1","EmptyFist+1","ThirdEye+1","CutThroughFate","Scrawl+1","Indignation","Vault+1","Tantrum+1","DevaForm","Wallop","CrushJoints+1","Fasting2+1","WheelKick+1","Ragnarok+1","ClearTheMind+1","Madness","Madness"],"relics":["HolyWater","Incense Burner","Toy Ornithopter","WarpedTongs","Regal Pillow","Potion Belt","The Courier","Tiny Chest","Anchor","Pen Nib","Red Mask","Oddly Smooth Stone","Sozu","Centennial Puzzle","Gremlin Horn","Ancient Tea Set","Lantern","ClockworkSouvenir","Pantograph","Yang","Bronze Scales"],"acts_visited":["Exordium","TheCity","TheBeyond","TheEnding"],"potions_floor_usage":[55,55,55],"damage_taken":[{"damage":0.0,"enemies":"Cultist","floor":1.0,"turns":2.0},{"damage":2.0,"enemies":"2 Louse","floor":3.0,"turns":3.0},{"damage":0.0,"enemies":"Jaw Worm","floor":7.0,"turns":2.0},{"damage":0.0,"enemies":"Lagavulin","floor":8.0,"turns":4.0},{"damage":1.0,"enemies":"3 Sentries","floor":11.0,"turns":3.0},{"damage":12.0,"enemies":"Lots of Slimes","floor":13.0,"turns":9.0},{"damage":0.0,"enemies":"2 Fungi Beasts","floor":14.0,"turns":2.0},{"damage":0.0,"enemies":"Slime Boss","floor":16.0,"turns":3.0},{"damage":0.0,"enemies":"Shell Parasite","floor":18.0,"turns":2.0},{"damage":0.0,"enemies":"3 Byrds","floor":21.0,"turns":3.0},{"damage":0.0,"enemies":"Centurion and Healer","floor":22.0,"turns":4.0},{"damage":0.0,"enemies":"Gremlin Leader","floor":24.0,"turns":4.0},{"damage":4.0,"enemies":"Book of Stabbing","floor":27.0,"turns":3.0},{"damage":0.0,"enemies":"Masked Bandits","floor":28.0,"turns":3.0},{"damage":15.0,"enemies":"Slavers","floor":30.0,"turns":6.0},{"damage":8.0,"enemies":"Collector","floor":33.0,"turns":5.0},{"damage":1.0,"enemies":"3 Darklings","floor":35.0,"turns":3.0},{"damage":0.0,"enemies":"Orb Walker","floor":37.0,"turns":2.0},{"damage":19.0,"enemies":"Writhing Mass","floor":39.0,"turns":4.0},{"damage":4.0,"enemies":"Giant Head","floor":40.0,"turns":5.0},{"damage":18.0,"enemies":"Nemesis","floor":47.0,"turns":4.0},{"damage":0.0,"enemies":"Awakened One","floor":50.0,"turns":6.0},{"damage":0.0,"enemies":"Shield and Spear","floor":54.0,"turns":5.0},{"damage":74,"enemies":"The Heart","floor":55,"turns":7}],"seed_played":"2990110640005926917","potions_obtained":[{"floor":3.0,"key":"Swift Potion"},{"floor":7.0,"key":"SkillPotion"},{"floor":14.0,"key":"AttackPotion"},{"floor":21.0,"key":"Regen Potion"},{"floor":22.0,"key":"SpeedPotion"},{"floor":30.0,"key":"EntropicBrew"}],"is_trial":false,"path_per_floor":["M","?","M","?","$","R","M","E","T","R","E","R","M","M","R","B",null,"M","$","?","M","M","R","E","R","T","E","?","?","E","?","R","B",null,"M","T","M","T","M","E","R","$","T","?","?","R","E","T","R","B",null,"R","$","E","B",null],"character_chosen":"WATCHER","items_purchased":["EmptyFist","DevaForm","Wallop","Lantern","ClockworkSouvenir"],"campfire_rested":0,"item_purchase_floors":[5,19,19,42,42],"current_hp_per_floor":[47,35,33,33,33,33,33,33,33,33,37,37,25,25,25,30,62,62,62,62,62,62,62,62,62,62,63,63,63,48,48,48,40,65,64,64,64,64,45,41,41,41,41,32,32,32,19,19,19,44,65,65,65,65,3],"gold":98,"neow_bonus":"ONE_RARE_RELIC","is_daily":false,"chose_seed":false,"campfire_upgraded":10,"win_rate":0.0,"timestamp":1610180164,"path_taken":["M","?","M","?","$","R","M","E","T","R","E","R","M","M","R","BOSS","M","?","?","M","?","R","E","R","T","E","?","?","E","?","R","BOSS","M","?","M","?","M","E","R","$","T","?","?","R","E","?","R","BOSS","R","$","E","BOSS"],"items_purchased_type":["Card","Card","Card","Relic","Relic"],"build_version":"2020-12-22","purchased_purges":2,"victory":true,"max_hp_per_floor":[72,72,72,72,72,72,72,72,72,72,72,72,72,72,72,72,72,72,72,72,72,72,72,72,72,72,72,72,72,72,72,72,72,72,72,72,72,72,72,72,72,72,72,72,72,72,72,72,72,72,72,72,72,72,72],"relic_stats":{"Regal Pillow":0,"Gremlin Horn":[4,4],"counters":[24,94],"Yang":[46],"Pen Nib":[10],"WarpedTongs":[86],"Sozu":0,"Centennial Puzzle":[12],"Pantograph":32,"Bronze Scales":[93],"Tiny Chest":2,"obtain_stats":[{"Potion Belt":9,"Regal Pillow":8,"Lantern":42,"Gremlin Horn":38,"Oddly Smooth Stone":30,"Yang":47,"The Courier":11,"Pen Nib":27,"Incense Burner":0,"Ancient Tea Set":40,"WarpedTongs":4,"ClockworkSouvenir":42,"Sozu":34,"Anchor":26,"Centennial Puzzle":36,"Pantograph":43,"Bronze Scales":54,"HolyWater":17,"Tiny Chest":24,"Red Mask":28,"PureWater":0,"Toy Ornithopter":2},{"Potion Belt":4,"Regal Pillow":4,"Lantern":20,"Gremlin Horn":18,"Oddly Smooth Stone":15,"Yang":21,"The Courier":5,"Pen Nib":13,"Incense Burner":0,"Ancient Tea Set":20,"WarpedTongs":2,"ClockworkSouvenir":20,"Sozu":16,"Anchor":12,"Centennial Puzzle":17,"Pantograph":20,"Bronze Scales":23,"HolyWater":8,"Tiny Chest":12,"Red Mask":14,"PureWater":0,"Toy Ornithopter":1},{"Potion Belt":11,"Regal Pillow":11,"Lantern":72,"Gremlin Horn":63,"Oddly Smooth Stone":53,"Yang":76,"The Courier":14,"Pen Nib":44,"Incense Burner":0,"Ancient Tea Set":72,"WarpedTongs":5,"ClockworkSouvenir":72,"Sozu":58,"Anchor":41,"Centennial Puzzle":61,"Pantograph":72,"Bronze Scales":87,"HolyWater":28,"Tiny Chest":41,"Red Mask":47,"PureWater":0,"Toy Ornithopter":2}],"Toy Ornithopter":30},"card_choices":[{"not_picked":["Study","FlurryOfBlows"],"picked":"FlyingSleeves","floor":1.0},{"not_picked":["Wireheading","Worship"],"picked":"SandsOfTime","floor":3.0},{"not_picked":["BowlingBash","Evaluate"],"picked":"ThirdEye","floor":7.0},{"not_picked":["WheelKick","FlyingSleeves"],"picked":"CutThroughFate","floor":8.0},{"not_picked":["PathToVictory","EmptyBody","WaveOfTheHand"],"picked":"SKIP","floor":11.0},{"not_picked":["PathToVictory","EmptyBody","WaveOfTheHand"],"picked":"SKIP","floor":11.0},{"not_picked":["Evaluate","CrushJoints"],"picked":"Scrawl","floor":13.0},{"not_picked":["Evaluate","Pray"],"picked":"Indignation","floor":14.0},{"not_picked":["Wish","Devotion"],"picked":"Vault","floor":16.0},{"not_picked":["EmptyMind","EmptyFist"],"picked":"Tantrum","floor":18.0},{"not_picked":["FollowUp+1","EmptyBody","Protect"],"picked":"SKIP","floor":21.0},{"not_picked":["Evaluate","DeceiveReality"],"picked":"CrushJoints+1","floor":22.0},{"not_picked":["Consecrate+1","FlurryOfBlows"],"picked":"Fasting2","floor":24.0},{"not_picked":["Crescendo","FlyingSleeves+1","EmptyBody"],"picked":"SKIP","floor":27.0},{"not_picked":["Conclude","Crescendo"],"picked":"WheelKick","floor":28.0},{"not_picked":["MasterReality","EmptyBody"],"picked":"Swivel","floor":30.0},{"not_picked":["Brilliance","Alpha"],"picked":"Ragnarok","floor":33.0},{"not_picked":["EmptyFist+1","CarveReality+1"],"picked":"ClearTheMind+1","floor":35.0},{"not_picked":["Halt","FollowUp","PathToVictory+1"],"picked":"SKIP","floor":37.0},{"not_picked":["Evaluate+1","LikeWater","Halt+1"],"picked":"SKIP","floor":39.0},{"not_picked":["Ragnarok","Pray","Collect"],"picked":"SKIP","floor":40.0},{"not_picked":["WaveOfTheHand+1","Crescendo","Pray+1"],"picked":"SKIP","floor":47.0},{"not_picked":["SashWhip+1","WheelKick","Nirvana"],"picked":"SKIP","floor":54.0}],"player_experience":1089353,"relics_obtained":[{"floor":8.0,"key":"Regal Pillow"},{"floor":9.0,"key":"Potion Belt"},{"floor":11.0,"key":"The Courier"},{"floor":24.0,"key":"Tiny Chest"},{"floor":26.0,"key":"Anchor"},{"floor":27.0,"key":"Pen Nib"},{"floor":28.0,"key":"Red Mask"},{"floor":30.0,"key":"Oddly Smooth Stone"},{"floor":36.0,"key":"Centennial Puzzle"},{"floor":38.0,"key":"Gremlin Horn"},{"floor":40.0,"key":"Ancient Tea Set"},{"floor":43.0,"key":"Pantograph"},{"floor":47.0,"key":"Yang"},{"floor":54.0,"key":"Bronze Scales"}],"event_choices":[{"damage_healed":0.0,"max_hp_gain":0.0,"max_hp_loss":0.0,"gold_gain":0.0,"event_name":"Scrap Ooze","player_choice":"Success","floor":2.0,"gold_loss":0.0,"damage_taken":12.0,"relics_obtained":["Toy Ornithopter"]},{"damage_healed":0.0,"max_hp_gain":0.0,"max_hp_loss":0.0,"gold_gain":0.0,"event_name":"Accursed Blacksmith","player_choice":"Rummage","floor":4.0,"gold_loss":0.0,"damage_taken":0.0,"relics_obtained":["WarpedTongs"],"cards_obtained":["Pain"]},{"cards_removed":["Strike_P"],"damage_healed":0.0,"max_hp_gain":0.0,"max_hp_loss":0.0,"gold_gain":0.0,"event_name":"Designer","player_choice":"Single Remove","floor":20.0,"gold_loss":60.0,"damage_taken":0.0},{"damage_healed":0.0,"max_hp_gain":0.0,"max_hp_loss":0.0,"gold_gain":0.0,"event_name":"Masked Bandits","player_choice":"Fought Bandits","floor":28.0,"gold_loss":0.0,"damage_taken":0.0},{"cards_removed":["Strike_P"],"damage_healed":0.0,"max_hp_gain":0.0,"max_hp_loss":0.0,"gold_gain":0.0,"event_name":"Beggar","player_choice":"Gave Gold","floor":29.0,"gold_loss":75.0,"damage_taken":0.0},{"damage_healed":0.0,"max_hp_gain":0.0,"max_hp_loss":0.0,"gold_gain":0.0,"event_name":"Back to Basics","player_choice":"Simplicity","floor":31.0,"gold_loss":0.0,"damage_taken":0.0,"cards_upgraded":["Strike_P","Strike_P","Defend_P","Defend_P","Defend_P","Defend_P"]},{"damage_healed":0.0,"max_hp_gain":0.0,"max_hp_loss":0.0,"gold_gain":0.0,"event_name":"Winding Halls","player_choice":"Embrace Madness","floor":44.0,"gold_loss":0.0,"damage_taken":9.0,"cards_obtained":["Madness","Madness"]},{"cards_removed":["Swivel"],"damage_healed":0.0,"max_hp_gain":0.0,"max_hp_loss":0.0,"gold_gain":0.0,"event_name":"Falling","player_choice":"Removed Skill","floor":45.0,"gold_loss":0.0,"damage_taken":0.0}],"is_beta":false,"boss_relics":[{"not_picked":["Tiny House","Empty Cage"],"picked":"HolyWater"},{"not_picked":["Pandora\u0027s Box","SacredBark"],"picked":"Sozu"}],"items_purged_floors":[5,42],"is_endless":false,"potions_floor_spawned":[3,7,14,21,22,30,37],"ascension_level":11}}