{"host":"474oh00kq6ni8dn3","time":1610206023,"event":{"mods":["AchievementEnabler","Aspiration","BaseMod","Bestiary","Colored Map","Colored Powertips","Conspire","Custom Start","Defuse TimeMaze Blight","Downfall","Duelist Mod","GifTheSpireLib","Googly Eyes","GungeonMod","Halation","Hubris","Infinite Spire","Jedi Mod","Minty Spire (QoL Compilation)","Permanent Neow","Quick Restart","Random Character Button","Replay The Spire","Shop Mod","StSLib","Stuff the Spire","The Construct","The Factory","The Jungle","Trackpad","Unceasing Turn Reminder","vexMod"],"gold_per_floor":[394,410,423,423,249,277,292,292,292],"floor_reached":8,"playtime":474,"items_purged":[],"score":108,"play_id":"fa6ee520-d702-4f84-bdf6-c45c1becbf81","local_time":"20210109152703","is_ascension_mode":false,"campfire_choices":[],"circlet_count":0,"master_deck":["theDuelist:AttackMetronome","theDuelist:AttackMetronome","theDuelist:AttackMetronome","theDuelist:AttackMetronome","theDuelist:BlockMetronome","theDuelist:BlockMetronome","theDuelist:BlockMetronome","theDuelist:BlockMetronome","theDuelist:Metronome","theDuelist:Metronome","theDuelist:PowerMetronome","theDuelist:SkillMetronome","theDuelist:SkillMetronome","theDuelist:TrapMetronome","theDuelist:UncommonAttackMetronome","theDuelist:Metronome","theDuelist:LegendBlueEyesMetronome","theDuelist:RareDragonMetronome","theDuelist:PowerMetronome","Replay:Bootleg Shield Generator"],"relics":["theDuelist:MillenniumPuzzle","MerchantsRug","StuffTheSpire:Tea","conspire:TopHat"],"acts_visited":["Exordium"],"potions_floor_usage":[],"damage_taken":[{"damage":4,"enemies":"Jaw Worm","floor":1,"turns":3},{"damage":0,"enemies":"Cultist","floor":2,"turns":1},{"damage":0,"enemies":"2 Louse","floor":3,"turns":1},{"damage":26,"enemies":"Lagavulin","floor":6,"turns":6},{"damage":6,"enemies":"Looter","floor":7,"turns":2},{"damage":0,"enemies":"Gremlin Nob","floor":8,"turns":3}],"seed_played":"-7215934921333623987","potions_obtained":[{"floor":2,"key":"theDuelist:TokenPotion"}],"is_trial":false,"path_per_floor":["M","M","M","?","$","E","M","E"],"character_chosen":"THE_DUELIST","items_purchased":["MerchantsRug","StuffTheSpire:Tea","theDuelist:RareDragonMetronome","theDuelist:PowerMetronome","Replay:Bootleg Shield Generator"],"campfire_rested":0,"item_purchase_floors":[5,5,5,5,5],"current_hp_per_floor":[68,68,68,68,68,42,36,36,36],"gold":292,"neow_bonus":"TWO_FIFTY_GOLD","is_daily":false,"chose_seed":false,"campfire_upgraded":0,"win_rate":0.0,"timestamp":1610206023,"path_taken":["M","M","M","?","$","E","M","E"],"items_purchased_type":["Relic","Relic","Card","Card","Card"],"build_version":"2020-12-22","purchased_purges":0,"victory":false,"max_hp_per_floor":[72,72,72,72,72,72,72,72,72],"card_choices":[{"not_picked":["theDuelist:SkillMetronome","theDuelist:MachineMonsterMetronome","theDuelist:DragonMetronome","theDuelist:DeskbotMetronome"],"picked":"theDuelist:Metronome","floor":1},{"not_picked":["theDuelist:BigFire","theDuelist:DestroyerGolem","theDuelist:GaiaMidNightSun","theDuelist:GraniteLoyalist","theDuelist:ForbiddenLance"],"picked":"SKIP","floor":2},{"not_picked":["theDuelist:RareBlockMetronome","theDuelist:OrbMetronome","theDuelist:InsectMetronome","theDuelist:BlockMetronome"],"picked":"theDuelist:LegendBlueEyesMetronome","floor":3},{"not_picked":["theDuelist:BigFire","theDuelist:EvilswarmHeliotrope","theDuelist:BlockGolem","theDuelist:RedHeadedOni","theDuelist:WormKing"],"picked":"SKIP","floor":6},{"not_picked":["theDuelist:Sangan","theDuelist:WormKing","theDuelist:BlockGolem","theDuelist:GreenGraveOni","theDuelist:AttackTheMoon"],"picked":"SKIP","floor":7}],"player_experience":101492,"relics_obtained":[{"floor":6,"key":"conspire:TopHat"}],"event_choices":[],"is_beta":false,"boss_relics":[],"items_purged_floors":[],"is_endless":false,"potions_floor_spawned":[2],"killed_by":"Gremlin Nob","ascension_level":0}}