{"host":"qrt7o4dq2qslzw13","time":1610179322,"event":{"mods":["AchievementEnabler","BaseMod","Colored Map","Colored Powertips","Minty Spire (QoL Compilation)","Quick Restart","StSLib","SuperFastMode"],"gold_per_floor":[117,12,31,31,49,49,61,61,61,61,78,92,92,112,112,210,210,228,228,32,37,37,37,56,56,81,81,127,155,39,54,54,54,54],"floor_reached":33,"playtime":741,"items_purged":[],"score":436,"play_id":"5d7bff0d-ba90-4597-990e-ebd61a7425e9","local_time":"20210109030202","is_ascension_mode":true,"campfire_choices":[{"data":"Infinite Blades","floor":6.0,"key":"SMITH"},{"data":"Phantasmal Killer","floor":15.0,"key":"SMITH"},{"floor":23.0,"key":"REST"},{"data":"Accuracy","floor":27.0,"key":"SMITH"},{"floor":32.0,"key":"REST"}],"circlet_count":0,"master_deck":["AscendersBane","Strike_G","Strike_G","Strike_G","Defend_G","Defend_G","Defend_G","Defend_G","Defend_G","Survivor","Neutralize","Phantasmal Killer+1","Dodge and Roll","Caltrops","Endless Agony","Slice","Expertise","Infinite Blades+1","Cloak And Dagger","Slice","Parasite","Blade Dance","Night Terror","Blade Dance+1","Decay","Accuracy+1","Reflex","Prepared","Prepared+1","Ghostly","Ghostly","Ghostly","Ghostly","Ghostly","A Thousand Cuts","Footwork","Deflect","Footwork"],"relics":["Ring of the Snake","Centennial Puzzle","Runic Pyramid","Happy Flower","Omamori","Molten Egg 2"],"acts_visited":["Exordium","TheCity"],"potions_floor_usage":[],"damage_taken":[{"damage":0.0,"enemies":"Cultist","floor":1.0,"turns":4.0},{"damage":3.0,"enemies":"2 Louse","floor":3.0,"turns":4.0},{"damage":0.0,"enemies":"Small Slimes","floor":5.0,"turns":3.0},{"damage":1.0,"enemies":"2 Fungi Beasts","floor":7.0,"turns":4.0},{"damage":6.0,"enemies":"Blue Slaver","floor":11.0,"turns":3.0},{"damage":9.0,"enemies":"Red Slaver","floor":12.0,"turns":4.0},{"damage":6.0,"enemies":"2 Fungi Beasts","floor":14.0,"turns":3.0},{"damage":34.0,"enemies":"Slime Boss","floor":16.0,"turns":12.0},{"damage":9.0,"enemies":"Shell Parasite","floor":18.0,"turns":7.0},{"damage":15.0,"enemies":"2 Thieves","floor":21.0,"turns":4.0},{"damage":22.0,"enemies":"Snake Plant","floor":24.0,"turns":5.0},{"damage":22.0,"enemies":"Slavers","floor":29.0,"turns":6.0},{"damage":0.0,"enemies":"Sentry and Sphere","floor":31.0,"turns":4.0},{"damage":5,"enemies":"Champ","floor":33,"turns":3}],"seed_played":"3568209602990303271","potions_obtained":[{"floor":1.0,"key":"Regen Potion"},{"floor":3.0,"key":"DistilledChaos"},{"floor":7.0,"key":"SteroidPotion"},{"floor":14.0,"key":"Energy Potion"},{"floor":21.0,"key":"BlessingOfTheForge"},{"floor":24.0,"key":"Ancient Potion"}],"is_trial":false,"path_per_floor":["M","$","M","?","M","R","M","$","T","?","M","M","?","M","R","B",null,"M","?","$","M","$","R","M","?","T","R","T","E","$","M","R","B"],"character_chosen":"THE_SILENT","items_purchased":["Caltrops","Endless Agony","Accuracy","Reflex","Prepared","Footwork","Deflect"],"campfire_rested":2,"item_purchase_floors":[2,2,20,20,20,30,30],"current_hp_per_floor":[63,63,60,60,60,60,68,68,68,61,55,46,63,57,57,23,58,49,49,49,34,34,55,33,33,33,33,33,11,11,11,21,16,16],"gold":54,"neow_bonus":"ONE_RANDOM_RARE_CARD","is_daily":false,"chose_seed":false,"campfire_upgraded":3,"win_rate":0.0,"timestamp":1610179322,"path_taken":["M","$","?","?","?","R","?","?","T","?","M","M","?","M","R","BOSS","M","?","$","M","$","R","M","?","T","R","?","E","$","M","R","BOSS"],"items_purchased_type":["Card","Card","Card","Card","Card","Card","Card"],"build_version":"2020-12-22","purchased_purges":0,"victory":false,"max_hp_per_floor":[70,70,70,70,70,70,70,70,70,70,70,70,70,70,70,70,70,70,70,70,70,70,70,70,35,35,35,35,35,35,35,35,35,35],"card_choices":[{"not_picked":["Deflect","Blur"],"picked":"Dodge and Roll","floor":1.0},{"not_picked":["Prepared","Finisher"],"picked":"Slice","floor":3.0},{"not_picked":["Backflip","Poisoned Stab"],"picked":"Infinite Blades","floor":5.0},{"not_picked":["Underhanded Strike","Deadly Poison"],"picked":"Cloak And Dagger","floor":7.0},{"not_picked":["PiercingWail","Dodge and Roll","Poisoned Stab"],"picked":"SKIP","floor":11.0},{"not_picked":["Poisoned Stab","Sucker Punch"],"picked":"Slice","floor":12.0},{"not_picked":["Sucker Punch","Crippling Poison"],"picked":"Blade Dance","floor":14.0},{"not_picked":["Bullet Time","Corpse Explosion"],"picked":"Night Terror","floor":16.0},{"not_picked":["Deadly Poison","Finisher+1"],"picked":"Blade Dance+1","floor":18.0},{"not_picked":["Deadly Poison","Backflip"],"picked":"Prepared+1","floor":21.0},{"not_picked":["Flying Knee","Sucker Punch","Eviscerate+1"],"picked":"SKIP","floor":24.0},{"not_picked":["Poisoned Stab+1","Masterful Stab+1"],"picked":"A Thousand Cuts","floor":29.0},{"not_picked":["Flying Knee+1","Footwork","Masterful Stab+1"],"picked":"SKIP","floor":31.0},{"not_picked":["Flying Knee+1","Masterful Stab+1"],"picked":"Footwork","floor":31.0}],"player_experience":525109,"relics_obtained":[{"floor":9.0,"key":"Centennial Puzzle"},{"floor":26.0,"key":"Happy Flower"},{"floor":28.0,"key":"Omamori"},{"floor":29.0,"key":"Molten Egg 2"}],"event_choices":[{"damage_healed":0.0,"max_hp_gain":0.0,"max_hp_loss":0.0,"gold_gain":0.0,"cards_transformed":["Strike_G"],"event_name":"Transmorgrifier","player_choice":"Transformed","floor":4.0,"gold_loss":0.0,"damage_taken":0.0,"cards_obtained":["Expertise"]},{"cards_removed":["Strike_G"],"damage_healed":0.0,"max_hp_gain":0.0,"max_hp_loss":0.0,"gold_gain":0.0,"event_name":"Golden Wing","player_choice":"Card Removal","floor":10.0,"gold_loss":0.0,"damage_taken":7.0},{"damage_healed":17.0,"max_hp_gain":0.0,"max_hp_loss":0.0,"gold_gain":0.0,"event_name":"Mushrooms","player_choice":"Healed and dodged fight","floor":13.0,"gold_loss":0.0,"damage_taken":0.0,"cards_obtained":["Parasite"]},{"damage_healed":0.0,"max_hp_gain":0.0,"max_hp_loss":0.0,"gold_gain":0.0,"event_name":"Forgotten Altar","player_choice":"Smashed Altar","floor":19.0,"gold_loss":0.0,"damage_taken":0.0,"cards_obtained":["Decay"]},{"damage_healed":0.0,"max_hp_gain":0.0,"max_hp_loss":35.0,"gold_gain":0.0,"event_name":"Ghosts","player_choice":"Became a Ghost","floor":25.0,"gold_loss":0.0,"damage_taken":0.0,"cards_obtained":["Ghostly","Ghostly","Ghostly","Ghostly","Ghostly"]}],"is_beta":false,"boss_relics":[{"not_picked":["Black Star","Astrolabe"],"picked":"Runic Pyramid"}],"items_purged_floors":[],"is_endless":false,"potions_floor_spawned":[1,3,7,14,21,24],"killed_by":"Champ","ascension_level":10}}