{"host":"t1puqh5lxz8sp6fn","time":1610220400,"event":{"mods":["AchievementEnabler","BaseMod","Colored Powertips","Minty Spire (QoL Compilation)","Rare Cards Sparkle","StSLib"],"gold_per_floor":[112,123,29,29,50,91,91,127,127,165,180,195,5,0,0,123,186,202,16,16,16,31,31,65,65,65],"floor_reached":25,"playtime":887,"items_purged":[],"score":355,"play_id":"41d3d6ca-ca91-425c-9510-b2409783c7f6","local_time":"20210109162640","is_ascension_mode":true,"campfire_choices":[{"floor":7,"key":"REST"},{"floor":15,"key":"REST"},{"data":"Glass Knife","floor":23,"key":"SMITH"}],"circlet_count":0,"master_deck":["AscendersBane","Strike_G","Strike_G","Strike_G+1","Strike_G","Strike_G","Defend_G","Defend_G","Defend_G","Defend_G","Defend_G","Survivor","Neutralize","Glass Knife+1","Deadly Poison","Caltrops","Heel Hook","Sucker Punch","Flying Knee","Backstab","Footwork+1","Crippling Poison","Cloak And Dagger","Noxious Fumes+1","Dash","Dramatic Entrance","After Image+1","Bane+1","Wraith Form v2+1","Backstab","Blur"],"relics":["Ring of the Snake","Bloody Idol","Frozen Egg 2","Peace Pipe","Paper Crane","Odd Mushroom","Tiny House","Mummified Hand"],"acts_visited":["Exordium","TheCity"],"potions_floor_usage":[6,8,10,16,24,25,25],"damage_taken":[{"damage":0,"enemies":"Cultist","floor":1,"turns":4},{"damage":0,"enemies":"Jaw Worm","floor":2,"turns":4},{"damage":0,"enemies":"2 Louse","floor":5,"turns":3},{"damage":15,"enemies":"Gremlin Nob","floor":6,"turns":4},{"damage":32,"enemies":"3 Sentries","floor":8,"turns":6},{"damage":10,"enemies":"The Mushroom Lair","floor":10,"turns":3},{"damage":0,"enemies":"2 Fungi Beasts","floor":11,"turns":2},{"damage":8,"enemies":"Large Slime","floor":12,"turns":7},{"damage":36,"enemies":"Slime Boss","floor":16,"turns":10},{"damage":15,"enemies":"Shell Parasite","floor":18,"turns":6},{"damage":0,"enemies":"Spheric Guardian","floor":22,"turns":5},{"damage":41,"enemies":"Book of Stabbing","floor":24,"turns":7},{"damage":12,"enemies":"Centurion and Healer","floor":25,"turns":1}],"seed_played":"-3060403434610051620","potions_obtained":[{"floor":2,"key":"ColorlessPotion"},{"floor":6,"key":"Regen Potion"},{"floor":8,"key":"SkillPotion"},{"floor":12,"key":"DistilledChaos"},{"floor":17,"key":"BlessingOfTheForge"},{"floor":22,"key":"PowerPotion"},{"floor":24,"key":"Poison Potion"}],"is_trial":false,"path_per_floor":["M","M","$","?","M","E","R","E","T","?","M","M","$","?","R","B",null,"M","$","?","?","M","R","E","M"],"character_chosen":"THE_SILENT","items_purchased":["Heel Hook","Sucker Punch","Noxious Fumes+1","Dash","Dramatic Entrance","Wraith Form v2+1","Backstab"],"campfire_rested":2,"item_purchase_floors":[3,3,13,13,13,19,19],"current_hp_per_floor":[63,63,63,46,46,31,52,35,35,25,25,17,17,17,38,2,58,43,43,43,43,48,48,12,0,0],"gold":65,"neow_bonus":"ONE_RANDOM_RARE_CARD","is_daily":false,"chose_seed":false,"campfire_upgraded":1,"win_rate":0.0,"timestamp":1610220400,"path_taken":["M","?","$","?","M","E","R","E","T","?","M","M","$","?","R","BOSS","M","$","?","?","?","R","E","?"],"items_purchased_type":["Card","Card","Card","Card","Card","Card","Card"],"build_version":"2020-12-13","purchased_purges":0,"victory":false,"max_hp_per_floor":[70,70,70,70,70,70,70,70,70,70,70,70,70,70,70,70,75,75,75,75,75,75,75,75,75,75],"card_choices":[{"not_picked":["Dagger Throw","Distraction"],"picked":"Deadly Poison","floor":1},{"not_picked":["Quick Slash","Dodge and Roll"],"picked":"Caltrops","floor":2},{"not_picked":["Tactician","Deflect"],"picked":"Flying Knee","floor":5},{"not_picked":["Concentrate","Acrobatics"],"picked":"Backstab","floor":6},{"not_picked":["Skewer","Sucker Punch","Deadly Poison"],"picked":"SKIP","floor":8},{"not_picked":["Setup","Underhanded Strike"],"picked":"Footwork+1","floor":10},{"not_picked":["Bouncing Flask","Underhanded Strike"],"picked":"Crippling Poison","floor":11},{"not_picked":["Deadly Poison","Finisher"],"picked":"Cloak And Dagger","floor":12},{"not_picked":["Doppelganger","Venomology"],"picked":"After Image+1","floor":16},{"not_picked":["Slice","Underhanded Strike"],"picked":"Bane+1","floor":18},{"not_picked":["Deadly Poison","Backflip","Sucker Punch"],"picked":"SKIP","floor":22},{"not_picked":["Dagger Throw","Acrobatics"],"picked":"Blur","floor":24}],"player_experience":404255,"relics_obtained":[{"floor":6,"key":"Frozen Egg 2"},{"floor":8,"key":"Peace Pipe"},{"floor":9,"key":"Paper Crane"},{"floor":10,"key":"Odd Mushroom"},{"floor":24,"key":"Mummified Hand"}],"event_choices":[{"damage_healed":0,"gold_gain":0,"player_choice":"Take Damage","damage_taken":17,"relics_obtained":["Golden Idol"],"max_hp_gain":0,"max_hp_loss":0,"event_name":"Golden Idol","floor":4,"gold_loss":0},{"damage_healed":0,"gold_gain":0,"player_choice":"Fought Mushrooms","damage_taken":0,"max_hp_gain":0,"max_hp_loss":0,"event_name":"Mushrooms","floor":10,"gold_loss":0},{"damage_healed":0,"gold_gain":0,"player_choice":"Left Gold","damage_taken":0,"max_hp_gain":0,"max_hp_loss":0,"event_name":"World of Goop","floor":14,"gold_loss":5},{"damage_healed":0,"gold_gain":0,"player_choice":"Gave Idol","damage_taken":0,"relics_obtained":["Bloody Idol"],"max_hp_gain":0,"max_hp_loss":0,"event_name":"Forgotten Altar","floor":20,"relics_lost":["Golden Idol"],"gold_loss":0}],"is_beta":false,"boss_relics":[{"not_picked":["Cursed Key","SlaversCollar"],"picked":"Tiny House"}],"items_purged_floors":[],"is_endless":false,"potions_floor_spawned":[2,6,8,12,22,24],"killed_by":"Centurion and Healer","ascension_level":11}}