{"host":"on8rz1ayhhz269sg","time":1610175794,"event":{"mods":["BaseMod","Hermit","Minty Spire (QoL Compilation)","StSLib","The Cursed"],"gold_per_floor":[109,128,145,165,165,195,195,206,206,171,171,181,13,27,27,130,130,145,145,163,88,101,132,132,143,197,50,50,67,32,51,51,147,147,173,205,32,32,47,47,63,83,164,164,179,191,191,191,191],"floor_reached":48,"playtime":4233,"items_purged":[],"score":485,"play_id":"fdba2036-bf8c-448b-80ec-5c93d85a9fb2","local_time":"20210109150314","is_ascension_mode":false,"campfire_choices":[{"floor":7.0,"key":"REST"},{"data":"TheCursedMod:SmokeScreen","floor":15.0,"key":"SMITH"},{"floor":24.0,"key":"REST"},{"floor":28.0,"key":"REST"},{"data":"TheCursedMod:NeowsMight","floor":32.0,"key":"SMITH"},{"floor":40.0,"key":"REST"},{"floor":44.0,"key":"REST"}],"circlet_count":0,"master_deck":["TheCursedMod:Strike_TheCursed","TheCursedMod:Strike_TheCursed","TheCursedMod:Strike_TheCursed","TheCursedMod:Defend_TheCursed","TheCursedMod:Defend_TheCursed","TheCursedMod:Defend_TheCursed","TheCursedMod:Defend_TheCursed","TheCursedMod:CursedWand+1","TheCursedMod:CleanUpWorkshop","TheCursedMod:Dregs","TheCursedMod:OutForBlood","TheCursedMod:LuckyCharm","TheCursedMod:CursedBlade","TheCursedMod:AbyssShockwave","TheCursedMod:Torture","TheCursedMod:SmokeScreen","TheCursedMod:CircleOfCorruption","Parasite","TheCursedMod:CursedMace","TheCursedMod:Stigma","TheCursedMod:SmokeScreen+1","TheCursedMod:DemonSword","TheCursedMod:HellfireBreathing+1","TheCursedMod:SpitefulPlan+1","TheCursedMod:WearCloak+1","TheCursedMod:CursedShiv","TheCursedMod:BlessingInDisguise+1","TheCursedMod:CircleOfCorruption","TheCursedMod:CircleOfFlame","TheCursedMod:SoulCrush","TheCursedMod:CircleOfBlood","TheCursedMod:TroublousMinions","TheCursedMod:NeowsMight+1","TheCursedMod:DemonicPact+1","CurseOfTheBell","TheCursedMod:FleshFromBone+1","TheCursedMod:Hemoplague+1","TheCursedMod:DoubleShield","TheCursedMod:RapidMovement+1","TheCursedMod:WearCloak","TheCursedMod:Stretching+1","TheCursedMod:CursedShiv+1","TheCursedMod:Stigma+1","TheCursedMod:VoidForm+1","Parasite","TheCursedMod:CursedAmulet+1","TheCursedMod:VitalStrike","TheCursedMod:WearCloak+1","TheCursedMod:CircleOfCorruption+1"],"relics":["TheCursedMod:BlackMagic101","TheCursedMod:BloodyHarpoon","Frozen Egg 2","TheCursedMod:PinkPellets","TheCursedMod:OminousMark","Bag of Marbles","Turnip","Centennial Puzzle","Calling Bell","MawBank","Letter Opener","TheCursedMod:MagicCandle","Orrery","HornCleat"],"acts_visited":["Exordium","TheCity","TheBeyond"],"potions_floor_usage":[],"damage_taken":[{"damage":2.0,"enemies":"Small Slimes","floor":1.0,"turns":4.0},{"damage":2.0,"enemies":"2 Louse","floor":2.0,"turns":3.0},{"damage":1.0,"enemies":"Jaw Worm","floor":3.0,"turns":5.0},{"damage":7.0,"enemies":"2 Fungi Beasts","floor":4.0,"turns":2.0},{"damage":20.0,"enemies":"Gremlin Nob","floor":6.0,"turns":5.0},{"damage":10.0,"enemies":"Lots of Slimes","floor":8.0,"turns":2.0},{"damage":6.0,"enemies":"Large Slime","floor":12.0,"turns":8.0},{"damage":4.0,"enemies":"Blue Slaver","floor":14.0,"turns":3.0},{"damage":53.0,"enemies":"Hexaghost","floor":16.0,"turns":9.0},{"damage":14.0,"enemies":"2 Thieves","floor":18.0,"turns":4.0},{"damage":3.0,"enemies":"Shell Parasite","floor":20.0,"turns":4.0},{"damage":14.0,"enemies":"Snake Plant","floor":22.0,"turns":4.0},{"damage":5.0,"enemies":"Book of Stabbing","floor":23.0,"turns":5.0},{"damage":18.0,"enemies":"3 Cultists","floor":25.0,"turns":4.0},{"damage":0.0,"enemies":"Snecko","floor":29.0,"turns":4.0},{"damage":2.0,"enemies":"Shelled Parasite and Fungi","floor":31.0,"turns":4.0},{"damage":13.0,"enemies":"Automaton","floor":33.0,"turns":11.0},{"damage":6.0,"enemies":"3 Darklings","floor":35.0,"turns":5.0},{"damage":24.0,"enemies":"3 Shapes","floor":36.0,"turns":7.0},{"damage":34.0,"enemies":"Transient","floor":39.0,"turns":5.0},{"damage":0.0,"enemies":"Writhing Mass","floor":41.0,"turns":5.0},{"damage":35.0,"enemies":"4 Shapes","floor":42.0,"turns":6.0},{"damage":18.0,"enemies":"3 Darklings","floor":45.0,"turns":5.0},{"damage":9,"enemies":"Writhing Mass","floor":46,"turns":5},{"damage":27,"enemies":"Transient","floor":48,"turns":3}],"seed_played":"5094499576300208502","potions_obtained":[{"floor":1.0,"key":"FearPotion"},{"floor":2.0,"key":"Weak Potion"},{"floor":6.0,"key":"TheCursedMod:DregsPotion"},{"floor":12.0,"key":"AttackPotion"},{"floor":16.0,"key":"Swift Potion"},{"floor":18.0,"key":"Weak Potion"},{"floor":29.0,"key":"Fruit Juice"},{"floor":31.0,"key":"SpeedPotion"},{"floor":39.0,"key":"DistilledChaos"},{"floor":46,"key":"Energy Potion"}],"is_trial":false,"path_per_floor":["M","M","M","M","?","E","R","M","T","?","?","M","$","M","R","B",null,"M","?","M","?","M","E","R","M","T","$","R","M","$","M","R","B",null,"M","M","$","?","M","R","M","M","T","R","M","M","?","M"],"character_chosen":"THE_CURSED","items_purchased":["TheCursedMod:PinkPellets","TheCursedMod:Stigma","TheCursedMod:CircleOfCorruption","TheCursedMod:CircleOfFlame","TheCursedMod:SoulCrush","TheCursedMod:TroublousMinions","TheCursedMod:DoubleShield","Orrery"],"campfire_rested":5,"item_purchase_floors":[13,13,27,27,27,30,37,37],"current_hp_per_floor":[73,71,70,63,63,43,65,55,55,73,75,69,69,65,65,12,75,61,61,58,58,44,39,61,43,43,43,65,65,65,67,67,59,80,78,54,54,54,22,46,46,17,17,41,23,14,14,0,0],"gold":191,"neow_bonus":"ONE_RANDOM_RARE_CARD","is_daily":false,"chose_seed":false,"campfire_upgraded":2,"win_rate":0.0,"timestamp":1610175794,"path_taken":["M","M","M","M","?","E","R","M","T","?","?","M","$","M","R","BOSS","M","?","M","?","M","E","R","M","T","$","R","M","?","M","R","BOSS","M","M","$","?","?","R","M","M","T","R","M","M","?","M"],"items_purchased_type":["Relic","Card","Card","Card","Card","Card","Card","Relic"],"build_version":"2020-12-22","purchased_purges":0,"victory":false,"max_hp_per_floor":[75,75,75,75,75,75,75,75,75,75,75,75,75,75,75,75,75,75,75,75,75,75,75,75,75,75,75,75,75,75,75,75,80,80,80,80,80,80,80,80,80,80,80,80,80,80,80,80,80],"card_choices":[{"not_picked":["TheCursedMod:CircleOfFlame","TheCursedMod:BlessingInDisguise"],"picked":"TheCursedMod:LuckyCharm","floor":1.0},{"not_picked":["TheCursedMod:RapidMovement","TheCursedMod:FleshFromBone"],"picked":"TheCursedMod:CursedBlade","floor":2.0},{"not_picked":["TheCursedMod:SoulReap","TheCursedMod:AshesToAshes"],"picked":"TheCursedMod:AbyssShockwave","floor":3.0},{"not_picked":["TheCursedMod:FuryStrike","TheCursedMod:SpreadPlague"],"picked":"TheCursedMod:Torture","floor":4.0},{"not_picked":["TheCursedMod:SpreadPlague","TheCursedMod:Mangle"],"picked":"TheCursedMod:SmokeScreen","floor":6.0},{"not_picked":["TheCursedMod:RapidMovement","TheCursedMod:Stretching"],"picked":"TheCursedMod:CircleOfCorruption","floor":8.0},{"not_picked":["TheCursedMod:Stigma","TheCursedMod:Torture"],"picked":"TheCursedMod:CursedMace","floor":12.0},{"not_picked":["TheCursedMod:PrepareRite","TheCursedMod:TacticalStrike"],"picked":"TheCursedMod:SmokeScreen","floor":14.0},{"not_picked":["TheCursedMod:ForbiddenAlchemy","TheCursedMod:OutForBlood+1"],"picked":"TheCursedMod:DemonSword","floor":16.0},{"not_picked":["TheCursedMod:ReleasedKnowledge","TheCursedMod:CursedAmulet+1"],"picked":"TheCursedMod:HellfireBreathing+1","floor":18.0},{"not_picked":["TheCursedMod:SpitefulPray","TheCursedMod:AshesToAshes"],"picked":"TheCursedMod:SpitefulPlan+1","floor":20.0},{"not_picked":["TheCursedMod:TacticalStrike","TheCursedMod:Obscuration"],"picked":"TheCursedMod:WearCloak+1","floor":22.0},{"not_picked":["TheCursedMod:AbyssShockwave","TheCursedMod:SurpriseAttack"],"picked":"TheCursedMod:CursedShiv","floor":23.0},{"not_picked":["TheCursedMod:SmokeScreen","TheCursedMod:AshesToAshes"],"picked":"TheCursedMod:BlessingInDisguise+1","floor":25.0},{"not_picked":["TheCursedMod:AshesToAshes","TheCursedMod:SurpriseAttack"],"picked":"TheCursedMod:CircleOfBlood","floor":29.0},{"not_picked":["TheCursedMod:CursedStaff","TheCursedMod:CircleOfAmplification+1"],"picked":"TheCursedMod:NeowsMight","floor":31.0},{"not_picked":["TheCursedMod:AntiAging","TheCursedMod:NeowsMight"],"picked":"TheCursedMod:DemonicPact+1","floor":33.0},{"not_picked":["TheCursedMod:Obscuration","TheCursedMod:WearCloak+1"],"picked":"TheCursedMod:FleshFromBone+1","floor":35.0},{"not_picked":["TheCursedMod:Wield+1","TheCursedMod:CursedShiv+1"],"picked":"TheCursedMod:Hemoplague+1","floor":36.0},{"not_picked":["TheCursedMod:RavingStaff+1","TheCursedMod:CircleOfWindfury"],"picked":"TheCursedMod:RapidMovement+1","floor":37.0},{"not_picked":["TheCursedMod:EmpowerCircles+1","TheCursedMod:OutForBlood+1"],"picked":"TheCursedMod:WearCloak","floor":37.0},{"not_picked":["TheCursedMod:SpitefulPlan+1","TheCursedMod:CircleOfFocus"],"picked":"TheCursedMod:Stretching","floor":37.0},{"not_picked":["TheCursedMod:CursedMace+1","TheCursedMod:FleshFromBone"],"picked":"TheCursedMod:CursedShiv+1","floor":37.0},{"not_picked":["TheCursedMod:SurpriseAttack","TheCursedMod:BlessingInDisguise"],"picked":"TheCursedMod:Stigma+1","floor":37.0},{"not_picked":["TheCursedMod:HellfireBreathing+1","TheCursedMod:WearCloak+1"],"picked":"TheCursedMod:VoidForm+1","floor":39.0},{"not_picked":["TheCursedMod:TroublousMinions","TheCursedMod:SmokeScreen+1"],"picked":"TheCursedMod:CursedAmulet+1","floor":41.0},{"not_picked":["TheCursedMod:Wield+1","TheCursedMod:CursedMace+1"],"picked":"TheCursedMod:VitalStrike","floor":42.0},{"not_picked":["TheCursedMod:Wield+1","TheCursedMod:Torture"],"picked":"TheCursedMod:WearCloak+1","floor":45.0},{"not_picked":["TheCursedMod:CircleOfBlood","TheCursedMod:DoubleShield+1"],"picked":"TheCursedMod:CircleOfCorruption+1","floor":46}],"player_experience":141301,"relics_obtained":[{"floor":6.0,"key":"TheCursedMod:BloodyHarpoon"},{"floor":9.0,"key":"Frozen Egg 2"},{"floor":23.0,"key":"Turnip"},{"floor":26.0,"key":"Centennial Puzzle"},{"floor":34.0,"key":"MawBank"},{"floor":34.0,"key":"Letter Opener"},{"floor":34.0,"key":"TheCursedMod:MagicCandle"},{"floor":43.0,"key":"HornCleat"}],"event_choices":[{"damage_healed":0.0,"max_hp_gain":0.0,"max_hp_loss":0.0,"gold_gain":0.0,"event_name":"Living Wall","player_choice":"Grow","floor":5.0,"gold_loss":0.0,"damage_taken":0.0,"cards_upgraded":["TheCursedMod:CursedWand"]},{"damage_healed":18.0,"max_hp_gain":0.0,"max_hp_loss":0.0,"gold_gain":0.0,"event_name":"The Cleric","player_choice":"Healed","floor":10.0,"gold_loss":35.0,"damage_taken":0.0},{"damage_healed":18.0,"max_hp_gain":0.0,"max_hp_loss":0.0,"gold_gain":0.0,"event_name":"Mushrooms","player_choice":"Healed and dodged fight","floor":11.0,"gold_loss":0.0,"damage_taken":0.0,"cards_obtained":["Parasite"]},{"damage_healed":0.0,"max_hp_gain":0.0,"max_hp_loss":0.0,"gold_gain":0.0,"event_name":"The Mausoleum","player_choice":"Opened","floor":19.0,"gold_loss":0.0,"damage_taken":0.0,"relics_obtained":["Bag of Marbles"]},{"cards_removed":["TheCursedMod:Strike_TheCursed"],"damage_healed":0.0,"max_hp_gain":0.0,"max_hp_loss":0.0,"gold_gain":0.0,"event_name":"Beggar","player_choice":"Gave Gold","floor":21.0,"gold_loss":75.0,"damage_taken":0.0},{"damage_healed":0.0,"max_hp_gain":0.0,"max_hp_loss":0.0,"gold_gain":0.0,"event_name":"Upgrade Shrine","player_choice":"Upgraded","floor":38.0,"gold_loss":0.0,"damage_taken":0.0,"cards_upgraded":["TheCursedMod:Stretching"]},{"damage_healed":0,"gold_gain":0,"player_choice":"Ignored","damage_taken":0,"max_hp_gain":0,"max_hp_loss":0,"event_name":"Mysterious Sphere","floor":47,"gold_loss":0}],"is_beta":false,"boss_relics":[{"not_picked":["Pandora\u0027s Box","Runic Dome"],"picked":"TheCursedMod:OminousMark"},{"not_picked":["Sozu","Coffee Dripper"],"picked":"Calling Bell"}],"items_purged_floors":[],"is_endless":false,"potions_floor_spawned":[1,2,6,12,16,18,29,31,39,46],"killed_by":"Transient","ascension_level":0}}