{"host":"xm0tf1maiknh0fp9","time":1610223252,"event":{"mods":["BaseMod","Colored Map","Colored Powertips","Googly Eyes","Minty Spire (QoL Compilation)","Replay The Spire","StSLib"],"gold_per_floor":[114,114,125,135,145,173,173,15,15,15,15,15,15,28,28,28,28],"floor_reached":16,"playtime":454,"items_purged":["Strike_R"],"score":105,"play_id":"66df195e-251f-4bb1-bb4a-22ee01a95d64","local_time":"20210109151412","is_ascension_mode":true,"campfire_choices":[{"floor":7.0,"key":"REST"},{"data":"Abandon","floor":10.0,"key":"SMITH"},{"data":"ReplayTheSpireMod:Stacked","floor":15.0,"key":"SMITH"}],"circlet_count":0,"master_deck":["Strike_R","Strike_R","Strike_R","Strike_R","Defend_R","Defend_R","Defend_R","Bash","Abandon+1","Havoc","Metallicize+1","Flash of Steel","Sentinel+1","ReplayTheSpireMod:Stacked+1"],"relics":["Burning Blood","NeowsBlessing","Frozen Egg 2","TungstenRod","FossilizedHelix"],"acts_visited":["Exordium"],"potions_floor_usage":[16],"damage_taken":[{"damage":0.0,"enemies":"Small Slimes","floor":1.0,"turns":1.0},{"damage":0.0,"enemies":"Cultist","floor":3.0,"turns":1.0},{"damage":0.0,"enemies":"Jaw Worm","floor":4.0,"turns":1.0},{"damage":11.0,"enemies":"Red Slaver","floor":5.0,"turns":3.0},{"damage":51.0,"enemies":"Lagavulin","floor":6.0,"turns":8.0},{"damage":0.0,"enemies":"2 Fungi Beasts","floor":14.0,"turns":5.0},{"damage":62,"enemies":"Hexaghost","floor":16,"turns":14}],"seed_played":"8955751845218298388","potions_obtained":[{"floor":1.0,"key":"Toxic Potion"},{"floor":3.0,"key":"Elixir"}],"is_trial":false,"path_per_floor":["M","?","M","M","M","E","R","$","T","R","?","$","$","M","R","B"],"character_chosen":"IRONCLAD","items_purchased":["Flash of Steel"],"campfire_rested":1,"item_purchase_floors":[8],"current_hp_per_floor":[80,80,80,80,75,30,54,54,54,54,54,54,54,60,60,0,0],"gold":28,"neow_bonus":"THREE_ENEMY_KILL","is_daily":false,"chose_seed":false,"campfire_upgraded":2,"win_rate":0.0,"timestamp":1610223252,"path_taken":["M","?","M","?","M","E","R","?","T","R","?","?","$","?","R","BOSS"],"items_purchased_type":["Card"],"build_version":"2020-12-22","purchased_purges":1,"victory":false,"max_hp_per_floor":[80,80,80,80,80,80,80,80,80,80,80,80,80,80,80,80,80],"card_choices":[{"not_picked":["Twin Strike","Battle Trance"],"picked":"Abandon","floor":1.0},{"not_picked":["Replay:Undeath\u0027s Touch","Massacre"],"picked":"Havoc","floor":3.0},{"not_picked":["Heavy Blade","Combust+1","Warcry"],"picked":"SKIP","floor":4.0},{"not_picked":["Hemokinesis","Pommel Strike"],"picked":"Metallicize+1","floor":5.0},{"not_picked":["Disarm","Heavy Blade","Berserk+1"],"picked":"SKIP","floor":6.0},{"not_picked":["Blood for Blood","Sword Boomerang"],"picked":"ReplayTheSpireMod:Stacked","floor":14.0}],"player_experience":108801,"relics_obtained":[{"floor":2.0,"key":"Frozen Egg 2"},{"floor":6.0,"key":"TungstenRod"},{"floor":9.0,"key":"FossilizedHelix"}],"event_choices":[{"damage_healed":0.0,"max_hp_gain":0.0,"max_hp_loss":0.0,"gold_gain":0.0,"event_name":"Wheel of Change","player_choice":"Relic","floor":2.0,"gold_loss":0.0,"damage_taken":0.0}],"is_beta":false,"boss_relics":[],"items_purged_floors":[8],"is_endless":false,"potions_floor_spawned":[1,3],"killed_by":"Hexaghost","ascension_level":1}}