{"host":"a4s27ghlnr83kbqz","time":1610189684,"event":{"mods":["AchievementEnabler","BaseMod","Colored Map","Minty Spire (QoL Compilation)","Permanent Neow","SuperFastMode"],"gold_per_floor":[12,12,12,30,40,71,36,64,111,143,143,172,188,111,111,111,111],"floor_reached":16,"playtime":297,"items_purged":[],"score":256,"play_id":"b299bf2f-67be-4f73-b202-35d39beb4fec","local_time":"20210109185444","is_ascension_mode":true,"campfire_choices":[{"data":"Twin Strike","floor":11,"key":"SMITH"},{"data":"Battle Trance","floor":15,"key":"SMITH"}],"circlet_count":0,"master_deck":["AscendersBane","Strike_R","Strike_R","Strike_R","Strike_R","Defend_R+1","Defend_R","Defend_R+1","Bash+1","Perfected Strike+1","Twin Strike+1","Battle Trance+1"],"relics":["Burning Blood","Mummified Hand","Oddly Smooth Stone","Omamori","War Paint","Bottled Flame"],"acts_visited":["Exordium"],"potions_floor_usage":[6,8,10,12],"damage_taken":[{"damage":14,"enemies":"Jaw Worm","floor":1,"turns":6},{"damage":3,"enemies":"Small Slimes","floor":4,"turns":3},{"damage":1,"enemies":"Cultist","floor":5,"turns":3},{"damage":35,"enemies":"Lagavulin","floor":6,"turns":5},{"damage":20,"enemies":"3 Sentries","floor":8,"turns":7},{"damage":8,"enemies":"Gremlin Nob","floor":10,"turns":3},{"damage":26,"enemies":"Lagavulin","floor":12,"turns":4},{"damage":6,"enemies":"2 Fungi Beasts","floor":13,"turns":3},{"damage":21,"enemies":"Hexaghost","floor":16,"turns":9}],"seed_played":"1851876080748126405","potions_obtained":[{"floor":4,"key":"GamblersBrew"},{"floor":5,"key":"SpeedPotion"},{"floor":6,"key":"Explosive Potion"},{"floor":8,"key":"SteroidPotion"}],"is_trial":false,"path_per_floor":["M","?","?","M","M","E","?","E","T","E","R","E","M","$","R","B"],"character_chosen":"IRONCLAD","items_purchased":["Battle Trance"],"campfire_rested":0,"item_purchase_floors":[14],"current_hp_per_floor":[60,60,60,63,68,39,57,43,43,41,41,21,21,21,21,0,0],"gold":111,"neow_bonus":"REMOVE_TWO","is_daily":false,"chose_seed":false,"campfire_upgraded":2,"win_rate":0.0,"timestamp":1610189684,"path_taken":["M","?","?","M","?","E","?","E","T","E","R","E","M","$","R","BOSS"],"items_purchased_type":["Card"],"build_version":"2020-12-22","purchased_purges":0,"victory":false,"max_hp_per_floor":[75,75,75,75,75,75,75,75,75,75,75,75,75,75,75,75,75],"card_choices":[{"not_picked":["Thunderclap","Twin Strike"],"picked":"Perfected Strike","floor":1},{"not_picked":["Body Slam","Dropkick","Intimidate"],"picked":"SKIP","floor":4},{"not_picked":["Searing Blow","Inflame","Anger"],"picked":"SKIP","floor":5},{"not_picked":["Searing Blow","Inflame","Anger"],"picked":"SKIP","floor":5},{"not_picked":["Armaments","Sword Boomerang","Iron Wave"],"picked":"SKIP","floor":6},{"not_picked":["Sword Boomerang","Headbutt"],"picked":"Twin Strike","floor":8},{"not_picked":["Thunderclap","Reckless Charge","Clothesline"],"picked":"SKIP","floor":10},{"not_picked":["Infernal Blade","Whirlwind","Flex"],"picked":"SKIP","floor":12},{"not_picked":["Dropkick","Rage","Sever Soul"],"picked":"SKIP","floor":13}],"player_experience":1098929,"relics_obtained":[{"floor":6,"key":"Mummified Hand"},{"floor":8,"key":"Oddly Smooth Stone"},{"floor":9,"key":"Omamori"},{"floor":10,"key":"War Paint"},{"floor":12,"key":"Bottled Flame"}],"event_choices":[{"damage_healed":0,"gold_gain":0,"player_choice":"Grow","damage_taken":0,"max_hp_gain":0,"max_hp_loss":0,"event_name":"Living Wall","floor":2,"gold_loss":0,"cards_upgraded":["Perfected Strike"]},{"damage_healed":0,"gold_gain":0,"player_choice":"Forge","damage_taken":0,"max_hp_gain":0,"max_hp_loss":0,"event_name":"Accursed Blacksmith","floor":3,"gold_loss":0,"cards_upgraded":["Bash"]},{"damage_healed":18,"gold_gain":0,"player_choice":"Healed","damage_taken":0,"max_hp_gain":0,"max_hp_loss":0,"event_name":"The Cleric","floor":7,"gold_loss":35}],"is_beta":false,"boss_relics":[],"items_purged_floors":[],"is_endless":false,"potions_floor_spawned":[4,5,6,8],"killed_by":"Hexaghost","ascension_level":20}}