{"host":"08t08ld674si40tv","time":1610174323,"event":{"mods":["AchievementEnabler","BaseMod","Colored Map","Minty Spire (QoL Compilation)","StSLib","SuperFastMode"],"gold_per_floor":[119,131,131,143,143,143,178,178,178,191,222,20,20,50,50,121,121,132,25,38,56,56,56,86,103,103,103,103,136,86,86,86,86,86],"floor_reached":33,"playtime":654,"items_purged":["Strike_R","Strike_R","Twin Strike"],"score":652,"play_id":"648ca752-529b-45ba-a74c-ed82412201a7","local_time":"20210109153843","is_ascension_mode":true,"campfire_choices":[{"data":"Bash","floor":6.0,"key":"SMITH"},{"floor":8.0,"key":"REST"},{"data":"Searing Blow+1","floor":13.0,"key":"SMITH"},{"data":"Searing Blow+2","floor":15.0,"key":"SMITH"},{"data":"Searing Blow+3","floor":23.0,"key":"SMITH"},{"data":"Searing Blow+4","floor":27,"key":"SMITH"},{"data":"Searing Blow+5","floor":32,"key":"SMITH"}],"circlet_count":0,"master_deck":["AscendersBane","Defend_R","Defend_R","Bash+1","Intimidate","Bloodletting","Searing Blow+6","Offering","Disarm","Immolate+1","Blood for Blood+1","Limit Break","Burning Pact"],"relics":["Burning Blood","Black Star","Smiling Mask","Molten Egg 2","Self Forming Clay","Charon\u0027s Ashes","Nunchaku","Strawberry","Orichalcum","Runic Dome","Bottled Lightning","Shuriken","Question Card","Potion Belt"],"acts_visited":["Exordium","TheCity"],"potions_floor_usage":[24,29,33],"damage_taken":[{"damage":15.0,"enemies":"Small Slimes","floor":1.0,"turns":3.0},{"damage":9.0,"enemies":"Jaw Worm","floor":2.0,"turns":4.0},{"damage":1.0,"enemies":"Cultist","floor":4.0,"turns":3.0},{"damage":8.0,"enemies":"Gremlin Nob","floor":7.0,"turns":3.0},{"damage":18.0,"enemies":"Gremlin Gang","floor":10.0,"turns":4.0},{"damage":30.0,"enemies":"3 Sentries","floor":11.0,"turns":9.0},{"damage":11.0,"enemies":"Lagavulin","floor":14.0,"turns":4.0},{"damage":20.0,"enemies":"Hexaghost","floor":16.0,"turns":8.0},{"damage":20.0,"enemies":"Shell Parasite","floor":18.0,"turns":3.0},{"damage":6.0,"enemies":"Chosen","floor":20.0,"turns":3.0},{"damage":8.0,"enemies":"Snecko","floor":21.0,"turns":3.0},{"damage":6,"enemies":"Slavers","floor":24,"turns":1},{"damage":9,"enemies":"Sentry and Sphere","floor":25,"turns":1},{"damage":14,"enemies":"Book of Stabbing","floor":29,"turns":3},{"damage":52,"enemies":"Collector","floor":33,"turns":5}],"seed_played":"-2631335920574372584","potions_obtained":[{"floor":2.0,"key":"AttackPotion"},{"floor":11.0,"key":"Block Potion"},{"floor":14.0,"key":"Fruit Juice"},{"floor":18.0,"key":"FearPotion"},{"floor":24,"key":"Energy Potion"},{"floor":29,"key":"SkillPotion"}],"is_trial":false,"path_per_floor":["M","M","?","M","?","R","E","R","T","M","E","$","R","E","R","B",null,"M","$","M","M","?","R","E","M","T","R","?","E","$","?","R","B"],"character_chosen":"IRONCLAD","items_purchased":["Offering","PowerPotion"],"campfire_rested":1,"item_purchase_floors":[12,19],"current_hp_per_floor":[41,38,43,48,48,48,46,70,70,58,34,34,34,36,36,27,76,62,62,62,60,60,60,60,57,57,57,57,49,49,49,49,0,0],"gold":86,"neow_bonus":"TRANSFORM_TWO_CARDS","is_daily":false,"chose_seed":false,"campfire_upgraded":6,"win_rate":0.0,"timestamp":1610174323,"path_taken":["M","M","?","M","?","R","E","R","T","M","E","$","R","E","R","BOSS","M","?","?","M","?","R","E","M","T","R","?","E","?","?","R","BOSS"],"items_purchased_type":["Card","Potion"],"build_version":"2020-12-22","purchased_purges":3,"victory":false,"max_hp_per_floor":[75,75,80,80,80,80,80,80,80,80,80,80,80,87,87,92,92,92,92,92,92,92,92,92,92,92,92,92,92,92,92,92,92,92],"card_choices":[{"not_picked":["Anger","Warcry","Thunderclap"],"picked":"SKIP","floor":1.0},{"not_picked":["Sever Soul","Perfected Strike","Thunderclap"],"picked":"SKIP","floor":2.0},{"not_picked":["Sword Boomerang","Headbutt","Clash"],"picked":"SKIP","floor":4.0},{"not_picked":["Headbutt+1","Havoc"],"picked":"Bloodletting","floor":7.0},{"not_picked":["Shrug It Off","Burning Pact"],"picked":"Searing Blow+1","floor":10.0},{"not_picked":["Uppercut+1","Anger+1","Havoc"],"picked":"SKIP","floor":11.0},{"not_picked":["Entrench","Cleave+1"],"picked":"Disarm","floor":14.0},{"not_picked":["Demon Form","Bludgeon+1"],"picked":"Immolate+1","floor":16.0},{"not_picked":["Spot Weakness+1","Infernal Blade","Body Slam+1"],"picked":"SKIP","floor":18.0},{"not_picked":["Warcry","Sever Soul+1","Havoc"],"picked":"SKIP","floor":20.0},{"not_picked":["Iron Wave+1","Blood for Blood+1","Hemokinesis+1"],"picked":"SKIP","floor":21.0},{"not_picked":["Iron Wave+1","Hemokinesis+1"],"picked":"Blood for Blood+1","floor":21.0},{"not_picked":["Twin Strike+1","Rupture","Iron Wave+1"],"picked":"SKIP","floor":24},{"not_picked":["Twin Strike+1","Rupture","Iron Wave+1"],"picked":"SKIP","floor":24},{"not_picked":["Spot Weakness","Pommel Strike+1","Reckless Charge+1"],"picked":"SKIP","floor":25},{"not_picked":["Uppercut+1","Thunderclap+1","Perfected Strike+1"],"picked":"SKIP","floor":29}],"player_experience":202103,"relics_obtained":[{"floor":7.0,"key":"Smiling Mask"},{"floor":7.0,"key":"Molten Egg 2"},{"floor":9.0,"key":"Self Forming Clay"},{"floor":11.0,"key":"Charon\u0027s Ashes"},{"floor":11.0,"key":"Nunchaku"},{"floor":14.0,"key":"Strawberry"},{"floor":14.0,"key":"Orichalcum"},{"floor":24,"key":"Bottled Lightning"},{"floor":24,"key":"Shuriken"},{"floor":29,"key":"Question Card"},{"floor":29,"key":"Potion Belt"}],"event_choices":[{"damage_healed":0.0,"max_hp_gain":5.0,"max_hp_loss":0.0,"gold_gain":0.0,"event_name":"Big Fish","player_choice":"Donut","floor":3.0,"gold_loss":0.0,"damage_taken":0.0},{"damage_healed":0.0,"max_hp_gain":0.0,"max_hp_loss":0.0,"gold_gain":0.0,"cards_transformed":["Strike_R"],"event_name":"Transmorgrifier","player_choice":"Transformed","floor":5.0,"gold_loss":0.0,"damage_taken":0.0,"cards_obtained":["Intimidate"]},{"damage_healed":0.0,"max_hp_gain":0.0,"max_hp_loss":0.0,"gold_gain":0.0,"cards_transformed":["Cleave","Defend_R"],"event_name":"Drug Dealer","player_choice":"Became Test Subject","floor":22.0,"gold_loss":0.0,"damage_taken":0.0,"cards_obtained":["Limit Break","Burning Pact"]},{"damage_healed":0,"gold_gain":0,"player_choice":"Ignored","damage_taken":0,"max_hp_gain":0,"max_hp_loss":0,"event_name":"Vampires","floor":28,"gold_loss":0},{"cards_removed":["Defend_R"],"damage_healed":0,"gold_gain":0,"player_choice":"Elegance","damage_taken":0,"max_hp_gain":0,"max_hp_loss":0,"event_name":"Back to Basics","floor":31,"gold_loss":0}],"is_beta":false,"boss_relics":[{"not_picked":["Pandora\u0027s Box","Runic Cube"],"picked":"Runic Dome"}],"items_purged_floors":[12,19,30],"is_endless":false,"potions_floor_spawned":[2,11,14,18,24,29],"killed_by":"Collector","ascension_level":20}}