{"host":"19tvufa8xx4wr4o1","time":1610209090,"event":{"mods":["AchievementEnabler","BaseMod","Better Sensory Stone","Better Third Choice","Highlight Path","Minty Spire (QoL Compilation)","Relic Stats","StSLib"],"gold_per_floor":[114,114,1,18,36,71,71,106,106,106,37,57,76,109,109,183,183,193,204,204,129,129,129,141,154,154,32,32,32,51,51,51,51,51],"floor_reached":33,"playtime":1130,"items_purged":[],"score":464,"play_id":"55d5eedb-02f3-4949-aa70-d97b0fa88853","local_time":"20210109101810","is_ascension_mode":true,"campfire_choices":[{"data":"Predator","floor":7.0,"key":"SMITH"},{"floor":10.0,"key":"REST"},{"floor":15.0,"key":"REST"},{"floor":23,"key":"REST"},{"floor":29,"key":"REST"},{"data":"Footwork","floor":32,"key":"SMITH"}],"circlet_count":0,"master_deck":["AscendersBane","Strike_G","Strike_G","Strike_G","Strike_G","Strike_G","Defend_G","Defend_G","Defend_G","Defend_G","Defend_G","Survivor","Neutralize+1","Blade Dance","Predator+1","Footwork","Skewer","Dash","Caltrops","Storm of Steel","Footwork+1","PiercingWail","Finisher","PiercingWail","Malaise","All Out Attack+1","Dodge and Roll","HandOfGreed","Poisoned Stab+1","Dash+1"],"relics":["Ring of the Snake","The Courier","Gremlin Horn","StrikeDummy","Strawberry","Sozu","Nunchaku","Bag of Marbles"],"acts_visited":["Exordium","TheCity"],"potions_floor_usage":[18,30],"damage_taken":[{"damage":2.0,"enemies":"2 Louse","floor":1.0,"turns":4.0},{"damage":0.0,"enemies":"Jaw Worm","floor":4.0,"turns":4.0},{"damage":0.0,"enemies":"Small Slimes","floor":5.0,"turns":4.0},{"damage":12.0,"enemies":"Gremlin Nob","floor":6.0,"turns":3.0},{"damage":16.0,"enemies":"3 Sentries","floor":8.0,"turns":10.0},{"damage":5.0,"enemies":"Looter","floor":12.0,"turns":4.0},{"damage":1.0,"enemies":"Gremlin Gang","floor":13.0,"turns":4.0},{"damage":39.0,"enemies":"Gremlin Nob","floor":14.0,"turns":5.0},{"damage":12,"enemies":"Hexaghost","floor":16,"turns":13},{"damage":14,"enemies":"Spheric Guardian","floor":18,"turns":5},{"damage":10,"enemies":"Shell Parasite","floor":19,"turns":5},{"damage":9,"enemies":"Snake Plant","floor":24,"turns":7},{"damage":19,"enemies":"Shelled Parasite and Fungi","floor":25,"turns":8},{"damage":0,"enemies":"Sentry and Sphere","floor":30,"turns":3},{"damage":54,"enemies":"Automaton","floor":33,"turns":6}],"seed_played":"-7201297019765970227","potions_obtained":[{"floor":4.0,"key":"SteroidPotion"},{"floor":5.0,"key":"Swift Potion"},{"floor":6.0,"key":"FearPotion"},{"floor":14.0,"key":"Explosive Potion"},{"floor":16,"key":"Ancient Potion"}],"is_trial":false,"path_per_floor":["M","?","$","M","M","E","R","E","T","R","$","M","M","E","R","B",null,"M","M","?","?","?","R","M","M","T","$","?","R","M","$","R","B"],"character_chosen":"THE_SILENT","items_purchased":["Predator","Footwork","Footwork","PiercingWail","Bag of Marbles"],"campfire_rested":4,"item_purchase_floors":[3,3,11,11,27],"current_hp_per_floor":[57,57,57,57,57,45,45,29,29,48,48,43,42,10,31,19,60,46,36,36,36,36,57,48,29,29,29,29,50,50,50,50,0,0],"gold":51,"neow_bonus":"UPGRADE_CARD","is_daily":false,"chose_seed":false,"campfire_upgraded":2,"win_rate":0.0,"timestamp":1610209090,"path_taken":["M","?","$","M","M","E","R","E","T","R","$","M","M","E","R","BOSS","M","M","?","?","?","R","M","M","T","$","?","R","M","?","R","BOSS"],"items_purchased_type":["Card","Card","Card","Card","Relic"],"build_version":"2020-12-22","purchased_purges":0,"victory":false,"max_hp_per_floor":[66,66,66,66,66,66,66,66,66,66,66,66,66,73,73,73,73,73,73,73,73,73,73,73,73,73,73,73,73,73,73,73,73,73],"relic_stats":{"Sozu":3,"Nunchaku":[2],"Gremlin Horn":[6,6],"counters":[15,85],"obtain_stats":[{"Sozu":17,"Nunchaku":26,"Gremlin Horn":8,"Strawberry":14,"The Courier":6,"Bag of Marbles":27,"StrikeDummy":9,"Ring of the Snake":0},{"Sozu":9,"Nunchaku":13,"Gremlin Horn":5,"Strawberry":8,"The Courier":4,"Bag of Marbles":13,"StrikeDummy":5,"Ring of the Snake":0},{"Sozu":51,"Nunchaku":76,"Gremlin Horn":25,"Strawberry":38,"The Courier":15,"Bag of Marbles":76,"StrikeDummy":25,"Ring of the Snake":0}],"Ring of the Snake":[30]},"card_choices":[{"not_picked":["Prepared","Eviscerate"],"picked":"Blade Dance","floor":1.0},{"not_picked":["Deadly Poison","Quick Slash"],"picked":"Skewer","floor":4.0},{"not_picked":["PiercingWail","Expertise"],"picked":"Dash","floor":5.0},{"not_picked":["Footwork","Prepared"],"picked":"Caltrops","floor":6.0},{"not_picked":["Finisher","Escape Plan"],"picked":"Storm of Steel","floor":8.0},{"not_picked":["Dagger Throw","Deadly Poison","Sucker Punch"],"picked":"SKIP","floor":12.0},{"not_picked":["Concentrate","Quick Slash"],"picked":"Finisher","floor":13.0},{"not_picked":["Backflip","Deflect"],"picked":"PiercingWail","floor":14.0},{"not_picked":["After Image","A Thousand Cuts"],"picked":"Malaise","floor":16},{"not_picked":["Footwork","Acrobatics"],"picked":"All Out Attack+1","floor":18},{"not_picked":["Backflip","Concentrate"],"picked":"Dodge and Roll","floor":19},{"not_picked":["Mind Blast","Finesse"],"picked":"HandOfGreed","floor":22},{"not_picked":["Distraction","Cloak And Dagger"],"picked":"Poisoned Stab+1","floor":24},{"not_picked":["Cloak And Dagger","Catalyst","Expertise"],"picked":"SKIP","floor":25},{"not_picked":["Flying Knee+1","Backstab"],"picked":"Dash+1","floor":30}],"player_experience":562529,"relics_obtained":[{"floor":6.0,"key":"The Courier"},{"floor":8.0,"key":"Gremlin Horn"},{"floor":9.0,"key":"StrikeDummy"},{"floor":14.0,"key":"Strawberry"},{"floor":26,"key":"Nunchaku"}],"event_choices":[{"damage_healed":57.0,"max_hp_gain":0.0,"max_hp_loss":66.0,"gold_gain":0.0,"event_name":"betterThird:BetterShining","player_choice":"Leave","floor":2.0,"gold_loss":0.0,"damage_taken":0.0},{"damage_healed":0,"gold_gain":0,"player_choice":"Smashed Altar","damage_taken":0,"max_hp_gain":0,"max_hp_loss":0,"event_name":"Forgotten Altar","floor":20,"gold_loss":0,"cards_obtained":["Decay"]},{"cards_removed":["Decay"],"damage_healed":0,"gold_gain":0,"player_choice":"Gave Gold","damage_taken":0,"max_hp_gain":0,"max_hp_loss":0,"event_name":"Beggar","floor":21,"gold_loss":75},{"damage_healed":0,"gold_gain":2,"player_choice":"1","damage_taken":0,"max_hp_gain":0,"max_hp_loss":0,"event_name":"betterStone:BetterStone","floor":22,"gold_loss":0},{"damage_healed":0,"gold_gain":0,"player_choice":"Ignored","damage_taken":0,"max_hp_gain":0,"max_hp_loss":0,"event_name":"Vampires","floor":28,"gold_loss":0}],"is_beta":false,"boss_relics":[{"not_picked":["Runic Dome","Busted Crown"],"picked":"Sozu"}],"items_purged_floors":[],"is_endless":false,"potions_floor_spawned":[4,5,6,14,16,18,19,24],"killed_by":"Automaton","ascension_level":15}}