{"host":"el64n55ujqqj0ju7","time":1610225321,"event":{"mods":["AchievementEnabler","Act Like it!","BaseMod","Beaked The Cultist","Better Altar","Better Third Choice","BetterRewards","Card Forge","Colored Map","Conspire","Downfall","Hallownest","Hermit","Hubris","Infinite Spire","Lobotomy","Minty Spire (QoL Compilation)","Rare Cards Sparkle","Replay The Spire","Spicy Shops","Spikes Relics","StSLib","The Bug Knight","The Hierophant"],"gold_per_floor":[217,10,24,37,47,80,40,67,113,113,123,134,134,153,153,252,252,272,283,302,319,333,359,359,385,310,328,72,72,174,174,201,226,101,145,182,182,209,238,238,279,279,279,279],"floor_reached":51,"playtime":2007,"items_purged":["Pain","CloudedMind","Strike_R"],"score":1012,"play_id":"deae9211-756a-4a4f-8131-57c47d834df8","local_time":"20210109154841","is_ascension_mode":false,"campfire_choices":[{"data":"Disarm","floor":10,"key":"SMITH"},{"data":"Disarm","floor":15,"key":"SMITH"},{"floor":32,"key":"REST"},{"floor":46,"key":"REST"},{"data":"Shockwave","floor":46,"key":"SMITH"},{"data":"Sword Boomerang","floor":49,"key":"SMITH"}],"circlet_count":0,"master_deck":["Strike_R","Strike_R","Strike_R","Strike_R","Defend_R","Defend_R","Defend_R","Defend_R","Bash","Sword Boomerang+1","Disarm+1","Disarm+1","Shockwave+1","Pommel Strike","Disarm+1","Battle Trance","Offering+1","Clothesline","Demon Form+1","True Grit+1","CommonCold"],"relics":["Burning Blood","Hammer of Thor","Seething Fire","Anvil of the Gods","ClockworkSouvenir","Pear","hubris:Teleporter","Red Skull","WarpedTongs","hubris:ScarierMask","SpikesRelics:DaevaFist","hubris:ChampionShield","ReplayTheSpireMod:CursedCoin","Blood Vial","Guide Book","infinitespire:EvilPickle","Replay:Bronze Core","conspire:DecoderRing","infinitespire:Magic Flask","Ring of Peace","Replay:Wax Seal","RollingBoulder"],"acts_visited":["Exordium","TheCity","TheBeyond"],"potions_floor_usage":[8,23,40,50],"damage_taken":[{"damage":3,"enemies":"Jaw Worm","floor":1,"turns":4},{"damage":1,"enemies":"Cultist","floor":3,"turns":3},{"damage":0,"enemies":"2 Louse","floor":4,"turns":4},{"damage":2,"enemies":"2 Fungi Beasts","floor":5,"turns":4},{"damage":26,"enemies":"Gremlin Nob","floor":6,"turns":5},{"damage":15,"enemies":"Lagavulin","floor":8,"turns":8},{"damage":15,"enemies":"Gremlin Gang","floor":11,"turns":4},{"damage":11,"enemies":"Exordium Wildlife","floor":12,"turns":5},{"damage":13,"enemies":"Blue Slaver","floor":14,"turns":4},{"damage":5,"enemies":"Hexaghost","floor":16,"turns":8},{"damage":34,"enemies":"Spheric Guardian","floor":18,"turns":10},{"damage":11,"enemies":"3 Byrds","floor":19,"turns":6},{"damage":20,"enemies":"Snecko","floor":20,"turns":6},{"damage":11,"enemies":"conspire:HollyBat","floor":21,"turns":7},{"damage":6,"enemies":"Sentry and Sphere","floor":22,"turns":2},{"damage":21,"enemies":"conspire:Head Lice","floor":23,"turns":6},{"damage":6,"enemies":"Snecko","floor":29,"turns":5},{"damage":24,"enemies":"Pondfish","floor":33,"turns":8},{"damage":14,"enemies":"3 Shapes","floor":35,"turns":4},{"damage":16,"enemies":"3 Darklings","floor":36,"turns":8},{"damage":41,"enemies":"R_Hoarder","floor":40,"turns":6},{"damage":0,"enemies":"Spire Growth","floor":44,"turns":7},{"damage":12,"enemies":"Giant Head","floor":47,"turns":8},{"damage":38,"enemies":"infinitespire:MassOfShapes","floor":50,"turns":10}],"seed_played":"7991064674911349042","potions_obtained":[{"floor":5,"key":"Weak Potion"},{"floor":6,"key":"SneckoOil"},{"floor":7,"key":"SteroidPotion"},{"floor":8,"key":"BloodPotion"},{"floor":12,"key":"CultistPotion"},{"floor":22,"key":"AttackPotion"},{"floor":29,"key":"champ:CounterPotion"},{"floor":35,"key":"Ancient Potion"},{"floor":40,"key":"DuplicationPotion"}],"is_trial":false,"path_per_floor":["M","$","M","M","M","E","?","E","T","R","M","M","?","M","R","B",null,"M","M","M","M","M","E","?","T","$","M","$","R","B",null,"M","M","$","?","E","?","T","M","R","E","AVR","R","B",null],"character_chosen":"IRONCLAD","items_purchased":["ClockworkSouvenir","Disarm+1","ReplayTheSpireMod:CursedCoin","Blood Vial","Guide Book"],"campfire_rested":2,"item_purchase_floors":[2,2,30,30,30],"current_hp_per_floor":[80,80,80,80,80,70,70,61,61,61,52,47,47,40,40,41,90,62,57,43,38,38,23,23,23,23,23,23,50,34,90,82,74,74,38,23,23,23,31,58,54,54,54,24],"gold":279,"neow_bonus":"HUNDRED_GOLD","is_daily":false,"chose_seed":false,"campfire_upgraded":4,"win_rate":0.0,"timestamp":1610225321,"path_taken":["M","$","M","M","M","E","?","E","T","R","M","?","?","?","R","BOSS","M","?","M","M","M","E","?","T","?","M","$","R","BOSS","M","M","$","?","E","?","T","M","R","E","AVR","R","BOSS"],"items_purchased_type":["Relic","Card","Relic","Relic","Relic"],"build_version":"2020-12-22","purchased_purges":3,"victory":true,"max_hp_per_floor":[80,80,80,80,80,90,90,90,90,90,90,90,90,90,90,90,90,90,90,90,90,90,90,90,90,90,90,90,90,90,90,90,90,90,90,90,90,90,90,90,90,90,90,90],"card_choices":[{"not_picked":["Battle Trance","True Grit"],"picked":"Sword Boomerang","floor":1},{"not_picked":["Searing Blow","Warcry","Thunderclap"],"picked":"SKIP","floor":3},{"not_picked":["Abandon","ReplayTheSpireMod:Strike From Hell","Perfected Strike"],"picked":"SKIP","floor":4},{"not_picked":["Dual Wield","Sword Boomerang"],"picked":"Disarm","floor":5},{"not_picked":["Iron Wave","Thunderclap"],"picked":"Shockwave","floor":6},{"not_picked":["Sever Soul","Warcry"],"picked":"Pommel Strike","floor":8},{"not_picked":["Hemokinesis","Infernal Blade"],"picked":"Disarm","floor":11},{"not_picked":["Flex","Entrench"],"picked":"Battle Trance","floor":12},{"not_picked":["Searing Blow","Infernal Blade","Headbutt"],"picked":"SKIP","floor":14},{"not_picked":["Fiend Fire","Eclipse"],"picked":"Offering","floor":16},{"not_picked":["Sword Boomerang+1","ReplayReversal"],"picked":"Clothesline","floor":18},{"not_picked":["Clash","Reckless Charge+1","Replay:Undeath\u0027s Touch"],"picked":"SKIP","floor":19},{"not_picked":["ReplayTheSpireMod:Strike From Hell","Clothesline","Rupture"],"picked":"SKIP","floor":20},{"not_picked":["Massacre","Headbutt+1","Replay:Undeath\u0027s Touch"],"picked":"SKIP","floor":21},{"not_picked":["Thunderclap","Entrench","Clothesline"],"picked":"SKIP","floor":22},{"not_picked":["Abandon","Invigoration+1","Clash"],"picked":"SKIP","floor":23},{"not_picked":["Sword Boomerang","Clash+1"],"picked":"Demon Form","floor":29},{"not_picked":["Shrug It Off+1","Defy Death+1","hubris:ReadiedAction"],"picked":"SKIP","floor":35},{"not_picked":["Body Slam+1","Abandon+1"],"picked":"True Grit+1","floor":36},{"not_picked":["Uppercut","Hemokinesis","Replay:Many Hands"],"picked":"SKIP","floor":40},{"not_picked":["ReplayTheSpireMod:Limb From Limb","Carnage","Blood for Blood"],"picked":"SKIP","floor":44},{"not_picked":["Clash+1","Pommel Strike","Anger"],"picked":"SKIP","floor":47}],"player_experience":10089,"relics_obtained":[{"floor":6,"key":"Pear"},{"floor":8,"key":"hubris:Teleporter"},{"floor":9,"key":"Red Skull"},{"floor":23,"key":"SpikesRelics:DaevaFist"},{"floor":26,"key":"hubris:ChampionShield"},{"floor":38,"key":"conspire:DecoderRing"},{"floor":40,"key":"infinitespire:Magic Flask"},{"floor":42,"key":"Ring of Peace"},{"floor":43,"key":"Replay:Wax Seal"},{"floor":47,"key":"RollingBoulder"}],"event_choices":[{"damage_healed":0,"gold_gain":0,"player_choice":"Bought 3 Potions","damage_taken":0,"max_hp_gain":0,"max_hp_loss":0,"event_name":"The Woman in Blue","floor":7,"gold_loss":0},{"damage_healed":0,"gold_gain":0,"player_choice":"Rummage","damage_taken":0,"relics_obtained":["WarpedTongs"],"max_hp_gain":0,"max_hp_loss":0,"event_name":"Accursed Blacksmith","floor":13,"gold_loss":0,"cards_obtained":["Pain"]},{"damage_healed":0,"gold_gain":0,"player_choice":"Ignored","damage_taken":0,"max_hp_gain":0,"max_hp_loss":0,"event_name":"NoteForYourself","floor":24,"gold_loss":0}],"is_beta":false,"boss_relics":[{"not_picked":["infinitespire:Cupcake","hubris:RunicObelisk"],"picked":"hubris:ScarierMask"},{"not_picked":["Coffee Dripper","ReplayTheSpireMod:SealedPack"],"picked":"Replay:Bronze Core"}],"items_purged_floors":[27,30,37],"is_endless":false,"potions_floor_spawned":[5,6,8,11,12,20,22,29,33,35,36,40],"ascension_level":0}}