{"host":"ay6svh75y541m8fi","time":1610198673,"event":{"mods":["BaseMod","Colored Powertips","Downfall","Hermit","Marisa£®ÏF”Í°°ƒß¿Ì…≥£©","Minty Spire (QoL Compilation)","Quick Restart","Remilia£®¿Ÿ√◊¿Ú—«£©","Replay The Spire","StSLib","The Bug Knight","The Construct","The Cursed","The Runesmith","The Servant 0.9.4","°æ“≈ŒÔø®≈∆°øREMEMod"],"gold_per_floor":[113,63,14,14,34,34,54,54,54,129,145,176,190,213,213,321,321,343,15,15,15,30,30,46,1,1,6,6],"floor_reached":27,"playtime":1495,"items_purged":["hermit:SprayPray"],"score":213,"play_id":"703e5f9f-f3fd-4a2a-980b-9398506b9bba","local_time":"20210109212433","is_ascension_mode":false,"campfire_choices":[{"data":"hermit:Vantage","floor":6.0,"key":"SMITH"},{"data":"hermit:Covet","floor":8.0,"key":"SMITH"},{"floor":15.0,"key":"REST"},{"floor":23.0,"key":"REST"}],"circlet_count":0,"master_deck":["hermit:Strike_Hermit","hermit:Strike_Hermit","hermit:Strike_Hermit","hermit:Defend_Hermit","hermit:Defend_Hermit","hermit:Defend_Hermit","hermit:Snapshot","hermit:Covet+1","hermit:Vantage+1","hermit:Scavenge","hermit:Misfire","hermit:Snipe","hermit:Glare","hermit:Maintenance","hermit:FullyLoaded","hermit:HeroicBravado","hermit:Quickdraw","REME_WheelOfFate","hermit:FullyLoaded","hermit:Strike_Hermit","hermit:EyeOfTheStorm","hermit:CalledShot"],"relics":["hermit:Momento","REME_ComplimentaryCards","NeowsBlessing","InkBottle","Du-Vu Doll","Ring of Chaos","hermit:RyeStalk"],"acts_visited":["Exordium","TheCity"],"potions_floor_usage":[],"damage_taken":[{"damage":0.0,"enemies":"Jaw Worm","floor":1.0,"turns":1.0},{"damage":0.0,"enemies":"Small Slimes","floor":5.0,"turns":1.0},{"damage":0.0,"enemies":"Cultist","floor":7.0,"turns":1.0},{"damage":0.0,"enemies":"Lots of Slimes","floor":11.0,"turns":1.0},{"damage":18.0,"enemies":"3 Sentries","floor":12.0,"turns":8.0},{"damage":0.0,"enemies":"Looter","floor":13.0,"turns":2.0},{"damage":5.0,"enemies":"2 Fungi Beasts","floor":14.0,"turns":3.0},{"damage":46.0,"enemies":"The Guardian","floor":16.0,"turns":14.0},{"damage":21.0,"enemies":"2 Thieves","floor":18.0,"turns":4.0},{"damage":19.0,"enemies":"Spheric Guardian","floor":22.0,"turns":8.0},{"damage":31.0,"enemies":"3 Cultists","floor":24.0,"turns":6.0},{"damage":27,"enemies":"Chosen and Byrds","floor":27,"turns":4}],"seed_played":"-7574102872160845894","potions_obtained":[{"floor":5.0,"key":"LifebloodPotion"},{"floor":7.0,"key":"Explosive Potion"},{"floor":13.0,"key":"LiquidBronze"},{"floor":14.0,"key":"Explosive Potion"}],"is_trial":false,"path_per_floor":["M","?","$","?","M","R","M","R","T","?","M","E","M","M","R","B",null,"M","$","?","?","M","R","M","$","T","M"],"character_chosen":"HERMIT","items_purchased":["hermit:Vantage","REME_WheelOfFate","hermit:FullyLoaded","hermit:CalledShot"],"campfire_rested":2,"item_purchase_floors":[3,19,19,25],"current_hp_per_floor":[75,75,75,68,68,68,68,68,68,57,57,39,39,34,56,10,75,54,54,54,54,35,57,26,26,26,0,0],"gold":6,"neow_bonus":"THREE_ENEMY_KILL","is_daily":false,"chose_seed":false,"campfire_upgraded":2,"win_rate":0.0,"timestamp":1610198673,"path_taken":["M","?","$","?","M","R","M","R","T","?","M","E","M","M","R","BOSS","M","$","?","?","?","R","M","$","T","?"],"items_purchased_type":["Card","Card","Card","Card"],"build_version":"2020-12-22","purchased_purges":1,"victory":false,"max_hp_per_floor":[75,75,75,75,75,75,75,75,75,75,75,75,75,75,75,75,75,75,75,75,75,75,75,75,75,75,75,75],"card_choices":[{"not_picked":["hermit:WideOpen","hermit:BodyArmor"],"picked":"hermit:SprayPray","floor":1.0},{"not_picked":["hermit:ShadowCloak","hermit:LowProfile"],"picked":"hermit:Scavenge","floor":5.0},{"not_picked":["hermit:Manifest","hermit:Vantage"],"picked":"hermit:Misfire","floor":7.0},{"not_picked":["hermit:CalledShot","hermit:HoleUp"],"picked":"hermit:Snipe","floor":11.0},{"not_picked":["hermit:SprayPray","hermit:Manifest"],"picked":"hermit:Glare","floor":12.0},{"not_picked":["hermit:Horror","hermit:LowProfile"],"picked":"hermit:Maintenance","floor":13.0},{"not_picked":["hermit:BodyArmor","hermit:Determination"],"picked":"hermit:FullyLoaded","floor":14.0},{"not_picked":["hermit:EternalForm","hermit:FinalCanter"],"picked":"hermit:HeroicBravado","floor":16.0},{"not_picked":["hermit:FullyLoaded","hermit:WideOpen"],"picked":"hermit:Quickdraw","floor":18.0},{"not_picked":["hermit:Vantage+1","hermit:TrackingShot"],"picked":"hermit:EyeOfTheStorm","floor":22.0},{"not_picked":["hermit:LoneWolf","hermit:Manifest","hermit:Midnight+1"],"picked":"SKIP","floor":24.0}],"player_experience":86004,"relics_obtained":[{"floor":9.0,"key":"InkBottle"},{"floor":12.0,"key":"Du-Vu Doll"},{"floor":26.0,"key":"hermit:RyeStalk"}],"event_choices":[{"cards_removed":["hermit:Defend_Hermit"],"damage_healed":0.0,"max_hp_gain":0.0,"max_hp_loss":0.0,"gold_gain":0.0,"event_name":"The Cleric","player_choice":"Card Removal","floor":2.0,"gold_loss":50.0,"damage_taken":0.0},{"cards_removed":["hermit:Strike_Hermit"],"damage_healed":0.0,"max_hp_gain":0.0,"max_hp_loss":0.0,"gold_gain":0.0,"event_name":"Golden Wing","player_choice":"Card Removal","floor":4.0,"gold_loss":0.0,"damage_taken":7.0},{"damage_healed":0.0,"max_hp_gain":0.0,"max_hp_loss":0.0,"gold_gain":75.0,"event_name":"World of Goop","player_choice":"Gather Gold","floor":10.0,"gold_loss":0.0,"damage_taken":11.0},{"damage_healed":0.0,"max_hp_gain":0.0,"max_hp_loss":0.0,"gold_gain":0.0,"event_name":"Ghosts","player_choice":"Ignored","floor":20.0,"gold_loss":0.0,"damage_taken":0.0},{"damage_healed":0.0,"max_hp_gain":0.0,"max_hp_loss":0.0,"gold_gain":0.0,"event_name":"Duplicator","player_choice":"Copied","floor":21.0,"gold_loss":0.0,"damage_taken":0.0,"cards_obtained":["hermit:Strike_Hermit"]}],"is_beta":false,"boss_relics":[{"not_picked":["hermit:BartenderGlass","ChewingGum"],"picked":"Ring of Chaos"}],"items_purged_floors":[19],"is_endless":false,"potions_floor_spawned":[5,7,13,14],"killed_by":"Chosen and Byrds","ascension_level":0}}