{"host":"lreod2rejfd0az5i","time":1610183310,"event":{"mods":["AchievementEnabler","Aspiration","BaseMod","Colored Powertips","Conspire","Downfall","Highlight Path","Hubris","Infinite Spire","Mad Scientist","Minty Spire (QoL Compilation)","Rare Cards Sparkle","Relic Stats","Replay The Spire","StSLib","The Bug Knight","The Jungle"],"gold_per_floor":[116,30,30,30,99,99,99,109,109,34,55,55,55,80,80,164,164,183,183,16,66,66,66,66],"floor_reached":23,"playtime":513,"items_purged":["Pain","Strike_G"],"score":366,"play_id":"6cfd4401-8821-42df-863d-8b8b97ad104e","local_time":"20210109020830","is_ascension_mode":true,"campfire_choices":[{"floor":6,"key":"REST"},{"data":"Blade Dance","floor":13,"key":"SMITH"},{"data":"Finisher","floor":15,"key":"SMITH"}],"circlet_count":0,"master_deck":["AscendersBane","Strike_G","Strike_G","Strike_G","Strike_G","Defend_G","Defend_G","Defend_G","Defend_G","Defend_G","Survivor","Neutralize","Finisher+1","Infinite Blades","Blade Dance+1","Storm of Steel","Infinite Blades"],"relics":["Ring of the Snake","NeowsBlessing","WarpedTongs","Bag of Marbles","CeramicFish","Nunchaku","Lantern","ChewingGum"],"acts_visited":["Exordium","TheCity"],"potions_floor_usage":[14,14],"damage_taken":[{"damage":0,"enemies":"Jaw Worm","floor":1,"turns":1},{"damage":1,"enemies":"Cultist","floor":8,"turns":1},{"damage":0,"enemies":"Small Slimes","floor":11,"turns":2},{"damage":10,"enemies":"3 Sentries","floor":14,"turns":6},{"damage":16,"enemies":"The Guardian","floor":16,"turns":14},{"damage":0,"enemies":"Spheric Guardian","floor":18,"turns":1},{"damage":57,"enemies":"Gremlin Leader","floor":23,"turns":4}],"seed_played":"2472808744114624132","potions_obtained":[{"floor":5,"key":"Explosive Potion"},{"floor":11,"key":"Strength Potion"}],"is_trial":false,"path_per_floor":["M","$","?","$","?","R","?","M","T","$","M","$","R","E","R","B",null,"M","?","$","?","?","E"],"character_chosen":"THE_SILENT","items_purchased":["Infinite Blades","Infinite Blades"],"campfire_rested":1,"item_purchase_floors":[2,20],"current_hp_per_floor":[59,59,59,59,33,52,52,51,51,51,51,51,51,41,41,25,56,56,56,56,56,56,0,0],"gold":66,"neow_bonus":"THREE_ENEMY_KILL","is_daily":false,"chose_seed":false,"campfire_upgraded":2,"win_rate":0.0,"timestamp":1610183310,"path_taken":["M","$","?","?","?","R","?","?","T","$","M","$","R","E","R","BOSS","M","?","$","?","?","E"],"items_purchased_type":["Card","Card"],"build_version":"2020-12-22","purchased_purges":2,"victory":false,"max_hp_per_floor":[66,66,66,66,66,66,66,66,66,66,66,66,66,66,66,66,66,66,66,66,66,66,66,66],"relic_stats":{"Nunchaku":[8],"counters":[7,29],"CeramicFish":27,"obtain_stats":[{"Nunchaku":9,"Lantern":14,"NeowsBlessing":0,"CeramicFish":7,"ChewingGum":17,"Bag of Marbles":5,"Ring of the Snake":0,"WarpedTongs":3},{"Nunchaku":2,"Lantern":4,"NeowsBlessing":0,"CeramicFish":1,"ChewingGum":5,"Bag of Marbles":1,"Ring of the Snake":0,"WarpedTongs":1},{"Nunchaku":2,"Lantern":10,"NeowsBlessing":0,"CeramicFish":1,"ChewingGum":24,"Bag of Marbles":1,"Ring of the Snake":0,"WarpedTongs":1}],"Ring of the Snake":[14],"WarpedTongs":[28]},"card_choices":[{"not_picked":["Underhanded Strike","Dodge and Roll"],"picked":"Finisher","floor":1},{"not_picked":["Quick Slash","Underhanded Strike"],"picked":"Dagger Spray","floor":5},{"not_picked":["Fluid Movement","Dagger Throw","Sneak Up"],"picked":"SKIP","floor":8},{"not_picked":["Deadly Poison","hubris:Sniper"],"picked":"Blade Dance","floor":11},{"not_picked":["Acrobatics","Replay:Bag of Tricks","hubris:Sniper"],"picked":"SKIP","floor":14},{"not_picked":["Phantasmal Killer","Tools of the Trade"],"picked":"Storm of Steel","floor":16},{"not_picked":["Toxin Wave","Quick Slash","Dagger Throw"],"picked":"SKIP","floor":18}],"player_experience":882303,"relics_obtained":[{"floor":5,"key":"Bag of Marbles"},{"floor":9,"key":"Nunchaku"},{"floor":14,"key":"Lantern"}],"event_choices":[{"damage_healed":0,"gold_gain":0,"player_choice":"Rummage","damage_taken":0,"relics_obtained":["WarpedTongs"],"max_hp_gain":0,"max_hp_loss":0,"event_name":"Accursed Blacksmith","floor":3,"gold_loss":0,"cards_obtained":["Pain"]},{"cards_removed":["Dagger Spray"],"damage_healed":0,"gold_gain":0,"player_choice":"Gave Card","damage_taken":0,"relics_obtained":["CeramicFish"],"max_hp_gain":0,"max_hp_loss":0,"event_name":"WeMeetAgain","floor":7,"gold_loss":0},{"damage_healed":0,"gold_gain":0,"player_choice":"Ignored","damage_taken":0,"max_hp_gain":0,"max_hp_loss":0,"event_name":"Vampires","floor":19,"gold_loss":0},{"damage_healed":0,"gold_gain":50,"player_choice":"Stole From Cult","damage_taken":0,"max_hp_gain":0,"max_hp_loss":0,"event_name":"Nest","floor":21,"gold_loss":0},{"damage_healed":0,"gold_gain":0,"player_choice":"Ignored","damage_taken":0,"max_hp_gain":0,"max_hp_loss":0,"event_name":"Cursed Tome","floor":22,"gold_loss":0}],"is_beta":false,"boss_relics":[{"not_picked":["hubris:GrandSneckoEye","SlaversCollar"],"picked":"ChewingGum"}],"items_purged_floors":[10,20],"is_endless":false,"potions_floor_spawned":[11],"killed_by":"Gremlin Leader","ascension_level":20}}