{"host":"3l94tha3a4jgu0q4","time":1610227688,"event":{"mods":["2.2 Compatiblity","AchievementEnabler","BaseMod","Colored Map","Colored Powertips","Highlight Path","Minty Spire (QoL Compilation)","Permanent Neow","StSLib","SuperFastMode"],"gold_per_floor":[119,219,235,12,27,27,52,52,102,132,132,152,164,189,189,267,267,280,180,197,197,213,213,242,40,63,90,101,131,150,180,180,180,180],"floor_reached":33,"playtime":889,"items_purged":["Strike_P","Strike_P","Bite"],"score":748,"play_id":"bf3b2a9a-36fe-41e4-845b-0e87239ef5ad","local_time":"20210109132808","is_ascension_mode":true,"campfire_choices":[{"data":"Eruption","floor":6,"key":"SMITH"},{"data":"EmptyFist","floor":11,"key":"SMITH"},{"data":"Evaluate","floor":15,"key":"SMITH"},{"data":"Tantrum","floor":23,"key":"SMITH"},{"data":"Vigilance","floor":32,"key":"SMITH"}],"circlet_count":0,"master_deck":["AscendersBane","Defend_P","Defend_P","Defend_P","Defend_P","Eruption+1","Vigilance+1","EmptyFist+1","Tantrum+1","TalkToTheHand+1","Adaptation","LikeWater","FlurryOfBlows+1","Evaluate+1","Halt","Judgement","FearNoEvil","Bite","Bite","Bite","Bite","Meditate","WheelKick+1","Wallop+1","Evaluate+1","FlurryOfBlows+1","Halt+1"],"relics":["Runic Pyramid","Lantern","Juzu Bracelet","Whetstone","Toy Ornithopter","Black Star","Molten Egg 2","Omamori","Anchor","Pear","White Beast Statue","Pen Nib","Bottled Tornado","Red Mask"],"acts_visited":["Exordium","TheCity"],"potions_floor_usage":[13,14,16,24,24,29,29,31,31,33],"damage_taken":[{"damage":0,"enemies":"2 Louse","floor":1,"turns":2},{"damage":0,"enemies":"Cultist","floor":3,"turns":4},{"damage":0,"enemies":"Small Slimes","floor":5,"turns":2},{"damage":24,"enemies":"Gremlin Nob","floor":7,"turns":4},{"damage":0,"enemies":"Lagavulin","floor":10,"turns":5},{"damage":6,"enemies":"2 Fungi Beasts","floor":12,"turns":3},{"damage":0,"enemies":"Blue Slaver","floor":13,"turns":2},{"damage":0,"enemies":"Gremlin Nob","floor":14,"turns":2},{"damage":15,"enemies":"The Guardian","floor":16,"turns":7},{"damage":0,"enemies":"Spheric Guardian","floor":18,"turns":1},{"damage":5,"enemies":"3 Byrds","floor":20,"turns":5},{"damage":8,"enemies":"Centurion and Healer","floor":22,"turns":5},{"damage":37,"enemies":"Slavers","floor":24,"turns":5},{"damage":0,"enemies":"Gremlin Leader","floor":27,"turns":6},{"damage":0,"enemies":"Snake Plant","floor":28,"turns":4},{"damage":0,"enemies":"Slavers","floor":29,"turns":4},{"damage":0,"enemies":"Snecko","floor":30,"turns":3},{"damage":40,"enemies":"Masked Bandits","floor":31,"turns":4},{"damage":54,"enemies":"Champ","floor":33,"turns":10}],"seed_played":"1102393947826674240","potions_obtained":[{"floor":3,"key":"FearPotion"},{"floor":10,"key":"SkillPotion"},{"floor":13,"key":"Swift Potion"},{"floor":16,"key":"Regen Potion"},{"floor":22,"key":"Dexterity Potion"},{"floor":27,"key":"SteroidPotion"},{"floor":28,"key":"BottledMiracle"},{"floor":29,"key":"AttackPotion"},{"floor":30,"key":"FearPotion"},{"floor":31,"key":"SkillPotion"}],"is_trial":false,"path_per_floor":["M","?","M","$","M","R","E","$","T","E","R","M","M","E","R","B",null,"M","$","M","?","M","R","E","$","T","E","M","E","M","?","R","B"],"character_chosen":"WATCHER","items_purchased":["TalkToTheHand","Adaptation","Wallop+1"],"campfire_rested":0,"item_purchase_floors":[4,4,25],"current_hp_per_floor":[61,61,61,61,61,61,37,37,37,37,37,31,31,31,31,21,56,56,56,51,47,45,45,35,35,35,51,57,57,57,17,17,0,0],"gold":180,"neow_bonus":"BOSS_RELIC","is_daily":false,"chose_seed":false,"campfire_upgraded":5,"win_rate":0.0,"timestamp":1610227688,"path_taken":["M","?","M","?","M","R","E","$","T","E","R","M","M","E","R","BOSS","M","$","M","?","M","R","E","$","T","E","M","E","M","?","R","BOSS"],"items_purchased_type":["Card","Card","Card"],"build_version":"2020-12-22","purchased_purges":3,"victory":false,"max_hp_per_floor":[68,68,68,68,68,68,68,68,68,68,68,68,68,68,68,68,68,68,68,68,47,47,47,47,47,47,57,57,57,57,57,57,57,57],"card_choices":[{"not_picked":["Protect","PathToVictory"],"picked":"EmptyFist","floor":1},{"not_picked":["Prostrate","Evaluate"],"picked":"Tantrum","floor":3},{"not_picked":["Protect","CutThroughFate"],"picked":"LikeWater","floor":5},{"not_picked":["Prostrate","EmptyBody"],"picked":"FlurryOfBlows","floor":7},{"not_picked":["Brilliance","Conclude","Alpha"],"picked":"SKIP","floor":10},{"not_picked":["PathToVictory","JustLucky"],"picked":"Evaluate","floor":12},{"not_picked":["Prostrate","WreathOfFlame","Nirvana"],"picked":"SKIP","floor":13},{"not_picked":["WreathOfFlame","ClearTheMind"],"picked":"Halt","floor":14},{"not_picked":["Wish","DevaForm"],"picked":"Judgement","floor":16},{"not_picked":["EmptyFist","PathToVictory"],"picked":"FearNoEvil","floor":18},{"not_picked":["FollowUp","LikeWater","ThirdEye"],"picked":"SKIP","floor":20},{"not_picked":["CutThroughFate","SashWhip"],"picked":"Meditate","floor":22},{"not_picked":["EmptyFist+1","SpiritShield"],"picked":"WheelKick+1","floor":24},{"not_picked":["SashWhip+1","Meditate","ThirdEye"],"picked":"SKIP","floor":27},{"not_picked":["CutThroughFate+1","Adaptation"],"picked":"Evaluate+1","floor":28},{"not_picked":["EmptyBody","Omniscience"],"picked":"FlurryOfBlows+1","floor":29},{"not_picked":["BowlingBash+1","LikeWater"],"picked":"Halt+1","floor":30}],"player_experience":1913822,"relics_obtained":[{"floor":7,"key":"Lantern"},{"floor":9,"key":"Juzu Bracelet"},{"floor":10,"key":"Whetstone"},{"floor":14,"key":"Toy Ornithopter"},{"floor":24,"key":"Molten Egg 2"},{"floor":24,"key":"Omamori"},{"floor":26,"key":"Anchor"},{"floor":27,"key":"Pear"},{"floor":27,"key":"White Beast Statue"},{"floor":29,"key":"Pen Nib"},{"floor":29,"key":"Bottled Tornado"},{"floor":31,"key":"Red Mask"}],"event_choices":[{"damage_healed":0,"gold_gain":100,"player_choice":"Pray","damage_taken":0,"max_hp_gain":0,"max_hp_loss":0,"event_name":"Golden Shrine","floor":2,"gold_loss":0},{"damage_healed":0,"gold_gain":0,"player_choice":"Became a vampire","damage_taken":0,"max_hp_gain":0,"max_hp_loss":21,"event_name":"Vampires","floor":21,"gold_loss":0,"cards_obtained":["Bite","Bite","Bite","Bite","Bite"]},{"damage_healed":0,"gold_gain":0,"player_choice":"Fought Bandits","damage_taken":0,"max_hp_gain":0,"max_hp_loss":0,"event_name":"Masked Bandits","floor":31,"gold_loss":0}],"is_beta":false,"boss_relics":[{"not_picked":["Velvet Choker","Sozu"],"picked":"Black Star"}],"items_purged_floors":[4,19,25],"is_endless":false,"potions_floor_spawned":[3,10,12,13,16,22,27,28,29,30,31],"killed_by":"Champ","ascension_level":14}}