{"host":"8fnghcq8tvbg6z9e","time":1610164962,"event":{"mods":["BaseMod","Downfall","Minty Spire (QoL Compilation)","Quick Restart","Replay The Spire","Spicy Shops","StSLib"],"gold_per_floor":[99,118,138,138,154,174,174,203,217,236,161,174,99,109,124,124,124,124],"floor_reached":16,"playtime":853,"items_purged":[],"score":133,"play_id":"8bea261d-0c6a-4f57-b70b-dfe6b59a5e58","local_time":"20210109120242","is_ascension_mode":false,"campfire_choices":[{"floor":1.0,"key":"DIG"},{"floor":11,"key":"RECALL"},{"data":"Slimebound:MassRepurpose","floor":13,"key":"SMITH"}],"circlet_count":0,"master_deck":["Slimebound:Strike_Slimebound","Slimebound:Strike_Slimebound","Slimebound:Strike_Slimebound","Slimebound:Tackle","Slimebound:Defend_Slimebound","Slimebound:Defend_Slimebound","Slimebound:Defend_Slimebound","Slimebound:Defend_Slimebound","Slimebound:Split","Slimebound:CorrosiveSpit","Slimebound:SamplingLick","Slimebound:ProtectTheBoss","Slimebound:SamplingLick","Slimebound:ItLooksTasty","Slimebound:MassRepurpose+1","Slimebound:LeechingTouch","Slimebound:SamplingLick","Slimebound:SamplingLick","Slimebound:SlimeSpikes"],"relics":["Slimebound:AbsorbEndCombat","Replay:Rubber Ducky","Nunchaku","Eternal Feather","downfall:HeartBlessingBlue","downfall:HeartBlessingRed"],"acts_visited":["Exordium"],"potions_floor_usage":[8,10],"damage_taken":[{"damage":10.0,"enemies":"Cultist","floor":2.0,"turns":4.0},{"damage":5.0,"enemies":"2 Louse","floor":3.0,"turns":2.0},{"damage":12.0,"enemies":"Small Slimes","floor":5.0,"turns":4.0},{"damage":0.0,"enemies":"Gremlin Gang","floor":6.0,"turns":2.0},{"damage":20,"enemies":"Lagavulin","floor":8,"turns":7},{"damage":15,"enemies":"2 Fungi Beasts","floor":9,"turns":4},{"damage":15,"enemies":"Blue Slaver","floor":10,"turns":4},{"damage":4,"enemies":"3 Louse","floor":12,"turns":5},{"damage":13,"enemies":"Gremlin Gang","floor":14,"turns":4},{"damage":8,"enemies":"Large Slime","floor":15,"turns":5},{"damage":36,"enemies":"downfall:Silent","floor":16,"turns":8}],"seed_played":"-7643964648823870086","potions_obtained":[{"floor":2.0,"key":"Explosive Potion"},{"floor":5.0,"key":"Fire Potion"},{"floor":8,"key":"DuplicationPotion"},{"floor":14,"key":"Fire Potion"}],"is_trial":false,"path_per_floor":["R","M","M","?","M","M","T","E","M","M","R","M","R","M","M","B"],"character_chosen":"SLIMEBOUND","items_purchased":[],"campfire_rested":0,"item_purchase_floors":[],"current_hp_per_floor":[60,60,60,60,60,60,60,48,41,46,65,70,70,70,70,54,54,54],"gold":124,"neow_bonus":"RANDOM_COMMON_RELIC","is_daily":false,"chose_seed":false,"campfire_upgraded":1,"win_rate":0.0,"timestamp":1610164962,"path_taken":["R","M","M","?","M","M","T","E","?","M","R","M","R","M","M","BOSS"],"items_purchased_type":[],"build_version":"2020-12-22","purchased_purges":0,"victory":false,"max_hp_per_floor":[60,60,60,60,60,60,60,60,60,60,70,70,70,70,70,70,70,70],"card_choices":[{"not_picked":["Slimebound:HauntingLick","Slimebound:ItLooksTasty"],"picked":"Slimebound:SamplingLick","floor":2.0},{"not_picked":["Slimebound:SplitMire","Slimebound:SplitAcid"],"picked":"Slimebound:ProtectTheBoss","floor":3.0},{"not_picked":["Slimebound:GrowthPunch","Slimebound:Prepare"],"picked":"Slimebound:SamplingLick","floor":5.0},{"not_picked":["Slimebound:SplitLeeching","Slimebound:ForwardTackle"],"picked":"Slimebound:ItLooksTasty","floor":6.0},{"not_picked":["Slimebound:PressTheAttack","Slimebound:SplitBruiser"],"picked":"Slimebound:MassRepurpose","floor":8},{"not_picked":["Slimebound:SlimeBarrage","Slimebound:SplitBruiser"],"picked":"Slimebound:LeechingTouch","floor":9},{"not_picked":["Slimebound:LeechLife","Slimebound:SplitLeeching"],"picked":"Slimebound:SamplingLick","floor":10},{"not_picked":["Slimebound:Prepare","Slimebound:Repurpose"],"picked":"Slimebound:SamplingLick","floor":12},{"not_picked":["Slimebound:ServeAndProtect","Slimebound:RollThrough","Slimebound:SplitBruiser"],"picked":"SKIP","floor":14},{"not_picked":["Slimebound:ViciousTackle","Slimebound:GoopSpray"],"picked":"Slimebound:SlimeSpikes","floor":15}],"player_experience":135666,"relics_obtained":[{"floor":1.0,"key":"Nunchaku"},{"floor":8,"key":"Eternal Feather"}],"event_choices":[],"is_beta":false,"boss_relics":[],"items_purged_floors":[],"is_endless":false,"potions_floor_spawned":[2,5,8,14],"killed_by":"downfall:Silent","ascension_level":0}}