{"host":"xw61u809yplklae2","time":1610218844,"event":{"mods":["BaseMod","Better Third Choice","Colored Map","Conspire","DeckTracker","Downfall","Hubris","Minty Spire (QoL Compilation)","Replay The Spire","StSLib"],"gold_per_floor":[0,0,10,26,26,26,50,79,79,114,24,52,52,65,75,177,177,102,115,126,138,153,138,138,162,194,194,32,59,404,11,28,124,124,49,61,74,74,91,108,108,119,146,0,29,46,46,61,80,80],"floor_reached":51,"playtime":11260,"items_purged":[],"score":946,"play_id":"b5230e14-96bc-473f-9d8a-0d0eeb98ef6f","local_time":"20210109140044","is_ascension_mode":true,"campfire_choices":[{"data":"sneckomod:UnknownRareSkill","floor":1.0,"key":"SMITH"},{"data":"sneckomod:PureSnecko","floor":6.0,"key":"SMITH"},{"data":"sneckomod:SnekBite","floor":9.0,"key":"SMITH"},{"data":"sneckomod:UnknownUncommonPower","floor":13.0,"key":"SMITH"},{"data":"sneckomod:Unknown3Cost","floor":18.0,"key":"SMITH"},{"floor":27,"key":"RECALL"},{"data":"ReplayUltimateDefense","floor":35,"key":"SMITH"},{"floor":47,"key":"REST"}],"circlet_count":0,"master_deck":["sneckomod:Strike","sneckomod:Strike","sneckomod:Defend","sneckomod:Defend","sneckomod:Defend","sneckomod:TailWhip","sneckomod:SnekBite+1","sneckomod:Unknown","sneckomod:Unknown","sneckomod:UnknownRareSkill+1","sneckomod:PureSnecko+1","sneckomod:ImprovisedAttack+1","sneckomod:WideSting","sneckomod:QuickMove","sneckomod:Nope","sneckomod:UnknownUncommonPower+1","sneckomod:UnknownClassGREEN+1","sneckomod:UnknownClassRED","sneckomod:UnknownExhaust","sneckomod:UnknownClassSLIMEBOUND","sneckomod:Unknown3Cost+1","sneckomod:UnknownUncommonPower","sneckomod:UnknownUncommonPower","sneckomod:UnknownClassSLIMEBOUND","sneckomod:UnknownBlock","sneckomod:SoulDraw+1","Pot Of Greed","Pot Of Greed","Pot Of Greed","sneckomod:DefensiveFlair+1","sneckomod:QuickBite+1","ReplayUltimateDefense+1","sneckomod:SerpentIdol","sneckomod:UnknownX+1","sneckomod:UnknownBlock+1","Pain","sneckomod:UnknownClassSLIMEBOUND+1","sneckomod:SoulRoll","sneckomod:ImprovisedGuard+1","Pot Of Greed","Parasite","sneckomod:UnknownColorless"],"relics":["sneckomod:SneckoSoul","Pen Nib","StrikeDummy","conspire:DecoderRing","hubris:Reverence","hubris:CrackedHourglass","downfall:HeartBlessingGreen","ReplayTheSpireMod:Shallot","Grinning Jar","Simple Rune","sneckomod:LoadedDie","hubris:DeckOfHolding","ReplayTheSpireMod:Lightbulb","conspire:RoyalGoblet","downfall:HeartBlessingRed","WarpedTongs","MealTicket","Guide Book","conspire:Dentures"],"acts_visited":["Exordium","TheCity","TheBeyond"],"potions_floor_usage":[26,49,50,50],"damage_taken":[{"damage":0.0,"enemies":"downfall:FleeingMerchant","floor":2.0,"turns":4.0},{"damage":4.0,"enemies":"Jaw Worm","floor":3.0,"turns":3.0},{"damage":0.0,"enemies":"Cultist","floor":4.0,"turns":2.0},{"damage":6.0,"enemies":"Replay:BlueRogue","floor":8.0,"turns":5.0},{"damage":13.0,"enemies":"3 Sentries","floor":10.0,"turns":5.0},{"damage":16.0,"enemies":"downfall:FleeingMerchant","floor":11.0,"turns":4.0},{"damage":1.0,"enemies":"Lagavulin","floor":12.0,"turns":8.0},{"damage":0.0,"enemies":"Small Slimes","floor":14.0,"turns":2.0},{"damage":5.0,"enemies":"Gremlin Gang","floor":15.0,"turns":5.0},{"damage":53.0,"enemies":"downfall:Defect","floor":16.0,"turns":7.0},{"damage":1.0,"enemies":"Chosen","floor":19.0,"turns":3.0},{"damage":1.0,"enemies":"Spheric Guardian","floor":20.0,"turns":3.0},{"damage":17.0,"enemies":"Snake Plant","floor":21.0,"turns":5.0},{"damage":0.0,"enemies":"Shelled Parasite and Fungi","floor":22.0,"turns":3.0},{"damage":7.0,"enemies":"downfall:FleeingMerchant","floor":23.0,"turns":4.0},{"damage":12,"enemies":"conspire:Head Lice","floor":26,"turns":7},{"damage":8,"enemies":"downfall:FleeingMerchant","floor":28,"turns":4},{"damage":22,"enemies":"Slavers","floor":29,"turns":5},{"damage":0,"enemies":"downfall:FleeingMerchant","floor":30,"turns":4},{"damage":3,"enemies":"conspire:HollyBat","floor":32,"turns":7},{"damage":12,"enemies":"downfall:Silent","floor":33,"turns":9},{"damage":1,"enemies":"Orb Walker","floor":36,"turns":2},{"damage":0,"enemies":"3 Darklings","floor":37,"turns":7},{"damage":9,"enemies":"Maw","floor":39,"turns":7},{"damage":1,"enemies":"Transient","floor":40,"turns":5},{"damage":3,"enemies":"3 Darklings","floor":42,"turns":5},{"damage":22,"enemies":"Nemesis","floor":43,"turns":9},{"damage":8,"enemies":"Reptomancer","floor":45,"turns":7},{"damage":42,"enemies":"Writhing Mass","floor":46,"turns":6},{"damage":2,"enemies":"Sphere and 2 Shapes","floor":48,"turns":6},{"damage":25,"enemies":"Spire Growth","floor":49,"turns":7},{"damage":29,"enemies":"downfall:Watcher","floor":50,"turns":8}],"seed_played":"5832791169646434157","potions_obtained":[{"floor":3.0,"key":"SkillPotion"},{"floor":10.0,"key":"Weak Potion"},{"floor":12.0,"key":"ColorlessPotion"},{"floor":14.0,"key":"sneckomod:OffclassReductionPotion"},{"floor":15.0,"key":"SkillPotion"},{"floor":19.0,"key":"Explosive Potion"},{"floor":20.0,"key":"Guardian:BlockOnCardUsePotion"},{"floor":26,"key":"champ:CounterPotion"}],"is_trial":false,"path_per_floor":["R","$","M","M","?","R","T","E","R","E","$","E","R","M","M","B",null,"R","M","M","M","M","$","T","T","E","R","$","E","$","$","M","B",null,"R","M","M","?","M","M","T","M","E","$","E","M","R","M","M","B",null],"character_chosen":"THE_SNECKO","items_purchased":["sneckomod:UnknownUncommonPower","sneckomod:LoadedDie","ReplayUltimateDefense","ReplayTheSpireMod:Lightbulb","Guide Book"],"campfire_rested":1,"item_purchase_floors":[11,28,31,31,44],"current_hp_per_floor":[91,91,87,87,87,87,87,81,81,68,53,53,53,54,51,15,97,97,97,97,81,82,75,75,75,63,63,63,41,41,41,38,28,101,101,101,102,102,94,93,93,90,68,83,75,41,72,71,48,19],"gold":80,"neow_bonus":"THREE_RARE_CARDS","is_daily":false,"chose_seed":false,"campfire_upgraded":6,"win_rate":0.0,"timestamp":1610218844,"path_taken":["R","$","M","M","?","R","T","E","R","E","$","E","R","M","M","BOSS","R","M","M","M","M","$","T","?","E","R","$","E","?","$","M","BOSS","R","M","M","?","M","?","T","M","E","?","E","M","R","M","M","BOSS"],"items_purchased_type":["Card","Relic","Card","Relic","Relic"],"build_version":"2020-12-22","purchased_purges":0,"victory":true,"max_hp_per_floor":[91,91,91,91,91,91,91,91,91,91,92,93,93,94,96,97,97,97,98,99,100,101,101,101,101,101,101,101,101,101,101,101,101,101,101,102,103,103,104,104,104,104,104,104,104,104,104,105,105,105],"card_choices":[{"not_picked":["sneckomod:SoulExchange","sneckomod:UnknownColorless"],"picked":"sneckomod:UnknownRareSkill","floor":0.0},{"not_picked":["sneckomod:DiceCrush","sneckomod:UnknownClassGUARDIAN"],"picked":"sneckomod:PureSnecko","floor":2.0},{"not_picked":["sneckomod:DefensiveFlair","sneckomod:UnknownCommonAttack"],"picked":"sneckomod:ImprovisedAttack","floor":3.0},{"not_picked":["sneckomod:UnknownClassBLUE","sneckomod:MixItUp"],"picked":"sneckomod:WideSting","floor":4.0},{"not_picked":["sneckomod:UnknownCommonSkill","sneckomod:SoulDraw"],"picked":"sneckomod:QuickMove","floor":8.0},{"not_picked":["sneckomod:SnekBeam","sneckomod:SoulDraw"],"picked":"sneckomod:Nope","floor":10.0},{"not_picked":["sneckomod:SnekBeam","sneckomod:Cheat","sneckomod:CheapStock"],"picked":"SKIP","floor":11.0},{"not_picked":["sneckomod:Unknown1Cost","sneckomod:Nope"],"picked":"sneckomod:UnknownClassGREEN","floor":12.0},{"not_picked":["sneckomod:DiceCrush","sneckomod:UnknownStrike"],"picked":"sneckomod:UnknownClassRED","floor":14.0},{"not_picked":["sneckomod:DiceBlock","sneckomod:Nope"],"picked":"sneckomod:UnknownExhaust","floor":15.0},{"not_picked":["sneckomod:Nope","sneckomod:UnknownStrike"],"picked":"sneckomod:UnknownClassSLIMEBOUND","floor":15.0},{"not_picked":["sneckomod:Restock","sneckomod:UnknownRareAttack"],"picked":"sneckomod:Unknown3Cost","floor":16.0},{"not_picked":["sneckomod:PureSnecko","sneckomod:IronFang+1"],"picked":"sneckomod:UnknownUncommonPower","floor":19.0},{"not_picked":["sneckomod:UnknownClassPURPLE+1","sneckomod:UnknownClassRED"],"picked":"sneckomod:UnknownUncommonPower","floor":20.0},{"not_picked":["sneckomod:CheapStock","sneckomod:Rotation+1"],"picked":"sneckomod:UnknownClassSLIMEBOUND","floor":21.0},{"not_picked":["sneckomod:UnknownClassGREEN","sneckomod:UnknownClassBLUE"],"picked":"sneckomod:UnknownBlock","floor":22.0},{"not_picked":["sneckomod:UnknownWeak","sneckomod:UnknownClassGUARDIAN"],"picked":"sneckomod:SoulDraw+1","floor":23.0},{"not_picked":["sneckomod:UnknownStrike+1","sneckomod:RainOfDice"],"picked":"sneckomod:DefensiveFlair+1","floor":26},{"not_picked":["sneckomod:Cheat","sneckomod:DiceBoulder","sneckomod:UnknownStrength+1"],"picked":"SKIP","floor":28},{"not_picked":["sneckomod:Unknown0Cost","sneckomod:RainOfDice"],"picked":"sneckomod:QuickBite+1","floor":29},{"not_picked":["sneckomod:UnknownVulnerable+1","sneckomod:UnknownClassTHE_CHAMP_GRAY","sneckomod:PureSnecko+1"],"picked":"SKIP","floor":30},{"not_picked":["sneckomod:DiceBlock","sneckomod:Unknown1Cost"],"picked":"sneckomod:SerpentIdol","floor":32},{"not_picked":["sneckomod:MixItUp","sneckomod:UnknownClassTHE_CHAMP_GRAY"],"picked":"sneckomod:UnknownX+1","floor":36},{"not_picked":["sneckomod:IronFang+1","sneckomod:UnknownClassGUARDIAN"],"picked":"sneckomod:UnknownBlock+1","floor":37},{"not_picked":["sneckomod:UnknownVulnerable","sneckomod:UnknownClassTHE_CHAMP_GRAY+1"],"picked":"sneckomod:UnknownClassSLIMEBOUND+1","floor":39},{"not_picked":["sneckomod:Nope","sneckomod:UnknownBlock"],"picked":"sneckomod:SoulRoll","floor":40},{"not_picked":["sneckomod:RainOfDice+1","sneckomod:UnknownBlock","sneckomod:UnknownStrike+1"],"picked":"SKIP","floor":42},{"not_picked":["sneckomod:UnknownBlock","sneckomod:UnknownClassGREEN","sneckomod:Nope"],"picked":"SKIP","floor":43},{"not_picked":["sneckomod:UnknownX+1","sneckomod:DiceBoulder"],"picked":"sneckomod:ImprovisedGuard+1","floor":45},{"not_picked":["sneckomod:IronFang+1","sneckomod:UnknownVulnerable+1","sneckomod:UnknownWeak+1"],"picked":"SKIP","floor":46},{"not_picked":["sneckomod:UnknownX","sneckomod:UnknownWeak+1"],"picked":"sneckomod:UnknownColorless","floor":48},{"not_picked":["sneckomod:SoulDraw","sneckomod:UnknownStrike","sneckomod:SnakeSap+1"],"picked":"SKIP","floor":49}],"player_experience":891328,"relics_obtained":[{"floor":7.0,"key":"Pen Nib"},{"floor":8.0,"key":"StrikeDummy"},{"floor":10.0,"key":"conspire:DecoderRing"},{"floor":12.0,"key":"hubris:Reverence"},{"floor":24.0,"key":"ReplayTheSpireMod:Shallot"},{"floor":25.0,"key":"Grinning Jar"},{"floor":26,"key":"Simple Rune"},{"floor":29,"key":"hubris:DeckOfHolding"},{"floor":43,"key":"MealTicket"},{"floor":45,"key":"conspire:Dentures"}],"event_choices":[{"cards_removed":["sneckomod:Strike"],"damage_healed":0.0,"max_hp_gain":0.0,"max_hp_loss":0.0,"gold_gain":0.0,"event_name":"Bonfire Elementals","player_choice":"Offered Basic","floor":5.0,"gold_loss":0.0,"damage_taken":0.0},{"damage_healed":0,"gold_gain":0,"player_choice":"Rummage","damage_taken":0,"relics_obtained":["WarpedTongs"],"max_hp_gain":0,"max_hp_loss":0,"event_name":"Accursed Blacksmith","floor":38,"gold_loss":0,"cards_obtained":["Pain"]}],"is_beta":false,"boss_relics":[{"not_picked":["hubris:RunicObelisk","Cursed Key"],"picked":"hubris:CrackedHourglass"},{"not_picked":["conspire:SlowCooker","hubris:BlackHole"],"picked":"conspire:RoyalGoblet"}],"items_purged_floors":[],"is_endless":false,"potions_floor_spawned":[3,10,12,14,15,19,20,26,32,33,40,42,46,48,49],"ascension_level":2}}