{"host":"3jjxuhjpio8e4zkv","time":1610226510,"event":{"mods":["BaseMod","Colored Map","Highlight Path","Minty Spire (QoL Compilation)","Permanent Neow","Relic Stats","StSLib"],"gold_per_floor":[119,92,107,107,118,118,130,149,149,149,159,159,35,53,53,53,53],"floor_reached":16,"playtime":388,"items_purged":[],"score":94,"play_id":"ce23a810-87dc-42b2-8273-bf4d044a2587","local_time":"20210109160830","is_ascension_mode":false,"campfire_choices":[{"data":"Skewer","floor":6.0,"key":"SMITH"},{"data":"Cloak And Dagger","floor":10.0,"key":"SMITH"},{"data":"Bouncing Flask","floor":12.0,"key":"SMITH"},{"data":"Phantasmal Killer","floor":15.0,"key":"SMITH"}],"circlet_count":0,"master_deck":["Strike_G","Strike_G","Strike_G","Strike_G","Strike_G","Defend_G","Defend_G","Defend_G","Defend_G","Defend_G","Survivor","Neutralize","Cloak And Dagger+1","Terror","Skewer+1","Bouncing Flask+1","Escape Plan","Phantasmal Killer+1","Catalyst"],"relics":["Ring of the Snake","The Courier"],"acts_visited":["Exordium"],"potions_floor_usage":[16,16,16],"damage_taken":[{"damage":0.0,"enemies":"Small Slimes","floor":1.0,"turns":3.0},{"damage":0.0,"enemies":"Jaw Worm","floor":3.0,"turns":3.0},{"damage":0.0,"enemies":"2 Louse","floor":5.0,"turns":2.0},{"damage":0.0,"enemies":"Looter","floor":7.0,"turns":3.0},{"damage":1.0,"enemies":"Large Slime","floor":8.0,"turns":7.0},{"damage":1.0,"enemies":"Red Slaver","floor":11.0,"turns":4.0},{"damage":0.0,"enemies":"2 Fungi Beasts","floor":14.0,"turns":3.0},{"damage":5,"enemies":"Slime Boss","floor":16,"turns":6}],"seed_played":"-3016503407790740613","potions_obtained":[{"floor":5.0,"key":"Ancient Potion"},{"floor":7.0,"key":"LiquidBronze"},{"floor":11.0,"key":"Energy Potion"},{"floor":14.0,"key":"DuplicationPotion"}],"is_trial":true,"path_per_floor":["M","?","M","?","M","R","M","M","T","R","M","R","$","M","R","B"],"character_chosen":"THE_SILENT","items_purchased":["Phantasmal Killer"],"campfire_rested":0,"item_purchase_floors":[13],"current_hp_per_floor":[1,1,1,6,6,6,6,5,5,5,4,4,4,4,4,0,0],"gold":53,"neow_bonus":"","is_daily":false,"chose_seed":false,"campfire_upgraded":4,"win_rate":0.0,"timestamp":1610226510,"path_taken":["M","?","M","?","M","R","M","M","T","R","M","R","$","M","R","BOSS"],"items_purchased_type":["Card"],"build_version":"2020-12-22","purchased_purges":0,"victory":false,"max_hp_per_floor":[1,1,1,6,6,6,6,6,6,6,6,6,6,6,6,6,6],"relic_stats":{"counters":[8,31],"obtain_stats":[{"The Courier":9,"Ring of the Snake":0},{"The Courier":5,"Ring of the Snake":0},{"The Courier":18,"Ring of the Snake":0}],"Ring of the Snake":[16]},"card_choices":[{"not_picked":["Blade Dance","Bane"],"picked":"Cloak And Dagger","floor":1.0},{"not_picked":["Flechettes","Cloak And Dagger"],"picked":"Terror","floor":3.0},{"not_picked":["Predator","Slice"],"picked":"Skewer","floor":5.0},{"not_picked":["Choke","Deadly Poison"],"picked":"Bouncing Flask","floor":7.0},{"not_picked":["Poisoned Stab","Accuracy","Outmaneuver"],"picked":"SKIP","floor":8.0},{"not_picked":["Dodge and Roll","Slice"],"picked":"Escape Plan","floor":11.0},{"not_picked":["Underhanded Strike","Dodge and Roll"],"picked":"Catalyst","floor":14.0}],"player_experience":1209457,"relics_obtained":[{"floor":9.0,"key":"The Courier"}],"event_choices":[{"damage_healed":0.0,"max_hp_gain":0.0,"max_hp_loss":0.0,"gold_gain":0.0,"event_name":"World of Goop","player_choice":"Left Gold","floor":2.0,"gold_loss":27.0,"damage_taken":0.0},{"damage_healed":0.0,"max_hp_gain":5.0,"max_hp_loss":0.0,"gold_gain":0.0,"event_name":"Big Fish","player_choice":"Donut","floor":4.0,"gold_loss":0.0,"damage_taken":0.0}],"is_beta":false,"boss_relics":[],"items_purged_floors":[],"is_endless":false,"potions_floor_spawned":[5,7,11,14],"killed_by":"Slime Boss","ascension_level":0}}