{"host":"ugtsb9tf4jnucn15","time":1610213496,"event":{"mods":["BaseMod","Downfall","Hermit","Minty Spire (QoL Compilation)","StSLib","The Disciple"],"gold_per_floor":[99,118,134,134,234,254,254,267,267,367,176,241,259,292,310,408,408,408,422,12,24,42,27,54,54,104,167,194,204,204,216,235,337,337,337,358,382,300,111,111,111,111,148,161,65,89,89,139,150,150],"floor_reached":51,"playtime":6122,"items_purged":["hexamod:Strike","hexamod:Strike","hexamod:Float","hexamod:Strike"],"score":753,"play_id":"5b65beb8-00ca-4366-84b1-b8ddc18e962b","local_time":"20210109183136","is_ascension_mode":false,"campfire_choices":[{"floor":1.0,"key":"RECALL"},{"data":"hexamod:GhostflameBarrier","floor":9,"key":"SMITH"},{"data":"hexamod:PhantomCloak","floor":18,"key":"SMITH"},{"data":"hexamod:FastForward","floor":25,"key":"SMITH"},{"data":"hexamod:FastForward","floor":30,"key":"SMITH"},{"data":"hexamod:VolcanoVisage","floor":35,"key":"SMITH"},{"data":"hexamod:SearingWound","floor":40,"key":"SMITH"},{"data":"hexamod:VolcanoVisage","floor":42,"key":"SMITH"},{"data":"hexamod:Defend","floor":47,"key":"SMITH"}],"circlet_count":0,"master_deck":["hexamod:Strike","hexamod:Defend","hexamod:Defend","hexamod:Defend","hexamod:Defend+1","hexamod:Sear","hexamod:BurningTouch","hexamod:Hexaguard","hexamod:FastForward+1","hexamod:FastForward+1","hexamod:Again","hexamod:Hexaguard","hexamod:PhantomCloak+1","hexamod:FastForward","hexamod:SoulSteal","hexamod:SearingWound+1","hexamod:FirstSeal","hexamod:VolcanoVisage+1","hexamod:Hexaguard","hexamod:HeatMetal","hexamod:HeatShield+1","hexamod:Again+1","hexamod:VolcanoVisage+1","hexamod:RetreatToShadows+1","hexamod:SecondSeal","hexamod:VolcanoVisage","hexamod:NightmareGuise+1","hexamod:HeatShield+1","hexamod:InspiringFlames+1","hexamod:BurningTouch+1","expansioncontent:YouAreMine+1","expansioncontent:DefensiveStance"],"relics":["hexamod:SpiritBrand","Thread and Needle","downfall:CloakOfManyFaces","CultistMask","FaceOfCleric","NlothsMask","GremlinMask","SsserpentHead","Centennial Puzzle","SlaversCollar","Toxic Egg 2","hexamod:SoulConsumer","Sozu","Letter Opener","ClockworkSouvenir","Eternal Feather"],"acts_visited":["Exordium","TheCity","TheBeyond"],"potions_floor_usage":[16,19,33,37,39],"damage_taken":[{"damage":0.0,"enemies":"Small Slimes","floor":2.0,"turns":4.0},{"damage":0.0,"enemies":"Cultist","floor":3.0,"turns":3.0},{"damage":0,"enemies":"Jaw Worm","floor":6,"turns":3},{"damage":0,"enemies":"Lots of Slimes","floor":8,"turns":5},{"damage":4,"enemies":"downfall:FaceTrader","floor":10,"turns":9},{"damage":0,"enemies":"downfall:FleeingMerchant","floor":11,"turns":4},{"damage":0,"enemies":"2 Fungi Beasts","floor":12,"turns":4},{"damage":1,"enemies":"Blue Slaver","floor":13,"turns":5},{"damage":5,"enemies":"3 Sentries","floor":14,"turns":8},{"damage":0,"enemies":"Large Slime","floor":15,"turns":5},{"damage":10,"enemies":"downfall:Ironclad","floor":16,"turns":12},{"damage":11,"enemies":"Chosen","floor":19,"turns":6},{"damage":0,"enemies":"downfall:FleeingMerchant","floor":20,"turns":4},{"damage":0,"enemies":"Spheric Guardian","floor":21,"turns":4},{"damage":2,"enemies":"Centurion and Healer","floor":22,"turns":7},{"damage":10,"enemies":"downfall:FleeingMerchant","floor":23,"turns":4},{"damage":9,"enemies":"Cultist and Chosen","floor":27,"turns":5},{"damage":36,"enemies":"Gremlin Leader","floor":28,"turns":7},{"damage":4,"enemies":"Snecko","floor":29,"turns":6},{"damage":5,"enemies":"Chosen and Byrds","floor":31,"turns":6},{"damage":7,"enemies":"Centurion and Healer","floor":32,"turns":4},{"damage":18,"enemies":"downfall:Silent","floor":33,"turns":11},{"damage":0,"enemies":"3 Shapes","floor":36,"turns":6},{"damage":24,"enemies":"3 Darklings","floor":37,"turns":5},{"damage":3,"enemies":"downfall:FleeingMerchant","floor":38,"turns":4},{"damage":0,"enemies":"downfall:FleeingMerchant","floor":39,"turns":4},{"damage":9,"enemies":"Giant Head","floor":43,"turns":9},{"damage":0,"enemies":"Jaw Worm Horde","floor":44,"turns":4},{"damage":9,"enemies":"Spire Growth","floor":46,"turns":8},{"damage":2,"enemies":"Writhing Mass","floor":49,"turns":9},{"damage":10,"enemies":"downfall:Watcher","floor":50,"turns":10}],"seed_played":"-344241666267808760","potions_obtained":[{"floor":12,"key":"hexamod:EctoCoolerPotion"},{"floor":13,"key":"Weak Potion"},{"floor":16,"key":"Ancient Potion"},{"floor":27,"key":"DuplicationPotion"},{"floor":29,"key":"sneckomod:MuddlingPotion"},{"floor":32,"key":"Strength Potion"},{"floor":33,"key":"SpeedPotion"}],"is_trial":false,"path_per_floor":["R","M","M","?","?","M","T","M","R","?","$","M","M","E","M","B",null,"R","M","$","M","M","$","T","R","?","M","E","M","R","M","M","B",null,"R","M","M","?","$","R","T","R","E","M","$","M","R","?","M","B",null],"character_chosen":"THE_SPIRIT","items_purchased":["hexamod:Hexaguard","hexamod:PhantomCloak","Toxic Egg 2","hexamod:HeatMetal","Letter Opener","ClockworkSouvenir","hexamod:InspiringFlames+1","hexamod:BurningTouch+1"],"campfire_rested":0,"item_purchase_floors":[11,11,20,20,39,39,45,45],"current_hp_per_floor":[77,77,77,82,82,82,82,82,82,78,79,80,80,76,77,75,88,88,85,90,91,90,88,88,88,93,92,64,61,61,64,58,41,99,99,100,84,89,97,97,97,97,96,104,104,103,106,96,102,100],"gold":150,"neow_bonus":"TEN_PERCENT_HP_BONUS","is_daily":false,"chose_seed":false,"campfire_upgraded":8,"win_rate":0.0,"timestamp":1610213496,"path_taken":["R","M","M","?","?","M","T","M","R","?","$","?","M","E","M","BOSS","R","M","$","M","M","$","T","R","?","?","E","M","R","M","M","BOSS","R","M","M","?","$","R","T","R","E","M","$","M","R","?","M","BOSS"],"items_purchased_type":["Card","Card","Relic","Card","Relic","Relic","Card","Card"],"build_version":"2020-12-22","purchased_purges":4,"victory":true,"max_hp_per_floor":[77,77,77,82,82,82,82,82,82,82,83,84,85,86,87,88,88,88,89,90,91,92,93,93,93,93,94,95,96,96,97,98,99,99,99,100,101,102,103,103,103,103,104,105,105,106,106,106,107,108],"card_choices":[{"not_picked":["hexamod:GhostLash","hexamod:ThermalTransfer"],"picked":"hexamod:BurningTouch","floor":2.0},{"not_picked":["hexamod:PhantomFireball","hexamod:GhostLash"],"picked":"hexamod:Hexaguard","floor":3.0},{"not_picked":["hexamod:ShieldOfDarkness","hexamod:SpectersWail"],"picked":"hexamod:FastForward","floor":6},{"not_picked":["hexamod:ThermalTransfer","hexamod:GhostLash"],"picked":"hexamod:GhostflameBarrier","floor":8},{"not_picked":["hexamod:Firestarter","hexamod:NightmareStrike"],"picked":"hexamod:FastForward","floor":10},{"not_picked":["hexamod:SpectralAdrenaline","hexamod:NecessarySacrifice"],"picked":"hexamod:Again","floor":11},{"not_picked":["hexamod:SpectersWail","hexamod:Hexaguard"],"picked":"hexamod:FastForward","floor":12},{"not_picked":["hexamod:ThermalTransfer","hexamod:RecurringNightmare"],"picked":"hexamod:SoulSteal","floor":13},{"not_picked":["hexamod:InspiringFlames","hexamod:SwordOfDarkness"],"picked":"hexamod:SearingWound","floor":14},{"not_picked":["hexamod:InspiringFlames","hexamod:HauntingEcho"],"picked":"hexamod:FirstSeal","floor":15},{"not_picked":["hexamod:TimeOfNeed","hexamod:WildfireWeapon"],"picked":"hexamod:VolcanoVisage","floor":16},{"not_picked":["hexamod:GhostShield","hexamod:RecurringNightmare"],"picked":"hexamod:Hexaguard","floor":19},{"not_picked":["hexamod:InspiringFlames","hexamod:RainOfEmbers","hexamod:Again"],"picked":"SKIP","floor":20},{"not_picked":["hexamod:SpectralAdrenaline+1","hexamod:AdvancingGuard+1"],"picked":"hexamod:HeatShield+1","floor":21},{"not_picked":["hexamod:NecessarySacrifice+1","hexamod:Incineration"],"picked":"hexamod:Again+1","floor":22},{"not_picked":["hexamod:HauntingEcho+1","hexamod:NecessarySacrifice+1"],"picked":"hexamod:VolcanoVisage","floor":23},{"not_picked":["hexamod:GhostLash","hexamod:Firestarter+1","hexamod:NightmareGuise+1"],"picked":"SKIP","floor":27},{"not_picked":["hexamod:ShieldOfDarkness+1","hexamod:HauntingEcho","hexamod:Haunt+1"],"picked":"SKIP","floor":28},{"not_picked":["hexamod:RainOfEmbers","hexamod:GhostOfSpirePresent+1","hexamod:NightmareGuise+1"],"picked":"SKIP","floor":29},{"not_picked":["hexamod:SoulSteal+1","hexamod:Firestarter"],"picked":"hexamod:RetreatToShadows+1","floor":31},{"not_picked":["hexamod:EtherealExpedition+1","hexamod:GhostOfSpirePast"],"picked":"hexamod:SecondSeal","floor":32},{"not_picked":["hexamod:TimeOfNeed+1","hexamod:CrushingStance"],"picked":"hexamod:VolcanoVisage","floor":33},{"not_picked":["hexamod:BacktrackSmack","hexamod:NightmareStrike","hexamod:FastForward+1"],"picked":"SKIP","floor":36},{"not_picked":["hexamod:HauntingEcho","hexamod:AdvancingGuard+1"],"picked":"hexamod:NightmareGuise+1","floor":37},{"not_picked":["hexamod:SwordOfDarkness","hexamod:FastForward+1","hexamod:GhostflameInferno+1"],"picked":"SKIP","floor":38},{"not_picked":["hexamod:GhostShield+1","hexamod:SpectersWail+1","hexamod:Firestarter"],"picked":"SKIP","floor":39},{"not_picked":["hexamod:Firestarter","hexamod:PhantomFireball"],"picked":"hexamod:HeatShield+1","floor":43},{"not_picked":["hexamod:RainOfEmbers+1","hexamod:HeatMetal+1","hexamod:ShieldOfDarkness+1"],"picked":"SKIP","floor":44},{"not_picked":["hexamod:NecessarySacrifice+1","hexamod:RainOfEmbers+1","hexamod:ThermalTransfer+1"],"picked":"SKIP","floor":46},{"not_picked":["expansioncontent:AwakenDeath","expansioncontent:ManipulateTime+1"],"picked":"expansioncontent:YouAreMine+1","floor":48},{"not_picked":["expansioncontent:FaceSlap","expansioncontent:Chronoboost"],"picked":"expansioncontent:DefensiveStance","floor":48},{"not_picked":["hexamod:HauntingEcho+1","hexamod:SpectralAdrenaline+1","hexamod:BacktrackSmack+1"],"picked":"SKIP","floor":49}],"player_experience":7584,"relics_obtained":[{"floor":7,"key":"Thread and Needle"},{"floor":10,"key":"downfall:CloakOfManyFaces"},{"floor":14,"key":"Centennial Puzzle"},{"floor":28,"key":"hexamod:SoulConsumer"},{"floor":43,"key":"Eternal Feather"}],"event_choices":[{"damage_healed":0.0,"max_hp_gain":5.0,"max_hp_loss":0.0,"gold_gain":0.0,"event_name":"Big Fish","player_choice":"Donut","floor":4.0,"gold_loss":0.0,"damage_taken":0.0},{"cards_removed":["hexamod:GhostflameBarrier"],"damage_healed":5,"gold_gain":0,"player_choice":"Offered Uncommon","damage_taken":0,"max_hp_gain":0,"max_hp_loss":0,"event_name":"Bonfire Elementals","floor":26,"gold_loss":0}],"is_beta":false,"boss_relics":[{"not_picked":["Cursed Key","Coffee Dripper"],"picked":"SlaversCollar"},{"not_picked":["Calling Bell","Runic Dome"],"picked":"Sozu"}],"items_purged_floors":[11,20,38,39],"is_endless":false,"potions_floor_spawned":[12,13,16,27,29,32,33,36,43,46],"ascension_level":0}}