{"host":"ik8ww1p4uabx5gam","time":1610184377,"event":{"mods":["Always Whale","Aspiration","BaseMod","Beaked The Cultist","Better Third Choice","BetterRewards","Colored Map","Colored Powertips","Conspire","Energized Spire","FetchMod","GifTheSpireLib","Hubris","Infinite Spire","Ironclad Rager","Jedi Mod","Minty Spire (QoL Compilation)","Random Character Button","Replay The Spire","Shop Mod","Spicy Shops","Spikes Relics","StSLib","Stuff the Spire","The Bladedancer","The Blue Laboratory","The Runesmith","Wandering Minibosses","??????REMEMod"],"gold_per_floor":[214,214,230,35,45,79,90,117,140,172,172,205,205,217,217,315,315,330,344,344,362,375,406,406,438,463,88,103,119,119,131,131,232,232,245,256,287,305,316,346,364,398,448,448,461,461,495,509,509,509],"floor_reached":51,"playtime":3856,"items_purged":["blademaster:Defend"],"score":932,"play_id":"a7a2d22c-9e9b-4d89-b194-e7cc5a16919b","local_time":"20210109032617","is_ascension_mode":true,"campfire_choices":[{"data":"blademaster:DaggerAndCloak","floor":11.0,"key":"SMITH"},{"data":"blademaster:DaggerAndCloak","floor":13.0,"key":"SMITH"},{"data":"REME_ProfessionalPlagiarism","floor":15.0,"key":"SMITH"},{"data":"blademaster:EnchantedCuirass","floor":24.0,"key":"SMITH"},{"data":"infinitespire:Fortify","floor":30.0,"key":"SMITH"},{"data":"blademaster:ColdBlood","floor":32.0,"key":"SMITH"},{"data":"StuffTheSpire:CelestialWarden","floor":46.0,"key":"SMITH"},{"data":"infinitespire:Gouge","floor":49,"key":"SMITH"}],"circlet_count":0,"master_deck":["blademaster:Strike","blademaster:Strike","blademaster:Strike","blademaster:Strike","blademaster:Defend+1","blademaster:Defend","blademaster:Defend","blademaster:RagingBlow","blademaster:HighVoltage+1","REME_ProfessionalPlagiarism+1","blademaster:DaggerAndCloak+1","blademaster:BrainBloom","blademaster:AspectOfLightning+1","blademaster:Flurry","blademaster:Flurry","blademaster:DaggerAndCloak+1","blademaster:ColdBlood+1","blademaster:CombatPrep","blademaster:EnchantedCuirass+1","blademaster:Rupture","infinitespire:Gouge+1","infinitespire:Fortify+1","blademaster:Gust","blademaster:Safeguard","blademaster:Momentum+1","blademaster:Cut+1","blademaster:Cut+1","blademaster:DaggerAndCloak+1","StuffTheSpire:CelestialWarden+1"],"relics":["blademaster:DancersAmulet","REME_ComplimentaryCards","hubris:Towel","War Paint","Garlic","aspiration:SeaSaltIceCream","wanderingMiniBosses:CarrionFlame","aspiration:Lifesprig","Pear","hubris:SphereOfDissonance","wanderingMiniBosses:OtherGremlinHorn","hubris:GrandSneckoEye","Replay:Kaleidoscope","SnailShell","ReplayFunnel","REME_CardOfGreed","hubris:SlimyHat","Chemical X","ChewingGum","BicycleWheel","ReplayTheSpireMod:TigerMarble","Blue Doll","Replay:Baseball","Pondfish Scales"],"acts_visited":["Exordium","TheCity","TheBeyond"],"potions_floor_usage":[],"damage_taken":[{"damage":0.0,"enemies":"Small Slimes","floor":1.0,"turns":2.0},{"damage":0.0,"enemies":"Jaw Worm","floor":3.0,"turns":3.0},{"damage":7.0,"enemies":"2 Louse","floor":5.0,"turns":3.0},{"damage":0.0,"enemies":"Gremlin Nob","floor":6.0,"turns":5.0},{"damage":0.0,"enemies":"Red Slaver","floor":7.0,"turns":3.0},{"damage":12.0,"enemies":"Lagavulin","floor":8.0,"turns":4.0},{"damage":11.0,"enemies":"Gremlin Nob","floor":10.0,"turns":4.0},{"damage":0.0,"enemies":"Lagavulin","floor":12.0,"turns":4.0},{"damage":0.0,"enemies":"Gremlin Gang","floor":14.0,"turns":6.0},{"damage":6.0,"enemies":"The Guardian","floor":16.0,"turns":3.0},{"damage":0.0,"enemies":"Chosen","floor":18.0,"turns":2.0},{"damage":0.0,"enemies":"Shell Parasite","floor":19.0,"turns":2.0},{"damage":0.0,"enemies":"3 Cultists","floor":21.0,"turns":2.0},{"damage":0.0,"enemies":"Sentry and Sphere","floor":22.0,"turns":2.0},{"damage":0.0,"enemies":"Gremlin Leader","floor":23.0,"turns":4.0},{"damage":0.0,"enemies":"Slavers","floor":25.0,"turns":3.0},{"damage":0.0,"enemies":"Snecko","floor":28.0,"turns":2.0},{"damage":0.0,"enemies":"Centurion and Healer","floor":29.0,"turns":2.0},{"damage":0.0,"enemies":"3 Cultists","floor":31.0,"turns":2.0},{"damage":0.0,"enemies":"Automaton","floor":33.0,"turns":4.0},{"damage":0.0,"enemies":"3 Darklings","floor":35.0,"turns":2.0},{"damage":0.0,"enemies":"3 Shapes","floor":36.0,"turns":2.0},{"damage":0.0,"enemies":"conspire:MimicChest","floor":37.0,"turns":3.0},{"damage":0.0,"enemies":"Writhing Mass","floor":38.0,"turns":2.0},{"damage":0.0,"enemies":"3 Darklings","floor":39.0,"turns":1.0},{"damage":0.0,"enemies":"Nemesis","floor":40.0,"turns":3.0},{"damage":0.0,"enemies":"Transient","floor":41.0,"turns":3.0},{"damage":0.0,"enemies":"Giant Head","floor":42.0,"turns":2.0},{"damage":0.0,"enemies":"Jaw Worm Horde","floor":45.0,"turns":1.0},{"damage":0,"enemies":"R_Hoarder","floor":47,"turns":2},{"damage":0,"enemies":"Writhing Mass","floor":48,"turns":1},{"damage":0,"enemies":"Replay:Hell Engine","floor":50,"turns":2}],"seed_played":"-2222251944350109342","potions_obtained":[{"floor":1.0,"key":"blueLaboratory:FrostheartPotion"},{"floor":3.0,"key":"Swift Potion"},{"floor":5.0,"key":"blueLaboratory:BottleOfRum"},{"floor":6.0,"key":"Elixir"},{"floor":10.0,"key":"blueLaboratory:BottleOfRum"},{"floor":14.0,"key":"blueLaboratory:BottleOfVodka"},{"floor":18.0,"key":"Regen Potion"},{"floor":28.0,"key":"REME_GoldPotion"},{"floor":29.0,"key":"blueLaboratory:BottledHope"},{"floor":33.0,"key":"blueLaboratory:StoneskinPotion"},{"floor":37.0,"key":"blueLaboratory:BottleOfRum"}],"is_trial":false,"path_per_floor":["M","?","M","$","M","E","M","E","T","E","R","E","R","M","R","B",null,"M","M","AVR","M","M","E","R","E","T","$","M","M","R","M","R","B",null,"M","M","?","M","M","E","M","E","T","?","M","R","E","M","R","B",null],"character_chosen":"THE_BLADEMASTER","items_purchased":["blademaster:AspectOfLightning+1","War Paint","REME_CardOfGreed","hubris:SlimyHat","Chemical X"],"campfire_rested":0,"item_purchase_floors":[4,4,27,27,27],"current_hp_per_floor":[75,75,75,75,68,68,68,56,56,55,55,55,55,55,55,49,85,85,85,85,85,85,85,85,85,85,85,85,85,85,85,85,85,85,85,85,85,85,85,85,85,85,85,85,85,85,85,85,85,85],"gold":509,"neow_bonus":"HUNDRED_GOLD","is_daily":false,"chose_seed":false,"campfire_upgraded":8,"win_rate":0.0,"timestamp":1610184377,"path_taken":["M","?","M","?","M","E","M","E","T","E","R","E","R","?","R","BOSS","M","M","AVR","M","?","E","R","E","T","$","M","M","R","M","R","BOSS","M","?","?","?","M","E","M","E","T","?","M","R","E","M","R","BOSS"],"items_purchased_type":["Card","Relic","Relic","Relic","Relic"],"build_version":"2020-12-22","purchased_purges":1,"victory":true,"max_hp_per_floor":[75,75,75,75,75,75,75,75,75,85,85,85,85,85,85,85,85,85,85,85,85,85,85,85,85,85,85,85,85,85,85,85,85,85,85,85,85,85,85,85,85,85,85,85,85,85,85,85,85,85],"card_choices":[{"not_picked":["blademaster:IcyWind","blademaster:CombatPrep"],"picked":"blademaster:DaggerAndCloak","floor":1.0},{"not_picked":["blademaster:AwakeningDefend","blademaster:EyeOfTheStorm"],"picked":"blademaster:BrainBloom","floor":3.0},{"not_picked":["blademaster:AwakeningDefend","blademaster:Blockade"],"picked":"blademaster:Flurry","floor":5.0},{"not_picked":["blademaster:DancingEdge","blademaster:Sunder"],"picked":"blademaster:Flurry","floor":6.0},{"not_picked":["blademaster:FuriousStrike","blademaster:ParryingStrike"],"picked":"blademaster:DaggerAndCloak","floor":7.0},{"not_picked":["blademaster:Stability","blademaster:AirSlash"],"picked":"blademaster:ColdBlood","floor":8.0},{"not_picked":["blademaster:Sunder","blademaster:Thrust","blademaster:Frenzy"],"picked":"SKIP","floor":10.0},{"not_picked":["blademaster:Thrust","blademaster:CloudOfSteel"],"picked":"blademaster:CombatPrep","floor":12.0},{"not_picked":["blademaster:BloodyBlow","blademaster:EyeOfTheTornado","blademaster:DancingEdge"],"picked":"SKIP","floor":14.0},{"not_picked":["blademaster:CloudOfSteel","blademaster:FuryOfTheElements"],"picked":"blademaster:EnchantedCuirass","floor":16.0},{"not_picked":["blademaster:Frenzy","blademaster:ChargingUp"],"picked":"blademaster:Rupture","floor":18.0},{"not_picked":["blademaster:OneTrickPony+1","blademaster:Quickness+1","blademaster:IcyWind"],"picked":"SKIP","floor":19.0},{"not_picked":["blademaster:AwakeningDefend","blademaster:TraverseCut","blademaster:EyeOfTheStorm"],"picked":"SKIP","floor":21.0},{"not_picked":["blademaster:Stability","blademaster:SlyStabs"],"picked":"blademaster:Gust","floor":22.0},{"not_picked":["blademaster:EyeOfTheTornado+1","blademaster:KiBarrier"],"picked":"blademaster:Safeguard","floor":23.0},{"not_picked":["blademaster:LeechingStrike","blademaster:Safeguard+1"],"picked":"blademaster:Momentum+1","floor":25.0},{"not_picked":["blademaster:FuriousStrike","blademaster:AspectOfLightning+1","blademaster:Slice"],"picked":"SKIP","floor":28.0},{"not_picked":["blademaster:FlockOfBlades","blademaster:Frontflip+1","blademaster:Bloodbath"],"picked":"SKIP","floor":29.0},{"not_picked":["blademaster:ChargingUp","blademaster:Thrust","blademaster:Sunder"],"picked":"SKIP","floor":31.0},{"not_picked":["blademaster:BrainBloom+1","blademaster:Frontflip+1"],"picked":"blademaster:Cut+1","floor":35.0},{"not_picked":["blademaster:AspectOfLightning+1","blademaster:SharpBlades","blademaster:Stormstrike+1"],"picked":"SKIP","floor":36.0},{"not_picked":["blademaster:ChargingUp","blademaster:Quickness+1"],"picked":"blademaster:Cut+1","floor":37.0},{"not_picked":["blademaster:BloodyBlow+1","blademaster:IcyWind","blademaster:CombatPrep+1"],"picked":"SKIP","floor":38.0},{"not_picked":["blademaster:ChargingUp+1","blademaster:BloodyBlow","blademaster:LeechingStrike"],"picked":"SKIP","floor":39.0},{"not_picked":["blademaster:Cut","blademaster:Sharpen+1"],"picked":"blademaster:DaggerAndCloak+1","floor":40.0},{"not_picked":["blademaster:BloodyBlow+1","blademaster:CombatPrep","blademaster:Frontflip"],"picked":"SKIP","floor":41.0},{"not_picked":["blademaster:Discharge+1","blademaster:AwakeningStrike","blademaster:AspectOfLightning"],"picked":"SKIP","floor":42.0},{"not_picked":["StuffTheSpire:Harmony","StuffTheSpire:Perfection"],"picked":"StuffTheSpire:CelestialWarden","floor":44.0},{"not_picked":["blademaster:ParryingStrike+1","blademaster:Meditate","blademaster:AwakeningDefend+1"],"picked":"SKIP","floor":45.0},{"not_picked":["blademaster:ColdBlood","blademaster:AncestralHealing+1","blademaster:Bloodbath"],"picked":"SKIP","floor":47},{"not_picked":["blademaster:AncestralHealing","blademaster:CullingStrike","blademaster:AspectOfLightning"],"picked":"SKIP","floor":48}],"player_experience":1001949,"relics_obtained":[{"floor":6.0,"key":"Garlic"},{"floor":6.0,"key":"blademaster:BleedingLaceratePerk"},{"floor":8.0,"key":"aspiration:SeaSaltIceCream"},{"floor":8.0,"key":"blademaster:FuryEveryTurnPerk"},{"floor":9.0,"key":"aspiration:Lifesprig"},{"floor":10.0,"key":"Pear"},{"floor":10.0,"key":"blademaster:WindChargePerk"},{"floor":12.0,"key":"hubris:SphereOfDissonance"},{"floor":12.0,"key":"blademaster:RandomBladePerk"},{"floor":14.0,"key":"wanderingMiniBosses:OtherGremlinHorn"},{"floor":23.0,"key":"StuffTheSpire:GrapeVine"},{"floor":23.0,"key":"blademaster:DextrousPerk"},{"floor":25.0,"key":"SnailShell"},{"floor":25.0,"key":"blademaster:BleedingMoreDamagePerk"},{"floor":26.0,"key":"ReplayFunnel"},{"floor":37.0,"key":"BicycleWheel"},{"floor":37.0,"key":"blademaster:FinisherDrawCardPerk"},{"floor":40.0,"key":"ReplayTheSpireMod:TigerMarble"},{"floor":40.0,"key":"blademaster:BonusFuryPerk"},{"floor":42.0,"key":"Blue Doll"},{"floor":42.0,"key":"blademaster:BonusComboPerk"},{"floor":43.0,"key":"Replay:Baseball"},{"floor":47,"key":"Pondfish Scales"},{"floor":47,"key":"blademaster:StrongPerk"}],"event_choices":[],"is_beta":false,"boss_relics":[{"not_picked":["hubris:BlackHole","StuffTheSpire:ModemDavis"],"picked":"hubris:GrandSneckoEye"},{"not_picked":["energizedSpire:MagnifyingGlass","energizedSpire:RedRose"],"picked":"ChewingGum"}],"items_purged_floors":[20],"is_endless":false,"potions_floor_spawned":[1,3,5,6,10,14,18,23,28,29,33,37,38,40,42,45,48],"ascension_level":1}}