{"host":"l60rmjjsfi0fipmi","time":1610161599,"event":{"mods":["BaseMod","Colored Map","DeckTracker","Highlight Path","Minty Spire (QoL Compilation)"],"gold_per_floor":[109,23,38,55,55,55,55,87,112,33,33,51,80,80,80,185,185,153,78,78,90,108,108,136,136,136,136,147,75,75,104,104,199,199,219,269,269,284,284,284,299,314,382,401,401,401,427,441,441,441],"floor_reached":51,"playtime":3496,"items_purged":["Strike_B"],"score":784,"play_id":"41c82e3b-2391-4e88-893b-eeec4e4506e9","local_time":"20210108220639","is_ascension_mode":true,"campfire_choices":[{"data":"Cold Snap","floor":6,"key":"SMITH"},{"data":"Blizzard","floor":11,"key":"SMITH"},{"data":"Zap","floor":15,"key":"SMITH"},{"data":"Hologram","floor":23,"key":"SMITH"},{"data":"Defragment","floor":25,"key":"SMITH"},{"data":"Coolheaded","floor":27,"key":"SMITH"},{"data":"Blizzard","floor":32,"key":"SMITH"},{"data":"Chill","floor":40,"key":"SMITH"},{"data":"Capacitor","floor":46,"key":"SMITH"},{"data":"Echo Form","floor":49,"key":"SMITH"}],"circlet_count":0,"master_deck":["Strike_B","Strike_B","Strike_B","Defend_B","Defend_B","Defend_B","Defend_B","Zap+1","Dualcast","Blizzard+1","Cold Snap+1","Loop","Conserve Battery","Streamline","Undo","Glacier","Heatsinks","Coolheaded+1","CurseOfTheBell","Defragment+1","Hologram+1","FTL","Rebound","Blizzard+1","Capacitor+1","Chill+1","Seek","Redo+1","Barrage+1","Purity","Core Surge+1","Echo Form+1"],"relics":["Nuclear Battery","Blood Vial","Mummified Hand","Lantern","Darkstone Periapt","Symbiotic Virus","Calling Bell","Bag of Marbles","HornCleat","Ice Cream","Du-Vu Doll","Meat on the Bone","Eternal Feather","Runic Pyramid","CaptainsWheel","Molten Egg 2","InkBottle"],"acts_visited":["Exordium","TheCity","TheBeyond"],"potions_floor_usage":[16,33],"damage_taken":[{"damage":7,"enemies":"Jaw Worm","floor":1,"turns":4},{"damage":0,"enemies":"2 Louse","floor":3,"turns":2},{"damage":3,"enemies":"Small Slimes","floor":4,"turns":4},{"damage":19,"enemies":"Gremlin Nob","floor":8,"turns":4},{"damage":0,"enemies":"Exordium Thugs","floor":12,"turns":4},{"damage":13,"enemies":"3 Sentries","floor":13,"turns":9},{"damage":12,"enemies":"Hexaghost","floor":16,"turns":9},{"damage":15,"enemies":"2 Thieves","floor":18,"turns":5},{"damage":7,"enemies":"Chosen","floor":21,"turns":5},{"damage":1,"enemies":"Centurion and Healer","floor":22,"turns":7},{"damage":16,"enemies":"Slavers","floor":24,"turns":6},{"damage":0,"enemies":"Sentry and Sphere","floor":28,"turns":6},{"damage":32,"enemies":"Gremlin Leader","floor":31,"turns":9},{"damage":16,"enemies":"Automaton","floor":33,"turns":12},{"damage":3,"enemies":"Orb Walker","floor":35,"turns":4},{"damage":3,"enemies":"Mind Bloom Boss Battle","floor":36,"turns":8},{"damage":20,"enemies":"3 Shapes","floor":38,"turns":4},{"damage":15,"enemies":"3 Darklings","floor":41,"turns":4},{"damage":7,"enemies":"Writhing Mass","floor":42,"turns":7},{"damage":0,"enemies":"Jaw Worm Horde","floor":44,"turns":3},{"damage":40,"enemies":"Giant Head","floor":47,"turns":11},{"damage":0,"enemies":"Maw","floor":48,"turns":6},{"damage":0,"enemies":"Awakened One","floor":50,"turns":11}],"seed_played":"4741889474625895892","potions_obtained":[{"floor":8,"key":"PowerPotion"},{"floor":13,"key":"SneckoOil"},{"floor":16,"key":"SpeedPotion"},{"floor":18,"key":"DistilledChaos"},{"floor":33,"key":"Block Potion"},{"floor":44,"key":"EssenceOfSteel"}],"is_trial":false,"path_per_floor":["M","$","M","M","?","R","?","E","T","$","R","M","E","T","R","B",null,"M","$","?","M","M","R","E","R","T","R","M","$","$","E","R","B",null,"M","?","?","M","?","R","M","M","T","M","?","R","E","M","R","B",null],"character_chosen":"DEFECT","items_purchased":["Cold Snap","Loop","Glacier","Capacitor"],"campfire_rested":0,"item_purchase_floors":[2,2,10,29],"current_hp_per_floor":[68,68,68,65,70,70,67,50,50,50,50,52,41,41,41,31,86,71,71,71,66,67,67,53,53,53,53,55,55,55,37,52,50,86,83,82,82,64,64,79,66,61,61,63,63,81,55,57,75,77],"gold":441,"neow_bonus":"BOSS_RELIC","is_daily":false,"chose_seed":false,"campfire_upgraded":10,"win_rate":0.0,"timestamp":1610161599,"path_taken":["M","$","M","M","?","R","?","E","T","$","R","M","E","?","R","BOSS","M","$","?","M","M","R","E","R","T","R","M","?","$","E","R","BOSS","M","?","?","M","?","R","M","M","T","M","?","R","E","M","R","BOSS"],"items_purchased_type":["Card","Card","Card","Card"],"build_version":"2020-12-22","purchased_purges":1,"victory":true,"max_hp_per_floor":[75,75,75,75,80,80,80,80,80,80,80,80,80,80,80,80,86,86,86,86,86,86,86,86,86,86,86,86,86,86,86,86,86,86,86,86,86,86,86,86,86,86,86,86,86,86,86,86,86,86],"card_choices":[{"not_picked":["Beam Cell","Turbo"],"picked":"Blizzard","floor":1},{"not_picked":["Stack","Barrage"],"picked":"Conserve Battery","floor":3},{"not_picked":["Gash","Turbo"],"picked":"Streamline","floor":4},{"not_picked":["Redo","Steam Power"],"picked":"Undo","floor":8},{"not_picked":["Fusion","Rebound"],"picked":"Heatsinks","floor":12},{"not_picked":["Echo Form","Steam"],"picked":"Coolheaded","floor":13},{"not_picked":["Genetic Algorithm+1","Chaos+1"],"picked":"Defragment","floor":18},{"not_picked":["Chill","Sunder"],"picked":"FTL","floor":21},{"not_picked":["Coolheaded","Undo"],"picked":"Rebound","floor":22},{"not_picked":["Leap","Aggregate"],"picked":"Go for the Eyes+1","floor":24},{"not_picked":["Barrage+1","Beam Cell"],"picked":"Blizzard","floor":28},{"not_picked":["Hello World","Electrodynamics"],"picked":"Chill","floor":31},{"not_picked":["Electrodynamics","Rainbow"],"picked":"Seek","floor":33},{"not_picked":["Heatsinks+1","Beam Cell"],"picked":"Redo+1","floor":35},{"not_picked":["Stack+1","Conserve Battery","Scrape"],"picked":"SKIP","floor":38},{"not_picked":["Hologram","Capacitor+1"],"picked":"Barrage+1","floor":41},{"not_picked":["Rip and Tear+1","Rainbow","Compile Driver+1"],"picked":"SKIP","floor":42},{"not_picked":["Streamline+1","Tempest+1","Chill"],"picked":"SKIP","floor":44},{"not_picked":["Conserve Battery+1","Redo+1","Turbo"],"picked":"SKIP","floor":47},{"not_picked":["Glacier+1","Gash+1"],"picked":"Echo Form","floor":48}],"player_experience":285682,"relics_obtained":[{"floor":8,"key":"Mummified Hand"},{"floor":9,"key":"Lantern"},{"floor":13,"key":"Darkstone Periapt"},{"floor":14,"key":"Symbiotic Virus"},{"floor":17,"key":"Bag of Marbles"},{"floor":17,"key":"HornCleat"},{"floor":17,"key":"Ice Cream"},{"floor":24,"key":"Du-Vu Doll"},{"floor":26,"key":"Meat on the Bone"},{"floor":31,"key":"Eternal Feather"},{"floor":36,"key":"CaptainsWheel"},{"floor":43,"key":"Molten Egg 2"},{"floor":47,"key":"InkBottle"}],"event_choices":[{"damage_healed":0,"gold_gain":0,"player_choice":"Donut","damage_taken":0,"max_hp_gain":5,"max_hp_loss":0,"event_name":"Big Fish","floor":5,"gold_loss":0},{"damage_healed":0,"gold_gain":0,"player_choice":"Success","damage_taken":3,"relics_obtained":["Blood Vial"],"max_hp_gain":0,"max_hp_loss":0,"event_name":"Scrap Ooze","floor":7,"gold_loss":0},{"damage_healed":0,"gold_gain":0,"player_choice":"Read","damage_taken":0,"max_hp_gain":0,"max_hp_loss":0,"event_name":"The Library","floor":20,"gold_loss":0,"cards_obtained":["Hologram"]},{"damage_healed":0,"gold_gain":0,"player_choice":"Fight","damage_taken":0,"max_hp_gain":0,"max_hp_loss":0,"event_name":"MindBloom","floor":36,"gold_loss":0},{"damage_healed":0,"gold_gain":0,"player_choice":"Ignored","damage_taken":0,"max_hp_gain":0,"max_hp_loss":0,"event_name":"Tomb of Lord Red Mask","floor":37,"gold_loss":0},{"cards_removed":["Go for the Eyes"],"damage_healed":0,"gold_gain":0,"player_choice":"Removed Attack","damage_taken":0,"max_hp_gain":0,"max_hp_loss":0,"event_name":"Falling","floor":39,"gold_loss":0},{"damage_healed":0,"gold_gain":0,"player_choice":"2 cards matched","damage_taken":0,"max_hp_gain":0,"max_hp_loss":0,"event_name":"Match and Keep!","floor":45,"gold_loss":0,"cards_obtained":["Purity","Core Surge"]},{"damage_healed":0,"gold_gain":0,"player_choice":"2 cards matched","damage_taken":0,"max_hp_gain":0,"max_hp_loss":0,"event_name":"Match and Keep!","floor":45,"gold_loss":0,"cards_obtained":["Purity","Core Surge"]}],"is_beta":false,"boss_relics":[{"not_picked":["Tiny House","Ectoplasm"],"picked":"Calling Bell"},{"not_picked":["Runic Dome","Busted Crown"],"picked":"Runic Pyramid"}],"items_purged_floors":[19],"is_endless":false,"potions_floor_spawned":[8,13,16,18,24,33,44,48],"ascension_level":1}}