{"host":"3b5lda25ezqra65h","time":1610200620,"event":{"mods":["BaseMod","BetterRewards","Colored Map","Minty Spire (QoL Compilation)","The Disciple"],"gold_per_floor":[116,116,216,228,32,61,71,71,71,83,83,83,83,113,113,113,113],"floor_reached":16,"playtime":391,"items_purged":[],"score":185,"play_id":"da6b6153-1988-4718-8e26-21c5cb6212ed","local_time":"20210109145700","is_ascension_mode":true,"campfire_choices":[{"floor":8,"key":"RECALL"},{"data":"Adrenaline","floor":15,"key":"SMITH"}],"circlet_count":0,"master_deck":["Strike_G","Strike_G","Strike_G","Strike_G","Strike_G","Defend_G","Defend_G","Defend_G","Defend_G","Defend_G","Survivor","Neutralize+1","Adrenaline+1","All Out Attack"],"relics":["Ring of the Snake","NeowsBlessing","Chemical X","Unceasing Top","Pear","Strawberry"],"acts_visited":["Exordium"],"potions_floor_usage":[10,14,14],"damage_taken":[{"damage":0,"enemies":"Small Slimes","floor":1,"turns":1},{"damage":0,"enemies":"2 Louse","floor":4,"turns":1},{"damage":0,"enemies":"3 Sentries","floor":6,"turns":1},{"damage":0,"enemies":"Cultist","floor":7,"turns":4},{"damage":0,"enemies":"3 Louse","floor":10,"turns":2},{"damage":26,"enemies":"Gremlin Nob","floor":14,"turns":4},{"damage":28,"enemies":"Hexaghost","floor":16,"turns":4}],"seed_played":"7264211520660214149","potions_obtained":[{"floor":6,"key":"Weak Potion"},{"floor":7,"key":"BlessingOfTheForge"},{"floor":14,"key":"CunningPotion"}],"is_trial":false,"path_per_floor":["M","?","?","M","$","E","M","R","T","M","?","T","?","E","R","B"],"character_chosen":"THE_SILENT","items_purchased":["Chemical X","Strength Potion"],"campfire_rested":0,"item_purchase_floors":[5,5],"current_hp_per_floor":[70,70,70,70,70,70,70,70,70,70,75,85,85,66,66,38,38],"gold":113,"neow_bonus":"THREE_ENEMY_KILL","is_daily":false,"chose_seed":false,"campfire_upgraded":1,"win_rate":0.0,"timestamp":1610200620,"path_taken":["M","?","?","?","$","E","M","R","T","M","?","?","?","E","R","BOSS"],"items_purchased_type":["Relic","Potion"],"build_version":"2020-12-22","purchased_purges":0,"victory":false,"max_hp_per_floor":[70,70,70,70,70,70,70,70,70,70,75,85,85,92,92,92,92],"card_choices":[{"not_picked":["Deadly Poison","Calculated Gamble","Tactician"],"picked":"SKIP","floor":1},{"not_picked":["Calculated Gamble","Flying Knee","Masterful Stab"],"picked":"SKIP","floor":4},{"not_picked":["Deflect","All Out Attack"],"picked":"Adrenaline","floor":6},{"not_picked":["Blade Dance","Distraction"],"picked":"All Out Attack","floor":7},{"not_picked":["Slice","Bane","Eviscerate"],"picked":"SKIP","floor":10},{"not_picked":["Cloak And Dagger","Eviscerate","Distraction"],"picked":"SKIP","floor":14}],"player_experience":228638,"relics_obtained":[{"floor":6,"key":"Unceasing Top"},{"floor":12,"key":"Pear"},{"floor":14,"key":"Strawberry"}],"event_choices":[{"damage_healed":0,"gold_gain":0,"player_choice":"Ignored","damage_taken":0,"max_hp_gain":0,"max_hp_loss":0,"event_name":"Golden Wing","floor":2,"gold_loss":0},{"damage_healed":0,"gold_gain":100,"player_choice":"Pray","damage_taken":0,"max_hp_gain":0,"max_hp_loss":0,"event_name":"Golden Shrine","floor":3,"gold_loss":0},{"damage_healed":0,"gold_gain":0,"player_choice":"Donut","damage_taken":0,"max_hp_gain":5,"max_hp_loss":0,"event_name":"Big Fish","floor":11,"gold_loss":0},{"damage_healed":0,"gold_gain":0,"player_choice":"Grow","damage_taken":0,"max_hp_gain":0,"max_hp_loss":0,"event_name":"Living Wall","floor":13,"gold_loss":0,"cards_upgraded":["Neutralize"]}],"is_beta":false,"boss_relics":[],"items_purged_floors":[],"is_endless":false,"potions_floor_spawned":[6,7,14],"killed_by":"Hexaghost","ascension_level":4}}