{"host":"5bif15w8bnsyykqq","time":1610193205,"event":{"mods":["BaseMod","Minty Spire (QoL Compilation)","StSLib"],"gold_per_floor":[113,113,131,142,142,142,168,168,237,250,281,106,106,72,72,176,176,194,194,207,224,243,243,243],"floor_reached":23,"playtime":684,"items_purged":["Pain"],"score":241,"play_id":"a84b7723-f22f-47cb-8fb5-af2aa58ef535","local_time":"20210109205325","is_ascension_mode":true,"campfire_choices":[{"data":"Neutralize","floor":6,"key":"SMITH"},{"data":"Cloak And Dagger","floor":8,"key":"SMITH"},{"floor":13,"key":"REST"},{"data":"Accuracy","floor":15,"key":"SMITH"}],"circlet_count":0,"master_deck":["Strike_G","Strike_G","Strike_G","Strike_G","Strike_G","Defend_G","Defend_G","Defend_G","Defend_G","Survivor","Neutralize+1","Blade Dance","Prepared","Dagger Spray","Cloak And Dagger+1","Deflect","PiercingWail","Backflip","Accuracy+1","Storm of Steel","Swift Strike","Swift Strike","Blade Dance"],"relics":["Ring of the Snake","NeowsBlessing","WarpedTongs","Boot","Pantograph","Potion Belt","Busted Crown"],"acts_visited":["Exordium","TheCity"],"potions_floor_usage":[7,16],"damage_taken":[{"damage":0,"enemies":"Jaw Worm","floor":1,"turns":1},{"damage":0,"enemies":"Cultist","floor":3,"turns":1},{"damage":0,"enemies":"2 Louse","floor":4,"turns":1},{"damage":23,"enemies":"Gremlin Nob","floor":7,"turns":4},{"damage":14,"enemies":"Blue Slaver","floor":10,"turns":2},{"damage":28,"enemies":"Lagavulin","floor":11,"turns":6},{"damage":26,"enemies":"Hexaghost","floor":16,"turns":12},{"damage":20,"enemies":"2 Thieves","floor":18,"turns":4},{"damage":7,"enemies":"Spheric Guardian","floor":20,"turns":3},{"damage":21,"enemies":"Snake Plant","floor":21,"turns":4},{"damage":0,"enemies":"Snecko","floor":22,"turns":2},{"damage":0,"enemies":"Slavers","floor":23,"turns":1}],"seed_played":"-8583103216092957684","potions_obtained":[{"floor":3,"key":"CunningPotion"},{"floor":7,"key":"Explosive Potion"},{"floor":11,"key":"GamblersBrew"},{"floor":22,"key":"BlessingOfTheForge"}],"is_trial":false,"path_per_floor":["M","?","M","M","?","R","E","R","T","M","E","$","R","$","R","B",null,"M","?","M","M","M","E"],"character_chosen":"THE_SILENT","items_purchased":["Backflip","ColorlessPotion","Accuracy"],"campfire_rested":1,"item_purchase_floors":[12,12,14],"current_hp_per_floor":[70,70,70,70,70,70,47,47,47,33,5,5,26,26,26,25,70,50,31,24,3,3,3,3],"gold":243,"neow_bonus":"THREE_ENEMY_KILL","is_daily":false,"chose_seed":false,"campfire_upgraded":3,"win_rate":0.0,"timestamp":1610193205,"path_taken":["M","?","M","?","?","R","E","R","T","?","E","?","R","$","R","BOSS","M","?","M","?","M","E"],"items_purchased_type":["Card","Potion","Card"],"build_version":"2020-12-22","purchased_purges":1,"victory":false,"max_hp_per_floor":[70,70,70,70,70,70,70,70,70,70,70,70,70,70,70,70,70,70,70,70,70,70,70,70],"card_choices":[{"not_picked":["Prepared","Outmaneuver"],"picked":"Blade Dance","floor":1},{"not_picked":["Bane","Setup"],"picked":"Prepared","floor":3},{"not_picked":["Poisoned Stab","Expertise"],"picked":"Dagger Spray","floor":4},{"not_picked":["Slice","Deflect"],"picked":"Cloak And Dagger","floor":7},{"not_picked":["Quick Slash","Bane"],"picked":"Deflect","floor":10},{"not_picked":["Heel Hook","Endless Agony"],"picked":"PiercingWail","floor":11},{"not_picked":["Bullet Time","Wraith Form v2"],"picked":"Storm of Steel","floor":16},{"not_picked":["Calculated Gamble"],"picked":"SKIP","floor":18},{"not_picked":["Flying Knee"],"picked":"SKIP","floor":20},{"not_picked":[],"picked":"Blade Dance","floor":21},{"not_picked":["Acrobatics"],"picked":"SKIP","floor":22}],"player_experience":181590,"relics_obtained":[{"floor":7,"key":"Boot"},{"floor":9,"key":"Pantograph"},{"floor":11,"key":"Potion Belt"}],"event_choices":[{"cards_removed":["Defend_G"],"damage_healed":0,"gold_gain":0,"player_choice":"Purged","damage_taken":0,"max_hp_gain":0,"max_hp_loss":0,"event_name":"Purifier","floor":2,"gold_loss":0},{"damage_healed":0,"gold_gain":0,"player_choice":"Rummage","damage_taken":0,"relics_obtained":["WarpedTongs"],"max_hp_gain":0,"max_hp_loss":0,"event_name":"Accursed Blacksmith","floor":5,"gold_loss":0,"cards_obtained":["Pain"]},{"damage_healed":0,"gold_gain":0,"player_choice":"CARD CARD ","damage_taken":19,"max_hp_gain":0,"max_hp_loss":0,"event_name":"Knowing Skull","floor":19,"potions_obtained":[],"gold_loss":0,"cards_obtained":["Swift Strike","Swift Strike"]}],"is_beta":false,"boss_relics":[{"not_picked":["Ectoplasm","SacredBark"],"picked":"Busted Crown"}],"items_purged_floors":[12],"is_endless":false,"potions_floor_spawned":[3,7,11,22],"killed_by":"Slavers","ascension_level":4}}