{"host":"ficgsz0si2azpg0p","time":1610211028,"event":{"mods":["BaseMod","Downfall","Minty Spire (QoL Compilation)","StSLib","The Hierophant"],"gold_per_floor":[119,119,133,308,308,308,62,62,62,62,74,50,70,88,88,189,189,202,202,202,8,8,8,21,21,98,128,144,173,173,184,184,288,288,305,305,28,47,0,0,14,14,90,105,125,125,136,150,150,150],"floor_reached":51,"playtime":11189,"items_purged":["Decay"],"score":652,"play_id":"3960ff58-80b4-4b78-aa21-01e71ce7c5ac","local_time":"20210109115028","is_ascension_mode":false,"campfire_choices":[{"data":"Fire Breathing","floor":6.0,"key":"SMITH"},{"data":"expansioncontent:StudyTheSpire","floor":8.0,"key":"SMITH"},{"data":"Shrug It Off","floor":10.0,"key":"SMITH"},{"floor":15.0,"key":"REST"},{"data":"True Grit","floor":23.0,"key":"SMITH"},{"floor":30.0,"key":"REST"},{"data":"Evolve","floor":32.0,"key":"SMITH"},{"floor":40,"key":"REST"},{"floor":49,"key":"REST"}],"circlet_count":0,"master_deck":["Strike_R","Strike_R","Strike_R","Defend_R","Defend_R","Defend_R","Defend_R","Evolve+1","Fire Breathing+1","Shrug It Off+1","expansioncontent:StudyTheSpire+1","Shrug It Off","True Grit+1","Armaments","Warcry","Iron Wave","Reaper","Wild Strike","Wild Strike","Wild Strike","Disarm","Shrug It Off+1","Sever Soul","True Grit","Dark Shackles","Trip","Iron Wave","Sword Boomerang","Parasite","Rage+1"],"relics":["Burning Blood","Potion Belt","Nunchaku","Busted Crown","MutagenicStrength","Sling","Mummified Hand","MealTicket","Oddly Smooth Stone","Fusion Hammer","Red Mask","Mercury Hourglass"],"acts_visited":["Exordium","TheCity","TheBeyond"],"potions_floor_usage":[50,50,50,50,50],"damage_taken":[{"damage":12.0,"enemies":"Cultist","floor":1.0,"turns":5.0},{"damage":10.0,"enemies":"Jaw Worm","floor":3.0,"turns":5.0},{"damage":9.0,"enemies":"2 Louse","floor":11.0,"turns":3.0},{"damage":14.0,"enemies":"Blue Slaver","floor":13.0,"turns":4.0},{"damage":18.0,"enemies":"Lots of Slimes","floor":14.0,"turns":2.0},{"damage":17.0,"enemies":"Slime Boss","floor":16.0,"turns":9.0},{"damage":3.0,"enemies":"Spheric Guardian","floor":18.0,"turns":4.0},{"damage":12.0,"enemies":"Shell Parasite","floor":24.0,"turns":5.0},{"damage":34.0,"enemies":"Book of Stabbing","floor":27.0,"turns":5.0},{"damage":10.0,"enemies":"Chosen and Byrds","floor":28.0,"turns":5.0},{"damage":17.0,"enemies":"Slavers","floor":29.0,"turns":4.0},{"damage":19.0,"enemies":"Snake Plant","floor":31.0,"turns":6.0},{"damage":46.0,"enemies":"Collector","floor":33.0,"turns":12.0},{"damage":20.0,"enemies":"3 Darklings","floor":35.0,"turns":6.0},{"damage":11,"enemies":"3 Shapes","floor":38,"turns":3},{"damage":27,"enemies":"Spire Growth","floor":41,"turns":6},{"damage":12,"enemies":"Maw","floor":44,"turns":8},{"damage":30,"enemies":"Transient","floor":45,"turns":5},{"damage":0,"enemies":"Writhing Mass","floor":47,"turns":6},{"damage":0,"enemies":"Jaw Worm Horde","floor":48,"turns":6},{"damage":83,"enemies":"Donu and Deca","floor":50,"turns":12}],"seed_played":"2213562221492615523","potions_obtained":[{"floor":3.0,"key":"SpeedPotion"},{"floor":13.0,"key":"ElixirPotion"},{"floor":16.0,"key":"sneckomod:MuddlingPotion"},{"floor":27.0,"key":"BloodPotion"},{"floor":28.0,"key":"DistilledChaos"},{"floor":31.0,"key":"DistilledChaos"},{"floor":33.0,"key":"BloodPotion"},{"floor":38,"key":"Block Potion"},{"floor":44,"key":"SkillPotion"},{"floor":45,"key":"BloodPotion"},{"floor":47,"key":"LiquidMemories"}],"is_trial":false,"path_per_floor":["M","?","M","?","?","R","$","R","T","R","M","$","M","M","R","B",null,"M","?","?","$","?","R","M","?","T","E","M","E","R","M","R","B",null,"M","?","$","M","?","R","M","?","T","M","M","?","M","M","R","B",null],"character_chosen":"IRONCLAD","items_purchased":["expansioncontent:StudyTheSpire","Shrug It Off","Armaments","Sling","Wild Strike","Sever Soul","True Grit","Dark Shackles"],"campfire_rested":4,"item_purchase_floors":[7,7,12,21,21,37,37,37],"current_hp_per_floor":[82,82,78,78,78,78,78,78,78,78,75,75,67,55,81,70,88,88,88,88,88,88,88,88,88,88,60,79,68,88,78,78,48,88,74,74,88,83,83,88,72,72,72,70,50,50,56,62,88,37],"gold":150,"neow_bonus":"TEN_PERCENT_HP_BONUS","is_daily":false,"chose_seed":false,"campfire_upgraded":5,"win_rate":0.0,"timestamp":1610211028,"path_taken":["M","?","?","?","?","R","?","R","T","R","?","$","M","M","R","BOSS","M","?","?","$","?","R","?","?","T","E","M","E","R","M","R","BOSS","M","?","$","?","?","R","M","?","T","M","M","?","M","M","R","BOSS"],"items_purchased_type":["Card","Card","Card","Relic","Card","Card","Card","Card"],"build_version":"2020-12-22","purchased_purges":1,"victory":true,"max_hp_per_floor":[88,88,88,88,88,88,88,88,88,88,88,88,88,88,88,88,88,88,88,88,88,88,88,88,88,88,88,88,88,88,88,88,88,88,88,88,88,88,88,88,88,88,88,88,88,88,88,88,88,88],"card_choices":[{"not_picked":["Heavy Blade","Body Slam"],"picked":"Evolve","floor":1.0},{"not_picked":["Clothesline","Clash"],"picked":"Shrug It Off","floor":3.0},{"not_picked":["Metallicize","Clothesline"],"picked":"True Grit","floor":11.0},{"not_picked":["Searing Blow","Entrench"],"picked":"Warcry","floor":13.0},{"not_picked":["Thunderclap","Clothesline"],"picked":"Iron Wave","floor":14.0},{"not_picked":["Bludgeon","Brutality"],"picked":"Reaper","floor":16.0},{"not_picked":[],"picked":"Wild Strike","floor":18.0},{"not_picked":["Sentinel"],"picked":"SKIP","floor":24.0},{"not_picked":["Perfected Strike+1"],"picked":"SKIP","floor":27.0},{"not_picked":["Dual Wield"],"picked":"SKIP","floor":28.0},{"not_picked":["Rupture"],"picked":"SKIP","floor":29.0},{"not_picked":[],"picked":"Disarm","floor":31.0},{"not_picked":[],"picked":"Shrug It Off+1","floor":35.0},{"not_picked":["Heavy Blade+1"],"picked":"SKIP","floor":38},{"not_picked":["Body Slam+1"],"picked":"SKIP","floor":41},{"not_picked":[],"picked":"Trip","floor":42},{"not_picked":[],"picked":"Iron Wave","floor":44},{"not_picked":[],"picked":"Sword Boomerang","floor":45},{"not_picked":[],"picked":"Rage+1","floor":47},{"not_picked":["Perfected Strike+1"],"picked":"SKIP","floor":48}],"player_experience":11959126,"relics_obtained":[{"floor":9.0,"key":"Nunchaku"},{"floor":26.0,"key":"Mummified Hand"},{"floor":27.0,"key":"MealTicket"},{"floor":29.0,"key":"Oddly Smooth Stone"},{"floor":43,"key":"Mercury Hourglass"}],"event_choices":[{"damage_healed":0.0,"max_hp_gain":0.0,"max_hp_loss":0.0,"gold_gain":0.0,"cards_transformed":["Bash"],"event_name":"Transmorgrifier","player_choice":"Transformed","floor":2.0,"gold_loss":0.0,"damage_taken":0.0,"cards_obtained":["Fire Breathing"]},{"damage_healed":0.0,"max_hp_gain":0.0,"max_hp_loss":0.0,"gold_gain":175.0,"event_name":"Liars Game","player_choice":"AGREE","floor":4.0,"gold_loss":0.0,"damage_taken":0.0,"cards_obtained":["Doubt"]},{"damage_healed":0.0,"max_hp_gain":0.0,"max_hp_loss":0.0,"gold_gain":0.0,"event_name":"Big Fish","player_choice":"Box","floor":5.0,"gold_loss":0.0,"damage_taken":0.0,"relics_obtained":["Potion Belt"],"cards_obtained":["Regret"]},{"damage_healed":0.0,"max_hp_gain":0.0,"max_hp_loss":0.0,"gold_gain":0.0,"event_name":"Drug Dealer","player_choice":"Inject Mutagens","floor":19.0,"gold_loss":0.0,"damage_taken":0.0,"relics_obtained":["MutagenicStrength"]},{"damage_healed":0.0,"max_hp_gain":0.0,"max_hp_loss":0.0,"gold_gain":0.0,"event_name":"The Library","player_choice":"Read","floor":20.0,"gold_loss":0.0,"damage_taken":0.0,"cards_obtained":["Wild Strike"]},{"damage_healed":0.0,"max_hp_gain":0.0,"max_hp_loss":0.0,"gold_gain":0.0,"cards_transformed":["Regret"],"event_name":"Transmorgrifier","player_choice":"Transformed","floor":22.0,"gold_loss":0.0,"damage_taken":0.0,"cards_obtained":["Decay"]},{"cards_removed":["Doubt"],"damage_healed":0.0,"max_hp_gain":0.0,"max_hp_loss":0.0,"gold_gain":0.0,"event_name":"Back to Basics","player_choice":"Elegance","floor":25.0,"gold_loss":0.0,"damage_taken":0.0},{"cards_removed":["Strike_R"],"damage_healed":0.0,"max_hp_gain":0.0,"max_hp_loss":0.0,"gold_gain":0.0,"event_name":"Bonfire Elementals","player_choice":"Offered Basic","floor":36.0,"gold_loss":0.0,"damage_taken":0.0},{"damage_healed":0,"gold_gain":0,"player_choice":"Paid","damage_taken":0,"relics_obtained":["Red Mask"],"max_hp_gain":0,"max_hp_loss":0,"event_name":"Tomb of Lord Red Mask","floor":39,"gold_loss":47},{"damage_healed":0,"gold_gain":0,"player_choice":"Memory 1","damage_taken":0,"max_hp_gain":0,"max_hp_loss":0,"event_name":"SensoryStone","floor":42,"gold_loss":0},{"cards_removed":["Strike_R"],"damage_healed":0,"gold_gain":0,"player_choice":"Purged","damage_taken":0,"max_hp_gain":0,"max_hp_loss":0,"event_name":"Purifier","floor":46,"gold_loss":0}],"is_beta":false,"boss_relics":[{"not_picked":["Snecko Eye","Pandora\u0027s Box"],"picked":"Busted Crown"},{"not_picked":["Runic Dome","Coffee Dripper"],"picked":"Fusion Hammer"}],"items_purged_floors":[37],"is_endless":false,"potions_floor_spawned":[3,13,16,27,28,31,33,38,44,45,47],"ascension_level":0}}