{"host":"o7j6aatxjwpw1421","time":1610208729,"event":{"mods":["2.2 Compatiblity","AchievementEnabler","BaseMod","Colored Map","DeckTracker","Highlight Path","Keyboard Shortcuts","Minty Spire (QoL Compilation)","Permanent Neow","Quick Restart","StSLib","SuperFastMode","everything is the same but u backflip on backflip"],"gold_per_floor":[119,119,132,132,57,57,22,22,22,40,74,89,89,89],"floor_reached":13,"playtime":477,"items_purged":["Strike_G"],"score":166,"play_id":"f22d7adf-0892-4c6d-b57a-a8f66e334d17","local_time":"20210110011209","is_ascension_mode":true,"campfire_choices":[{"floor":6.0,"key":"REST"}],"circlet_count":0,"master_deck":["AscendersBane","Strike_G","Strike_G+1","Strike_G","Defend_G","Defend_G","Defend_G","Defend_G","Survivor","Neutralize","Tactician+1","Dagger Spray","Acrobatics","Well Laid Plans","Blade Dance"],"relics":["Ring of the Snake","Strawberry","Bag of Marbles"],"acts_visited":["Exordium"],"potions_floor_usage":[],"damage_taken":[{"damage":30.0,"enemies":"Jaw Worm","floor":1.0,"turns":9.0},{"damage":4.0,"enemies":"2 Louse","floor":3.0,"turns":5.0},{"damage":2.0,"enemies":"Cultist","floor":10.0,"turns":5.0},{"damage":29.0,"enemies":"Gremlin Nob","floor":11.0,"turns":4.0},{"damage":3.0,"enemies":"Looter","floor":12.0,"turns":3.0},{"damage":2,"enemies":"Lagavulin","floor":13,"turns":6}],"seed_played":"3413851805610568117","potions_obtained":[{"floor":3.0,"key":"Fire Potion"},{"floor":8.0,"key":"Energy Potion"}],"is_trial":false,"path_per_floor":["M","?","M","?","$","R","?","?","T","M","E","M","E"],"character_chosen":"THE_SILENT","items_purchased":[],"campfire_rested":1,"item_purchase_floors":[],"current_hp_per_floor":[29,9,5,5,5,24,40,40,47,45,16,13,11,11],"gold":89,"neow_bonus":"TRANSFORM_CARD","is_daily":false,"chose_seed":false,"campfire_upgraded":0,"win_rate":0.0,"timestamp":1610208729,"path_taken":["M","?","M","?","$","R","?","?","T","M","E","?","E"],"items_purchased_type":[],"build_version":"2020-12-22","purchased_purges":1,"victory":false,"max_hp_per_floor":[66,66,66,66,66,66,66,66,73,73,73,73,73,73],"card_choices":[{"not_picked":["Cloak And Dagger","Sucker Punch","All Out Attack"],"picked":"SKIP","floor":1.0},{"not_picked":["Setup","Flying Knee"],"picked":"Dagger Spray","floor":3.0},{"not_picked":["Crippling Poison","Reflex"],"picked":"Acrobatics","floor":10.0},{"not_picked":["Prepared","Deadly Poison"],"picked":"Well Laid Plans","floor":11.0},{"not_picked":["Cloak And Dagger","Blur"],"picked":"Blade Dance","floor":12.0}],"player_experience":469381,"relics_obtained":[{"floor":9.0,"key":"Strawberry"},{"floor":11.0,"key":"Bag of Marbles"}],"event_choices":[{"damage_healed":0.0,"max_hp_gain":0.0,"max_hp_loss":0.0,"gold_gain":0.0,"event_name":"Shining Light","player_choice":"Entered Light","floor":2.0,"gold_loss":0.0,"damage_taken":20.0,"cards_upgraded":["Tactician","Strike_G"]},{"cards_removed":["Defend_G"],"damage_healed":0.0,"max_hp_gain":0.0,"max_hp_loss":0.0,"gold_gain":0.0,"event_name":"Living Wall","player_choice":"Forget","floor":4.0,"gold_loss":0.0,"damage_taken":0.0},{"damage_healed":16.0,"max_hp_gain":0.0,"max_hp_loss":0.0,"gold_gain":0.0,"event_name":"The Cleric","player_choice":"Healed","floor":7.0,"gold_loss":35.0,"damage_taken":0.0},{"damage_healed":0.0,"max_hp_gain":0.0,"max_hp_loss":0.0,"gold_gain":0.0,"event_name":"Lab","player_choice":"Got Potions","floor":8.0,"gold_loss":0.0,"damage_taken":0.0}],"is_beta":false,"boss_relics":[],"items_purged_floors":[5],"is_endless":false,"potions_floor_spawned":[3],"killed_by":"Lagavulin","ascension_level":20}}