{"host":"hjw1ay65n7jm40lc","time":1610165158,"event":{"mods":["AchievementEnabler","BaseMod","Block Reminder","Colored Map","Colored Powertips","Curses Come First","Downfall","Googly Eyes","Hermit","Highlight Path","Minty Spire (QoL Compilation)","Quick Restart","Relic Stats","StSLib"],"gold_per_floor":[99,115,127,64,83,83,83,83,93,122,122,140,140,155,165,261,261,261,274,274,274,274,288,340,351,368,403,403,438,64,99,110,210,210,210,229,248,140,154,188,188,219,219,253,253,137,37,64,79,79],"floor_reached":51,"playtime":6386,"items_purged":["Guardian:Strike_Guardian","Guardian:Strike_Guardian"],"score":1128,"play_id":"11f69385-22af-4e75-87b4-4c9334dfb2fc","local_time":"20210108230558","is_ascension_mode":true,"campfire_choices":[{"data":"Guardian:TwinSlam","floor":1.0,"key":"SMITH"},{"data":"Guardian:BodySlam","floor":6.0,"key":"SMITH"},{"data":"Guardian:BronzeArmor","floor":13.0,"key":"SMITH"},{"data":"Guardian:StasisField","floor":18.0,"key":"SMITH"},{"data":"Guardian:FuturePlans","floor":28.0,"key":"SMITH"},{"data":"Guardian:HyperBeam_Guardian","floor":35,"key":"SMITH"},{"data":"Guardian:ShieldCharger","floor":45,"key":"SMITH"},{"data":"Guardian:StasisEngine","floor":47,"key":"SMITH"}],"circlet_count":0,"master_deck":["Guardian:Strike_Guardian","Guardian:Defend_Guardian","Guardian:Defend_Guardian","Guardian:Defend_Guardian","Guardian:Defend_Guardian","Guardian:CurlUp","Guardian:TwinSlam+1","Guardian:BodySlam+1","Guardian:BronzeArmor+1","Guardian:RollAttack","Guardian:Reroute","Guardian:TimeSifter","Guardian:HyperBeam_Guardian+1","Guardian:ShieldCharger+1","Guardian:FuturePlans+1","Guardian:EvasiveProtocol","Guardian:StasisField+1","Guardian:ShieldSpikes","Guardian:Gem_Orange","Guardian:ArmoredProtocol","Guardian:Orbwalk","Guardian:TemporalShield+1","Guardian:Orbwalk+1","Guardian:Clone","Guardian:StasisEngine+1","Guardian:Reroute","Guardian:TemporalShield+1"],"relics":["Guardian:ModeShifterPlus","The Courier","Meat on the Bone","Dream Catcher","Oddly Smooth Stone","Sundial","Anchor","Guardian:BottledStasis","Kunai","Philosopher\u0027s Stone","Shuriken","OrangePellets","Guardian:DefensiveModeMoreBlock","Ancient Tea Set","HornCleat","White Beast Statue","Pear","downfall:HeartBlessingGreen","Mummified Hand"],"acts_visited":["Exordium","TheCity","TheBeyond"],"potions_floor_usage":[33,44,50],"damage_taken":[{"damage":4.0,"enemies":"2 Louse","floor":2.0,"turns":3.0},{"damage":4.0,"enemies":"Cultist","floor":3.0,"turns":4.0},{"damage":0.0,"enemies":"downfall:FleeingMerchant","floor":4.0,"turns":4.0},{"damage":0.0,"enemies":"Small Slimes","floor":5.0,"turns":3.0},{"damage":0.0,"enemies":"Blue Slaver","floor":9.0,"turns":3.0},{"damage":14.0,"enemies":"Gremlin Nob","floor":10.0,"turns":3.0},{"damage":0.0,"enemies":"3 Louse","floor":12.0,"turns":1.0},{"damage":8.0,"enemies":"Exordium Thugs","floor":14.0,"turns":5.0},{"damage":1.0,"enemies":"Large Slime","floor":15.0,"turns":3.0},{"damage":23.0,"enemies":"downfall:Defect","floor":16.0,"turns":9.0},{"damage":0.0,"enemies":"Shell Parasite","floor":19.0,"turns":5.0},{"damage":0.0,"enemies":"3 Byrds","floor":23.0,"turns":3.0},{"damage":0.0,"enemies":"Snecko","floor":25.0,"turns":5.0},{"damage":0.0,"enemies":"3 Cultists","floor":26.0,"turns":3.0},{"damage":0.0,"enemies":"Book of Stabbing","floor":27.0,"turns":5.0},{"damage":0.0,"enemies":"Gremlin Leader","floor":29.0,"turns":4.0},{"damage":0.0,"enemies":"downfall:FleeingMerchant","floor":30.0,"turns":4.0},{"damage":0.0,"enemies":"Book of Stabbing","floor":31.0,"turns":4.0},{"damage":0.0,"enemies":"Centurion and Healer","floor":32.0,"turns":3.0},{"damage":0,"enemies":"ArchetypeAct2MushroomsNewAge","floor":33,"turns":7},{"damage":0,"enemies":"Orb Walker","floor":36,"turns":4},{"damage":0,"enemies":"3 Darklings","floor":37,"turns":3},{"damage":0,"enemies":"downfall:FleeingMerchant","floor":38,"turns":3},{"damage":0,"enemies":"Jaw Worm Horde","floor":39,"turns":4},{"damage":0,"enemies":"Nemesis","floor":40,"turns":5},{"damage":0,"enemies":"Giant Head","floor":42,"turns":5},{"damage":0,"enemies":"Reptomancer","floor":44,"turns":7},{"damage":0,"enemies":"Giant Head","floor":48,"turns":5},{"damage":0,"enemies":"Sphere and 2 Shapes","floor":49,"turns":3},{"damage":30,"enemies":"downfall:Watcher","floor":50,"turns":8}],"seed_played":"2644724231909082972","potions_obtained":[{"floor":5.0,"key":"hexamod:SoulburnPotion"},{"floor":9.0,"key":"Fruit Juice"},{"floor":10.0,"key":"GamblersBrew"},{"floor":19.0,"key":"SteroidPotion"},{"floor":26.0,"key":"SteroidPotion"},{"floor":27.0,"key":"Energy Potion"},{"floor":32.0,"key":"CultistPotion"},{"floor":36,"key":"Strength Potion"},{"floor":40,"key":"Regen Potion"},{"floor":42,"key":"Strength Potion"},{"floor":44,"key":"Energy Potion"}],"is_trial":false,"path_per_floor":["R","M","M","$","M","R","T","?","M","E","?","M","R","M","M","B",null,"R","M","?","?","?","M","T","M","M","E","R","E","$","E","M","B",null,"R","M","M","$","M","E","T","E","?","E","R","$","R","E","M","B",null],"character_chosen":"GUARDIAN","items_purchased":["Guardian:Reroute","Anchor","Guardian:BottledStasis","Guardian:ArmoredProtocol","Shuriken","OrangePellets","Guardian:DefensiveModeMoreBlock","Guardian:Reroute"],"campfire_rested":0,"item_purchase_floors":[4,30,30,30,38,38,38,46],"current_hp_per_floor":[88,84,80,80,80,80,80,88,88,74,74,74,74,71,70,47,93,93,93,93,93,93,93,93,93,93,93,93,93,93,93,93,93,93,93,93,93,93,93,93,93,93,93,103,103,103,103,103,103,73],"gold":79,"neow_bonus":"TEN_PERCENT_HP_BONUS","is_daily":false,"chose_seed":false,"campfire_upgraded":8,"win_rate":0.0,"timestamp":1610165158,"path_taken":["R","M","M","$","M","R","T","?","?","E","?","M","R","M","M","BOSS","R","M","?","?","?","M","T","M","M","E","R","E","$","E","M","BOSS","R","M","M","$","M","E","T","E","?","E","R","$","R","E","M","BOSS"],"items_purchased_type":["Card","Relic","Relic","Card","Relic","Relic","Relic","Card"],"build_version":"2020-12-22","purchased_purges":2,"victory":true,"max_hp_per_floor":[88,88,88,88,88,88,88,88,88,88,88,88,88,93,93,93,93,93,93,93,93,93,93,93,93,93,93,93,93,93,93,93,93,93,93,93,93,93,93,93,93,93,93,103,103,103,103,103,103,103],"relic_stats":{"OrangePellets":[8],"Dream Catcher":0,"counters":[30,128],"Sundial":[4],"Shuriken":[9],"Mummified Hand":[11],"Kunai":[13],"obtain_stats":[{"Guardian:DefensiveModeMoreBlock":38,"Guardian:BottledStasis":30,"Pear":44,"Guardian:ModeShifterPlus":17,"Guardian:ModeShifter":0,"Oddly Smooth Stone":27,"downfall:HeartBlessingGreen":47,"The Courier":7,"Ancient Tea Set":40,"White Beast Statue":42,"OrangePellets":38,"Dream Catcher":24,"Anchor":30,"HornCleat":41,"Sundial":29,"Shuriken":38,"Mummified Hand":48,"Philosopher\u0027s Stone":34,"Kunai":31,"Meat on the Bone":10},{"Guardian:DefensiveModeMoreBlock":23,"Guardian:BottledStasis":17,"Pear":27,"Guardian:ModeShifterPlus":10,"Guardian:ModeShifter":0,"Oddly Smooth Stone":15,"downfall:HeartBlessingGreen":27,"The Courier":4,"Ancient Tea Set":25,"White Beast Statue":26,"OrangePellets":23,"Dream Catcher":12,"Anchor":17,"HornCleat":25,"Sundial":16,"Shuriken":23,"Mummified Hand":28,"Philosopher\u0027s Stone":20,"Kunai":18,"Meat on the Bone":6},{"Guardian:DefensiveModeMoreBlock":91,"Guardian:BottledStasis":67,"Pear":112,"Guardian:ModeShifterPlus":38,"Guardian:ModeShifter":0,"Oddly Smooth Stone":59,"downfall:HeartBlessingGreen":112,"The Courier":14,"Ancient Tea Set":100,"White Beast Statue":105,"OrangePellets":91,"Dream Catcher":46,"Anchor":67,"HornCleat":100,"Sundial":63,"Shuriken":91,"Mummified Hand":117,"Philosopher\u0027s Stone":81,"Kunai":71,"Meat on the Bone":20}],"Meat on the Bone":0},"card_choices":[{"not_picked":["Guardian:PiercingHide","Guardian:Planning"],"picked":"Guardian:BodySlam","floor":2.0},{"not_picked":["Guardian:VentSteam","Guardian:TimeCapacitor"],"picked":"Guardian:BronzeArmor","floor":3.0},{"not_picked":["Guardian:Gem_Red","Guardian:Emergency"],"picked":"Guardian:RollAttack","floor":4.0},{"not_picked":["Guardian:Gem_Green","Guardian:RollAttack","Guardian:TemporalStrike"],"picked":"SKIP","floor":5.0},{"not_picked":["Guardian:CrystalBeam","Guardian:ChargeCore","Guardian:VentSteam"],"picked":"SKIP","floor":9.0},{"not_picked":["Guardian:RollAttack","Guardian:Harden"],"picked":"Guardian:TimeSifter","floor":10.0},{"not_picked":["Guardian:ChargeUp","Guardian:Gem_Lightblue"],"picked":"Guardian:ShieldCharger","floor":12.0},{"not_picked":["Guardian:BodySlam","Guardian:Gem_White"],"picked":"Guardian:FuturePlans","floor":14.0},{"not_picked":["Guardian:Repulse","Guardian:Suspension"],"picked":"Guardian:EvasiveProtocol","floor":15.0},{"not_picked":["Guardian:FierceBash","Guardian:SphericShield"],"picked":"Guardian:StasisField","floor":16.0},{"not_picked":["Guardian:VentSteam","Guardian:Emergency"],"picked":"Guardian:Gem_Cyan","floor":19.0},{"not_picked":["Guardian:Gem_Cyan","Guardian:ChargeUp"],"picked":"Guardian:Gem_Fragmented","floor":23.0},{"not_picked":["Guardian:DonusPower","Guardian:RefractedBeam","Guardian:WalkerClaw"],"picked":"SKIP","floor":25.0},{"not_picked":["Guardian:MultiBeam","Guardian:SentryBeam+1"],"picked":"Guardian:Gem_Yellow","floor":26.0},{"not_picked":["Guardian:Repulse","Guardian:Harden","Guardian:TimeCapacitor"],"picked":"SKIP","floor":27.0},{"not_picked":["Guardian:Incinerate","Guardian:PiercingHide"],"picked":"Guardian:Gem_Orange","floor":29.0},{"not_picked":["Guardian:ShieldCharger","Guardian:TimeBomb+1"],"picked":"Guardian:Gem_Orange","floor":30.0},{"not_picked":["Guardian:Planning","Guardian:Gem_Yellow"],"picked":"Guardian:Orbwalk","floor":31.0},{"not_picked":["Guardian:PrismaticBeam","Guardian:Orbwalk","Guardian:WalkerClaw"],"picked":"SKIP","floor":32.0},{"not_picked":["Guardian:HyperBeam_Guardian","Guardian:GemFire"],"picked":"Guardian:Gem_Orange","floor":33},{"not_picked":["Guardian:WalkerClaw","Guardian:Emergency"],"picked":"Guardian:Gem_Yellow","floor":36},{"not_picked":["Guardian:PiercingHide+1","Guardian:Gem_Lightblue","Guardian:Reroute+1"],"picked":"SKIP","floor":37},{"not_picked":["Guardian:Gem_Red","Guardian:Reroute","Guardian:ChargeCore"],"picked":"SKIP","floor":38},{"not_picked":["Guardian:Gem_Crimson","Guardian:PrismaticBarrier+1"],"picked":"Guardian:TemporalShield+1","floor":39},{"not_picked":["Guardian:SentryBeam+1","Guardian:FuturePlans+1"],"picked":"Guardian:Orbwalk+1","floor":40},{"not_picked":["Guardian:TemporalShield+1","Guardian:MultiBeam+1"],"picked":"Guardian:Clone","floor":42},{"not_picked":["Guardian:PiercingHide+1","Guardian:BodySlam"],"picked":"Guardian:StasisEngine","floor":44},{"not_picked":["Guardian:Suspension","Guardian:Reroute","Guardian:PrimingBeam+1"],"picked":"SKIP","floor":48},{"not_picked":["Guardian:Gem_Cyan","Guardian:Gem_Crimson"],"picked":"Guardian:TemporalShield+1","floor":49}],"player_experience":801821,"relics_obtained":[{"floor":7.0,"key":"The Courier"},{"floor":10.0,"key":"Meat on the Bone"},{"floor":24.0,"key":"Dream Catcher"},{"floor":27.0,"key":"Oddly Smooth Stone"},{"floor":29.0,"key":"Sundial"},{"floor":31.0,"key":"Kunai"},{"floor":40,"key":"Ancient Tea Set"},{"floor":41,"key":"HornCleat"},{"floor":42,"key":"White Beast Statue"},{"floor":44,"key":"Pear"},{"floor":48,"key":"Mummified Hand"}],"event_choices":[{"damage_healed":8.0,"max_hp_gain":0.0,"max_hp_loss":0.0,"gold_gain":0.0,"event_name":"Wheel of Change","player_choice":"Full Heal","floor":8.0,"gold_loss":0.0,"damage_taken":0.0},{"damage_healed":0.0,"max_hp_gain":0.0,"max_hp_loss":0.0,"gold_gain":0.0,"event_name":"The Library","player_choice":"Read","floor":21.0,"gold_loss":0.0,"damage_taken":0.0,"cards_obtained":["Guardian:ShieldSpikes"]},{"damage_healed":0.0,"max_hp_gain":0.0,"max_hp_loss":0.0,"gold_gain":0.0,"event_name":"Ghosts","player_choice":"Ignored","floor":22.0,"gold_loss":0.0,"damage_taken":0.0}],"is_beta":false,"boss_relics":[{"not_picked":["Pandora\u0027s Box","SlaversCollar"],"picked":"Guardian:ModeShifterPlus"},{"not_picked":["Black Star","Tiny House"],"picked":"Philosopher\u0027s Stone"}],"items_purged_floors":[30,46],"is_endless":false,"potions_floor_spawned":[5,9,10,19,26,27,32,36,40,42,44,48,49],"ascension_level":1}}