{"host":"p08oqmr389b4tgxi","time":1610167061,"event":{"mods":["Act Like it!","BaseMod","CapriCore","Colored Powertips","Gensokyo","Hallownest","Luminous","Minty Spire (QoL Compilation)","Quick Restart","Relic Stats","StSLib","The Immortal","UnlockEverythingMod","Yakumo Yukari mod","¡¾ÒÅÎï¿¨ÅÆ¡¿REMEMod"],"gold_per_floor":[140,140,140,160,177,177,236,236,289,318,318,318,318,387,387,483,483,523,523,589,245,165,165,223,240,240,266,282,338,338,381,381,485,485,528,378,415,451,520,545,557,589,614,614,614],"floor_reached":44,"playtime":5976,"items_purged":["Defend_purpleEX"],"score":728,"play_id":"f320cb4c-0af7-4698-ba85-922c90d69311","local_time":"20210109123741","is_ascension_mode":true,"campfire_choices":[{"data":"ExistenceContinue_purple","floor":6.0,"key":"SMITH"},{"data":"Observe_purple_2","floor":8.0,"key":"SMITH"},{"data":"Mirror_Drifter_purple","floor":13.0,"key":"SMITH"},{"data":"Mirror_TwoAndThreeElementRealm_purple","floor":15.0,"key":"SMITH"},{"floor":23.0,"key":"RECALL"},{"floor":30.0,"key":"REST"},{"floor":32.0,"key":"REST"}],"circlet_count":0,"master_deck":["AT_purpleEX","Defend_purpleEX","Defend_purpleEX","Defend_purpleEX","Observe_purple_1","Observe_purple_2+1","Venomology","Shallow_ocean_purpleEX","ExistenceContinue_purple+1","AdvanceAttack_purple","Mirror_FormAndEmptin_purple","Mirror_Drifter_purple+1","Mirror_TwoAndThreeElementRealm_purple+1","Mirror_FourBoundary_purple","GluttonyofRealm_purpleEX","Erosivefilter_purple","Fantasy_PerpetualMotionMachine_purple","EighthInstrument_OneDividesIntoTwo_purple","Hallownest:skillCityofTearsMap","OmniscientAndOmnipotent_Monster_purple","MeetDecomposer_purple+1","DarkRealmRedLine_purple+1","RuleDissolution_purple+1","LoveAcrossDimensions_purple","RuleDissolution_purple+1","RuleDissolution_purple"],"relics":["Boundary_crack","Memoryfragments_purpleEX","REME_ComplimentaryCards","NeowsBlessing","Hallownest:DreamNailRelic","Centennial Puzzle","Art of War","Orichalcum","Fusion Hammer","Omamori","Happy Flower","Kunai","Pen Nib","White Beast Statue","Black Star","Hallownest:SoulVesselRelic","Shovel","Regal Pillow","Blood Vial","CaptainsWheel","Bag of Marbles"],"acts_visited":["Exordium","Hallownest:Greenpath","Hallownest:CityofTears"],"potions_floor_usage":[38,38,38,40,40,40,40,41,41,42,44,44],"damage_taken":[{"damage":0.0,"enemies":"Hallownest:monsterHuskGuard","floor":1.0,"turns":1.0},{"damage":0.0,"enemies":"Hallownest:2_MossCreeps","floor":4.0,"turns":1.0},{"damage":0.0,"enemies":"Hallownest:2_Tiktiks_and_1_Crawlid","floor":5.0,"turns":1.0},{"damage":21.0,"enemies":"Hallownest:eliteCrystalGuardian","floor":7.0,"turns":5.0},{"damage":25.0,"enemies":"Hallownest:eliteVengeflyKing","floor":10.0,"turns":7.0},{"damage":3.0,"enemies":"Hallownest:1_Baldur_1_Crawlid_1_Warrior","floor":14.0,"turns":5.0},{"damage":9.0,"enemies":"Hallownest:BossBrokenVessel","floor":16.0,"turns":12.0},{"damage":22.0,"enemies":"Hallownest:Guard_and_Sentry","floor":18.0,"turns":5.0},{"damage":0.0,"enemies":"Hallownest:2_Mistakes","floor":20.0,"turns":6.0},{"damage":29.0,"enemies":"Hallownest:eliteWatcherKnight","floor":24.0,"turns":16.0},{"damage":21.0,"enemies":"Hallownest:3_Mistakes","floor":25.0,"turns":12.0},{"damage":8.0,"enemies":"Hallownest:Nosk","floor":27.0,"turns":8.0},{"damage":6.0,"enemies":"Hallownest:Warrior_and_Youth","floor":28.0,"turns":4.0},{"damage":6.0,"enemies":"Hallownest:eliteWatcherKnight","floor":29.0,"turns":10.0},{"damage":0.0,"enemies":"Hallownest:Master_and_Novice","floor":31.0,"turns":5.0},{"damage":22.0,"enemies":"Hallownest:BossSoulMaster","floor":33.0,"turns":11.0},{"damage":15.0,"enemies":"Hallownest:2_Littles","floor":35.0,"turns":6.0},{"damage":15.0,"enemies":"Hallownest:3_Siblings","floor":37.0,"turns":5.0},{"damage":39,"enemies":"Hallownest:monsterPrimalAspid","floor":38,"turns":6},{"damage":15,"enemies":"Hallownest:2_Wandering_and_1_Horned","floor":39,"turns":9},{"damage":8,"enemies":"Hallownest:eliteCollector","floor":40,"turns":9},{"damage":2,"enemies":"Hallownest:2_Great","floor":41,"turns":7},{"damage":3,"enemies":"Hallownest:StalkingDevout","floor":42,"turns":5},{"damage":138,"enemies":"Hallownest:2_Primals","floor":44,"turns":4}],"seed_played":"8828567793074862290","potions_obtained":[{"floor":1.0,"key":"AttackPotion"},{"floor":7.0,"key":"Dexterity Potion"},{"floor":10.0,"key":"CultistPotion"},{"floor":16.0,"key":"LiquidBronze"},{"floor":18.0,"key":"Weak Potion"},{"floor":24.0,"key":"SteroidPotion"},{"floor":28.0,"key":"CultistPotion"},{"floor":33.0,"key":"Weak Potion"},{"floor":37.0,"key":"Dexterity Potion"},{"floor":38,"key":"Weak Potion"},{"floor":40,"key":"Fruit Juice"},{"floor":41,"key":"Fire Potion"},{"floor":42,"key":"EntropicBrew"}],"is_trial":false,"path_per_floor":["M","?","?","M","M","R","E","R","T","E","?","?","R","M","R","B",null,"M","?","M","$","?","R","E","M","T","E","M","E","R","M","R","B",null,"M","?","M","M","M","E","M","E","T","?"],"character_chosen":"Youkari","items_purchased":["Omamori","Fantasy_PerpetualMotionMachine_purple","EighthInstrument_OneDividesIntoTwo_purple"],"campfire_rested":2,"item_purchase_floors":[21,21,21],"current_hp_per_floor":[70,70,70,70,70,70,50,50,50,42,42,42,42,43,43,45,63,58,58,60,60,60,60,36,19,19,12,11,22,44,58,78,76,81,84,84,84,80,77,77,92,92,92,0,0],"gold":614,"neow_bonus":"THREE_ENEMY_KILL","is_daily":false,"chose_seed":false,"campfire_upgraded":4,"win_rate":0.0,"timestamp":1610167061,"path_taken":["M","?","?","M","?","R","E","R","T","E","?","?","R","M","R","BOSS","M","?","M","$","?","R","E","M","T","E","?","E","R","M","R","BOSS","M","?","M","M","M","E","M","E","T","?"],"items_purchased_type":["Relic","Card","Card"],"build_version":"2020-12-22","purchased_purges":1,"victory":false,"max_hp_per_floor":[70,70,70,70,70,70,70,70,70,70,70,63,63,63,63,63,63,66,66,66,66,66,66,69,69,69,69,72,75,75,78,78,81,81,84,84,84,84,84,89,92,92,92,92,92],"relic_stats":{"Blood Vial":0,"Centennial Puzzle":[54],"Regal Pillow":0,"Shovel":0,"Happy Flower":[33],"counters":[24,160],"Pen Nib":[16],"Art of War":[18],"Black Star":2,"Kunai":[32],"Orichalcum":[96],"obtain_stats":[{"Regal Pillow":40,"NeowsBlessing":0,"Happy Flower":24,"Hallownest:SoulVesselRelic":36,"Pen Nib":27,"Hallownest:DreamNailRelic":3,"Omamori":21,"Boundary_crack":0,"Orichalcum":10,"White Beast Statue":29,"Blood Vial":42,"Centennial Puzzle":7,"CaptainsWheel":42,"Shovel":40,"Fusion Hammer":17,"Art of War":9,"Black Star":34,"Bag of Marbles":43,"Kunai":26,"Memoryfragments_purpleEX":0,"REME_ComplimentaryCards":0},{"Regal Pillow":21,"NeowsBlessing":0,"Happy Flower":10,"Hallownest:SoulVesselRelic":17,"Pen Nib":12,"Hallownest:DreamNailRelic":1,"Omamori":9,"Boundary_crack":0,"Orichalcum":5,"White Beast Statue":14,"Blood Vial":23,"Centennial Puzzle":4,"CaptainsWheel":23,"Shovel":21,"Fusion Hammer":7,"Art of War":4,"Black Star":16,"Bag of Marbles":23,"Kunai":11,"Memoryfragments_purpleEX":0,"REME_ComplimentaryCards":0},{"Regal Pillow":144,"NeowsBlessing":0,"Happy Flower":59,"Hallownest:SoulVesselRelic":115,"Pen Nib":79,"Hallownest:DreamNailRelic":1,"Omamori":43,"Boundary_crack":0,"Orichalcum":15,"White Beast Statue":93,"Blood Vial":156,"Centennial Puzzle":8,"CaptainsWheel":156,"Shovel":144,"Fusion Hammer":32,"Art of War":8,"Black Star":109,"Bag of Marbles":156,"Kunai":71,"Memoryfragments_purpleEX":0,"REME_ComplimentaryCards":0}]},"card_choices":[{"not_picked":["ExternalForce_HighSpeedFlying_purple","StateDuplicate_purple"],"picked":"Shallow_ocean_purpleEX","floor":1.0},{"not_picked":["MeetDecomposer_purple","SharpContractionReality_purple"],"picked":"ExistenceContinue_purple","floor":4.0},{"not_picked":["WatchEChange_purple","MeetDecomposer_purple"],"picked":"AdvanceAttack_purple","floor":5.0},{"not_picked":["SharpContractionReality_purple","StateErode_purple"],"picked":"Mirror_FormAndEmptin_purple","floor":7.0},{"not_picked":["Shallow_ocean_purpleEX","OmniscientAndOmnipotent_Monster_purple"],"picked":"Mirror_Drifter_purple","floor":10.0},{"not_picked":["Mirror_FormAndEmptin_purple","SharpContractionReality_purple"],"picked":"Mirror_FourBoundary_purple","floor":14.0},{"not_picked":["Know_ledgeAbilityRealm_purple","Price_of_realm_purpleEX"],"picked":"GluttonyofRealm_purpleEX","floor":16.0},{"not_picked":["Mirror_WaveAndshot_purple","Realm_recovery_purpleEX"],"picked":"Erosivefilter_purple","floor":18.0},{"not_picked":["StateDuplicate_purple","Boundary_of_Extermination_purpleEX","Mirror_FormAndEmptin_purple"],"picked":"SKIP","floor":20.0},{"not_picked":["Realm_recovery_purpleEX","Photoelasticity_Doppler_Effect_purple+1","Worldmountain_purple+1"],"picked":"SKIP","floor":24.0},{"not_picked":["Realm_recovery_purpleEX","Photoelasticity_Doppler_Effect_purple+1","Worldmountain_purple+1"],"picked":"SKIP","floor":24.0},{"not_picked":["StateDuplicate_purple","DimensionStaggered_purple"],"picked":"OmniscientAndOmnipotent_Monster_purple","floor":25.0},{"not_picked":["WasteWire_Metro_purple","RuleDissolution_purple+1"],"picked":"MeetDecomposer_purple+1","floor":27.0},{"not_picked":["Mirror_WaveAndshot_purple","WeekHit_purple","Photoelasticity_Doppler_Effect_purple"],"picked":"SKIP","floor":28.0},{"not_picked":["SharpContractionReality_purple","Fantasy_PerpetualMotionMachine_purple+1"],"picked":"DarkRealmRedLine_purple+1","floor":29.0},{"not_picked":["DimensionStaggered_purple","OmniscientAndOmnipotent_Monster_purple+1"],"picked":"RuleDissolution_purple+1","floor":31.0},{"not_picked":["Price_of_realm_purpleEX","Boundary_LifeAndDeath_purple"],"picked":"LoveAcrossDimensions_purple","floor":33.0},{"not_picked":["Umbrella_purple+1","MeetDecomposer_purple+1","Fantasy_PerpetualMotionMachine_purple"],"picked":"SKIP","floor":35.0},{"not_picked":["Boundary_DreamRealityDamnation_purple","Photoelasticity_Doppler_Effect_purple+1","Line_surface_state_purple+1"],"picked":"SKIP","floor":37.0},{"not_picked":["AdvanceAttack_purple+1","MeetDecomposer_purple+1","SfantasyHide_purple+1"],"picked":"SKIP","floor":38},{"not_picked":["WatchEChange_purple","SfantasyHide_purple+1","ExistenceContinue_purple"],"picked":"SKIP","floor":39},{"not_picked":["SharpContractionReality_purple+1","OmniscientAndOmnipotent_Monster_purple+1","Bait_HighSpeedFlying_purple"],"picked":"SKIP","floor":40},{"not_picked":["Mirror_Drifter_purple","Bait_HighSpeedFlying_purple"],"picked":"RuleDissolution_purple+1","floor":41},{"not_picked":["Mirror_Drifter_purple","Boundary_DynamicStaticEquilibrium_purple+1"],"picked":"RuleDissolution_purple","floor":42}],"player_experience":33207,"relics_obtained":[{"floor":7.0,"key":"Centennial Puzzle"},{"floor":9.0,"key":"Art of War"},{"floor":10.0,"key":"Orichalcum"},{"floor":24.0,"key":"Happy Flower"},{"floor":26.0,"key":"Kunai"},{"floor":27.0,"key":"Pen Nib"},{"floor":29.0,"key":"White Beast Statue"},{"floor":40,"key":"Shovel"},{"floor":40,"key":"Regal Pillow"},{"floor":42,"key":"Blood Vial"},{"floor":42,"key":"CaptainsWheel"},{"floor":43,"key":"Bag of Marbles"}],"event_choices":[],"is_beta":false,"boss_relics":[{"not_picked":["Sozu","Snecko Eye"],"picked":"Fusion Hammer"},{"not_picked":["Coffee Dripper","Pandora\u0027s Box"],"picked":"Black Star"}],"items_purged_floors":[21],"is_endless":false,"potions_floor_spawned":[1,7,10,16,18,24,28,31,33,35,37,38,39,40,41,42],"killed_by":"Hallownest:2_Primals","ascension_level":4}}