{"host":"07e1k1rk6c4zn0bu","time":1610223718,"event":{"mods":["BaseMod","Minty Spire (QoL Compilation)"],"gold_per_floor":[110,125,40,56,67,67,78,78,102,116,116,116,129,140,140,245,245,263,277,277,277,15,15,15],"floor_reached":23,"playtime":1292,"items_purged":[],"score":185,"play_id":"9dec11d6-70d1-44dd-b75b-5b382ddc9f0f","local_time":"20210109152158","is_ascension_mode":false,"campfire_choices":[{"data":"Eviscerate","floor":6,"key":"SMITH"},{"floor":12,"key":"REST"},{"data":"Caltrops","floor":15,"key":"SMITH"}],"circlet_count":0,"master_deck":["Strike_G","Strike_G","Strike_G","Strike_G","Strike_G","Defend_G","Defend_G","Defend_G","Defend_G","Defend_G","Survivor","Neutralize","Eviscerate+1","Underhanded Strike","Sucker Punch","Caltrops+1","Dagger Throw","Deadly Poison","Acrobatics","Blade Dance","Predator","Flying Knee","Doppelganger","Slice+1","Deadly Poison","Tools of the Trade","Pain","Backstab","Noxious Fumes","Crippling Poison","Jack Of All Trades"],"relics":["Ring of the Snake","Ancient Tea Set","HoveringKite","WarpedTongs"],"acts_visited":["Exordium","TheCity"],"potions_floor_usage":[19,23,23],"damage_taken":[{"damage":0.0,"enemies":"Cultist","floor":1.0,"turns":4.0},{"damage":0.0,"enemies":"Jaw Worm","floor":2.0,"turns":3.0},{"damage":8.0,"enemies":"2 Louse","floor":4.0,"turns":2.0},{"damage":7,"enemies":"Looter","floor":5,"turns":3},{"damage":24,"enemies":"Exordium Thugs","floor":7,"turns":5},{"damage":16,"enemies":"Blue Slaver","floor":10,"turns":3},{"damage":13,"enemies":"Gremlin Gang","floor":13,"turns":3},{"damage":9,"enemies":"2 Fungi Beasts","floor":14,"turns":2},{"damage":43,"enemies":"Slime Boss","floor":16,"turns":10},{"damage":40,"enemies":"Shell Parasite","floor":18,"turns":6},{"damage":10,"enemies":"2 Thieves","floor":19,"turns":3},{"damage":32,"enemies":"Snecko","floor":23,"turns":3}],"seed_played":"2927723610866446003","potions_obtained":[{"floor":0.0,"key":"Fruit Juice"},{"floor":0.0,"key":"AttackPotion"},{"floor":0.0,"key":"Energy Potion"},{"floor":1.0,"key":"FearPotion"}],"is_trial":false,"path_per_floor":["M","M","$","M","M","R","M","?","T","M","?","R","M","M","R","B",null,"M","M","?","?","$","M"],"character_chosen":"THE_SILENT","items_purchased":["Sucker Punch","Caltrops","Backstab","Noxious Fumes","Crippling Poison","Jack Of All Trades"],"campfire_rested":1,"item_purchase_floors":[3,3,22,22,22,22],"current_hp_per_floor":[75,75,75,67,60,60,36,36,36,20,45,67,54,45,45,2,75,35,25,25,25,25,0,0],"gold":15,"neow_bonus":"THREE_SMALL_POTIONS","is_daily":false,"chose_seed":false,"campfire_upgraded":2,"win_rate":0.0,"timestamp":1610223718,"path_taken":["M","M","$","M","?","R","M","?","T","?","?","R","M","M","R","BOSS","M","M","?","?","$","M"],"items_purchased_type":["Card","Card","Card","Card","Card","Card"],"build_version":"2020-12-22","purchased_purges":0,"victory":false,"max_hp_per_floor":[75,75,75,75,75,75,75,75,75,75,75,75,75,75,75,75,75,75,75,75,75,75,75,75],"card_choices":[{"not_picked":["Dodge and Roll","Flying Knee"],"picked":"Eviscerate","floor":1.0},{"not_picked":["Acrobatics","Poisoned Stab"],"picked":"Underhanded Strike","floor":2.0},{"not_picked":["Night Terror","Eviscerate"],"picked":"Dagger Throw","floor":4.0},{"not_picked":["Leg Sweep","All Out Attack"],"picked":"Deadly Poison","floor":5},{"not_picked":["Dagger Spray","Underhanded Strike"],"picked":"Acrobatics","floor":7},{"not_picked":["Dodge and Roll","Night Terror"],"picked":"Blade Dance","floor":10},{"not_picked":["Outmaneuver","Underhanded Strike"],"picked":"Predator","floor":13},{"not_picked":["Sucker Punch","PiercingWail"],"picked":"Flying Knee","floor":14},{"not_picked":["Venomology","Malaise"],"picked":"Doppelganger","floor":16},{"not_picked":["Backflip","Dodge and Roll"],"picked":"Slice+1","floor":18},{"not_picked":["Acrobatics","Flying Knee"],"picked":"Deadly Poison","floor":19}],"player_experience":15798,"relics_obtained":[{"floor":9,"key":"Ancient Tea Set"}],"event_choices":[{"damage_healed":0,"gold_gain":0,"player_choice":"Bought 0 Potions","damage_taken":0,"max_hp_gain":0,"max_hp_loss":0,"event_name":"The Woman in Blue","floor":8,"gold_loss":0},{"damage_healed":25,"gold_gain":0,"player_choice":"Banana","damage_taken":0,"max_hp_gain":0,"max_hp_loss":0,"event_name":"Big Fish","floor":11,"gold_loss":0},{"damage_healed":0,"gold_gain":0,"player_choice":"Read","damage_taken":0,"max_hp_gain":0,"max_hp_loss":0,"event_name":"The Library","floor":20,"gold_loss":0,"cards_obtained":["Tools of the Trade"]},{"damage_healed":0,"gold_gain":0,"player_choice":"Rummage","damage_taken":0,"relics_obtained":["WarpedTongs"],"max_hp_gain":0,"max_hp_loss":0,"event_name":"Accursed Blacksmith","floor":21,"gold_loss":0,"cards_obtained":["Pain"]}],"is_beta":false,"boss_relics":[{"not_picked":["Velvet Choker","Busted Crown"],"picked":"HoveringKite"}],"items_purged_floors":[],"is_endless":false,"potions_floor_spawned":[1,5,13,16,18,19],"killed_by":"Snecko","ascension_level":0}}