{"host":"h23hlq20ir8sps7h","time":1610165504,"event":{"mods":["Act Like it!","Aspiration","BaseMod","BetterRewards","Colored Map","Conspire","Energized Spire","Friendly Minions","GifTheSpireLib","Halation","Hubris","Ironclad Rager","Minty Spire (QoL Compilation)","Permanent Neow","Prisma Mod","Quarter Circle Forward PUNCH!","Quick Restart","Railgun Mod","Remilia??????","Replay The Spire","SCP261 Mod","Shop Mod","Spikes Relics","StSLib","Stuff the Spire","The Animator","The Hierophant","The Problem Sleuth","The Runesmith","The Sage","Trackpad","Wandering Minibosses","vexMod"],"gold_per_floor":[115,129,144,144,162,193,193,209,232,232,245,257,284,14,14,118,118,130,130,130,149,168,168,292,292,292,292,310,434,87,98,98,199,199,210,4,4,4,33,33,149,149,149,165,165,165],"floor_reached":45,"playtime":3493,"items_purged":["PrismaMod:ChloeCommonAttack","PrismaMod:ChloeCommonDefend","PrismaMod:ChloeCommonAttack"],"score":596,"play_id":"03fd957c-3de6-4fa1-8266-b7ba0d3a03a1","local_time":"20210108201144","is_ascension_mode":true,"campfire_choices":[{"floor":7,"key":"RECALL"},{"data":"PrismaMod:ChloeAnyAttackTrace","floor":10,"key":"SMITH"},{"data":"PrismaMod:ChloeDevil","floor":15,"key":"SMITH"},{"data":"Feed","floor":23,"key":"SMITH"},{"data":"PrismaMod:ChloeGaeBolg","floor":25,"key":"SMITH"},{"data":"PrismaMod:ChloeGaeBolg","floor":27,"key":"SMITH"},{"data":"PrismaMod:ChloeUnlimitedBladeWorks","floor":32,"key":"SMITH"},{"data":"PrismaMod:ChloeCarnivalDefend","floor":40,"key":"SMITH"},{"data":"PrismaMod:ChloeDevil","floor":42,"key":"SMITH"}],"circlet_count":0,"master_deck":["PrismaMod:ChloeCommonAttack","PrismaMod:ChloeCommonAttack","PrismaMod:ChloeCommonAttack","PrismaMod:ChloeCommonDefend","PrismaMod:ChloeCommonDefend","PrismaMod:ChloeCommonDefend","PrismaMod:ChloeCommonDefend","PrismaMod:ChloeCheapAttack","PrismaMod:ChloeCheapDefend","Headbutt","PrismaMod:ChloeGaeBolg+1","PrismaMod:ChloeAnyAttackTrace+1","FollowUp","Uppercut","Headbutt","Carnage","PrismaMod:ChloeDevil+","PrismaMod:ChloeGaeBolg+1","Feed+1","PrismaMod:ChloeMordred+1","PrismaMod:ChloeCheapAttack","PrismaMod:ChloeEyeOfTheEuryale","PrismaMod:ChloeExhaustOne+1","PrismaMod:ChloeCaladbolg","PrismaMod:ChloeUnlimitedBladeWorks+1","PrismaMod:ChloeDevil+","PrismaMod:ChloeCarnivalDefend+1","PrismaMod:ChloeRhongomyniad","PrismaMod:ChloeDiscardRecovery+1","PrismaMod:ChloeExhaustTwo+1","PrismaMod:ChloeMordred+1"],"relics":["PrismaMod:PrismaTraceOn","aspiration:Nostalgia","Replay:M_SmolderingBlood","StuffTheSpire:GrapeVine","SnailShell","Smiling Mask","StuffTheSpire:TintedRock","MutagenicStrength","halation:WeightlessCrab","qcfpunch:Black_Training_Shirt","MealTicket","energizedSpire:MagnifyingGlass","Runesmith:AutoHammer","Replay:Baseball","qcfpunch:Army_Boots","Ancient Tea Set"],"acts_visited":["Exordium","TheCity","TheBeyond"],"potions_floor_usage":[],"damage_taken":[{"damage":0,"enemies":"Small Slimes","floor":1,"turns":3},{"damage":0,"enemies":"2 Louse","floor":2,"turns":3},{"damage":0,"enemies":"Jaw Worm","floor":3,"turns":4},{"damage":2,"enemies":"Looter","floor":5,"turns":4},{"damage":7,"enemies":"3 Sentries","floor":6,"turns":8},{"damage":0,"enemies":"3 Louse","floor":8,"turns":3},{"damage":3,"enemies":"Exordium Wildlife","floor":11,"turns":2},{"damage":0,"enemies":"Red Slaver","floor":12,"turns":3},{"damage":0,"enemies":"Lagavulin","floor":13,"turns":5},{"damage":0,"enemies":"Slime Boss","floor":16,"turns":7},{"damage":7,"enemies":"2 Thieves","floor":18,"turns":3},{"damage":1,"enemies":"conspire:FuzzyDice","floor":21,"turns":7},{"damage":14,"enemies":"Snake Plant","floor":22,"turns":5},{"damage":21,"enemies":"Gremlin Leader","floor":24,"turns":8},{"damage":0,"enemies":"Snecko","floor":28,"turns":5},{"damage":35,"enemies":"Book of Stabbing","floor":29,"turns":5},{"damage":0,"enemies":"3 Cultists","floor":31,"turns":4},{"damage":37,"enemies":"Automaton","floor":33,"turns":8},{"damage":8,"enemies":"3 Darklings","floor":35,"turns":7},{"damage":24,"enemies":"conspire:MimicChest","floor":39,"turns":6},{"damage":16,"enemies":"R_Hoarder","floor":41,"turns":7},{"damage":48,"enemies":"3 Shapes","floor":44,"turns":7},{"damage":15,"enemies":"3 Darklings","floor":45,"turns":1}],"seed_played":"7245730561912792444","potions_obtained":[{"floor":2,"key":"Strength Potion"},{"floor":3,"key":"Milkshake"},{"floor":5,"key":"ColorlessPotion"},{"floor":35,"key":"SpeedPotion"}],"is_trial":false,"path_per_floor":["M","M","M","?","M","E","R","M","T","R","M","M","E","$","R","B",null,"M","?","?","M","M","R","E","R","T","R","M","E","$","M","R","B",null,"M","$","?","?","?","R","E","R","T","M","M"],"character_chosen":"CHLOE","items_purchased":["PrismaMod:ChloeGaeBolg","StuffTheSpire:TintedRock","PrismaMod:ChloeUnlimitedBladeWorks","PrismaMod:ChloeDevil","Runesmith:AutoHammer"],"campfire_rested":0,"item_purchase_floors":[14,14,30,30,36],"current_hp_per_floor":[75,75,75,57,55,51,51,51,51,51,48,50,52,52,52,56,78,78,78,78,81,67,67,50,50,50,50,50,19,34,36,36,16,81,75,81,81,61,43,43,35,35,35,11,0,0],"gold":165,"neow_bonus":"NOSTALGIA","is_daily":false,"chose_seed":false,"campfire_upgraded":8,"win_rate":0.0,"timestamp":1610165504,"path_taken":["M","M","M","?","M","E","R","M","T","R","M","M","E","$","R","BOSS","M","?","?","M","M","R","E","R","T","R","M","E","$","M","R","BOSS","M","$","?","?","?","R","E","R","T","M","M"],"items_purchased_type":["Card","Relic","Card","Card","Relic"],"build_version":"2020-12-22","purchased_purges":3,"victory":false,"max_hp_per_floor":[75,75,75,75,75,78,78,78,78,78,78,78,78,78,78,78,78,81,81,81,81,81,81,81,81,81,81,81,81,81,81,81,81,81,81,81,81,81,81,81,81,81,81,81,81,81],"card_choices":[{"not_picked":["EmptyFist","PrismaMod:ChloeCheapAttack"],"picked":"Headbutt","floor":1},{"not_picked":["Whirlwind","PrismaMod:ChloeCheapAttackTwo"],"picked":"PrismaMod:ChloeGaeBolg","floor":2},{"not_picked":["CrushJoints","PrismaMod:ChloeRuleBreaker"],"picked":"PrismaMod:ChloeAnyAttackTrace","floor":3},{"not_picked":["PrismaMod:ChloeCheapDefend","PrismaMod:ChloeBetterTracePools"],"picked":"FollowUp","floor":5},{"not_picked":["PrismaMod:ChloeExhaustOne","PrismaMod:ChloeCheapAttackTwo"],"picked":"Uppercut","floor":6},{"not_picked":["PrismaMod:ChloeBetterTracePools","PrismaMod:ChloeExhaustOne"],"picked":"Headbutt","floor":8},{"not_picked":["PrismaMod:ChloeExhaustTwo","PrismaMod:ChloeCheapDefend"],"picked":"Carnage","floor":11},{"not_picked":["Carnage","Clash"],"picked":"PrismaMod:ChloeDevil","floor":12},{"not_picked":["Halt","PrismaMod:ChloeDoubleRelicSpeed","PrismaMod:ChloeCommonAOEAttack"],"picked":"SKIP","floor":13},{"not_picked":["PrismaMod:ChloeExhaustThree","PrismaMod:ChloeCarnivalDefend"],"picked":"Feed","floor":16},{"not_picked":["PrismaMod:ChloeExhaustOne","PrismaMod:ChloeCheapAttack","PrismaMod:ChloeCheapDefendTwo"],"picked":"SKIP","floor":18},{"not_picked":["PrismaMod:ChloeExhaustTwo+1","PrismaMod:ChloeExhaustOne"],"picked":"PrismaMod:ChloeMordred+1","floor":21},{"not_picked":["PrismaMod:ChloeCheapDefendTwo","PrismaMod:ChloeExhaustOne"],"picked":"PrismaMod:ChloeCheapAttack","floor":22},{"not_picked":["PrismaMod:ChloeRitsuka","PrismaMod:ChloeCommonAOEAttack+1"],"picked":"PrismaMod:ChloeEyeOfTheEuryale","floor":24},{"not_picked":["PrismaMod:ChloeDiscardRecovery","PrismaMod:ChloeCheapDefend"],"picked":"PrismaMod:ChloeExhaustOne+1","floor":28},{"not_picked":["PrismaMod:ChloeExhaustOne","PrismaMod:ChloeCheapAttackTwo"],"picked":"PrismaMod:ChloeCaladbolg","floor":29},{"not_picked":["PrismaMod:ChloeMaid","PrismaMod:ChloeCheapAttackTwo","PrismaMod:ChloeUncommonDefend"],"picked":"SKIP","floor":31},{"not_picked":["PrismaMod:ChloeCarnivalAttack","PrismaMod:ChloeHalloween"],"picked":"PrismaMod:ChloeCarnivalDefend","floor":33},{"not_picked":["PrismaMod:ChloeCheapAttackTwo","PrismaMod:ChloeCommonAOEAttack+1"],"picked":"PrismaMod:ChloeRhongomyniad","floor":35},{"not_picked":["PrismaMod:ChloeChristmas","PrismaMod:ChloeCheapAttackTwo+1"],"picked":"PrismaMod:ChloeDiscardRecovery+1","floor":39},{"not_picked":["PrismaMod:ChloeReshuffleDiscard","PrismaMod:ChloeBetterTracePools+1"],"picked":"PrismaMod:ChloeExhaustTwo+1","floor":41},{"not_picked":["PrismaMod:ChloeCheapDefend+1","PrismaMod:ChloeCheapAttackTwo+1"],"picked":"PrismaMod:ChloeMordred+1","floor":44}],"player_experience":260766,"relics_obtained":[{"floor":6,"key":"SnailShell"},{"floor":13,"key":"Smiling Mask"},{"floor":24,"key":"halation:WeightlessCrab"},{"floor":26,"key":"qcfpunch:Black_Training_Shirt"},{"floor":29,"key":"MealTicket"},{"floor":39,"key":"Replay:Baseball"},{"floor":41,"key":"qcfpunch:Army_Boots"},{"floor":43,"key":"Ancient Tea Set"}],"event_choices":[{"damage_healed":0,"gold_gain":0,"player_choice":"Success","damage_taken":18,"relics_obtained":["StuffTheSpire:GrapeVine"],"max_hp_gain":0,"max_hp_loss":0,"event_name":"Scrap Ooze","floor":4,"gold_loss":0},{"damage_healed":0,"gold_gain":0,"player_choice":"Inject Mutagens","damage_taken":0,"relics_obtained":["MutagenicStrength"],"max_hp_gain":0,"max_hp_loss":0,"event_name":"Drug Dealer","floor":20,"gold_loss":0}],"is_beta":false,"boss_relics":[{"not_picked":["hubris:GrandSneckoEye","vexMod:FluxCapacitor","Kintsugi"]},{"not_picked":["hubris:ScarierMask","Replay:Ancient Bell"],"picked":"energizedSpire:MagnifyingGlass"}],"items_purged_floors":[14,30,36],"is_endless":false,"potions_floor_spawned":[2,3,5,12,18,24,28,29,33,35,41,44],"killed_by":"3 Darklings","ascension_level":1}}