{"host":"6ld56ls1xbe0aj21","time":1610164398,"event":{"mods":["AchievementEnabler","BaseMod","Colored Powertips","Minty Spire (QoL Compilation)","Quick Restart","Rare Cards Sparkle","StSLib","SuperFastMode","everything is the same but u backflip on backflip","slay the spire mod where everything is the same but ironclad has a cowboy hat"],"gold_per_floor":[110,130,4,16,16,16,49,66,93,93,119,132,207,220,220,292,292,303,303,326,336,356,356,356],"floor_reached":23,"playtime":655,"items_purged":["Defend_R"],"score":500,"play_id":"fef51e2e-4775-420c-a5e6-5baad2be9e63","local_time":"20210109145318","is_ascension_mode":true,"campfire_choices":[{"floor":6.0,"key":"REST"},{"floor":15.0,"key":"REST"}],"circlet_count":0,"master_deck":["AscendersBane","Strike_R","Strike_R","Defend_R+1","Defend_R","Defend_R","Bash+1","Clothesline","Cleave","Power Through","Carnage","Headbutt","Feed"],"relics":["Burning Blood","Red Skull","Akabeko","Nunchaku","Busted Crown","Potion Belt"],"acts_visited":["Exordium","TheCity"],"potions_floor_usage":[18,22],"damage_taken":[{"damage":4.0,"enemies":"2 Louse","floor":1.0,"turns":3.0},{"damage":11.0,"enemies":"Jaw Worm","floor":2.0,"turns":5.0},{"damage":4.0,"enemies":"Cultist","floor":4.0,"turns":3.0},{"damage":28.0,"enemies":"Gremlin Nob","floor":7.0,"turns":4.0},{"damage":6.0,"enemies":"Blue Slaver","floor":8.0,"turns":3.0},{"damage":15.0,"enemies":"Lagavulin","floor":11.0,"turns":4.0},{"damage":0.0,"enemies":"3 Louse","floor":12.0,"turns":1.0},{"damage":0.0,"enemies":"Large Slime","floor":14.0,"turns":4.0},{"damage":25.0,"enemies":"Slime Boss","floor":16.0,"turns":11.0},{"damage":4,"enemies":"2 Thieves","floor":18,"turns":3},{"damage":4,"enemies":"Chosen","floor":21,"turns":4},{"damage":40,"enemies":"Snecko","floor":22,"turns":8},{"damage":47,"enemies":"Gremlin Leader","floor":23,"turns":6}],"seed_played":"5241874596018776668","potions_obtained":[{"floor":7.0,"key":"AttackPotion"},{"floor":8.0,"key":"EssenceOfSteel"},{"floor":12.0,"key":"EntropicBrew"},{"floor":16.0,"key":"ColorlessPotion"}],"is_trial":false,"path_per_floor":["M","M","$","M","?","R","E","M","T","?","E","M","?","M","R","B",null,"M","?","T","M","M","E"],"character_chosen":"IRONCLAD","items_purchased":["Clothesline"],"campfire_rested":2,"item_purchase_floors":[3],"current_hp_per_floor":[53,48,48,50,34,58,36,36,36,36,27,33,22,28,52,33,68,73,73,73,78,47,0,0],"gold":356,"neow_bonus":"REMOVE_TWO","is_daily":false,"chose_seed":false,"campfire_upgraded":0,"win_rate":0.0,"timestamp":1610164398,"path_taken":["M","M","$","M","?","R","E","M","T","?","E","M","?","M","R","BOSS","M","?","?","M","M","E"],"items_purchased_type":["Card"],"build_version":"2020-12-22","purchased_purges":1,"victory":false,"max_hp_per_floor":[80,80,80,80,80,80,80,80,80,80,80,80,80,80,80,80,80,83,83,83,86,89,89,89],"card_choices":[{"not_picked":["Armaments","Heavy Blade","Burning Pact"],"picked":"SKIP","floor":1.0},{"not_picked":["Perfected Strike","Intimidate","Sever Soul"],"picked":"SKIP","floor":2.0},{"not_picked":["Burning Pact","Entrench"],"picked":"Cleave","floor":4.0},{"not_picked":["Anger","Cleave"],"picked":"Power Through","floor":7.0},{"not_picked":["Anger","Havoc","Thunderclap"],"picked":"SKIP","floor":8.0},{"not_picked":["Warcry","Entrench","Infernal Blade"],"picked":"SKIP","floor":11.0},{"not_picked":["Dual Wield","Feel No Pain"],"picked":"Headbutt","floor":12.0},{"not_picked":["Iron Wave","Sentinel","Rampage"],"picked":"SKIP","floor":14.0},{"not_picked":["Immolate","Bludgeon"],"picked":"Feed","floor":16.0},{"not_picked":["Thunderclap"],"picked":"SKIP","floor":18},{"not_picked":["Anger"],"picked":"SKIP","floor":21},{"not_picked":["Shrug It Off"],"picked":"SKIP","floor":22}],"player_experience":304690,"relics_obtained":[{"floor":7.0,"key":"Red Skull"},{"floor":9.0,"key":"Akabeko"},{"floor":11.0,"key":"Nunchaku"},{"floor":20,"key":"Potion Belt"}],"event_choices":[{"damage_healed":0.0,"max_hp_gain":0.0,"max_hp_loss":0.0,"gold_gain":0.0,"event_name":"Shining Light","player_choice":"Entered Light","floor":5.0,"gold_loss":0.0,"damage_taken":16.0,"cards_upgraded":["Defend_R","Bash"]},{"damage_healed":0.0,"max_hp_gain":0.0,"max_hp_loss":0.0,"gold_gain":0.0,"cards_transformed":["Strike_R"],"event_name":"Living Wall","player_choice":"Change","floor":10.0,"gold_loss":0.0,"damage_taken":0.0,"cards_obtained":["Carnage"]},{"damage_healed":0.0,"max_hp_gain":0.0,"max_hp_loss":0.0,"gold_gain":75.0,"event_name":"World of Goop","player_choice":"Gather Gold","floor":13.0,"gold_loss":0.0,"damage_taken":11.0},{"damage_healed":0,"gold_gain":0,"player_choice":"Ignored","damage_taken":0,"max_hp_gain":0,"max_hp_loss":0,"event_name":"Vampires","floor":19,"gold_loss":0}],"is_beta":false,"boss_relics":[{"not_picked":["SacredBark","SlaversCollar"],"picked":"Busted Crown"}],"items_purged_floors":[3],"is_endless":false,"potions_floor_spawned":[7,8,12,16],"killed_by":"Gremlin Leader","ascension_level":13}}