{"host":"q79spna8ofw6hj3r","time":1610219441,"event":{"mods":["Aspiration","BaseMod","Bestiary","Better Altar","Better Match","Better Note","Better Sensory Stone","Better Skull","Better Third Choice","Better Vampires","BetterRewards","Block Reminder","Card Filter","Challenge The Spire","Colored Map","Colored Powertips","Conspire","Custom Start","Energized Spire","Halation","Hubris","Infinite Spire","Jedi Mod","Mimic Mod","Minty Spire (QoL Compilation)","Permanent Neow","Quick Restart","Relic Filter","Relic Sorter","Replay The Spire","Shop Mod","StSLib","SuperFastMode","Synergy Search","The Runesmith","The Servant 0.9.4","vexMod"],"gold_per_floor":[118,68,88,14,14,14,45,45,45,56,56,75,88,107,107,205,205,222,222,242,242,242,242],"floor_reached":22,"playtime":998,"items_purged":["Runesmith:Strike_RS"],"score":186,"play_id":"516d4b3f-fcc4-4e38-b62c-d356eca5cd71","local_time":"20210109211041","is_ascension_mode":false,"campfire_choices":[{"data":"Runesmith:Fortify","floor":6,"key":"SMITH"},{"data":"Runesmith:HammerThrow","floor":8,"key":"SMITH"},{"data":"Runesmith:Firestorm","floor":15,"key":"SMITH"}],"circlet_count":0,"master_deck":["Runesmith:Strike_RS","Runesmith:Strike_RS","Runesmith:Defend_RS","Runesmith:Defend_RS","Runesmith:Defend_RS","Runesmith:CraftFirestone","Runesmith:Fortify+1","Runesmith:CraftMagma","Runesmith:Firestorm+1","Injury","Runesmith:HammerThrow+1","Runesmith:Supernova+1","Runesmith:Grindstone+1","Runesmith:ShiftingStrike","Runesmith:DuctTape+1"],"relics":["Runesmith:BrokenRuby","Toxic Egg 2","Blue Candle","Kunai","Vajra"],"acts_visited":["Exordium","TheCity"],"potions_floor_usage":[14],"damage_taken":[{"damage":0,"enemies":"2 Louse","floor":1,"turns":4},{"damage":2,"enemies":"Small Slimes","floor":3,"turns":4},{"damage":20,"enemies":"3 Sentries","floor":7,"turns":8},{"damage":1,"enemies":"Cultist","floor":10,"turns":4},{"damage":6,"enemies":"Looter","floor":12,"turns":4},{"damage":1,"enemies":"Blue Slaver","floor":13,"turns":5},{"damage":2,"enemies":"Exordium Thugs","floor":14,"turns":5},{"damage":15,"enemies":"Hexaghost","floor":16,"turns":10},{"damage":24,"enemies":"conspire:FuzzyDice","floor":18,"turns":10},{"damage":14,"enemies":"Chosen","floor":20,"turns":6},{"damage":35,"enemies":"Snake Plant","floor":22,"turns":4}],"seed_played":"-1487194020287476535","potions_obtained":[{"floor":1,"key":"DuplicationPotion"},{"floor":12,"key":"SmokeBomb"},{"floor":13,"key":"PowerPotion"}],"is_trial":false,"path_per_floor":["M","?","M","$","?","R","E","R","T","M","?","M","M","M","R","B",null,"M","?","M","AVR","M"],"character_chosen":"RUNESMITH_CLASS","items_purchased":["Runesmith:Firestorm"],"campfire_rested":0,"item_purchase_floors":[4],"current_hp_per_floor":[70,70,68,68,68,68,48,48,48,47,40,34,33,31,31,16,70,46,46,32,32,0,0],"gold":242,"neow_bonus":"REMOVE_CARD","is_daily":false,"chose_seed":false,"campfire_upgraded":3,"win_rate":0.0,"timestamp":1610219441,"path_taken":["M","?","M","$","?","R","E","R","T","M","?","?","M","M","R","BOSS","M","?","M","AVR","M"],"items_purchased_type":["Card"],"build_version":"2020-12-22","purchased_purges":1,"victory":false,"max_hp_per_floor":[70,70,70,70,70,70,70,70,70,70,70,70,70,70,70,70,70,70,70,70,70,70,70],"card_choices":[{"not_picked":["Runesmith:CraftObretio","Runesmith:Augment","Runesmith:RuneHurl"],"picked":"SKIP","floor":1},{"not_picked":["Runesmith:EarthShield","Runesmith:CraftProtectio"],"picked":"Runesmith:CraftMagma","floor":3},{"not_picked":["Runesmith:EarthShield+1","Runesmith:FieryHammer"],"picked":"Runesmith:HammerThrow","floor":7},{"not_picked":["Runesmith:MakeshiftArmor+1","Runesmith:CraftProtectio+1"],"picked":"Runesmith:Supernova+1","floor":10},{"not_picked":["Runesmith:UnstableHammer","Runesmith:Accelerate+1"],"picked":"Runesmith:Grindstone+1","floor":12},{"not_picked":["Runesmith:RuneHurl","Runesmith:HeatExchange","Runesmith:Reinforce+1"],"picked":"SKIP","floor":13},{"not_picked":["Runesmith:RuneHurl","Runesmith:HeatExchange","Runesmith:Reinforce+1"],"picked":"SKIP","floor":13},{"not_picked":["Runesmith:OneForEveryone","Runesmith:Electrocute"],"picked":"Runesmith:ShiftingStrike","floor":14},{"not_picked":["Runesmith:CraftPrismatica+1","Runesmith:UnlimitedPower"],"picked":"Runesmith:DuctTape","floor":16},{"not_picked":["Runesmith:Superposition","Runesmith:NanitesCloud+1","Runesmith:UnstableHammer+1"],"picked":"SKIP","floor":18},{"not_picked":["Runesmith:RuneHurl","Runesmith:NanitesCloud+1","Runesmith:ChiselStab"],"picked":"SKIP","floor":20}],"player_experience":229161,"relics_obtained":[{"floor":7,"key":"Blue Candle"},{"floor":9,"key":"Kunai"}],"event_choices":[{"cards_removed":["Runesmith:Defend_RS"],"damage_healed":0,"gold_gain":0,"player_choice":"Card Removal","damage_taken":0,"max_hp_gain":0,"max_hp_loss":0,"event_name":"The Cleric","floor":2,"gold_loss":50},{"damage_healed":0,"gold_gain":0,"player_choice":"Damaged","damage_taken":7,"max_hp_gain":0,"max_hp_loss":0,"event_name":"Wheel of Change","floor":11,"gold_loss":0},{"damage_healed":0,"gold_gain":0,"player_choice":"Upgraded","damage_taken":0,"max_hp_gain":0,"max_hp_loss":0,"event_name":"Upgrade Shrine","floor":19,"gold_loss":0,"cards_upgraded":["Runesmith:DuctTape"]}],"is_beta":false,"boss_relics":[{"not_picked":["aspiration:SilentSkillbook","vexMod:FluxCapacitor","hubris:RunicObelisk"]}],"items_purged_floors":[21],"is_endless":false,"potions_floor_spawned":[1,12,13],"killed_by":"Snake Plant","ascension_level":0}}