{"host":"5jyeqch4fosnsiz2","time":1610157515,"event":{"mods":["BaseMod","Bestiary","Colored Map","Colored Powertips","Filter the Spire","Minty Spire (QoL Compilation)","Relic Stats","StSLib","Waifu the Spire","ojb\u0027s Better Paths Mod","ojb\u0027s Info Mod"],"gold_per_floor":[119,136,148,148,161,189,206,206,206,206,206,70,70,82,82,187,187,204,215,215,215,71,100,118,128,128,154,253,269,269,269],"floor_reached":30,"playtime":1590,"items_purged":[],"score":272,"play_id":"0492a880-1e4a-4d57-81c2-98975cbcff00","local_time":"20210108205835","is_ascension_mode":false,"campfire_choices":[{"data":"Doom and Gloom","floor":8,"key":"SMITH"},{"data":"Turbo","floor":11,"key":"SMITH"},{"data":"Defragment","floor":13,"key":"SMITH"},{"floor":15,"key":"REST"}],"circlet_count":0,"master_deck":["Strike_B+1","Strike_B+1","Defend_B+1","Defend_B+1","Defend_B+1","Zap","Dualcast","Turbo+1","Glacier","Doom and Gloom+1","Rebound","Recycle","Defragment+1","Reinforced Body","Barrage","Meteor Strike","Hologram+1","Compile Driver","Evaluate","Wireheading","Entrench","Redo+1","SashWhip+1"],"relics":["Snecko Eye","NlothsMask","Toy Ornithopter","Empty Cage","PrismaticShard","Blood Vial","Kunai","Bottled Tornado"],"acts_visited":["Exordium","TheCity"],"potions_floor_usage":[16,16,23,25,27],"damage_taken":[{"damage":6,"enemies":"Cultist","floor":1,"turns":3},{"damage":0,"enemies":"2 Louse","floor":2,"turns":2},{"damage":3,"enemies":"Small Slimes","floor":3,"turns":3},{"damage":1,"enemies":"Exordium Wildlife","floor":5,"turns":6},{"damage":11,"enemies":"Gremlin Nob","floor":6,"turns":4},{"damage":4,"enemies":"3 Louse","floor":7,"turns":3},{"damage":0,"enemies":"2 Fungi Beasts","floor":14,"turns":2},{"damage":9,"enemies":"Hexaghost","floor":16,"turns":12},{"damage":17,"enemies":"3 Byrds","floor":18,"turns":4},{"damage":0,"enemies":"Spheric Guardian","floor":19,"turns":4},{"damage":12,"enemies":"Book of Stabbing","floor":23,"turns":5},{"damage":25,"enemies":"Centurion and Healer","floor":24,"turns":5},{"damage":11,"enemies":"3 Cultists","floor":25,"turns":6},{"damage":17,"enemies":"Slavers","floor":27,"turns":6},{"damage":18,"enemies":"Shelled Parasite and Fungi","floor":29,"turns":4},{"damage":6,"enemies":"Gremlin Leader","floor":30,"turns":4}],"seed_played":"8625565420885882314","potions_obtained":[{"floor":2,"key":"PotionOfCapacity"},{"floor":7,"key":"EssenceOfSteel"},{"floor":14,"key":"SpeedPotion"},{"floor":16,"key":"PotionOfCapacity"},{"floor":18,"key":"LiquidMemories"},{"floor":19,"key":"SteroidPotion"},{"floor":24,"key":"Regen Potion"},{"floor":25,"key":"LiquidMemories"},{"floor":29,"key":"SpeedPotion"}],"is_trial":false,"path_per_floor":["M","M","M","?","M","E","M","R","T","?","R","$","R","M","R","B",null,"M","M","?","?","$","E","M","M","T","E","?","M","E"],"character_chosen":"DEFECT","items_purchased":["Defragment","Reinforced Body","PrismaticShard"],"campfire_rested":1,"item_purchase_floors":[12,12,22],"current_hp_per_floor":[69,69,66,66,65,54,50,50,50,50,50,50,50,50,72,66,75,58,58,58,49,49,42,19,30,30,20,20,4,0,0],"gold":269,"neow_bonus":"BOSS_RELIC","is_daily":false,"chose_seed":false,"campfire_upgraded":3,"win_rate":0.0,"timestamp":1610157515,"path_taken":["M","M","?","?","M","E","?","R","T","?","R","$","R","M","R","BOSS","M","?","?","?","$","E","M","M","T","E","?","M","E"],"items_purchased_type":["Card","Card","Relic"],"build_version":"2020-12-22","purchased_purges":0,"victory":false,"max_hp_per_floor":[75,75,75,75,75,75,75,75,75,75,75,75,75,75,75,75,75,75,75,75,75,75,75,75,75,75,75,75,75,75,75],"relic_stats":{"Blood Vial":10,"counters":[16,73],"Snecko Eye":[123,125,119,119],"Kunai":[5],"obtain_stats":[{"Blood Vial":23,"Snecko Eye":0,"Kunai":26,"Bottled Tornado":27,"Cracked Core":0,"Empty Cage":17,"PrismaticShard":22,"Toy Ornithopter":6,"NlothsMask":4},{"Blood Vial":11,"Snecko Eye":0,"Kunai":13,"Bottled Tornado":14,"Cracked Core":0,"Empty Cage":8,"PrismaticShard":10,"Toy Ornithopter":5,"NlothsMask":3},{"Blood Vial":48,"Snecko Eye":0,"Kunai":59,"Bottled Tornado":65,"Cracked Core":0,"Empty Cage":35,"PrismaticShard":43,"Toy Ornithopter":18,"NlothsMask":8}],"Toy Ornithopter":18},"card_choices":[{"not_picked":["Stack","Leap","Coolheaded"],"picked":"SKIP","floor":1},{"not_picked":["Chaos","Compile Driver"],"picked":"Turbo","floor":2},{"not_picked":["Beam Cell","Fusion"],"picked":"Glacier","floor":3},{"not_picked":["Turbo","Cold Snap"],"picked":"Doom and Gloom","floor":5},{"not_picked":["BootSequence","Auto Shields"],"picked":"Rebound","floor":6},{"not_picked":["Rip and Tear","Sweeping Beam"],"picked":"Recycle","floor":7},{"not_picked":["Rip and Tear","Beam Cell"],"picked":"Barrage","floor":14},{"not_picked":["Hyperbeam","Echo Form"],"picked":"Meteor Strike","floor":16},{"not_picked":["Tempest","Steam"],"picked":"Hologram+1","floor":18},{"not_picked":["Scrape","Go for the Eyes"],"picked":"Compile Driver","floor":19},{"not_picked":["Compile Driver","Impervious"],"picked":"Evaluate","floor":23},{"not_picked":["Chill+1","Beam Cell+1"],"picked":"Wireheading","floor":24},{"not_picked":["Iron Wave+1","Poisoned Stab"],"picked":"Entrench","floor":25},{"not_picked":["Streamline","Prostrate"],"picked":"Redo+1","floor":27},{"not_picked":["Good Instincts","Searing Blow"],"picked":"SashWhip+1","floor":29}],"player_experience":292179,"relics_obtained":[{"floor":6,"key":"Toy Ornithopter"},{"floor":23,"key":"Blood Vial"},{"floor":26,"key":"Kunai"},{"floor":27,"key":"Bottled Tornado"}],"event_choices":[{"damage_healed":0,"gold_gain":0,"player_choice":"Trade","damage_taken":0,"relics_obtained":["NlothsMask"],"max_hp_gain":0,"max_hp_loss":0,"event_name":"FaceTrader","floor":4,"gold_loss":0},{"cards_removed":["Defend_B"],"damage_healed":0,"gold_gain":0,"player_choice":"Purged","damage_taken":0,"max_hp_gain":0,"max_hp_loss":0,"event_name":"Purifier","floor":10,"gold_loss":0},{"damage_healed":0,"gold_gain":0,"player_choice":"Simplicity","damage_taken":0,"max_hp_gain":0,"max_hp_loss":0,"event_name":"Back to Basics","floor":20,"gold_loss":0,"cards_upgraded":["Strike_B","Strike_B","Defend_B","Defend_B","Defend_B"]},{"damage_healed":0,"gold_gain":0,"player_choice":"Stopped","damage_taken":9,"max_hp_gain":0,"max_hp_loss":0,"event_name":"Cursed Tome","floor":21,"gold_loss":0},{"damage_healed":0,"gold_gain":99,"player_choice":"Stole From Cult","damage_taken":0,"max_hp_gain":0,"max_hp_loss":0,"event_name":"Nest","floor":28,"gold_loss":0}],"is_beta":false,"boss_relics":[{"not_picked":["SacredBark","Inserter"],"picked":"Empty Cage"}],"items_purged_floors":[],"is_endless":false,"potions_floor_spawned":[2,7,14,16,18,19,24,25,29],"killed_by":"Gremlin Leader","ascension_level":0}}