{"host":"1c17lcvl7acx821p","time":1610225240,"event":{"mods":["AchievementEnabler","BaseMod","Colored Map","Minty Spire (QoL Compilation)","StSLib"],"gold_per_floor":[117,130,140,140,140,169,186,186,186,211,211,231,0,13,13,113,113,129,147,72,90,90,118,132,132,157,186,285,299,319,354,354,454,454,468,468,481,497,509,536,571,109,109,135,135,169,169,186,186,186],"floor_reached":51,"playtime":3418,"items_purged":["Strike_R","Defend_R"],"score":939,"play_id":"3601b08a-fadb-42ec-b885-d24cde318c04","local_time":"20210109224720","is_ascension_mode":false,"campfire_choices":[{"data":"Feed","floor":8,"key":"SMITH"},{"floor":11,"key":"REST"},{"data":"Uppercut","floor":15,"key":"SMITH"},{"data":"Corruption","floor":25,"key":"SMITH"},{"data":"Shockwave","floor":32,"key":"SMITH"},{"data":"Brutality","floor":45,"key":"SMITH"},{"data":"Inflame","floor":47,"key":"SMITH"},{"data":"Offering","floor":49,"key":"SMITH"}],"circlet_count":0,"master_deck":["Strike_R+1","Strike_R+1","Defend_R","Defend_R","Defend_R","Clothesline+1","Cleave+1","Iron Wave","Feed+1","Uppercut+1","Power Through","Disarm","Corruption+1","Inflame+1","Shockwave+1","True Grit","Feel No Pain+1","Sword Boomerang+1","Clash","Reaper","Headbutt+1","Offering+1","Flex+1","Brutality+1","Battle Trance+1","Pummel+1","Offering","Pommel Strike","Power Through","Dark Embrace+1"],"relics":["Burning Blood","NeowsBlessing","Ginger","Gambling Chip","Bird Faced Urn","Philosopher\u0027s Stone","Shuriken","Whetstone","Toy Ornithopter","Bottled Lightning","Black Star","Meat on the Bone","WingedGreaves","Anchor","Unceasing Top","Bag of Preparation","Ice Cream","Pocketwatch","Juzu Bracelet","MealTicket","Question Card"],"acts_visited":["Exordium","TheCity","TheBeyond"],"potions_floor_usage":[16,19,24,33,40,50,50,50],"damage_taken":[{"damage":0,"enemies":"2 Louse","floor":1,"turns":1},{"damage":0,"enemies":"Small Slimes","floor":2,"turns":1},{"damage":0,"enemies":"Cultist","floor":3,"turns":1},{"damage":29,"enemies":"Lagavulin","floor":6,"turns":9},{"damage":0,"enemies":"Blue Slaver","floor":7,"turns":4},{"damage":27,"enemies":"3 Sentries","floor":10,"turns":6},{"damage":0,"enemies":"Large Slime","floor":12,"turns":5},{"damage":1,"enemies":"Red Slaver","floor":14,"turns":3},{"damage":21,"enemies":"The Guardian","floor":16,"turns":13},{"damage":22,"enemies":"Shell Parasite","floor":18,"turns":5},{"damage":7,"enemies":"Chosen","floor":19,"turns":5},{"damage":25,"enemies":"3 Cultists","floor":21,"turns":6},{"damage":24,"enemies":"Book of Stabbing","floor":23,"turns":7},{"damage":1,"enemies":"Cultist and Chosen","floor":24,"turns":4},{"damage":31,"enemies":"Gremlin Leader","floor":27,"turns":7},{"damage":0,"enemies":"Centurion and Healer","floor":29,"turns":5},{"damage":0,"enemies":"Snecko","floor":30,"turns":4},{"damage":24,"enemies":"Book of Stabbing","floor":31,"turns":7},{"damage":57,"enemies":"Champ","floor":33,"turns":11},{"damage":8,"enemies":"Orb Walker","floor":35,"turns":5},{"damage":36,"enemies":"3 Shapes","floor":37,"turns":3},{"damage":46,"enemies":"Jaw Worm Horde","floor":38,"turns":3},{"damage":11,"enemies":"3 Darklings","floor":39,"turns":4},{"damage":64,"enemies":"Giant Head","floor":40,"turns":9},{"damage":9,"enemies":"Reptomancer","floor":41,"turns":4},{"damage":14,"enemies":"Giant Head","floor":44,"turns":4},{"damage":15,"enemies":"Reptomancer","floor":46,"turns":4},{"damage":32,"enemies":"Sphere and 2 Shapes","floor":48,"turns":4},{"damage":76,"enemies":"Awakened One","floor":50,"turns":12}],"seed_played":"2019549865602051724","potions_obtained":[{"floor":3,"key":"SteroidPotion"},{"floor":7,"key":"PowerPotion"},{"floor":12,"key":"Block Potion"},{"floor":16,"key":"FairyPotion"},{"floor":23,"key":"BlessingOfTheForge"},{"floor":27,"key":"Energy Potion"},{"floor":35,"key":"Dexterity Potion"},{"floor":39,"key":"ColorlessPotion"},{"floor":40,"key":"Ancient Potion"},{"floor":46,"key":"EntropicBrew"}],"is_trial":false,"path_per_floor":["M","M","M","?","?","E","M","R","T","E","R","M","$","M","R","B",null,"M","M","?","M","?","E","M","R","T","E","?","M","M","E","R","B",null,"M","?","M","M","M","E","E","$","T","E","R","E","R","M","R","B",null],"character_chosen":"IRONCLAD","items_purchased":["Power Through","Disarm","Offering","Bag of Preparation","Pommel Strike","Power Through"],"campfire_rested":1,"item_purchase_floors":[13,13,42,42,42,42],"current_hp_per_floor":[80,80,80,64,57,34,40,40,40,23,48,58,58,67,67,58,96,84,87,87,76,76,62,73,73,73,54,54,70,86,74,74,47,116,120,114,90,56,68,27,66,66,66,78,78,100,100,86,86,75],"gold":186,"neow_bonus":"THREE_ENEMY_KILL","is_daily":false,"chose_seed":false,"campfire_upgraded":7,"win_rate":0.0,"timestamp":1610225240,"path_taken":["M","M","M","?","?","E","M","R","T","E","R","M","$","M","R","BOSS","M","M","?","M","?","E","?","R","T","E","?","M","M","E","R","BOSS","M","?","M","M","M","E","E","$","T","E","R","E","R","M","R","BOSS"],"items_purchased_type":["Card","Card","Card","Relic","Card","Card"],"build_version":"2020-12-22","purchased_purges":2,"victory":true,"max_hp_per_floor":[80,80,80,80,80,80,80,80,80,84,84,88,88,92,92,96,96,100,100,100,104,104,104,108,108,108,108,108,112,116,116,116,116,116,120,114,118,122,122,126,130,130,130,130,130,130,130,134,134,138],"card_choices":[{"not_picked":["Thunderclap","Reckless Charge"],"picked":"Clothesline","floor":1},{"not_picked":["True Grit","Warcry"],"picked":"Cleave","floor":2},{"not_picked":["Cleave","Armaments"],"picked":"Iron Wave","floor":3},{"not_picked":["Cleave","Clothesline","Dropkick"],"picked":"SKIP","floor":6},{"not_picked":["Body Slam","Battle Trance"],"picked":"Feed","floor":7},{"not_picked":["Rampage","Clothesline"],"picked":"Uppercut","floor":10},{"not_picked":["Twin Strike","Sword Boomerang","Feel No Pain"],"picked":"SKIP","floor":12},{"not_picked":["Sword Boomerang","Anger","Clash"],"picked":"SKIP","floor":14},{"not_picked":["Bludgeon","Barricade"],"picked":"Corruption","floor":16},{"not_picked":["Blood for Blood+1","Clash"],"picked":"Inflame","floor":18},{"not_picked":["Iron Wave","Twin Strike+1"],"picked":"Shockwave","floor":19},{"not_picked":["Flex","Cleave+1"],"picked":"True Grit","floor":21},{"not_picked":["Power Through","Body Slam"],"picked":"Feel No Pain+1","floor":23},{"not_picked":["Flame Barrier","Twin Strike"],"picked":"Sword Boomerang+1","floor":24},{"not_picked":["Blood for Blood","Iron Wave","Uppercut"],"picked":"SKIP","floor":27},{"not_picked":["Perfected Strike","Rupture"],"picked":"Clash","floor":29},{"not_picked":["Thunderclap","Fire Breathing"],"picked":"Reaper","floor":30},{"not_picked":["Combust+1","Pommel Strike"],"picked":"Headbutt+1","floor":31},{"not_picked":["Reaper","Bludgeon"],"picked":"Offering","floor":33},{"not_picked":["Intimidate+1","Thunderclap"],"picked":"Flex+1","floor":35},{"not_picked":["Rupture+1","Body Slam","Headbutt+1"],"picked":"SKIP","floor":37},{"not_picked":["Body Slam","Second Wind","Uppercut"],"picked":"SKIP","floor":38},{"not_picked":["Power Through","Pummel+1"],"picked":"Brutality","floor":39},{"not_picked":["Shrug It Off","Clothesline+1"],"picked":"Battle Trance+1","floor":40},{"not_picked":["Blood for Blood+1","Armaments+1"],"picked":"Pummel+1","floor":41},{"not_picked":["Twin Strike+1","Clothesline","Second Wind"],"picked":"SKIP","floor":44},{"not_picked":["Armaments","Clothesline+1","Dual Wield+1"],"picked":"SKIP","floor":46},{"not_picked":["Iron Wave","Clothesline","Seeing Red+1"],"picked":"Dark Embrace+1","floor":48}],"player_experience":0,"relics_obtained":[{"floor":6,"key":"Ginger"},{"floor":9,"key":"Gambling Chip"},{"floor":10,"key":"Bird Faced Urn"},{"floor":23,"key":"Shuriken"},{"floor":26,"key":"Whetstone"},{"floor":27,"key":"Toy Ornithopter"},{"floor":31,"key":"Bottled Lightning"},{"floor":40,"key":"Meat on the Bone"},{"floor":40,"key":"WingedGreaves"},{"floor":41,"key":"Anchor"},{"floor":41,"key":"Unceasing Top"},{"floor":43,"key":"Ice Cream"},{"floor":44,"key":"Pocketwatch"},{"floor":44,"key":"Juzu Bracelet"},{"floor":46,"key":"MealTicket"},{"floor":46,"key":"Question Card"}],"event_choices":[{"damage_healed":0,"gold_gain":0,"player_choice":"Entered Light","damage_taken":16,"max_hp_gain":0,"max_hp_loss":0,"event_name":"Shining Light","floor":4,"gold_loss":0,"cards_upgraded":["Strike_R","Strike_R"]},{"cards_removed":["Strike_R"],"damage_healed":0,"gold_gain":0,"player_choice":"Card Removal","damage_taken":7,"max_hp_gain":0,"max_hp_loss":0,"event_name":"Golden Wing","floor":5,"gold_loss":0},{"cards_removed":["Bash"],"damage_healed":0,"gold_gain":0,"player_choice":"Gave Gold","damage_taken":0,"max_hp_gain":0,"max_hp_loss":0,"event_name":"Beggar","floor":20,"gold_loss":75},{"cards_removed":["Strike_R"],"damage_healed":0,"gold_gain":0,"player_choice":"Purged","damage_taken":0,"max_hp_gain":0,"max_hp_loss":0,"event_name":"Purifier","floor":22,"gold_loss":0},{"damage_healed":0,"gold_gain":99,"player_choice":"Stole From Cult","damage_taken":0,"max_hp_gain":0,"max_hp_loss":0,"event_name":"Nest","floor":28,"gold_loss":0},{"damage_healed":0,"gold_gain":0,"player_choice":"Max HP","damage_taken":0,"max_hp_gain":0,"max_hp_loss":6,"event_name":"Winding Halls","floor":36,"gold_loss":0}],"is_beta":false,"boss_relics":[{"not_picked":["SacredBark","Fusion Hammer"],"picked":"Philosopher\u0027s Stone"},{"not_picked":["Black Blood","Runic Pyramid"],"picked":"Black Star"}],"items_purged_floors":[13,42],"is_endless":false,"potions_floor_spawned":[3,7,12,14,16,18,23,27,30,35,39,40,46],"ascension_level":0}}