{"host":"nkolxg4se00n20yf","time":1610207839,"event":{"mods":["BaseMod","CatGirl Mod","Chen","Colored Map","Colored Powertips","Downfall","Friendly Minions","Infinite Spire","Kiyohime????","Marisa????????","Minty Spire (QoL Compilation)","StSLib","Td1madao Mod","The Administrix","The Cursed","The Exalted","The Hierophant","The Servant 0.9.4"],"gold_per_floor":[114,114,114,114,13,48,48,62,109,123,152,152,152,166,166,241,241,252,252,252,167,190,217,217,217,217,217,246,246,265,333,333,407,407,422,434,450,80,98,130,130,164,191,208,258,258,359,409,409,409,409],"floor_reached":50,"playtime":1934,"items_purged":["Regret"],"score":1110,"play_id":"99a191c4-e35b-4eb4-a231-1d654eb09503","local_time":"20210109165719","is_ascension_mode":true,"campfire_choices":[{"data":"Neutralize","floor":7,"key":"SMITH"},{"data":"Noxious Fumes","floor":12,"key":"SMITH"},{"data":"Footwork","floor":15,"key":"SMITH"},{"data":"infinitespire:Neurotoxin","floor":24,"key":"SMITH"},{"data":"Acrobatics","floor":27,"key":"SMITH"},{"floor":29,"key":"REST"},{"floor":32,"key":"REST"},{"floor":41,"key":"REST"},{"data":"Wraith Form v2","floor":46,"key":"SMITH"},{"floor":49,"key":"REST"}],"circlet_count":0,"master_deck":["AscendersBane","Strike_G","Strike_G","Strike_G","Strike_G","Defend_G","Defend_G","Defend_G","Survivor","Neutralize+1","Flying Knee","Heel Hook","Blade Dance","Acrobatics+1","Dagger Throw","Noxious Fumes+1","Footwork+1","Outmaneuver","infinitespire:Neurotoxin+1","Sucker Punch+1","PiercingWail","Dash+1","Backstab","Wraith Form v2+1","Caltrops","Backflip+1","Accuracy","After Image","Blade Dance+1","Terror+1","Catalyst"],"relics":["infinitespire:Blanks Blanky","hexamod:IceCube","Medical Kit","Bronze Scales","Brimstone","Akabeko","Guardian:StasisEgg","Bromod:ArcaneEnergize","SsserpentHead","BewitchedHakkero","KiyohimeMod:TerritoryCreation","MagicBroom","infinitespire:Chaos","Sundial","infinitespire:Golems Mask","Empty Cage","infinitespire:EmpoweringShard","Shuriken","FossilizedHelix","Regal Pillow","Girya"],"acts_visited":["Exordium","TheCity","TheBeyond"],"potions_floor_usage":[11,16,18,23,31,33,42,47,50,50],"damage_taken":[{"damage":0,"enemies":"Small Slimes","floor":1,"turns":1},{"damage":0,"enemies":"Lagavulin","floor":6,"turns":1},{"damage":0,"enemies":"2 Louse","floor":8,"turns":1},{"damage":2,"enemies":"Jaw Worm","floor":10,"turns":2},{"damage":12,"enemies":"3 Sentries","floor":11,"turns":6},{"damage":3,"enemies":"Blue Slaver","floor":14,"turns":2},{"damage":1,"enemies":"Slime Boss","floor":16,"turns":5},{"damage":2,"enemies":"Spheric Guardian","floor":18,"turns":4},{"damage":8,"enemies":"Gremlin Leader","floor":23,"turns":5},{"damage":38,"enemies":"Slavers","floor":28,"turns":5},{"damage":24,"enemies":"2 Thieves","floor":30,"turns":4},{"damage":17,"enemies":"Chosen and Byrds","floor":31,"turns":4},{"damage":41,"enemies":"Collector","floor":33,"turns":6},{"damage":2,"enemies":"3 Shapes","floor":35,"turns":4},{"damage":0,"enemies":"3 Darklings","floor":36,"turns":4},{"damage":8,"enemies":"Transient","floor":37,"turns":6},{"damage":11,"enemies":"Jaw Worm Horde","floor":39,"turns":4},{"damage":29,"enemies":"Giant Head","floor":40,"turns":5},{"damage":39,"enemies":"Reptomancer","floor":42,"turns":4},{"damage":1,"enemies":"Spire Growth","floor":44,"turns":4},{"damage":18,"enemies":"2 Orb Walkers","floor":47,"turns":4},{"damage":74,"enemies":"Time Eater","floor":50,"turns":8}],"seed_played":"6550214541659631708","potions_obtained":[{"floor":8,"key":"Regen Potion"},{"floor":10,"key":"Fire Potion"},{"floor":14,"key":"GhostInAJar"},{"floor":16,"key":"Energy Potion"},{"floor":28,"key":"BlessingOfTheForge"},{"floor":30,"key":"sneckomod:MuddlingPotion"},{"floor":39,"key":"Fire Potion"},{"floor":42,"key":"champ:CounterPotion"},{"floor":44,"key":"SpeedPotion"},{"floor":47,"key":"Dexterity Potion"}],"is_trial":false,"path_per_floor":["M","?","?","?","$","E","R","M","T","M","E","R","T","M","R","B",null,"M","?","?","?","T","E","R","AVR","T","R","E","R","M","M","R","B",null,"M","M","M","$","M","E","R","E","T","M","?","R","?","?","R","B"],"character_chosen":"THE_SILENT","items_purchased":["Blade Dance","After Image","infinitespire:EmpoweringShard"],"campfire_rested":4,"item_purchase_floors":[5,38,38],"current_hp_per_floor":[59,59,59,59,59,59,59,59,59,57,45,45,45,42,42,41,60,58,58,58,58,58,62,62,62,62,62,24,66,42,25,66,25,56,54,54,46,46,35,6,66,27,27,26,26,26,8,8,66,0,0],"gold":409,"neow_bonus":"THREE_ENEMY_KILL","is_daily":false,"chose_seed":false,"campfire_upgraded":6,"win_rate":0.0,"timestamp":1610207839,"path_taken":["M","?","?","?","?","E","R","M","T","?","E","R","?","M","R","BOSS","M","?","?","?","?","E","R","AVR","T","R","E","R","M","?","R","BOSS","M","M","M","$","M","E","R","E","T","M","?","R","?","?","R","BOSS"],"items_purchased_type":["Card","Card","Relic"],"build_version":"2020-12-22","purchased_purges":1,"victory":false,"max_hp_per_floor":[66,66,66,66,66,66,66,66,66,66,66,66,66,66,66,66,66,66,66,66,66,66,66,66,66,66,66,66,66,66,66,66,66,66,66,66,66,66,66,66,66,66,66,66,66,66,66,66,66,66,66],"card_choices":[{"not_picked":["Outmaneuver","Deadly Poison"],"picked":"Flying Knee","floor":1},{"not_picked":["Outmaneuver","Prepared"],"picked":"Acrobatics","floor":6},{"not_picked":["Quick Slash","Heel Hook"],"picked":"Dagger Throw","floor":8},{"not_picked":["Backflip","Blade Dance"],"picked":"Noxious Fumes","floor":10},{"not_picked":["Sucker Punch","PiercingWail"],"picked":"Footwork","floor":11},{"not_picked":["Slice","Finisher"],"picked":"Outmaneuver","floor":14},{"not_picked":["Doppelganger","Grand Finale"],"picked":"infinitespire:Neurotoxin","floor":16},{"not_picked":["Poisoned Stab","Tactician"],"picked":"Sucker Punch+1","floor":18},{"not_picked":["Grand Finale","Concentrate"],"picked":"PiercingWail","floor":23},{"not_picked":["Underhanded Strike","Dodge and Roll+1"],"picked":"Dash+1","floor":28},{"not_picked":["Flying Knee","Sucker Punch","Prepared"],"picked":"SKIP","floor":30},{"not_picked":["Backflip+1","Dagger Throw+1"],"picked":"Backstab","floor":31},{"not_picked":["Bullet Time","Grand Finale"],"picked":"Wraith Form v2","floor":33},{"not_picked":["PiercingWail","Leg Sweep"],"picked":"Caltrops","floor":35},{"not_picked":["Deadly Poison","Deflect"],"picked":"Backflip+1","floor":36},{"not_picked":["PiercingWail","Blur"],"picked":"Accuracy","floor":37},{"not_picked":["Flying Knee","Deflect"],"picked":"Blade Dance+1","floor":39},{"not_picked":["Outmaneuver","Well Laid Plans"],"picked":"Terror+1","floor":40},{"not_picked":["Deflect","Backflip","Well Laid Plans"],"picked":"SKIP","floor":42},{"not_picked":["Slice","Expertise","All Out Attack+1"],"picked":"SKIP","floor":44},{"not_picked":["PiercingWail","Outmaneuver+1"],"picked":"Catalyst","floor":47}],"player_experience":1089637,"relics_obtained":[{"floor":6,"key":"Bag of Marbles"},{"floor":9,"key":"Anchor"},{"floor":11,"key":"InkBottle"},{"floor":13,"key":"Bromod:ArcaneAvenger"},{"floor":22,"key":"Juzu Bracelet"},{"floor":23,"key":"Thread and Needle"},{"floor":26,"key":"Sundial"},{"floor":28,"key":"infinitespire:Golems Mask"},{"floor":40,"key":"Shuriken"},{"floor":42,"key":"FossilizedHelix"},{"floor":43,"key":"Regal Pillow"},{"floor":47,"key":"Girya"}],"event_choices":[{"damage_healed":0,"gold_gain":0,"cards_transformed":["Defend_G"],"player_choice":"Change","damage_taken":0,"max_hp_gain":0,"max_hp_loss":0,"event_name":"Living Wall","floor":2,"gold_loss":0,"cards_obtained":["Heel Hook"]},{"damage_healed":0,"gold_gain":0,"player_choice":"Leave","damage_taken":0,"max_hp_gain":0,"max_hp_loss":0,"event_name":"The Cleric","floor":3,"gold_loss":0},{"damage_healed":0,"gold_gain":0,"player_choice":"Box","damage_taken":0,"relics_obtained":["Mercury Hourglass"],"max_hp_gain":0,"max_hp_loss":0,"event_name":"Big Fish","floor":4,"gold_loss":0,"cards_obtained":["Regret"]},{"damage_healed":0,"gold_gain":0,"player_choice":"Ignored","damage_taken":0,"max_hp_gain":0,"max_hp_loss":0,"event_name":"Ghosts","floor":19,"gold_loss":0},{"damage_healed":0,"gold_gain":0,"player_choice":"Inject Mutagens","damage_taken":0,"relics_obtained":["MutagenicStrength"],"max_hp_gain":0,"max_hp_loss":0,"event_name":"Drug Dealer","floor":20,"gold_loss":0},{"damage_healed":0,"gold_gain":0,"player_choice":"Obtained Relic","damage_taken":0,"relics_obtained":["infinitespire:Bottled Soul"],"max_hp_gain":0,"max_hp_loss":0,"event_name":"Addict","floor":21,"gold_loss":85},{"damage_healed":0,"gold_gain":0,"player_choice":"Fight","damage_taken":0,"max_hp_gain":0,"max_hp_loss":0,"event_name":"Mysterious Sphere","floor":47,"gold_loss":0},{"damage_healed":0,"gold_gain":0,"player_choice":"Got Potions","damage_taken":0,"max_hp_gain":0,"max_hp_loss":0,"event_name":"Lab","floor":48,"gold_loss":0}],"is_beta":false,"boss_relics":[{"not_picked":["Busted Crown","Fusion Hammer"],"picked":"Bromod:ArcaneBarrier"},{"not_picked":["Runic Pyramid","Velvet Choker"],"picked":"Empty Cage"}],"items_purged_floors":[5],"is_endless":false,"potions_floor_spawned":[8,10,14,16,28,30,39,42,44,47],"killed_by":"Time Eater","ascension_level":19}}