{"host":"1a3cjta80tad0aqj","time":1610175286,"event":{"mods":["2.2 Compatiblity","AchievementEnabler","BaseMod","Colored Map","DeckTracker","KOR Keyword Fix","Keyboard Shortcuts","Minty Spire (QoL Compilation)","Permanent Neow","Quick Restart","Random Character Button","StSLib","SuperFastMode","everything is the same but u backflip on backflip"],"gold_per_floor":[112,124,49,49,49,49,76,88,88,108,124,88,108,8,8,108,108,123,123,138,13,33,33,51,71,71,71,86,86,0,0,0,95,95,113,113,127,127,127],"floor_reached":38,"playtime":1754,"items_purged":["Pray+1","Strike_P","Strike_P"],"score":428,"play_id":"3b9acf84-bd60-48d4-b0f7-1bcdb5b93357","local_time":"20210109155446","is_ascension_mode":false,"campfire_choices":[{"data":"Eruption","floor":6,"key":"SMITH"},{"data":"BattleHymn","floor":15,"key":"SMITH"},{"floor":23,"key":"REST"},{"floor":27,"key":"REST"},{"data":"Adaptation","floor":32,"key":"SMITH"}],"circlet_count":0,"master_deck":["Defend_P","Eruption+1","Vigilance","SashWhip+1","Crescendo+1","BattleHymn+1","WheelKick","Halt","EmptyFist","DeusExMachina","MentalFortress","BowlingBash","Adaptation+1","EmptyBody","Adaptation+1","Blasphemy"],"relics":["Astrolabe"],"acts_visited":["Exordium","TheCity","TheBeyond"],"potions_floor_usage":[25,33,33],"damage_taken":[{"damage":0,"enemies":"Jaw Worm","floor":1,"turns":2},{"damage":0,"enemies":"2 Louse","floor":2,"turns":2},{"damage":24,"enemies":"Gremlin Nob","floor":7,"turns":3},{"damage":0,"enemies":"Cultist","floor":8,"turns":2},{"damage":5,"enemies":"Looter","floor":10,"turns":3},{"damage":19,"enemies":"3 Louse","floor":11,"turns":3},{"damage":6,"enemies":"2 Fungi Beasts","floor":13,"turns":3},{"damage":0,"enemies":"Slime Boss","floor":16,"turns":3},{"damage":10,"enemies":"Shell Parasite","floor":18,"turns":4},{"damage":24,"enemies":"2 Thieves","floor":20,"turns":4},{"damage":0,"enemies":"3 Cultists","floor":22,"turns":3},{"damage":0,"enemies":"Sentry and Sphere","floor":24,"turns":3},{"damage":21,"enemies":"Snake Plant","floor":25,"turns":4},{"damage":0,"enemies":"3 Cultists","floor":28,"turns":3},{"damage":17,"enemies":"Colosseum Slavers","floor":29,"turns":4},{"damage":38,"enemies":"Collector","floor":33,"turns":13},{"damage":21,"enemies":"3 Shapes","floor":35,"turns":4},{"damage":30,"enemies":"3 Darklings","floor":37,"turns":4},{"damage":21,"enemies":"4 Shapes","floor":38,"turns":3}],"seed_played":"2422888770204025981","potions_obtained":[{"floor":7,"key":"Weak Potion"},{"floor":10,"key":"Energy Potion"},{"floor":11,"key":"Dexterity Potion"},{"floor":22,"key":"DuplicationPotion"},{"floor":28,"key":"Block Potion"},{"floor":33,"key":"Weak Potion"},{"floor":37,"key":"Ambrosia"}],"is_trial":false,"path_per_floor":["M","M","$","?","?","R","E","M","T","M","M","$","M","$","R","B",null,"M","?","M","$","M","R","M","M","T","R","M","?","?","$","R","B",null,"M","?","M","M"],"character_chosen":"WATCHER","items_purchased":["MentalFortress"],"campfire_rested":2,"item_purchase_floors":[12],"current_hp_per_floor":[72,72,72,72,72,72,48,48,48,43,24,24,18,18,18,18,72,62,62,38,38,38,59,59,38,38,59,59,42,42,42,42,4,72,51,51,21,0,0],"gold":127,"neow_bonus":"BOSS_RELIC","is_daily":false,"chose_seed":true,"campfire_upgraded":3,"win_rate":0.0,"timestamp":1610175286,"path_taken":["M","M","$","?","?","R","E","M","T","M","?","$","M","$","R","BOSS","M","?","M","$","M","R","M","M","T","R","M","?","?","$","R","BOSS","M","?","M","M"],"items_purchased_type":["Card"],"build_version":"2020-12-22","purchased_purges":3,"victory":false,"max_hp_per_floor":[72,72,72,72,72,72,72,72,72,72,72,72,72,72,72,72,72,72,72,72,72,72,72,72,72,72,72,72,72,72,72,72,72,72,72,72,72,72,72],"card_choices":[{"not_picked":["SashWhip","Halt"],"picked":"BattleHymn","floor":1},{"not_picked":["LikeWater","FlurryOfBlows","CrushJoints"],"picked":"SKIP","floor":2},{"not_picked":["Judgement","JustLucky"],"picked":"WheelKick","floor":7},{"not_picked":["FlurryOfBlows","Indignation"],"picked":"Halt","floor":8},{"not_picked":["Evaluate","Protect"],"picked":"EmptyFist","floor":10},{"not_picked":["Fasting2","SashWhip"],"picked":"DeusExMachina","floor":11},{"not_picked":["Prostrate","FollowUp"],"picked":"BowlingBash","floor":13},{"not_picked":["Evaluate","BowlingBash","Protect"],"picked":"SKIP","floor":18},{"not_picked":["Halt","JustLucky"],"picked":"Adaptation+1","floor":20},{"not_picked":["ReachHeaven+1","FlyingSleeves","SashWhip+1"],"picked":"SKIP","floor":22},{"not_picked":["Swivel","Evaluate"],"picked":"EmptyBody","floor":24},{"not_picked":["Adaptation","CutThroughFate+1","FlurryOfBlows+1"],"picked":"SKIP","floor":25},{"not_picked":["PathToVictory","Consecrate"],"picked":"Adaptation","floor":28},{"not_picked":["ConjureBlade","Wish"],"picked":"Blasphemy","floor":33},{"not_picked":["Vengeance","JustLucky","Sanctity+1"],"picked":"SKIP","floor":35},{"not_picked":["CutThroughFate+1","Consecrate","Swivel"],"picked":"SKIP","floor":37}],"player_experience":233183,"relics_obtained":[],"event_choices":[{"damage_healed":0,"gold_gain":0,"player_choice":"Fled","damage_taken":0,"max_hp_gain":0,"max_hp_loss":0,"event_name":"Scrap Ooze","floor":4,"gold_loss":0},{"cards_removed":["Strike_P"],"damage_healed":0,"gold_gain":0,"player_choice":"Offered Basic","damage_taken":0,"max_hp_gain":0,"max_hp_loss":0,"event_name":"Bonfire Elementals","floor":5,"gold_loss":0},{"cards_removed":["Defend_P"],"damage_healed":0,"gold_gain":0,"player_choice":"Elegance","damage_taken":0,"max_hp_gain":0,"max_hp_loss":0,"event_name":"Back to Basics","floor":19,"gold_loss":0},{"damage_healed":0,"gold_gain":0,"player_choice":"Fight","damage_taken":0,"max_hp_gain":0,"max_hp_loss":0,"event_name":"Colosseum","floor":29,"gold_loss":0},{"damage_healed":0,"gold_gain":0,"player_choice":"Fled From Nobs","damage_taken":0,"max_hp_gain":0,"max_hp_loss":0,"event_name":"Colosseum","floor":29,"gold_loss":0},{"damage_healed":0,"gold_gain":0,"player_choice":"Paid Fearfully","damage_taken":0,"max_hp_gain":0,"max_hp_loss":0,"event_name":"Masked Bandits","floor":30,"gold_loss":86},{"damage_healed":0,"gold_gain":0,"player_choice":"0 cards matched","damage_taken":0,"max_hp_gain":0,"max_hp_loss":0,"event_name":"Match and Keep!","floor":36,"gold_loss":0,"cards_obtained":[]}],"is_beta":false,"boss_relics":[{"not_picked":[]},{"not_picked":[]}],"items_purged_floors":[3,14,21],"is_endless":false,"potions_floor_spawned":[7,10,11,22,28,29,33,37],"killed_by":"4 Shapes","ascension_level":0}}