{"host":"3y2rtlgteqp2nuo3","time":1610158101,"event":{"mods":["2.2 Compatiblity","AchievementEnabler","BaseMod","Colored Map","DeckTracker","Highlight Path","Keyboard Shortcuts","Minty Spire (QoL Compilation)","Permanent Neow","Quick Restart","StSLib","SuperFastMode","everything is the same but u backflip on backflip"],"gold_per_floor":[110,90,100,117,128,128,128,128],"floor_reached":7,"playtime":124,"items_purged":[],"score":73,"play_id":"9a869e67-653a-44f7-b8cc-2a7eb6e0fdf9","local_time":"20210109110821","is_ascension_mode":true,"campfire_choices":[{"data":"Zap","floor":6.0,"key":"SMITH"}],"circlet_count":0,"master_deck":["AscendersBane","Strike_B","Strike_B","Strike_B","Defend_B","Defend_B","Defend_B","Zap+1","Dualcast","Go for the Eyes","Beam Cell","Compile Driver","Doom and Gloom"],"relics":["Cracked Core"],"acts_visited":["Exordium"],"potions_floor_usage":[],"damage_taken":[{"damage":7.0,"enemies":"Jaw Worm","floor":1.0,"turns":3.0},{"damage":1.0,"enemies":"Cultist","floor":3.0,"turns":3.0},{"damage":5.0,"enemies":"Small Slimes","floor":4.0,"turns":3.0},{"damage":13.0,"enemies":"Exordium Thugs","floor":5.0,"turns":5.0},{"damage":0,"enemies":"Lagavulin","floor":7,"turns":1}],"seed_played":"1042678426924610397","potions_obtained":[{"floor":2.0,"key":"FocusPotion"},{"floor":3.0,"key":"SkillPotion"}],"is_trial":false,"path_per_floor":["M","?","M","M","M","R","E"],"character_chosen":"DEFECT","items_purchased":[],"campfire_rested":0,"item_purchase_floors":[],"current_hp_per_floor":[39,39,38,33,20,20,20,20],"gold":128,"neow_bonus":"REMOVE_TWO","is_daily":false,"chose_seed":false,"campfire_upgraded":1,"win_rate":0.0,"timestamp":1610158101,"path_taken":["M","?","M","M","M","R","E"],"items_purchased_type":[],"build_version":"2020-12-22","purchased_purges":0,"victory":false,"max_hp_per_floor":[71,71,71,71,71,71,71,71],"card_choices":[{"not_picked":["Scrape","Static Discharge"],"picked":"Go for the Eyes","floor":1.0},{"not_picked":["Hologram","Consume"],"picked":"Beam Cell","floor":3.0},{"not_picked":["Rebound","Reboot"],"picked":"Compile Driver","floor":4.0},{"not_picked":["Consume","Gash"],"picked":"Doom and Gloom","floor":5.0}],"player_experience":646557,"relics_obtained":[],"event_choices":[{"damage_healed":0.0,"max_hp_gain":0.0,"max_hp_loss":0.0,"gold_gain":0.0,"event_name":"The Woman in Blue","player_choice":"Bought 1 Potion","floor":2.0,"gold_loss":0.0,"damage_taken":0.0}],"is_beta":false,"boss_relics":[],"items_purged_floors":[],"is_endless":false,"potions_floor_spawned":[3,4],"killed_by":"Lagavulin","ascension_level":14}}