{"host":"i2ir6b55gxkcwpt4","time":1610205575,"event":{"mods":["BaseMod","Colored Map","Colored Powertips","Lobotomy","Marisa£®ÏF”Í°°ƒß¿Ì…≥£©","Minty Spire (QoL Compilation)","Reimu£®≤©¿ˆ¡È√Œ£©"],"gold_per_floor":[109,184,184,197,207,225,235,235,316,330,330,344,368,403,403,403,403],"floor_reached":16,"playtime":1221,"items_purged":[],"score":106,"play_id":"b4327417-ce60-4966-8b90-e94651a0ddb4","local_time":"20210109231935","is_ascension_mode":false,"campfire_choices":[{"data":"NB:ReiMu","floor":8,"key":"SMITH"},{"floor":15,"key":"REST"}],"circlet_count":0,"master_deck":["Strike_Lin:ReiMu","Strike_Lin:ReiMu","Strike_Lin:ReiMu","Strike_Lin:ReiMu","Defend_Lin:ReiMu","Defend_Lin:ReiMu","Defend_Lin:ReiMu","Defend_Lin:ReiMu","NB:ReiMu+1","Stagnation:ReiMu","InherentArray:ReiMu","Enchanting:ReiMu","TightArray:ReiMu","SubcavityInstant:ReiMu","SealNeedle:ReiMu","TightArray:ReiMu","Injury","SpringWay:ReiMu","ForcedLanding:ReiMu","CardOfSanctity:ReiMu"],"relics":["FlyPower:ReiMu","Letter Opener","Golden Idol","TurtleShell:ReiMu"],"acts_visited":["Exordium"],"potions_floor_usage":[6,14,16],"damage_taken":[{"damage":1,"enemies":"Jaw Worm","floor":1,"turns":6},{"damage":4,"enemies":"Small Slimes","floor":4,"turns":6},{"damage":0,"enemies":"Cultist","floor":5,"turns":5},{"damage":1,"enemies":"Large Slime","floor":6,"turns":10},{"damage":1,"enemies":"2 Fungi Beasts","floor":7,"turns":5},{"damage":3,"enemies":"Blue Slaver","floor":10,"turns":4},{"damage":13,"enemies":"3 Louse","floor":12,"turns":4},{"damage":10,"enemies":"2 Fungi Beasts","floor":13,"turns":4},{"damage":15,"enemies":"Gremlin Nob","floor":14,"turns":6},{"damage":25,"enemies":"Slime Boss","floor":16,"turns":7}],"seed_played":"-6877182819843602677","potions_obtained":[{"floor":4,"key":"Fire Potion"},{"floor":7,"key":"Weak Potion"},{"floor":10,"key":"Ancient Potion"},{"floor":12,"key":"ZuzhouPotion:ReiMu"},{"floor":14,"key":"Ancient Potion"}],"is_trial":false,"path_per_floor":["M","?","?","M","M","M","M","R","T","M","?","M","M","E","R","B"],"character_chosen":"REIMU","items_purchased":[],"campfire_rested":1,"item_purchase_floors":[],"current_hp_per_floor":[64,53,53,49,49,48,47,47,47,44,44,31,21,6,25,0,0],"gold":403,"neow_bonus":"","is_daily":false,"chose_seed":false,"campfire_upgraded":1,"win_rate":0.0,"timestamp":1610205575,"path_taken":["M","?","?","?","M","M","M","R","T","M","?","M","M","E","R","BOSS"],"items_purchased_type":[],"build_version":"2020-12-22","purchased_purges":0,"victory":false,"max_hp_per_floor":[65,65,65,65,65,65,65,65,65,65,65,65,65,65,65,65,65],"card_choices":[{"not_picked":["RainPray2:ReiMu","SafetyPray:ReiMu"],"picked":"InherentArray:ReiMu","floor":1},{"not_picked":["Meditation:ReiMu","SafetyPray:ReiMu"],"picked":"Enchanting:ReiMu","floor":4},{"not_picked":["Amulet:ReiMu","SubAcupoint:ReiMu"],"picked":"TightArray:ReiMu","floor":5},{"not_picked":["Intuition:ReiMu","SpreadBorder2:ReiMu"],"picked":"SubcavityInstant:ReiMu","floor":6},{"not_picked":["SubAcupoint:ReiMu","SubcavityInstant:ReiMu"],"picked":"SealNeedle:ReiMu","floor":7},{"not_picked":["PassingAway:ReiMu","SpreadBorder2:ReiMu"],"picked":"TightArray:ReiMu","floor":10},{"not_picked":["TightArray:ReiMu","PhosphorusFlame:ReiMu"],"picked":"SpringWay:ReiMu","floor":12},{"not_picked":["Crusade:ReiMu","OrbThrow:ReiMu"],"picked":"ForcedLanding:ReiMu","floor":13},{"not_picked":["PayForSelf:ReiMu","ManaGlint:ReiMu"],"picked":"CardOfSanctity:ReiMu","floor":14}],"player_experience":74714,"relics_obtained":[{"floor":9,"key":"Letter Opener"},{"floor":14,"key":"TurtleShell:ReiMu"}],"event_choices":[{"damage_healed":0,"gold_gain":75,"player_choice":"Gather Gold","damage_taken":11,"max_hp_gain":0,"max_hp_loss":0,"event_name":"World of Goop","floor":2,"gold_loss":0},{"damage_healed":0,"gold_gain":0,"player_choice":"Bought 0 Potions","damage_taken":0,"max_hp_gain":0,"max_hp_loss":0,"event_name":"The Woman in Blue","floor":3,"gold_loss":0},{"damage_healed":0,"gold_gain":0,"player_choice":"Take Wound","damage_taken":0,"relics_obtained":["Golden Idol"],"max_hp_gain":0,"max_hp_loss":0,"event_name":"Golden Idol","floor":11,"gold_loss":0,"cards_obtained":["Injury"]}],"is_beta":false,"boss_relics":[],"items_purged_floors":[],"is_endless":false,"potions_floor_spawned":[4,7,10,12,14],"killed_by":"Slime Boss","ascension_level":0}}