{"host":"1a3cjta80tad0aqj","time":1610166112,"event":{"mods":["2.2 Compatiblity","AchievementEnabler","BaseMod","Colored Map","DeckTracker","KOR Keyword Fix","Keyboard Shortcuts","Minty Spire (QoL Compilation)","Permanent Neow","Quick Restart","Random Character Button","StSLib","SuperFastMode","everything is the same but u backflip on backflip"],"gold_per_floor":[112,124,124,124,136,136,148,148,148,168,184,109,109,9,9,109,109,129,54,69,69,84,84,104,131,131,6,24,24,24],"floor_reached":29,"playtime":941,"items_purged":["Strike_P","Strike_P","Strike_P"],"score":267,"play_id":"40e07d0b-968f-4fac-956c-bb192be4dd9a","local_time":"20210109132152","is_ascension_mode":false,"campfire_choices":[{"data":"Eruption","floor":6.0,"key":"SMITH"},{"data":"BattleHymn","floor":8.0,"key":"SMITH"},{"data":"FlurryOfBlows","floor":15.0,"key":"SMITH"},{"floor":23.0,"key":"REST"}],"circlet_count":0,"master_deck":["Defend_P","Defend_P","Eruption+1","Vigilance","SashWhip+1","Crescendo+1","BattleHymn+1","FlurryOfBlows+1","Halt","DeusExMachina","BowlingBash","Adaptation+1","Adaptation","FollowUp+1","Normality","WheelKick"],"relics":["Astrolabe"],"acts_visited":["Exordium","TheCity"],"potions_floor_usage":[24,25,28],"damage_taken":[{"damage":0.0,"enemies":"Jaw Worm","floor":1.0,"turns":2.0},{"damage":0.0,"enemies":"2 Louse","floor":2.0,"turns":2.0},{"damage":0.0,"enemies":"Cultist","floor":5.0,"turns":2.0},{"damage":2.0,"enemies":"Looter","floor":7.0,"turns":3.0},{"damage":7.0,"enemies":"3 Louse","floor":10.0,"turns":2.0},{"damage":10.0,"enemies":"2 Fungi Beasts","floor":11.0,"turns":3.0},{"damage":0.0,"enemies":"Slime Boss","floor":16.0,"turns":5.0},{"damage":5.0,"enemies":"Shell Parasite","floor":18.0,"turns":4.0},{"damage":15.0,"enemies":"2 Thieves","floor":20.0,"turns":3.0},{"damage":12.0,"enemies":"3 Cultists","floor":22.0,"turns":3.0},{"damage":0,"enemies":"Sentry and Sphere","floor":24,"turns":2},{"damage":9,"enemies":"Masked Bandits","floor":25,"turns":4},{"damage":9,"enemies":"Snake Plant","floor":28,"turns":3}],"seed_played":"2422888770204025981","potions_obtained":[{"floor":5.0,"key":"LiquidBronze"},{"floor":10.0,"key":"LiquidBronze"},{"floor":11.0,"key":"Weak Potion"},{"floor":18.0,"key":"Swift Potion"},{"floor":24,"key":"Block Potion"},{"floor":25,"key":"AttackPotion"}],"is_trial":false,"path_per_floor":["M","M","?","?","M","R","M","R","T","M","M","$","?","$","R","B",null,"M","?","M","$","M","R","M","?","T","$","M","?"],"character_chosen":"WATCHER","items_purchased":[],"campfire_rested":1,"item_purchase_floors":[],"current_hp_per_floor":[72,72,72,72,72,72,70,70,70,63,53,53,53,53,53,53,72,67,67,52,52,40,61,61,52,52,52,43,43,43],"gold":24,"neow_bonus":"BOSS_RELIC","is_daily":false,"chose_seed":true,"campfire_upgraded":3,"win_rate":0.0,"timestamp":1610166112,"path_taken":["M","M","?","?","M","R","M","R","T","M","?","$","?","$","R","BOSS","M","?","M","$","M","R","M","?","T","$","M","?"],"items_purchased_type":[],"build_version":"2020-12-22","purchased_purges":3,"victory":false,"max_hp_per_floor":[72,72,72,72,72,72,72,72,72,72,72,72,72,72,72,72,72,72,72,72,72,72,72,72,72,72,72,72,72,72],"card_choices":[{"not_picked":["SashWhip","Halt"],"picked":"BattleHymn","floor":1.0},{"not_picked":["LikeWater","CrushJoints"],"picked":"FlurryOfBlows","floor":2.0},{"not_picked":["LikeWater","Worship","EmptyFist"],"picked":"SKIP","floor":5.0},{"not_picked":["FlyingSleeves","JustLucky"],"picked":"Halt","floor":7.0},{"not_picked":["FlurryOfBlows","Indignation","Consecrate"],"picked":"SKIP","floor":10.0},{"not_picked":["Protect","Evaluate","EmptyFist"],"picked":"SKIP","floor":11.0},{"not_picked":["Brilliance","MasterReality"],"picked":"DeusExMachina","floor":16.0},{"not_picked":["Evaluate","Protect"],"picked":"BowlingBash","floor":18.0},{"not_picked":["Halt","JustLucky"],"picked":"Adaptation+1","floor":20.0},{"not_picked":["ReachHeaven+1","FlyingSleeves","SashWhip+1"],"picked":"SKIP","floor":22.0},{"not_picked":["EmptyBody","Swivel","Evaluate"],"picked":"SKIP","floor":24},{"not_picked":["CutThroughFate+1","FlurryOfBlows+1"],"picked":"Adaptation","floor":25},{"not_picked":["DeceiveReality","CrushJoints"],"picked":"FollowUp+1","floor":28}],"player_experience":230269,"relics_obtained":[],"event_choices":[{"damage_healed":0.0,"max_hp_gain":0.0,"max_hp_loss":0.0,"gold_gain":0.0,"event_name":"Scrap Ooze","player_choice":"Fled","floor":3.0,"gold_loss":0.0,"damage_taken":0.0},{"damage_healed":0.0,"max_hp_gain":0.0,"max_hp_loss":0.0,"gold_gain":0.0,"event_name":"Match and Keep!","player_choice":"0 cards matched","floor":4.0,"gold_loss":0.0,"damage_taken":0.0,"cards_obtained":[]},{"damage_healed":0.0,"max_hp_gain":0.0,"max_hp_loss":0.0,"gold_gain":0.0,"event_name":"Golden Idol","player_choice":"Ignored","floor":13.0,"gold_loss":0.0,"damage_taken":0.0},{"cards_removed":["Pray"],"damage_healed":0.0,"max_hp_gain":0.0,"max_hp_loss":0.0,"gold_gain":0.0,"event_name":"Beggar","player_choice":"Gave Gold","floor":19.0,"gold_loss":75.0,"damage_taken":0.0},{"damage_healed":0,"gold_gain":0,"player_choice":"Fought Bandits","damage_taken":0,"max_hp_gain":0,"max_hp_loss":0,"event_name":"Masked Bandits","floor":25,"gold_loss":0},{"damage_healed":0,"gold_gain":0,"player_choice":"2 cards matched","damage_taken":0,"max_hp_gain":0,"max_hp_loss":0,"event_name":"Match and Keep!","floor":29,"gold_loss":0,"cards_obtained":["Normality","WheelKick"]}],"is_beta":false,"boss_relics":[{"not_picked":[]}],"items_purged_floors":[12,14,27],"is_endless":false,"potions_floor_spawned":[5,10,11,18,24,25],"ascension_level":0}}