{"host":"n9oz7eo077gsfu2d","time":1610168518,"event":{"mods":["2.2 Compatiblity","BaseMod","Colored Map","Custom Start","DeckTracker","KOR Keyword Fix","Minty Spire (QoL Compilation)","StSLib","SuperFastMode"],"gold_per_floor":[115,115,40,57,57,88,88,104,130,130,130,130,205,233,233,233,233],"floor_reached":16,"playtime":563,"items_purged":["Defend_G"],"score":123,"play_id":"e26bd008-bab9-452a-bfe3-301a40ddf7b0","local_time":"20210109140158","is_ascension_mode":false,"campfire_choices":[{"data":"Quick Slash","floor":7,"key":"SMITH"},{"data":"Survivor","floor":10,"key":"SMITH"},{"data":"Reflex","floor":12,"key":"SMITH"},{"data":"Crippling Poison","floor":15,"key":"SMITH"}],"circlet_count":0,"master_deck":["Strike_G","Strike_G","Strike_G","Defend_G","Defend_G","Defend_G","Defend_G","Survivor+1","Neutralize","Deflect","Quick Slash+1","Dagger Spray","Reflex+1","Crippling Poison+1"],"relics":["Ring of the Snake","NeowsBlessing","Potion Belt","Bronze Scales","Odd Mushroom"],"acts_visited":["Exordium"],"potions_floor_usage":[16,16],"damage_taken":[{"damage":0.0,"enemies":"2 Louse","floor":1.0,"turns":1.0},{"damage":0.0,"enemies":"Cultist","floor":4.0,"turns":1.0},{"damage":0,"enemies":"Gremlin Nob","floor":6,"turns":1},{"damage":0,"enemies":"Jaw Worm","floor":8,"turns":4},{"damage":2,"enemies":"Large Slime","floor":11,"turns":7},{"damage":0,"enemies":"The Mushroom Lair","floor":14,"turns":3},{"damage":60,"enemies":"The Guardian","floor":16,"turns":13}],"seed_played":"-8321927118871045530","potions_obtained":[{"floor":11,"key":"GamblersBrew"},{"floor":14,"key":"Fire Potion"}],"is_trial":false,"path_per_floor":["M","?","$","M","?","E","R","M","T","R","M","R","?","?","R","B"],"character_chosen":"THE_SILENT","items_purchased":[],"campfire_rested":0,"item_purchase_floors":[],"current_hp_per_floor":[70,70,70,70,63,63,63,63,63,63,61,61,50,50,50,0,0],"gold":233,"neow_bonus":"THREE_ENEMY_KILL","is_daily":false,"chose_seed":false,"campfire_upgraded":4,"win_rate":0.0,"timestamp":1610168518,"path_taken":["M","?","?","?","?","E","R","M","T","R","M","R","?","?","R","BOSS"],"items_purchased_type":[],"build_version":"2020-12-22","purchased_purges":1,"victory":false,"max_hp_per_floor":[70,70,70,70,70,70,70,70,70,70,70,70,70,70,70,70,70],"card_choices":[{"not_picked":["Flying Knee","Calculated Gamble"],"picked":"Deflect","floor":1.0},{"not_picked":["Well Laid Plans","Caltrops","Cloak And Dagger"],"picked":"SKIP","floor":4},{"not_picked":["Dodge and Roll","Outmaneuver"],"picked":"Quick Slash","floor":6},{"not_picked":["Slice","Unload"],"picked":"Dagger Spray","floor":8},{"not_picked":["Heel Hook","Slice"],"picked":"Reflex","floor":11},{"not_picked":["Footwork","Backflip"],"picked":"Crippling Poison","floor":14}],"player_experience":99082,"relics_obtained":[{"floor":6,"key":"Potion Belt"},{"floor":9,"key":"Bronze Scales"},{"floor":14,"key":"Odd Mushroom"}],"event_choices":[{"cards_removed":["Strike_G"],"damage_healed":0.0,"max_hp_gain":0.0,"max_hp_loss":0.0,"gold_gain":0.0,"event_name":"Purifier","player_choice":"Purged","floor":2.0,"gold_loss":0.0,"damage_taken":0.0},{"cards_removed":["Strike_G"],"damage_healed":0,"gold_gain":0,"player_choice":"Card Removal","damage_taken":7,"max_hp_gain":0,"max_hp_loss":0,"event_name":"Golden Wing","floor":5,"gold_loss":0},{"damage_healed":0,"gold_gain":75,"player_choice":"Gather Gold","damage_taken":11,"max_hp_gain":0,"max_hp_loss":0,"event_name":"World of Goop","floor":13,"gold_loss":0},{"damage_healed":0,"gold_gain":0,"player_choice":"Fought Mushrooms","damage_taken":0,"max_hp_gain":0,"max_hp_loss":0,"event_name":"Mushrooms","floor":14,"gold_loss":0}],"is_beta":false,"boss_relics":[],"items_purged_floors":[3],"is_endless":false,"potions_floor_spawned":[11,14],"killed_by":"The Guardian","ascension_level":0}}