{"host":"2p2urjtdoqk7wfo5","time":1610181162,"event":{"mods":["AchievementEnabler","BaseMod","Colored Powertips","Minty Spire (QoL Compilation)"],"gold_per_floor":[116,116,132,149,160,195,205,215,215,215,249,261,261,294,294,391,391,406,188,198,198,211,243,266,266,266,266,266,266,294,312,312,408,408,420,420,420,66,81,113,126,142,219,219,237,112,112,131,131,131],"floor_reached":51,"playtime":8748,"items_purged":["Strike_G","Defend_G","Strike_G"],"score":714,"play_id":"e8895a35-088f-4b47-8d8b-ca6344ad69a7","local_time":"20210109003242","is_ascension_mode":false,"campfire_choices":[{"floor":10,"key":"REST"},{"floor":13,"key":"REST"},{"data":"1","floor":15,"key":"LIFT"},{"data":"After Image","floor":25,"key":"SMITH"},{"floor":27,"key":"REST"},{"data":"2","floor":29,"key":"LIFT"},{"floor":32,"key":"REST"},{"floor":44,"key":"REST"},{"floor":49,"key":"REST"}],"circlet_count":0,"master_deck":["Strike_G","Defend_G","Defend_G","Survivor","Neutralize","CurseOfTheBell","Predator","Footwork","Well Laid Plans","Storm of Steel","Noxious Fumes","Bane","Accuracy","Blade Dance","After Image+1","Prepared+1","Envenom","Prepared+1","Cloak And Dagger+1","Prepared+1","Dodge and Roll+1","Storm of Steel","Caltrops","Blur"],"relics":["Calling Bell","Blood Vial","Mummified Hand","Tough Bandages","Vajra","Gremlin Horn","Girya","Pen Nib","SlaversCollar","Shuriken","MealTicket","Letter Opener","Sundial","Bronze Scales","Astrolabe","Pantograph","Juzu Bracelet","HornCleat"],"acts_visited":["Exordium","TheCity","TheBeyond"],"potions_floor_usage":[16,23,33,50,50],"damage_taken":[{"damage":0,"enemies":"Small Slimes","floor":1,"turns":4},{"damage":0,"enemies":"Cultist","floor":3,"turns":3},{"damage":0,"enemies":"Jaw Worm","floor":4,"turns":3},{"damage":10,"enemies":"3 Louse","floor":5,"turns":4},{"damage":19,"enemies":"Gremlin Nob","floor":6,"turns":6},{"damage":18,"enemies":"Gremlin Gang","floor":7,"turns":4},{"damage":1,"enemies":"2 Fungi Beasts","floor":8,"turns":3},{"damage":11,"enemies":"3 Sentries","floor":11,"turns":6},{"damage":6,"enemies":"Lots of Slimes","floor":12,"turns":3},{"damage":9,"enemies":"Lagavulin","floor":14,"turns":4},{"damage":1,"enemies":"Slime Boss","floor":16,"turns":6},{"damage":0,"enemies":"Shell Parasite","floor":18,"turns":4},{"damage":8,"enemies":"3 Byrds","floor":20,"turns":4},{"damage":13,"enemies":"Sentry and Sphere","floor":22,"turns":6},{"damage":21,"enemies":"Slavers","floor":23,"turns":5},{"damage":0,"enemies":"Gremlin Leader","floor":30,"turns":5},{"damage":0,"enemies":"Snecko","floor":31,"turns":4},{"damage":19,"enemies":"Champ","floor":33,"turns":7},{"damage":3,"enemies":"Orb Walker","floor":35,"turns":3},{"damage":4,"enemies":"3 Darklings","floor":39,"turns":4},{"damage":14,"enemies":"Giant Head","floor":40,"turns":7},{"damage":34,"enemies":"Spire Growth","floor":41,"turns":5},{"damage":12,"enemies":"Jaw Worm Horde","floor":42,"turns":4},{"damage":6,"enemies":"Writhing Mass","floor":45,"turns":5},{"damage":27,"enemies":"Spire Growth","floor":48,"turns":5},{"damage":62,"enemies":"Awakened One","floor":50,"turns":10}],"seed_played":"-612474581569886429","potions_obtained":[{"floor":3,"key":"GamblersBrew"},{"floor":6,"key":"Energy Potion"},{"floor":7,"key":"LiquidMemories"},{"floor":8,"key":"GhostInAJar"},{"floor":16,"key":"FairyPotion"},{"floor":20,"key":"DuplicationPotion"},{"floor":31,"key":"PowerPotion"},{"floor":40,"key":"Dexterity Potion"},{"floor":42,"key":"Fire Potion"},{"floor":48,"key":"Fire Potion"}],"is_trial":false,"path_per_floor":["M","?","M","M","M","E","M","M","T","R","E","M","R","E","R","B",null,"M","$","M","?","M","E","T","R","T","R","?","R","E","M","R","B",null,"M","?","?","$","M","E","M","M","T","R","M","$","?","M","R","B",null],"character_chosen":"THE_SILENT","items_purchased":["Envenom","Pantograph"],"campfire_rested":6,"item_purchase_floors":[19,38],"current_hp_per_floor":[70,70,70,70,60,43,27,28,28,49,40,36,57,50,50,51,70,70,70,62,49,38,19,19,19,19,41,41,41,43,45,67,50,75,72,72,72,75,71,59,27,17,17,39,35,50,50,25,47,12],"gold":131,"neow_bonus":"BOSS_RELIC","is_daily":false,"chose_seed":false,"campfire_upgraded":1,"win_rate":0.0,"timestamp":1610181162,"path_taken":["M","?","?","M","M","E","M","M","T","R","E","?","R","E","R","BOSS","M","$","M","?","M","E","?","R","T","R","?","R","E","?","R","BOSS","M","?","?","$","?","E","M","M","T","R","M","$","?","M","R","BOSS"],"items_purchased_type":["Card","Relic"],"build_version":"2020-12-22","purchased_purges":3,"victory":true,"max_hp_per_floor":[70,70,70,70,70,70,70,70,70,70,70,70,70,70,70,70,70,70,70,70,75,75,75,75,75,75,75,75,75,75,75,75,75,75,75,75,75,75,75,75,75,75,75,75,75,75,75,75,75,75],"card_choices":[{"not_picked":["Dodge and Roll","Outmaneuver"],"picked":"Predator","floor":1},{"not_picked":["Sucker Punch","Dagger Spray","Expertise"],"picked":"SKIP","floor":3},{"not_picked":["Terror","PiercingWail"],"picked":"Footwork","floor":4},{"not_picked":["Backflip","Poisoned Stab"],"picked":"Well Laid Plans","floor":5},{"not_picked":["Outmaneuver","Blur"],"picked":"Storm of Steel","floor":6},{"not_picked":["Flying Knee","Prepared"],"picked":"Noxious Fumes","floor":7},{"not_picked":["PiercingWail","Footwork"],"picked":"Bane","floor":8},{"not_picked":["Tactician","Skewer"],"picked":"Accuracy","floor":11},{"not_picked":["Acrobatics","Deadly Poison"],"picked":"Blade Dance","floor":12},{"not_picked":["Flying Knee","Deflect","Backflip"],"picked":"SKIP","floor":14},{"not_picked":["Venomology","Corpse Explosion"],"picked":"After Image","floor":16},{"not_picked":["Distraction+1","Flying Knee"],"picked":"Prepared+1","floor":18},{"not_picked":["PiercingWail+1","Deadly Poison"],"picked":"Prepared+1","floor":20},{"not_picked":["Heel Hook","Outmaneuver+1","Bouncing Flask"],"picked":"SKIP","floor":22},{"not_picked":["Dagger Throw","Dodge and Roll","Cloak And Dagger"],"picked":"SKIP","floor":23},{"not_picked":["Doppelganger","Night Terror","Underhanded Strike"],"picked":"SKIP","floor":30},{"not_picked":["Deadly Poison","PiercingWail","Poisoned Stab"],"picked":"SKIP","floor":31},{"not_picked":["Catalyst","Footwork+1","Blade Dance"],"picked":"SKIP","floor":35},{"not_picked":["Poisoned Stab+1","Sucker Punch","Quick Slash+1"],"picked":"SKIP","floor":39},{"not_picked":["Cloak And Dagger+1","Deflect"],"picked":"Caltrops","floor":40},{"not_picked":["Poisoned Stab+1","Bane+1"],"picked":"Blur","floor":41},{"not_picked":["Poisoned Stab+1","Slice","Bane"],"picked":"SKIP","floor":42},{"not_picked":["Wraith Form v2","Deadly Poison+1","Backflip"],"picked":"SKIP","floor":45},{"not_picked":["Cloak And Dagger","Dagger Spray","Expertise+1"],"picked":"SKIP","floor":48}],"player_experience":90920,"relics_obtained":[{"floor":0,"key":"Blood Vial"},{"floor":0,"key":"Mummified Hand"},{"floor":0,"key":"Tough Bandages"},{"floor":6,"key":"Vajra"},{"floor":9,"key":"Gremlin Horn"},{"floor":11,"key":"Girya"},{"floor":14,"key":"Pen Nib"},{"floor":23,"key":"Shuriken"},{"floor":24,"key":"MealTicket"},{"floor":26,"key":"Letter Opener"},{"floor":30,"key":"Bronze Scales"},{"floor":40,"key":"Juzu Bracelet"},{"floor":43,"key":"HornCleat"}],"event_choices":[{"cards_removed":["Defend_G"],"damage_healed":0,"gold_gain":0,"player_choice":"Offered Basic","damage_taken":0,"max_hp_gain":0,"max_hp_loss":0,"event_name":"Bonfire Elementals","floor":2,"gold_loss":0},{"damage_healed":0,"gold_gain":0,"player_choice":"Shed Blood","damage_taken":18,"max_hp_gain":5,"max_hp_loss":0,"event_name":"Forgotten Altar","floor":21,"gold_loss":0},{"damage_healed":0,"gold_gain":0,"player_choice":"Gave Potion","damage_taken":0,"relics_obtained":["Sundial"],"max_hp_gain":0,"max_hp_loss":0,"event_name":"WeMeetAgain","floor":28,"gold_loss":0},{"damage_healed":0,"gold_gain":0,"player_choice":"Ignored","damage_taken":0,"max_hp_gain":0,"max_hp_loss":0,"event_name":"Tomb of Lord Red Mask","floor":36,"gold_loss":0},{"damage_healed":0,"gold_gain":0,"player_choice":"Copied","damage_taken":0,"max_hp_gain":0,"max_hp_loss":0,"event_name":"Duplicator","floor":37,"gold_loss":0,"cards_obtained":["Storm of Steel"]},{"damage_healed":0,"gold_gain":0,"player_choice":"Ignored","damage_taken":0,"max_hp_gain":0,"max_hp_loss":0,"event_name":"Mysterious Sphere","floor":47,"gold_loss":0}],"is_beta":false,"boss_relics":[{"not_picked":["SacredBark","Coffee Dripper"],"picked":"SlaversCollar"},{"not_picked":["Runic Pyramid","Busted Crown"],"picked":"Astrolabe"}],"items_purged_floors":[19,38,46],"is_endless":false,"potions_floor_spawned":[3,6,7,8,16,20,22,31,40,42,48],"ascension_level":0}}