{"host":"d8hh7rr4yzitjeuj","time":1610197322,"event":{"mods":["2.2 Compatiblity","AchievementEnabler","Act Like it!","BaseMod","Colored Map","Colored Powertips","Highlight Path","Keyboard Shortcuts","Minty Spire (QoL Compilation)","Permanent Neow","Quick Restart","StSLib","SuperFastMode"],"gold_per_floor":[115,134,146,146,161,194,194,215,241,241,241,241,261,336,22,22,115,115,131,152,152,152],"floor_reached":21,"playtime":543,"items_purged":[],"score":362,"play_id":"7446b8dc-2958-48b7-aa72-4d2c6fc19fc6","local_time":"20210109220202","is_ascension_mode":true,"campfire_choices":[{"floor":7.0,"key":"REST"},{"data":"Chaos","floor":12.0,"key":"SMITH"},{"floor":16.0,"key":"REST"}],"circlet_count":0,"master_deck":["AscendersBane","Strike_B","Strike_B","Strike_B","Strike_B","Defend_B","Defend_B","Defend_B","Defend_B","Zap","Dualcast","Biased Cognition","Rebound","Chaos+1","Redo","Streamline","Compile Driver","Lockon","Parasite","Cold Snap","Stack","Barrage","Electrodynamics","Defragment","Coolheaded+1"],"relics":["Cracked Core","Golden Idol","Mercury Hourglass","Strawberry","Omamori","Letter Opener","Black Star"],"acts_visited":["Exordium","TheCity"],"potions_floor_usage":[21],"damage_taken":[{"damage":0.0,"enemies":"2 Louse","floor":1.0,"turns":3.0},{"damage":15.0,"enemies":"Small Slimes","floor":2.0,"turns":4.0},{"damage":0.0,"enemies":"Cultist","floor":3.0,"turns":3.0},{"damage":28.0,"enemies":"Large Slime","floor":5.0,"turns":6.0},{"damage":18.0,"enemies":"Lagavulin","floor":6.0,"turns":5.0},{"damage":6.0,"enemies":"2 Fungi Beasts","floor":8.0,"turns":3.0},{"damage":4.0,"enemies":"Red Slaver","floor":13.0,"turns":3.0},{"damage":13.0,"enemies":"Lagavulin Event","floor":14.0,"turns":5.0},{"damage":24.0,"enemies":"The Guardian","floor":17.0,"turns":11.0},{"damage":2.0,"enemies":"Spheric Guardian","floor":19.0,"turns":4.0},{"damage":35.0,"enemies":"2 Thieves","floor":20.0,"turns":3.0},{"damage":21,"enemies":"Shelled Parasite and Fungi","floor":21,"turns":4}],"seed_played":"-6385602160131274559","potions_obtained":[{"floor":1.0,"key":"SkillPotion"},{"floor":2.0,"key":"EssenceOfSteel"},{"floor":6.0,"key":"SkillPotion"},{"floor":14.0,"key":"Dexterity Potion"},{"floor":19.0,"key":"Energy Potion"}],"is_trial":false,"path_per_floor":["M","M","M","?","M","E","R","M","T","M","?","R","M","?","$","R","B",null,"M","M","M"],"character_chosen":"DEFECT","items_purchased":["Letter Opener","Barrage"],"campfire_rested":2,"item_purchase_floors":[15,15],"current_hp_per_floor":[64,49,49,49,21,3,22,16,23,23,40,40,36,23,23,44,20,58,56,21,0,0],"gold":152,"neow_bonus":"ONE_RANDOM_RARE_CARD","is_daily":false,"chose_seed":false,"campfire_upgraded":1,"win_rate":0.0,"timestamp":1610197322,"path_taken":["M","M","M","?","M","E","R","M","T","M","?","R","M","?","$","R","BOSS","M","M","M"],"items_purchased_type":["Relic","Card"],"build_version":"2020-12-22","purchased_purges":0,"victory":false,"max_hp_per_floor":[71,71,71,64,64,64,64,64,71,71,71,71,71,71,71,71,71,71,71,71,71,71],"card_choices":[{"not_picked":["Undo","Heatsinks"],"picked":"Rebound","floor":1.0},{"not_picked":["Sweeping Beam","Stack"],"picked":"Chaos","floor":2.0},{"not_picked":["Conserve Battery","Auto Shields"],"picked":"Redo","floor":3.0},{"not_picked":["Self Repair","Darkness"],"picked":"Streamline","floor":5.0},{"not_picked":["Fusion","Hologram"],"picked":"Compile Driver","floor":6.0},{"not_picked":["Recycle","Force Field"],"picked":"Lockon","floor":8.0},{"not_picked":["Beam Cell","Rebound"],"picked":"Cold Snap","floor":13.0},{"not_picked":["Steam","Gash"],"picked":"Stack","floor":14.0},{"not_picked":["Hyperbeam","Biased Cognition"],"picked":"Electrodynamics","floor":17.0},{"not_picked":["Beam Cell","Fusion"],"picked":"Defragment","floor":19.0},{"not_picked":["Auto Shields","Glacier"],"picked":"Coolheaded+1","floor":20.0}],"player_experience":1434017,"relics_obtained":[{"floor":6.0,"key":"Mercury Hourglass"},{"floor":9.0,"key":"Strawberry"},{"floor":14.0,"key":"Omamori"}],"event_choices":[{"damage_healed":0.0,"max_hp_gain":0.0,"max_hp_loss":7.0,"gold_gain":0.0,"event_name":"Golden Idol","player_choice":"Lose Max HP","floor":4.0,"gold_loss":0.0,"damage_taken":0.0,"relics_obtained":["Golden Idol"]},{"damage_healed":17.0,"max_hp_gain":0.0,"max_hp_loss":0.0,"gold_gain":0.0,"event_name":"Mushrooms","player_choice":"Healed and dodged fight","floor":11.0,"gold_loss":0.0,"damage_taken":0.0,"cards_obtained":["Parasite"]},{"damage_healed":0.0,"max_hp_gain":0.0,"max_hp_loss":0.0,"gold_gain":0.0,"event_name":"Dead Adventurer","player_choice":"Searched \u00271\u0027 times","floor":14.0,"gold_loss":0.0,"damage_taken":0.0}],"is_beta":false,"boss_relics":[{"not_picked":["SlaversCollar","Velvet Choker"],"picked":"Black Star"}],"items_purged_floors":[],"is_endless":false,"potions_floor_spawned":[1,2,6,14,19],"killed_by":"Shelled Parasite and Fungi","ascension_level":20}}