{"host":"y087t2reloz9bi43","time":1610204613,"event":{"mods":["2.2 Compatiblity","AchievementEnabler","Aspiration","BaseMod","Beaked The Cultist","Bestiary","Better Note","Better Vampires","BetterRewards","ChefMod","Colored Map","Colored Powertips","Conspire","Downfall","Ekko","Fireblade Mod","Friendly Minions","GifTheSpireLib","Halation","Hermit","Hubris","Infinite Spire","Jedi Mod","JesterMod","Jorbs\u0027s Wanderer Trilogy","Mad Scientist","Marisa????????","Mimic Mod","Minty Spire (QoL Compilation)","Permanent Neow","Rare Cards Sparkle","Relic Stats","Replay The Spire","Robot Space Explorer","Shade Mod","Shop Mod","StSLib","The Blackbeard","The Bug Knight","The Construct","The Cursed","The Hierophant","The Jungle","The Marked","The Mystic","The Necromancer","The Runesmith","The Servant 0.9.4","TheHeartMod","TheHero","TheVacant","Uncapped","everything is the same but u backflip on backflip","vexMod"],"gold_per_floor":[181,191,207,65,79,79,79,79,107,117,131,146,146,146,158,259,259,259,276,293,278,278,278],"floor_reached":21,"playtime":1894,"items_purged":["hexamod:Defend"],"score":208,"play_id":"3ef397d7-e1f3-441f-9ee5-594aba96f753","local_time":"20210109150333","is_ascension_mode":false,"campfire_choices":[{"data":"hexamod:HexaLevel","floor":13,"key":"SMITH"},{"data":"hexamod:ApocalypticArmor","floor":18,"key":"SMITH"}],"circlet_count":0,"master_deck":["conspire:GhostlyStrike","conspire:GhostlyStrike","conspire:GhostlyStrike","conspire:GhostlyStrike","conspire:GhostlyDefend","conspire:GhostlyDefend","hexamod:Sear","hexamod:Float+1","hexamod:SpectersWail","hexamod:Hexaguard","hexamod:FastForward","hexamod:AdvancingGuard","hexamod:AdvancingGuard","Regret","hexamod:AdvancingGuard","hexamod:HexaLevel+1","hexamod:HauntingEcho","hexamod:FirstSeal","hexamod:NightmareStrike","hexamod:ApocalypticArmor+1","hexamod:GhostShield","hexamod:RecurringNightmare"],"relics":["hexamod:SpiritBrand","vexMod:Dragonfruit","hubris:CuriousFeather","Centennial Puzzle","halation:Risk"],"acts_visited":["Exordium","TheCity"],"potions_floor_usage":[16],"damage_taken":[{"damage":5,"enemies":"Jaw Worm","floor":2,"turns":3},{"damage":0,"enemies":"2 Louse","floor":3,"turns":2},{"damage":0,"enemies":"downfall:FleeingMerchant","floor":4,"turns":4},{"damage":0,"enemies":"conspire:RoseBush","floor":5,"turns":3},{"damage":9,"enemies":"Gremlin Nob","floor":9,"turns":4},{"damage":0,"enemies":"Lots of Slimes","floor":10,"turns":3},{"damage":9,"enemies":"Large Slime","floor":11,"turns":5},{"damage":3,"enemies":"Exordium Thugs","floor":12,"turns":3},{"damage":6,"enemies":"Gremlin Gang","floor":15,"turns":2},{"damage":29,"enemies":"downfall:Defect","floor":16,"turns":5},{"damage":39,"enemies":"conspire:FuzzyDice","floor":19,"turns":6},{"damage":14,"enemies":"Centurion and Healer","floor":20,"turns":7},{"damage":4,"enemies":"downfall:FleeingMerchant","floor":21,"turns":3}],"seed_played":"-8393865490214909807","potions_obtained":[{"floor":9,"key":"Strength Potion"},{"floor":10,"key":"jedi:tentaclejuice"},{"floor":11,"key":"Dexterity Potion"},{"floor":20,"key":"Dexterity Potion"}],"is_trial":false,"path_per_floor":["R_BF","M","M","$","M","?","T","?","E","M","M","M","R","?","M","B",null,"R","M","M","$"],"character_chosen":"THE_SPIRIT","items_purchased":["hexamod:AdvancingGuard"],"campfire_rested":0,"item_purchase_floors":[4],"current_hp_per_floor":[70,65,65,65,65,65,70,70,61,61,52,49,49,49,50,28,75,75,43,36,32,32,32],"gold":278,"neow_bonus":"REMOVE_CARD","is_daily":false,"chose_seed":false,"campfire_upgraded":2,"win_rate":0.0,"timestamp":1610204613,"path_taken":["R_BF","M","M","$","M","?","T","?","E","M","M","M","R","?","M","BOSS","R","M","M","?"],"items_purchased_type":["Card"],"build_version":"2020-12-22","purchased_purges":1,"victory":false,"max_hp_per_floor":[70,70,70,70,70,70,75,75,75,75,75,75,75,75,75,75,75,75,75,75,75,75,75],"relic_stats":{"Centennial Puzzle":[21],"counters":[13,50],"obtain_stats":[{"vexMod:Dragonfruit":7,"Centennial Puzzle":9,"hubris:CuriousFeather":8,"hexamod:SpiritBrand":0,"halation:Risk":17},{"vexMod:Dragonfruit":4,"Centennial Puzzle":5,"hubris:CuriousFeather":4,"hexamod:SpiritBrand":0,"halation:Risk":10},{"vexMod:Dragonfruit":12,"Centennial Puzzle":16,"hubris:CuriousFeather":12,"hexamod:SpiritBrand":0,"halation:Risk":34}]},"card_choices":[{"not_picked":["hexamod:GhostOfSpireFuture","hexamod:Incineration"],"picked":"hexamod:SpectersWail","floor":2},{"not_picked":["hexamod:DynamicBlow","hexamod:SecondSeal"],"picked":"hexamod:Hexaguard","floor":3},{"not_picked":["hexamod:InspiringFlames","hexamod:RainOfEmbers"],"picked":"hexamod:FastForward","floor":4},{"not_picked":["hexamod:RetreatToShadows","hexamod:ChargedBarrage"],"picked":"hexamod:AdvancingGuard","floor":5},{"not_picked":["hexamod:DynamicBlow","hexamod:PhantomFireball"],"picked":"hexamod:AdvancingGuard","floor":9},{"not_picked":["hexamod:FirstSeal","hexamod:FastForward"],"picked":"hexamod:HexaLevel","floor":10},{"not_picked":["hexamod:SpectersWail","hexamod:BacktrackSmack"],"picked":"hexamod:HauntingEcho","floor":11},{"not_picked":["hexamod:NightmareGuise","hexamod:PhantomCloak"],"picked":"hexamod:FirstSeal","floor":12},{"not_picked":["hexamod:RainOfEmbers","hexamod:BacktrackSmack"],"picked":"hexamod:NightmareStrike","floor":15},{"not_picked":["hexamod:EmpoweringStance","hexamod:WildfireWeapon"],"picked":"hexamod:ApocalypticArmor","floor":16},{"not_picked":["hexamod:RainOfEmbers","hexamod:StepThrough"],"picked":"hexamod:GhostShield","floor":19},{"not_picked":["hexamod:InspiringFlames","hexamod:GhostShield"],"picked":"hexamod:RecurringNightmare","floor":20}],"player_experience":383878,"relics_obtained":[{"floor":7,"key":"vexMod:Dragonfruit"},{"floor":9,"key":"Centennial Puzzle"}],"event_choices":[{"damage_healed":0,"gold_gain":0,"player_choice":"Agree","damage_taken":0,"max_hp_gain":0,"max_hp_loss":0,"event_name":"conspire:LoneGhost","floor":6,"gold_loss":0},{"damage_healed":0,"gold_gain":0,"player_choice":"Box","damage_taken":0,"relics_obtained":["hubris:CuriousFeather"],"max_hp_gain":0,"max_hp_loss":0,"event_name":"Big Fish","floor":8,"gold_loss":0,"cards_obtained":["Regret"]},{"damage_healed":0,"gold_gain":0,"player_choice":"Forge","damage_taken":0,"max_hp_gain":0,"max_hp_loss":0,"event_name":"Accursed Blacksmith","floor":14,"gold_loss":0,"cards_upgraded":["hexamod:Float"]}],"is_beta":false,"boss_relics":[{"not_picked":["Runic Dome","halation:Prosthetics"],"picked":"halation:Risk"}],"items_purged_floors":[4],"is_endless":false,"potions_floor_spawned":[9,10,11,20],"killed_by":"downfall:FleeingMerchant","ascension_level":0}}