{"host":"jvd5k9mqzerszifx","time":1610180025,"event":{"mods":["AchievementEnabler","Act Like it!","BaseMod","Better Note","Better Third Choice","Colored Map","Colored Powertips","Conspire","Gensokyo","Hallownest","Hubris","Infinite Spire","Jorbs\u0027s Wanderer Trilogy","Lobotomy","Minty Spire (QoL Compilation)","MostiFishMod","Replay The Spire","Reworked Bosses","Spicy Shops","StSLib","The Factory","The Jungle","【功能Mod】聪明的最终Boss"],"gold_per_floor":[130,166,166,116,152,152,234,316,340,400,494,538,646,670,694,976,1000,1066,1118,1208,1258,66,66,66,66,66,66,104,104,210,282,282,488,488,512,564,586,586,614,614,674,674,720,824,824,870,463,527,527,547,547,547,11,139,155],"floor_reached":56,"playtime":2801,"items_purged":["stsjorbsmod:Strike_Wanderer"],"score":2464,"play_id":"1656a8a5-67ac-40f0-be4b-075171cd9d1d","local_time":"20210109161345","is_ascension_mode":true,"campfire_choices":[{"data":"Strike_B","floor":6,"key":"SMITH"},{"data":"Strike_B","floor":6,"key":"SMITH"},{"data":"Leap","floor":6,"key":"SMITH"},{"data":"Leap","floor":6,"key":"SMITH"},{"data":"Double Energy","floor":6,"key":"SMITH"},{"data":"Capacitor","floor":6,"key":"SMITH"},{"data":"Electrodynamics","floor":6,"key":"SMITH"},{"data":"Redo","floor":6,"key":"SMITH"},{"data":"Zap","floor":6,"key":"SMITH"},{"data":"Dualcast","floor":6,"key":"SMITH"},{"data":"stsjorbsmod:Strike_Wanderer","floor":6,"key":"SMITH"},{"data":"MostiFishMod:Culaccino","floor":6,"key":"SMITH"},{"data":"Poisoned Stab","floor":6,"key":"SMITH"},{"data":"Replay:Undeath\u0027s Touch","floor":6,"key":"SMITH"},{"data":"conspire:SpireCoStock","floor":6,"key":"SMITH"},{"data":"Conserve Battery","floor":6,"key":"SMITH"},{"floor":6,"key":"REST"},{"data":"Replay:DivineShield","floor":15,"key":"SMITH"},{"floor":15,"key":"REST"},{"data":"Enlightenment","floor":15,"key":"SMITH"},{"data":"stsjorbsmod:Flame","floor":15,"key":"SMITH"},{"data":"stsjorbsmod:Commune","floor":15,"key":"SMITH"},{"data":"Life Link","floor":15,"key":"SMITH"},{"data":"Body Slam","floor":15,"key":"SMITH"},{"floor":15,"key":"REST"},{"data":"Go for the Eyes","floor":23,"key":"SMITH"},{"data":"Cleave","floor":23,"key":"SMITH"},{"floor":23,"key":"RECALL"},{"data":"Strike_B+2","floor":29,"key":"SMITH"},{"data":"Strike_B+3","floor":29,"key":"SMITH"},{"data":"stsjorbsmod:Strike_Wanderer","floor":29,"key":"SMITH"},{"data":"stsjorbsmod:Overkill","floor":29,"key":"SMITH"},{"floor":29,"key":"REST"},{"data":"stsjorbsmod:BurningFlask","floor":32,"key":"SMITH"},{"data":"Wireheading","floor":32,"key":"SMITH"},{"floor":32,"key":"REST"},{"data":"MostiFishMod:StoryBook","floor":40,"key":"SMITH"},{"data":"MostiFishMod:ButterFly","floor":40,"key":"SMITH"},{"data":"MostiFishMod:GatherIntelligence","floor":40,"key":"SMITH"},{"floor":40,"key":"REST"},{"data":"Sanctity","floor":42,"key":"SMITH"},{"floor":42,"key":"REST"},{"data":"Nirvana","floor":49,"key":"SMITH"},{"data":"Backflip","floor":49,"key":"SMITH"},{"data":"Beam Cell","floor":49,"key":"SMITH"},{"data":"MostiFishMod:ButterFly","floor":49,"key":"SMITH"},{"data":"Master of Strategy","floor":49,"key":"SMITH"},{"data":"Turbo","floor":49,"key":"SMITH"},{"data":"Pot Of Greed","floor":49,"key":"SMITH"},{"data":"Pot Of Greed","floor":49,"key":"SMITH"},{"data":"Pot Of Greed","floor":49,"key":"SMITH"},{"data":"Pot Of Greed","floor":49,"key":"SMITH"},{"data":"Turbo","floor":49,"key":"SMITH"},{"floor":49,"key":"REST"},{"floor":52,"key":"REST"}],"circlet_count":0,"master_deck":["AscendersBane","Strike_B+4","Strike_B+2","Leap+1","Leap+1","Double Energy+1","Capacitor+1","Electrodynamics+1","Redo+1","Zap+1","Dualcast+1","PaleAim","MostiFishMod:Culaccino+1","Poisoned Stab+1","Replay:Undeath\u0027s Touch+1","conspire:SpireCoStock+1","Conserve Battery+1","Replay:DivineShield+1","Enlightenment+1","stsjorbsmod:Flame+1","stsjorbsmod:Commune+1","Life Link+1","Body Slam+1","stsjorbsmod:Siphon+1","Go for the Eyes+1","Worship+1","Cleave+1","stsjorbsmod:Overkill+1","stsjorbsmod:BurningFlask+1","Wireheading+1","MostiFishMod:StoryBook+1","MostiFishMod:ButterFly+1","stsjorbsmod:Melt+1","MostiFishMod:GatherIntelligence+1","Sanctity+1","Nirvana+1","FTL+1","TalkToTheHand+1","Backflip+1","Beam Cell+1","MostiFishMod:ButterFly+1","Master of Strategy+1","Turbo+1","Pot Of Greed+1","Pot Of Greed+1","Pot Of Greed+1","Pot Of Greed+1","Turbo+1","Storm","MostiFishMod:LinkProtocol+1"],"relics":["Cracked Core","Peace Pipe","Ginger","Turnip","Unceasing Top","Omamori","Ice Cream","The Courier","Medical Kit","WingedGreaves","Blue Candle","DaveBox","PrismaticShard","SynthV:TestCard","MawBank","Juzu Bracelet","BionicSphere","Mango","ChiXiaoBlade","Membership Card","hubris:SlimyHat","Technique","hubris:Potato","hubris:CuriousFeather","infinitespire:Joker Card","Tiny Chest","conspire:TopHat","Eternal Feather","infinitespire:PuzzleCube","Sundial","Matryoshka","SentryEyes","PreservedInsect","Necronomicon","conspire:IceCreamScoop","Simple Rune","conspire:BottledYoYo","hubris:ToyBattleship","RhineFirstAidKit","Replay:Mystery Machine","ReplayTheSpireMod:Lightbulb","Replay:Frozen Program","infinitespire:Freezer","Orrery","Runic Capacitor","BargainBundle","infinitespire:Midas Blood","hubris:SphereOfDissonance","Grinning Jar","hubris:Reverence","Dodecahedron","infinitespire:Lucky Rock","SynthV:C4","ReplayTheSpireMod:TigerMarble","DataDisk","Bag of Marbles","Bag of Preparation","Solar Panel","infinitespire:Bottled Soul"],"acts_visited":["Gensokyo:Gensokyo","TheCity","theFactory:Factory","TheEnding"],"potions_floor_usage":[16,37],"damage_taken":[{"damage":5,"enemies":"Gensokyo:3_Fairies","floor":1,"turns":3},{"damage":4,"enemies":"Gensokyo:2_Kodama","floor":2,"turns":3},{"damage":3,"enemies":"Gensokyo:Python","floor":5,"turns":3},{"damage":1,"enemies":"Gensokyo:Aya","floor":7,"turns":3},{"damage":0,"enemies":"Gensokyo:LivingMonolith","floor":8,"turns":3},{"damage":1,"enemies":"Gensokyo:5_Fairies","floor":10,"turns":2},{"damage":12,"enemies":"Gensokyo:Cirno","floor":11,"turns":6},{"damage":0,"enemies":"Gensokyo:Kitsune","floor":12,"turns":2},{"damage":0,"enemies":"Gensokyo:2_Rabbits","floor":13,"turns":3},{"damage":3,"enemies":"Gensokyo:Kokoro","floor":16,"turns":7},{"damage":1,"enemies":"Spheric Guardian","floor":18,"turns":3},{"damage":0,"enemies":"Chosen","floor":19,"turns":2},{"damage":1,"enemies":"Centurion and Healer","floor":20,"turns":3},{"damage":1,"enemies":"3 Cultists","floor":21,"turns":3},{"damage":0,"enemies":"Shelled Parasite and Fungi","floor":28,"turns":3},{"damage":0,"enemies":"Book of Stabbing","floor":30,"turns":3},{"damage":0,"enemies":"conspire:HollyBat","floor":31,"turns":4},{"damage":0,"enemies":"bossMod:newCollector","floor":33,"turns":5},{"damage":2,"enemies":"theFactory:2_Experiment_Personnel","floor":35,"turns":3},{"damage":0,"enemies":"theFactory:4_Mini-Bots","floor":37,"turns":2},{"damage":19,"enemies":"theFactory:Personnel_and_Mini-Bots","floor":39,"turns":3},{"damage":0,"enemies":"theFactory:Manservantes","floor":41,"turns":3},{"damage":0,"enemies":"theFactory:Sentries_and_Big_Bot","floor":44,"turns":3},{"damage":0,"enemies":"theFactory:Big_Bot_Bundle","floor":46,"turns":3},{"damage":0,"enemies":"theFactory:SmogElemental","floor":48,"turns":1},{"damage":0,"enemies":"theFactory:Guardian2","floor":50,"turns":2},{"damage":0,"enemies":"Shield and Spear","floor":54,"turns":1},{"damage":0,"enemies":"The Heart","floor":55,"turns":4}],"seed_played":"5522134459019561722","potions_obtained":[{"floor":1,"key":"Swift Potion"},{"floor":5,"key":"Adrenaline Potion"},{"floor":16,"key":"LiquidBronze"},{"floor":18,"key":"Energy Potion"},{"floor":37,"key":"Energy Potion"},{"floor":54,"key":"Fire Potion"}],"is_trial":false,"path_per_floor":["M","M","?","?","M","R","E","M","T","M","E","M","M","?","R","B",null,"M","M","M","M","$","R","?","?","T","?","M","R","E","M","R","B",null,"M","T","M","AVR","M","R","E","R","T","M","?","M","$","E","R","B",null,"R","$","E","B",null],"character_chosen":"DEFECT","items_purchased":["Membership Card","hubris:SlimyHat","Technique","hubris:Potato","hubris:CuriousFeather","infinitespire:Joker Card","Tiny Chest","conspire:TopHat","Eternal Feather","infinitespire:PuzzleCube","Sundial","Matryoshka","SentryEyes","PreservedInsect","Runic Capacitor","BargainBundle","Master of Strategy","Turbo","infinitespire:Midas Blood","hubris:SphereOfDissonance","Grinning Jar","Dodecahedron","infinitespire:Lucky Rock","SynthV:C4","ReplayTheSpireMod:TigerMarble","DataDisk","Bag of Marbles","Storm","Bag of Preparation","Solar Panel"],"campfire_rested":9,"item_purchase_floors":[22,22,22,22,22,22,22,22,22,22,22,22,22,22,47,47,47,47,47,47,47,53,53,53,53,53,53,53,53,53],"current_hp_per_floor":[63,59,59,59,56,75,74,74,74,73,61,61,61,54,89,86,88,87,87,86,85,85,89,73,73,73,73,78,89,89,89,89,89,89,87,87,89,89,73,89,89,89,89,89,73,73,73,89,89,89,89,89,89,89,89],"gold":155,"neow_bonus":"THREE_RARE_CARDS","is_daily":false,"chose_seed":false,"campfire_upgraded":45,"win_rate":0.0,"timestamp":1610180025,"path_taken":["M","M","?","?","?","R","E","M","T","M","E","M","M","?","R","BOSS","M","M","M","M","$","R","?","?","T","?","M","R","E","M","R","BOSS","M","?","M","AVR","M","R","E","R","T","M","?","M","$","E","R","BOSS","R","$","E","BOSS"],"items_purchased_type":["Relic","Relic","Relic","Relic","Relic","Relic","Relic","Relic","Relic","Relic","Relic","Relic","Relic","Relic","Relic","Relic","Card","Card","Relic","Relic","Relic","Relic","Relic","Relic","Relic","Relic","Relic","Card","Relic","Relic"],"build_version":"2020-12-22","purchased_purges":1,"victory":true,"max_hp_per_floor":[75,75,75,75,75,75,75,75,75,75,75,75,75,89,89,89,89,89,89,89,89,89,89,89,89,89,89,89,89,89,89,89,89,89,89,89,89,89,89,89,89,89,89,89,89,89,89,89,89,89,89,89,89,89,89],"card_choices":[{"not_picked":["MostiFishMod:ATRI","MostiFishMod:ReadyAimFire"],"picked":"MostiFishMod:Culaccino","floor":0},{"not_picked":["stsjorbsmod:MistyStep","stsjorbsmod:ChatteringStrike"],"picked":"Poisoned Stab","floor":1},{"not_picked":["BootSequence","stsjorbsmod:BookOfTongues","Reckless Charge","Spot Weakness"],"picked":"Replay:Undeath\u0027s Touch","floor":2},{"not_picked":["Body Slam","Searing Blow","Shrug It Off","stsjorbsmod:Expose"],"picked":"Conserve Battery","floor":5},{"not_picked":["SpiritShield","FlyingSleeves","Leap","Metallicize"],"picked":"Replay:DivineShield","floor":7},{"not_picked":["Dodge and Roll","Gensokyo:SalamanderShield","FlurryOfBlows","Wingbeat"],"picked":"Enlightenment","floor":8},{"not_picked":["stsjorbsmod:UnseenServant","stsjorbsmod:AnimateObjects","MostiFishMod:Disappear","Masterful Stab"],"picked":"stsjorbsmod:Flame","floor":10},{"not_picked":["stsjorbsmod:FranticMind","Poisoned Stab","Backflip","ReplayTheSpireMod:Scrap Shanks"],"picked":"stsjorbsmod:Commune","floor":11},{"not_picked":["Whirlwind","Unload","CutThroughFate","Sanctity"],"picked":"Life Link","floor":12},{"not_picked":["CUTE","Deadly Poison","Panic Button","FlyingSleeves"],"picked":"Body Slam","floor":13},{"not_picked":["Eclipse","Gensokyo:RisingWorld","Glass Knife","hubris:StunningStrike"],"picked":"MostiFishMod:FullyArmed","floor":16},{"not_picked":["Rebound","Anger","stsjorbsmod:Ritual","Quick Slash"],"picked":"stsjorbsmod:Siphon","floor":18},{"not_picked":["SomewhereSpear","Backflip","Hypocrisy","Heavy Blade"],"picked":"Go for the Eyes","floor":19},{"not_picked":["EmptyMind","stsjorbsmod:Prestidigitation","Ghostly Armor","stsjorbsmod:Poultergeist"],"picked":"Worship","floor":20},{"not_picked":["PathToVictory","Disarm","Havoc","Armaments"],"picked":"Cleave","floor":21},{"not_picked":["Masterful Stab","Crescendo","The Bomb","stsjorbsmod:Cyclone+1"],"picked":"stsjorbsmod:Overkill","floor":28},{"not_picked":["conspire:HitWhereItHurts","stsjorbsmod:Brooding","Protect","Forethought"],"picked":"stsjorbsmod:BurningFlask","floor":30},{"not_picked":["BowlingBash","stsjorbsmod:Firebolt","ReplayTheSpireMod:Shiv Toss","stsjorbsmod:Panic"],"picked":"Wireheading","floor":31},{"not_picked":["MostiFishMod:Opportunism","All For One","MostiFishMod:Kaleido","Gensokyo:UnhurriedMind"],"picked":"MostiFishMod:StoryBook","floor":33},{"not_picked":["Jack Of All Trades","stsjorbsmod:Mindworm","Horn","stsjorbsmod:BookOfTongues"],"picked":"MostiFishMod:ButterFly","floor":35},{"not_picked":["stsjorbsmod:Pollute","Underhanded Strike","Leg Sweep","Predator"],"picked":"stsjorbsmod:Melt+1","floor":37},{"not_picked":["Replay:BluntJabs+1","Terror","Consume","stsjorbsmod:RayOfFrost"],"picked":"MostiFishMod:GatherIntelligence","floor":39},{"not_picked":["Underhanded Strike","MostiFishMod:GrandStart","stsjorbsmod:BlackTentacles","RedEyes"],"picked":"Sanctity","floor":41},{"not_picked":["stsjorbsmod:Firebolt","FeatherOfHonor","stsjorbsmod:Catharsis","ScreamingWedge"],"picked":"Nirvana","floor":44},{"not_picked":["MostiFishMod:PoisonShield","Infernal Blade","Protect","stsjorbsmod:Damnation+1"],"picked":"FTL+1","floor":45},{"not_picked":["Toxin Wave","Shrug It Off","Poisoned Stab+1","Deadly Poison+1"],"picked":"TalkToTheHand+1","floor":45},{"not_picked":["MostiFishMod:Speedup","Compile Driver+1","Replay:BasicMightCard","Fusion"],"picked":"Backflip","floor":45},{"not_picked":["MostiFishMod:Dislodge","PiercingWail+1","stsjorbsmod:Flame","Entrench"],"picked":"Beam Cell","floor":45},{"not_picked":["MostiFishMod:Neurotoxin","Barrage","Perfected Strike","Warcry"],"picked":"MostiFishMod:ButterFly","floor":46},{"not_picked":["Beak+1","ReplayTheSpireMod:Strike From Hell","Fission","PanicButton"],"picked":"Turbo","floor":48},{"not_picked":["MostiFishMod:ThornCasing+1","stsjorbsmod:Brooding","stsjorbsmod:Strife","stsjorbsmod:ChainLightning"],"picked":"MostiFishMod:LinkProtocol+1","floor":54}],"player_experience":190976,"relics_obtained":[{"floor":1,"key":"SynthV:TestCard"},{"floor":7,"key":"MawBank"},{"floor":9,"key":"Juzu Bracelet"},{"floor":11,"key":"BionicSphere"},{"floor":24,"key":"Necronomicon"},{"floor":26,"key":"Simple Rune"},{"floor":26,"key":"conspire:BottledYoYo"},{"floor":30,"key":"hubris:ToyBattleship"},{"floor":36,"key":"Replay:Mystery Machine"},{"floor":36,"key":"ReplayTheSpireMod:Lightbulb"},{"floor":41,"key":"infinitespire:Freezer"},{"floor":48,"key":"hubris:Reverence"},{"floor":54,"key":"infinitespire:Bottled Soul"}],"event_choices":[{"damage_healed":0,"gold_gain":0,"player_choice":"Invest 1","damage_taken":0,"max_hp_gain":0,"max_hp_loss":0,"event_name":"conspire:Investor","floor":4,"gold_loss":0},{"damage_healed":0,"gold_gain":0,"player_choice":"Obtained Book","damage_taken":16,"max_hp_gain":0,"max_hp_loss":0,"event_name":"Cursed Tome","floor":24,"gold_loss":0},{"damage_healed":0,"gold_gain":0,"player_choice":"Opened","damage_taken":0,"relics_obtained":["conspire:IceCreamScoop"],"max_hp_gain":0,"max_hp_loss":0,"event_name":"The Mausoleum","floor":25,"gold_loss":0},{"damage_healed":0,"gold_gain":0,"player_choice":"Adaptability","damage_taken":0,"max_hp_gain":0,"max_hp_loss":0,"event_name":"betterThird:BetterWriting","floor":27,"gold_loss":0}],"is_beta":false,"boss_relics":[{"not_picked":["Pandora\u0027s Box","Fusion Hammer"],"picked":"ChiXiaoBlade"},{"not_picked":["Replay:Grab Bag","infinitespire:Cupcake"],"picked":"RhineFirstAidKit"}],"items_purged_floors":[38],"is_endless":false,"potions_floor_spawned":[1,5,10,12,13,16,18,21,30,33,35,37,41,54],"ascension_level":12}}