{"host":"kig4ty9d1aubg29s","time":1610195948,"event":{"mods":["BaseMod","Minty Spire (QoL Compilation)","READ ME - Guardian Mod","READ ME - Snecko Mod","StSLib","The Cursed","The Gatherer","The Hierophant","The Runesmith"],"gold_per_floor":[111,111,111,71,87,87,87,100,100,100,116,149,160,190,190,268,268,287,287,304,323,347,347,347],"floor_reached":23,"playtime":763,"items_purged":[],"score":402,"play_id":"0a237ed9-fa32-43fb-ba91-fbc1bc679078","local_time":"20210109213908","is_ascension_mode":true,"campfire_choices":[{"floor":6,"key":"REST"},{"data":"Zap","floor":10,"key":"SMITH"},{"floor":15,"key":"REST"}],"circlet_count":0,"master_deck":["AscendersBane","Strike_B","Strike_B","Defend_B","Zap+1","Dualcast","Storm+1","BootSequence","Auto Shields","Cold Snap","Coolheaded","Aggregate","Melter","Cold Snap","Machine Learning+1","Melter+1","All For One+1","Amplify+1","Static Discharge+1","Static Discharge+1","Blizzard","Loop+1","Stack"],"relics":["Cracked Core","Tiny Chest","Mercury Hourglass","Ancient Tea Set","Frozen Egg 2","Kunai","Potion Belt","Astrolabe","Happy Flower"],"acts_visited":["Exordium","TheCity"],"potions_floor_usage":[12,14,14,14,16,18,20],"damage_taken":[{"damage":7,"enemies":"Jaw Worm","floor":1,"turns":4},{"damage":0,"enemies":"2 Louse","floor":5,"turns":2},{"damage":0,"enemies":"Cultist","floor":8,"turns":3},{"damage":6,"enemies":"Exordium Thugs","floor":11,"turns":4},{"damage":9,"enemies":"Lagavulin","floor":12,"turns":8},{"damage":12,"enemies":"Gremlin Gang","floor":13,"turns":4},{"damage":28,"enemies":"Gremlin Nob","floor":14,"turns":4},{"damage":2,"enemies":"The Guardian","floor":16,"turns":13},{"damage":17,"enemies":"3 Byrds","floor":18,"turns":4},{"damage":9,"enemies":"2 Thieves","floor":20,"turns":4},{"damage":8,"enemies":"Snecko","floor":21,"turns":3},{"damage":31,"enemies":"Slavers","floor":23,"turns":2}],"seed_played":"-8621892531095670611","potions_obtained":[{"floor":5,"key":"SkillPotion"},{"floor":11,"key":"DuplicationPotion"},{"floor":12,"key":"EntropicBrew"},{"floor":16,"key":"Weak Potion"},{"floor":18,"key":"Block Potion"}],"is_trial":false,"path_per_floor":["M","?","?","$","M","R","T","M","T","R","M","E","M","E","R","B",null,"M","?","M","M","T","E"],"character_chosen":"DEFECT","items_purchased":["BootSequence"],"campfire_rested":2,"item_purchase_floors":[4],"current_hp_per_floor":[57,46,46,46,46,67,67,67,67,67,61,52,40,12,33,31,61,44,44,35,27,27,0,0],"gold":347,"neow_bonus":"RANDOM_COMMON_RELIC","is_daily":false,"chose_seed":false,"campfire_upgraded":1,"win_rate":0.0,"timestamp":1610195948,"path_taken":["M","?","?","?","M","R","?","M","T","R","M","E","M","E","R","BOSS","M","?","M","M","?","E"],"items_purchased_type":["Card"],"build_version":"2020-12-22","purchased_purges":0,"victory":false,"max_hp_per_floor":[71,71,71,71,71,71,71,71,71,71,71,71,71,71,71,71,71,71,71,71,71,71,71,71],"card_choices":[{"not_picked":["Sweeping Beam","Reinforced Body"],"picked":"Storm","floor":1},{"not_picked":["Blizzard","Reprogram"],"picked":"Auto Shields","floor":5},{"not_picked":["Sweeping Beam","Scrape"],"picked":"Cold Snap","floor":8},{"not_picked":["Rebound","Double Energy"],"picked":"Coolheaded","floor":11},{"not_picked":["Go for the Eyes","Amplify"],"picked":"Aggregate","floor":12},{"not_picked":["Chill","Tempest"],"picked":"Melter","floor":13},{"not_picked":["Streamline","Conserve Battery"],"picked":"Cold Snap","floor":14},{"not_picked":["Fission","Core Surge"],"picked":"Machine Learning+1","floor":16},{"not_picked":["Cold Snap","Reprogram"],"picked":"Static Discharge+1","floor":18},{"not_picked":["Cold Snap","Stack+1"],"picked":"Loop+1","floor":20},{"not_picked":["Steam Power","Chaos"],"picked":"Stack","floor":21}],"player_experience":1923903,"relics_obtained":[{"floor":7,"key":"Ancient Tea Set"},{"floor":9,"key":"Frozen Egg 2"},{"floor":12,"key":"Kunai"},{"floor":14,"key":"Potion Belt"},{"floor":22,"key":"Happy Flower"}],"event_choices":[{"damage_healed":0,"gold_gain":0,"player_choice":"Success","damage_taken":11,"relics_obtained":["Mercury Hourglass"],"max_hp_gain":0,"max_hp_loss":0,"event_name":"Scrap Ooze","floor":2,"gold_loss":0},{"damage_healed":0,"gold_gain":0,"player_choice":"Grow","damage_taken":0,"max_hp_gain":0,"max_hp_loss":0,"event_name":"Living Wall","floor":3,"gold_loss":0,"cards_upgraded":["Storm"]},{"damage_healed":0,"gold_gain":0,"cards_transformed":["Strike_B","Defend_B"],"player_choice":"Became Test Subject","damage_taken":0,"max_hp_gain":0,"max_hp_loss":0,"event_name":"Drug Dealer","floor":19,"gold_loss":0,"cards_obtained":["Static Discharge","Blizzard"]}],"is_beta":false,"boss_relics":[{"not_picked":["Cursed Key","Runesmith:UraniumAnvil"],"picked":"Astrolabe"}],"items_purged_floors":[],"is_endless":false,"potions_floor_spawned":[5,11,12,16,18],"killed_by":"Slavers","ascension_level":20}}