{"host":"bf9sa99gaumonoeu","time":1610160493,"event":{"mods":["AchievementEnabler","Act Like it!","BaseMod","Better Sensory Stone","Colored Map","Colored Powertips","Downfall","Friendly Minions","Gensokyo","GifTheSpireLib","Googly Eyes","Hallownest","Hermit","Jorbs\u0027s Wanderer Trilogy","KinomotoSakuraMod(????)","Koishi","Lobotomy","Marisa????????","Minty Spire (QoL Compilation)","Rare Cards Sparkle","Reimu??????","Relic Stats","Remilia??????","StSLib","The Administrix","The Animator","The Blue Laboratory","The Bug Knight","The Construct","The Cursed","The Disciple","The Hierophant","The Mystic","The Necromancer","The Poker Player","The Runesmith","The Senshi","The Servant 0.9.4","TheLocksmith"],"gold_per_floor":[113,128,148,88,107,107,127,127,127,127,160,160,174,174,174,174,174],"floor_reached":16,"playtime":648,"items_purged":[],"score":199,"play_id":"d9189335-17a7-4a67-a6a4-88b4c01d8466","local_time":"20210109004813","is_ascension_mode":true,"campfire_choices":[{"data":"Predator","floor":6,"key":"SMITH"},{"data":"Masterful Stab","floor":8,"key":"SMITH"},{"data":"Leg Sweep","floor":10,"key":"SMITH"},{"floor":12,"key":"REST"},{"floor":15,"key":"REST"}],"circlet_count":0,"master_deck":["AscendersBane","Strike_G+1","Strike_G+1","Strike_G","Strike_G","Defend_G","Defend_G","Defend_G","Defend_G","Survivor","Neutralize","Masterful Stab+1","Backflip","Sucker Punch","Predator+1","Leg Sweep+1","Crippling Poison","Leg Sweep"],"relics":["Empty Cage","PaintedHorse:ReiMu","Anchor","ScarletDevilRocket"],"acts_visited":["Exordium"],"potions_floor_usage":[11,16],"damage_taken":[{"damage":6,"enemies":"2 Louse","floor":1,"turns":5},{"damage":2,"enemies":"Jaw Worm","floor":2,"turns":4},{"damage":2,"enemies":"Small Slimes","floor":3,"turns":4},{"damage":0,"enemies":"Looter","floor":5,"turns":3},{"damage":16,"enemies":"Exordium Thugs","floor":7,"turns":5},{"damage":8,"enemies":"Lagavulin","floor":11,"turns":7},{"damage":0,"enemies":"3 Louse","floor":13,"turns":3},{"damage":48,"enemies":"Hexaghost","floor":16,"turns":12}],"seed_played":"2120908807664883422","potions_obtained":[{"floor":3,"key":"blueLaboratory:PhilterOfMotion"},{"floor":13,"key":"ColorlessPotion"}],"is_trial":false,"path_per_floor":["M","M","M","?","M","R","M","R","T","R","E","R","M","?","R","B"],"character_chosen":"THE_SILENT","items_purchased":[],"campfire_rested":2,"item_purchase_floors":[],"current_hp_per_floor":[53,51,49,49,49,49,33,33,33,33,25,44,44,24,43,0,0],"gold":174,"neow_bonus":"BOSS_RELIC","is_daily":false,"chose_seed":false,"campfire_upgraded":3,"win_rate":0.0,"timestamp":1610160493,"path_taken":["M","M","M","?","M","R","M","R","T","R","E","R","M","?","R","BOSS"],"items_purchased_type":[],"build_version":"2020-12-22","purchased_purges":0,"victory":false,"max_hp_per_floor":[66,66,66,66,66,66,66,66,66,66,66,66,66,66,66,66,66],"relic_stats":{"counters":[8,43],"obtain_stats":[{"Anchor":9,"ScarletDevilRocket":11,"PaintedHorse:ReiMu":4,"Empty Cage":0,"Ring of the Snake":0},{"Anchor":5,"ScarletDevilRocket":6,"PaintedHorse:ReiMu":3,"Empty Cage":0,"Ring of the Snake":0},{"Anchor":21,"ScarletDevilRocket":28,"PaintedHorse:ReiMu":13,"Empty Cage":0,"Ring of the Snake":0}]},"card_choices":[{"not_picked":["Cloak And Dagger","Backflip"],"picked":"Masterful Stab","floor":1},{"not_picked":["Flying Knee","Dodge and Roll"],"picked":"Backflip","floor":2},{"not_picked":["Choke","Underhanded Strike"],"picked":"Sucker Punch","floor":3},{"not_picked":["Flechettes","Backstab"],"picked":"Predator","floor":5},{"not_picked":["Bane","Envenom"],"picked":"Leg Sweep","floor":7},{"not_picked":["Dagger Throw","Caltrops"],"picked":"Crippling Poison","floor":11},{"not_picked":["Dodge and Roll","Underhanded Strike"],"picked":"Leg Sweep","floor":13}],"player_experience":885478,"relics_obtained":[{"floor":9,"key":"Anchor"},{"floor":11,"key":"ScarletDevilRocket"}],"event_choices":[{"damage_healed":0,"gold_gain":0,"player_choice":"Donate","damage_taken":0,"relics_obtained":["PaintedHorse:ReiMu"],"max_hp_gain":0,"max_hp_loss":0,"event_name":"yidonshenshe","floor":4,"gold_loss":60},{"damage_healed":0,"gold_gain":0,"player_choice":"Entered Light","damage_taken":20,"max_hp_gain":0,"max_hp_loss":0,"event_name":"Shining Light","floor":14,"gold_loss":0,"cards_upgraded":["Strike_G","Strike_G"]}],"is_beta":false,"boss_relics":[],"items_purged_floors":[],"is_endless":false,"potions_floor_spawned":[3,13],"killed_by":"Hexaghost","ascension_level":19}}