{"host":"1c17lcvl7acx821p","time":1610228599,"event":{"mods":["AchievementEnabler","BaseMod","Colored Map","Minty Spire (QoL Compilation)","StSLib"],"gold_per_floor":[14,14,14,14,54,89,89,104,131,81,97,127,142,168,168,168,168],"floor_reached":16,"playtime":666,"items_purged":[],"score":132,"play_id":"5c45cbfa-9c88-4cb0-8677-102721edd44b","local_time":"20210109234319","is_ascension_mode":true,"campfire_choices":[{"data":"Intimidate","floor":7.0,"key":"SMITH"},{"data":"Spot Weakness","floor":15.0,"key":"SMITH"}],"circlet_count":0,"master_deck":["Strike_R","Strike_R+1","Strike_R+1","Defend_R","Defend_R","Defend_R","Defend_R","Bash","Transmutation","Intimidate+1","Clash","Clothesline","Spot Weakness+1","True Grit","Pummel","Disarm","Shrug It Off"],"relics":["Burning Blood","Juzu Bracelet","Red Skull","HornCleat","Ornamental Fan"],"acts_visited":["Exordium"],"potions_floor_usage":[16],"damage_taken":[{"damage":2.0,"enemies":"2 Louse","floor":1.0,"turns":4.0},{"damage":9.0,"enemies":"Jaw Worm","floor":5.0,"turns":4.0},{"damage":23.0,"enemies":"3 Sentries","floor":6.0,"turns":10.0},{"damage":0.0,"enemies":"Cultist","floor":8.0,"turns":2.0},{"damage":3.0,"enemies":"Looter","floor":11.0,"turns":3.0},{"damage":14.0,"enemies":"Gremlin Nob","floor":12.0,"turns":4.0},{"damage":8.0,"enemies":"3 Louse","floor":13.0,"turns":2.0},{"damage":10.0,"enemies":"3 Sentries","floor":14.0,"turns":5.0},{"damage":43,"enemies":"Slime Boss","floor":16,"turns":6}],"seed_played":"-7079195836437384874","potions_obtained":[{"floor":5.0,"key":"LiquidBronze"},{"floor":8.0,"key":"Explosive Potion"}],"is_trial":false,"path_per_floor":["M","?","?","$","M","E","R","M","T","?","M","E","M","E","R","B"],"character_chosen":"IRONCLAD","items_purchased":[],"campfire_rested":0,"item_purchase_floors":[],"current_hp_per_floor":[80,80,64,64,61,44,44,50,50,50,53,45,43,39,39,0,0],"gold":168,"neow_bonus":"RANDOM_COLORLESS_2","is_daily":false,"chose_seed":false,"campfire_upgraded":2,"win_rate":0.0,"timestamp":1610228599,"path_taken":["M","?","?","?","M","E","R","M","T","?","M","E","M","E","R","BOSS"],"items_purchased_type":[],"build_version":"2020-12-22","purchased_purges":0,"victory":false,"max_hp_per_floor":[80,80,80,80,80,80,80,80,80,80,80,80,80,80,80,80,80],"card_choices":[{"not_picked":["Magnetism","Sadistic Nature"],"picked":"Transmutation","floor":0.0},{"not_picked":["Sword Boomerang","Pommel Strike"],"picked":"Intimidate","floor":1.0},{"not_picked":["Heavy Blade","Perfected Strike"],"picked":"Clothesline","floor":5.0},{"not_picked":["Clothesline","Clash","Carnage"],"picked":"SKIP","floor":6.0},{"not_picked":["Infernal Blade","True Grit"],"picked":"Spot Weakness","floor":8.0},{"not_picked":["Shrug It Off","Headbutt"],"picked":"True Grit","floor":11.0},{"not_picked":["Bloodletting","Hemokinesis"],"picked":"Pummel","floor":12.0},{"not_picked":["Clothesline","Carnage"],"picked":"Disarm","floor":13.0},{"not_picked":["Uppercut","Iron Wave"],"picked":"Shrug It Off","floor":14.0}],"player_experience":5766,"relics_obtained":[{"floor":6.0,"key":"Juzu Bracelet"},{"floor":9.0,"key":"Red Skull"},{"floor":12.0,"key":"HornCleat"},{"floor":14.0,"key":"Ornamental Fan"}],"event_choices":[{"damage_healed":0.0,"max_hp_gain":0.0,"max_hp_loss":0.0,"gold_gain":0.0,"cards_transformed":["Strike_R"],"event_name":"Living Wall","player_choice":"Change","floor":2.0,"gold_loss":0.0,"damage_taken":0.0,"cards_obtained":["Clash"]},{"damage_healed":0.0,"max_hp_gain":0.0,"max_hp_loss":0.0,"gold_gain":0.0,"event_name":"Shining Light","player_choice":"Entered Light","floor":3.0,"gold_loss":0.0,"damage_taken":16.0,"cards_upgraded":["Strike_R","Strike_R"]},{"cards_removed":["Strike_R"],"damage_healed":0.0,"max_hp_gain":0.0,"max_hp_loss":0.0,"gold_gain":0.0,"event_name":"The Cleric","player_choice":"Card Removal","floor":10.0,"gold_loss":50.0,"damage_taken":0.0}],"is_beta":false,"boss_relics":[],"items_purged_floors":[],"is_endless":false,"potions_floor_spawned":[5,8],"killed_by":"Slime Boss","ascension_level":2}}