{"host":"hzinic87vu8p95wn","time":1610196897,"event":{"mods":["BaseMod","Minty Spire (QoL Compilation)"],"gold_per_floor":[115,115,115,29,42,86,86,86,138,138,182,182,218,242,242,242,242],"floor_reached":16,"playtime":492,"items_purged":[],"score":268,"play_id":"8b9af7e9-21b2-4098-8be4-66575730edcd","local_time":"20210109235457","is_ascension_mode":true,"campfire_choices":[{"data":"Flying Knee","floor":10.0,"key":"SMITH"},{"floor":15.0,"key":"REST"}],"circlet_count":0,"master_deck":["AscendersBane","Strike_G","Strike_G","Strike_G","Strike_G","Strike_G","Defend_G","Defend_G","Defend_G","Defend_G","Defend_G","Survivor","Neutralize","Poisoned Stab","Deflect","Caltrops+1","Flying Knee+1"],"relics":["Ring of the Snake","NeowsBlessing","Golden Idol","Bottled Lightning","Lantern","Ancient Tea Set","Anchor","Strawberry"],"acts_visited":["Exordium"],"potions_floor_usage":[16],"damage_taken":[{"damage":0.0,"enemies":"Small Slimes","floor":1.0,"turns":1.0},{"damage":0.0,"enemies":"Jaw Worm","floor":5.0,"turns":1.0},{"damage":0.0,"enemies":"Lagavulin","floor":6.0,"turns":2.0},{"damage":34.0,"enemies":"3 Sentries","floor":11.0,"turns":10.0},{"damage":42.0,"enemies":"Lagavulin","floor":13.0,"turns":8.0},{"damage":0.0,"enemies":"Cultist","floor":14.0,"turns":3.0},{"damage":50,"enemies":"Hexaghost","floor":16,"turns":12}],"seed_played":"-2290537993820886409","potions_obtained":[{"floor":1.0,"key":"Swift Potion"},{"floor":5.0,"key":"CunningPotion"},{"floor":13.0,"key":"Dexterity Potion"}],"is_trial":false,"path_per_floor":["M","?","?","$","M","E","?","?","T","R","E","?","E","M","R","B"],"character_chosen":"THE_SILENT","items_purchased":["Caltrops"],"campfire_rested":1,"item_purchase_floors":[4],"current_hp_per_floor":[59,59,59,59,59,59,41,41,41,41,7,60,25,25,45,0,0],"gold":242,"neow_bonus":"THREE_ENEMY_KILL","is_daily":false,"chose_seed":false,"campfire_upgraded":1,"win_rate":0.0,"timestamp":1610196897,"path_taken":["M","?","?","$","?","E","?","?","T","R","E","?","E","M","R","BOSS"],"items_purchased_type":["Card"],"build_version":"2020-12-22","purchased_purges":0,"victory":false,"max_hp_per_floor":[66,60,60,60,60,60,60,60,60,60,60,60,67,67,67,67,67],"card_choices":[{"not_picked":["Dash","Distraction"],"picked":"Poisoned Stab","floor":1.0},{"not_picked":["Poisoned Stab","Acrobatics"],"picked":"Flying Knee","floor":5.0},{"not_picked":["Bane","Phantasmal Killer","Sucker Punch"],"picked":"SKIP","floor":6.0},{"not_picked":["Flying Knee","Eviscerate","Dagger Throw"],"picked":"SKIP","floor":11.0},{"not_picked":["Sucker Punch","Backstab","Calculated Gamble"],"picked":"SKIP","floor":13.0},{"not_picked":["Heel Hook","Blade Dance","Backflip"],"picked":"SKIP","floor":14.0}],"player_experience":1558161,"relics_obtained":[{"floor":6.0,"key":"Bottled Lightning"},{"floor":9.0,"key":"Ancient Tea Set"},{"floor":11.0,"key":"Anchor"},{"floor":13.0,"key":"Strawberry"}],"event_choices":[{"damage_healed":0.0,"max_hp_gain":0.0,"max_hp_loss":6.0,"gold_gain":0.0,"event_name":"Golden Idol","player_choice":"Lose Max HP","floor":2.0,"gold_loss":0.0,"damage_taken":0.0,"relics_obtained":["Golden Idol"]},{"damage_healed":0.0,"max_hp_gain":0.0,"max_hp_loss":0.0,"gold_gain":0.0,"event_name":"Match and Keep!","player_choice":"1 cards matched","floor":3.0,"gold_loss":0.0,"damage_taken":0.0,"cards_obtained":["Deflect"]},{"damage_healed":0.0,"max_hp_gain":0.0,"max_hp_loss":0.0,"gold_gain":0.0,"event_name":"Scrap Ooze","player_choice":"Success","floor":7.0,"gold_loss":0.0,"damage_taken":18.0,"relics_obtained":["Lantern"]},{"damage_healed":0.0,"max_hp_gain":0.0,"max_hp_loss":0.0,"gold_gain":0.0,"event_name":"Living Wall","player_choice":"Grow","floor":8.0,"gold_loss":0.0,"damage_taken":0.0,"cards_upgraded":["Caltrops"]},{"damage_healed":53.0,"max_hp_gain":0.0,"max_hp_loss":0.0,"gold_gain":0.0,"event_name":"Wheel of Change","player_choice":"Full Heal","floor":12.0,"gold_loss":0.0,"damage_taken":0.0}],"is_beta":false,"boss_relics":[],"items_purged_floors":[],"is_endless":false,"potions_floor_spawned":[1,5,13],"killed_by":"Hexaghost","ascension_level":18}}