{"host":"7qf1todfnxspvw7w","time":1610159763,"event":{"mods":["AchievementEnabler","BaseMod","Block Reminder","Colored Powertips","Disable Question Mark Monsters","Displayed Cursed Tome","Googly Eyes","Minty Spire (QoL Compilation)","Poor People Problems","Rare Cards Sparkle","Relic Stats","Reorder Act Four","SacredBarkPlus","StSLib","Uncapped"],"gold_per_floor":[362,437,452,467,321,321,221,221,221,221,221,221,235,110,110,241,241,266,266,287,137,151,151,151,151,151],"floor_reached":25,"playtime":482,"items_purged":["Strike_R","Defend_R","Strike_R","Strike_R"],"score":189,"play_id":"c9cb174a-5107-4ad7-86dc-82e2f912264e","local_time":"20210109053603","is_ascension_mode":false,"campfire_choices":[{"floor":6,"key":"REST"},{"floor":8,"key":"REST"},{"data":"Bash","floor":10,"key":"SMITH"},{"data":"Dropkick","floor":15,"key":"SMITH"},{"data":"Defend_R","floor":23,"key":"SMITH"}],"circlet_count":0,"master_deck":["Strike_R","Defend_R+1","Defend_R","Bash+1","Dropkick+1","Shrug It Off+1","Writhe"],"relics":["Burning Blood","Darkstone Periapt","Golden Idol","Question Card","Empty Cage","Toy Ornithopter"],"acts_visited":["Exordium","TheCity"],"potions_floor_usage":[20,22],"damage_taken":[{"damage":11,"enemies":"Jaw Worm","floor":1,"turns":3},{"damage":9,"enemies":"2 Louse","floor":3,"turns":3},{"damage":8,"enemies":"Small Slimes","floor":4,"turns":3},{"damage":1,"enemies":"3 Louse","floor":13,"turns":3},{"damage":161,"enemies":"Hexaghost","floor":16,"turns":15},{"damage":32,"enemies":"Shell Parasite","floor":18,"turns":4},{"damage":31,"enemies":"Spheric Guardian","floor":20,"turns":6},{"damage":23,"enemies":"Snake Plant","floor":22,"turns":4},{"damage":72,"enemies":"Slavers","floor":25,"turns":4}],"seed_played":"6948748231764130156","potions_obtained":[{"floor":1,"key":"SteroidPotion"},{"floor":16,"key":"DistilledChaos"},{"floor":18,"key":"LiquidMemories"},{"floor":22,"key":"FearPotion"}],"is_trial":false,"path_per_floor":["M","?","M","M","$","R","$","R","T","R","?","?","M","$","R","B",null,"M","?","M","$","M","R","?","E"],"character_chosen":"IRONCLAD","items_purchased":["Dropkick"],"campfire_rested":2,"item_purchase_floors":[5],"current_hp_per_floor":[51,40,37,35,35,59,59,80,80,80,74,71,74,74,74,27,74,48,48,23,23,60,60,66,0,0],"gold":151,"neow_bonus":"TWO_FIFTY_GOLD","is_daily":false,"chose_seed":false,"campfire_upgraded":3,"win_rate":0.0,"timestamp":1610159763,"path_taken":["M","?","M","M","$","R","$","R","T","R","?","?","M","$","R","BOSS","M","?","?","$","?","R","?","E"],"items_purchased_type":["Card"],"build_version":"2020-12-22","purchased_purges":4,"victory":false,"max_hp_per_floor":[80,80,80,80,80,80,80,80,80,80,74,74,74,74,74,74,74,74,74,74,74,74,74,80,80,80],"relic_stats":{"Darkstone Periapt":6,"counters":[9,45],"Golden Idol":41,"Question Card":5,"obtain_stats":[{"Darkstone Periapt":9,"Golden Idol":11,"Question Card":12,"Empty Cage":17,"Burning Blood":0,"Toy Ornithopter":24},{"Darkstone Periapt":3,"Golden Idol":3,"Question Card":3,"Empty Cage":5,"Burning Blood":0,"Toy Ornithopter":8},{"Darkstone Periapt":9,"Golden Idol":9,"Question Card":9,"Empty Cage":27,"Burning Blood":0,"Toy Ornithopter":41}],"Burning Blood":46,"Toy Ornithopter":0},"card_choices":[{"not_picked":["Dual Wield","Feel No Pain","Iron Wave"],"picked":"SKIP","floor":1},{"not_picked":["Disarm","Power Through","Cleave"],"picked":"SKIP","floor":3},{"not_picked":["Twin Strike","Flex","True Grit"],"picked":"SKIP","floor":4},{"not_picked":["Flex","Perfected Strike","Sentinel","Demon Form"],"picked":"SKIP","floor":13},{"not_picked":["Flame Barrier","Evolve+1","Iron Wave+1"],"picked":"Shrug It Off","floor":18},{"not_picked":["Clothesline","Thunderclap","Perfected Strike+1","Body Slam"],"picked":"SKIP","floor":20},{"not_picked":["Flame Barrier","Twin Strike","Seeing Red","Heavy Blade"],"picked":"SKIP","floor":22}],"player_experience":500920,"relics_obtained":[{"floor":9,"key":"Darkstone Periapt"}],"event_choices":[{"damage_healed":0,"gold_gain":75,"player_choice":"Gather Gold","damage_taken":11,"max_hp_gain":0,"max_hp_loss":0,"event_name":"World of Goop","floor":2,"gold_loss":0},{"damage_healed":0,"gold_gain":0,"player_choice":"Lose Max HP","damage_taken":0,"relics_obtained":["Golden Idol"],"max_hp_gain":0,"max_hp_loss":6,"event_name":"Golden Idol","floor":11,"gold_loss":0},{"damage_healed":0,"gold_gain":0,"player_choice":"Success","damage_taken":3,"relics_obtained":["Question Card"],"max_hp_gain":0,"max_hp_loss":0,"event_name":"Scrap Ooze","floor":12,"gold_loss":0},{"damage_healed":0,"gold_gain":0,"player_choice":"Forge","damage_taken":0,"max_hp_gain":0,"max_hp_loss":0,"event_name":"Accursed Blacksmith","floor":19,"gold_loss":0,"cards_upgraded":["Shrug It Off"]},{"damage_healed":0,"gold_gain":0,"player_choice":"Opened","damage_taken":0,"relics_obtained":["Toy Ornithopter"],"max_hp_gain":0,"max_hp_loss":0,"event_name":"The Mausoleum","floor":24,"gold_loss":0,"cards_obtained":["Writhe"]}],"is_beta":false,"boss_relics":[{"not_picked":["Black Blood","Busted Crown"],"picked":"Empty Cage"}],"items_purged_floors":[5,7,14,21],"is_endless":false,"potions_floor_spawned":[1,16,18,22],"killed_by":"Slavers","ascension_level":0}}