{"host":"ifrtxrfi0kt9ye6r","time":1610215714,"event":{"mods":["100% Spire Juice","Act Like it!","BaseMod","BetterRewards","Downfall","Gensokyo","Hubris","Infinite Spire","Koishi","Marisa£¨Ùöéë¡¡Øª×âÞÞ£©","Minty Spire (QoL Compilation)","Replay The Spire","StSLib","The Animator"],"gold_per_floor":[99,21,36,21,38,67,137,172,172,190,115,43,62,62,78,175,175,175,175,275,291,311,311,358,358,358,374,406,406,439,51,68,172,172,172,185,155,155,171,96,119,144,144,155,155,155,189,114,125,125,125,151,1,1,1],"floor_reached":56,"playtime":8206,"items_purged":["animator:Strike","animator:Strike_Konosuba","animator:Defend","animator:Defend+1"],"score":1452,"play_id":"40bcdc29-f86c-4846-9ab7-1449d90ace7d","local_time":"20210110030834","is_ascension_mode":true,"campfire_choices":[{"data":"animator:Aqua","floor":11,"key":"SMITH"},{"data":"animator:Arpeggio","floor":11,"key":"SMITH"},{"data":"animator:AliceMargatroid","floor":18,"key":"SMITH"},{"data":"animator:Kanaria","floor":18,"key":"SMITH"},{"data":"animator:DolaStephanie","floor":23,"key":"SMITH"},{"data":"animator:Darkness","floor":23,"key":"SMITH"},{"data":"animator:Witch","floor":25,"key":"SMITH"},{"data":"animator:Kazuma","floor":25,"key":"SMITH"},{"data":"animator:ElricAlphonse","floor":29,"key":"SMITH"},{"data":"animator:SanaeKochiya","floor":29,"key":"SMITH"},{"floor":35,"key":"RECALL"},{"data":"animator:Tet","floor":40,"key":"SMITH"},{"data":"animator:SakuraMatou","floor":40,"key":"SMITH"},{"data":"animator:MarisaKirisame","floor":43,"key":"SMITH"},{"data":"animator:QuestionMark","floor":43,"key":"SMITH"},{"data":"animator:AkaneSenri","floor":45,"key":"SMITH"},{"data":"animator:Defend_Konosuba","floor":45,"key":"SMITH"},{"data":"animator:Defend","floor":48,"key":"SMITH"},{"data":"animator:Suigintou+1","floor":54,"key":"SMITH"}],"circlet_count":0,"master_deck":["animator:Defend_Konosuba+1","animator:Defend+1","animator:Kazuma+1","animator:Aqua+1","animator:Arpeggio+1","animator:Witch+1","animator:YuukaKazami+1","animator:ElricEdward+1","animator:Pride+1","animator:Natsumi+1","animator:AliceMargatroid+1","animator:Kanaria+1","animator:DolaStephanie+1","animator:SanaeKochiya+1","animator:ElricAlphonse+1","animator:MarisaKirisame+1","animator:Patchouli+1","animator:QuestionMark+1","animator:AkaneSenri+1","animator:SakuraMatou+1","animator:RinTohsaka+1","animator:Tet+1","animator:Suigintou+2"],"relics":["animator:LivingPicture","animator:TheMissingPiece","animator:PurgingStone","Replay:Arrowhead","Molten Egg 2","ReplayTheSpireMod:TigerMarble","downfall:HeartBlessingBlue","Coffee Dripper","Toy Ornithopter","animator:ShionDessert","animator:OldCoffin","Replay:Rubber Ducky","Painkiller Herb","Runic Capacitor","downfall:HeartBlessingRed","hubris:ToyBattleship","infinitespire:EmpoweringShard","Bottled Lightning","downfall:HeartBlessingGreen","Replay:Mystery Machine"],"acts_visited":["Exordium","TheCity","TheBeyond","TheEnding"],"potions_floor_usage":[6,8,8,16,32,33,37,47],"damage_taken":[{"damage":0,"enemies":"downfall:FleeingMerchant","floor":2,"turns":4},{"damage":0,"enemies":"Jaw Worm","floor":3,"turns":9},{"damage":0,"enemies":"downfall:FleeingMerchant","floor":4,"turns":4},{"damage":0,"enemies":"Small Slimes","floor":5,"turns":10},{"damage":12,"enemies":"3 Sentries","floor":6,"turns":6},{"damage":17,"enemies":"Gremlin Nob","floor":8,"turns":6},{"damage":0,"enemies":"2 Louse","floor":10,"turns":2},{"damage":4,"enemies":"downfall:FleeingMerchant","floor":12,"turns":4},{"damage":5,"enemies":"Exordium Thugs","floor":13,"turns":4},{"damage":0,"enemies":"Exordium Wildlife","floor":15,"turns":5},{"damage":32,"enemies":"downfall:Watcher","floor":16,"turns":9},{"damage":1,"enemies":"downfall:LadyInBlue","floor":20,"turns":6},{"damage":0,"enemies":"3 Byrds","floor":21,"turns":3},{"damage":5,"enemies":"Spheric Guardian","floor":22,"turns":4},{"damage":3,"enemies":"Shelled Parasite and Fungi","floor":27,"turns":4},{"damage":0,"enemies":"Gremlin Leader","floor":28,"turns":7},{"damage":10,"enemies":"Nightmare","floor":30,"turns":6},{"damage":0,"enemies":"downfall:FleeingMerchant","floor":31,"turns":4},{"damage":0,"enemies":"Centurion and Healer","floor":32,"turns":5},{"damage":10,"enemies":"downfall:Ironclad","floor":33,"turns":5},{"damage":11,"enemies":"Orb Walker","floor":36,"turns":3},{"damage":2,"enemies":"downfall:FleeingMerchant","floor":37,"turns":4},{"damage":8,"enemies":"3 Darklings","floor":39,"turns":4},{"damage":0,"enemies":"Nightmare","floor":42,"turns":5},{"damage":0,"enemies":"Maw","floor":44,"turns":4},{"damage":4,"enemies":"Reptomancer","floor":47,"turns":4},{"damage":0,"enemies":"4 Shapes","floor":49,"turns":3},{"damage":0,"enemies":"downfall:Defect","floor":50,"turns":4},{"damage":3,"enemies":"downfall:CharBossMerchant","floor":52,"turns":6},{"damage":11,"enemies":"downfall:NeowBoss","floor":55,"turns":17}],"seed_played":"3649087759840743057","potions_obtained":[{"floor":6,"key":"FearPotion"},{"floor":10,"key":"Explosive Potion"},{"floor":15,"key":"DuplicationPotion"},{"floor":16,"key":"hexamod:EctoCoolerPotion"},{"floor":20,"key":"EntropicBrew"},{"floor":20,"key":"Venom Potion"},{"floor":21,"key":"SpeedPotion"},{"floor":32,"key":"SkillPotion"},{"floor":33,"key":"SteroidPotion"},{"floor":39,"key":"ColorlessPotion"},{"floor":47,"key":"Guardian:BlockOnCardUsePotion"}],"is_trial":false,"path_per_floor":["R","$","M","$","M","E","T","E","?","M","R","$","M","?","M","B",null,"R","?","?","M","M","R","T","R","?","M","E","R","NM","$","M","B",null,"T","?","T","?","?","T","T","NM","T","?","T","?","E","T","?","B",null,"E","T","T","B",null],"character_chosen":"THE_ANIMATOR","items_purchased":["animator:Pride","animator:Patchouli+1","animator:QuestionMark","animator:RinTohsaka+1","animator:Tet","Runic Capacitor"],"campfire_rested":0,"item_purchase_floors":[12,31,31,37,37,37],"current_hp_per_floor":[60,60,60,60,60,50,50,35,35,37,47,46,44,44,47,18,70,70,70,69,70,65,65,65,65,80,77,80,80,70,73,80,72,80,80,69,72,72,67,67,67,70,70,73,73,73,74,74,77,80,80,77,77,77,69],"gold":1,"neow_bonus":"ONE_RARE_RELIC","is_daily":false,"chose_seed":true,"campfire_upgraded":18,"win_rate":0.0,"timestamp":1610215714,"path_taken":["R","$","M","$","M","E","T","E","?","M","R","?","?","?","M","BOSS","R","?","?","?","M","R","T","R","?","?","E","R","NM","$","M","BOSS","T","?","T","?","?","T","T","NM","T","?","T","?","E","T","?","BOSS","E","T","T","BOSS"],"items_purchased_type":["Card","Card","Card","Card","Card","Relic"],"build_version":"2020-12-22","purchased_purges":4,"victory":true,"max_hp_per_floor":[60,60,60,60,60,60,60,60,60,60,70,70,70,70,70,70,70,70,70,70,70,70,70,70,70,80,80,80,80,80,80,80,80,80,80,80,80,80,80,80,80,80,80,80,80,80,80,80,80,80,80,80,80,80,80],"card_choices":[{"not_picked":["animator:Shuna","animator:SuikaIbuki"],"picked":"animator:MadokaKaname","floor":2},{"not_picked":["animator:Yoichi","animator:OrigamiTobiichi"],"picked":"animator:Arpeggio","floor":3},{"not_picked":["animator:Midou","animator:Hinaichigo","animator:UneriGinkaku"],"picked":"SKIP","floor":4},{"not_picked":["animator:Priestess","animator:CowGirl"],"picked":"animator:Witch","floor":5},{"not_picked":["animator:ChaikaTrabant+1","animator:Shimako"],"picked":"animator:YuukaKazami+1","floor":6},{"not_picked":["animator:Shigure+1","animator:KomachiOnozuka+1","animator:Spearman+1"],"picked":"SKIP","floor":8},{"not_picked":["animator:Add","animator:IzunaHatsuse"],"picked":"animator:ElricEdward+1","floor":10},{"not_picked":["animator:Mitsurugi+1","animator:Vanir+1"],"picked":"animator:Darkness","floor":12},{"not_picked":["animator:Gilgamesh+1","animator:EmiyaShirou"],"picked":"animator:Natsumi+1","floor":13},{"not_picked":["animator:Witch","animator:LizardPriest"],"picked":"animator:AliceMargatroid","floor":15},{"not_picked":["animator:KotarouTennouji+1","animator:KurumiTokisaki+1"],"picked":"animator:Kanaria","floor":16},{"not_picked":["animator:Entoma+1","animator:Shalltear+1"],"picked":"animator:DolaStephanie","floor":20},{"not_picked":["animator:Hinaichigo","animator:Yuuichirou+1","animator:Kuribayashi+1"],"picked":"SKIP","floor":22},{"not_picked":["animator:YamaiSisters+1","animator:Sonic"],"picked":"animator:SanaeKochiya","floor":27},{"not_picked":["animator:Entoma+1","animator:Aisha+1"],"picked":"animator:ElricAlphonse","floor":28},{"not_picked":["animator:OrikoMikuni","animator:LizardPriest"],"picked":"animator:MarisaKirisame","floor":31},{"not_picked":["animator:MasamiIwasawa","animator:Jibril+1"],"picked":"animator:AkaneSenri","floor":32},{"not_picked":["animator:DolaRiku","animator:Shimako","animator:Tyuule"],"picked":"SKIP","floor":36},{"not_picked":["animator:Assassin+1","animator:Saber+1"],"picked":"animator:SakuraMatou","floor":37},{"not_picked":["animator:LeleiLaLalena","animator:LuciaKonohana","animator:FielNirvalen"],"picked":"SKIP","floor":39},{"not_picked":["animator:SayakaMiki+1","animator:Emonzaemon+1","animator:DolaSchwi+1"],"picked":"SKIP","floor":42},{"not_picked":["animator:YunYun+1","animator:Ainz","animator:ToukaNishikujou"],"picked":"SKIP","floor":44},{"not_picked":["animator:Father","animator:EmiyaShirou","animator:Clownpiece"],"picked":"SKIP","floor":49},{"not_picked":["animator:Konayuki","animator:DolaStephanie"],"picked":"animator:Suigintou+1","floor":52}],"player_experience":289950,"relics_obtained":[{"floor":6,"key":"Molten Egg 2"},{"floor":8,"key":"ReplayTheSpireMod:TigerMarble"},{"floor":20,"key":"Toy Ornithopter"},{"floor":24,"key":"animator:ShionDessert"},{"floor":28,"key":"animator:OldCoffin"},{"floor":30,"key":"Replay:Rubber Ducky"},{"floor":41,"key":"hubris:ToyBattleship"},{"floor":42,"key":"infinitespire:EmpoweringShard"},{"floor":47,"key":"Bottled Lightning"},{"floor":52,"key":"Replay:Mystery Machine"}],"event_choices":[{"cards_removed":["animator:Strike"],"damage_healed":0,"gold_gain":0,"player_choice":"Forget","damage_taken":0,"max_hp_gain":0,"max_hp_loss":0,"event_name":"Living Wall","floor":1,"gold_loss":0},{"cards_removed":["animator:Strike"],"damage_healed":0,"gold_gain":0,"player_choice":"Card Removal","damage_taken":0,"max_hp_gain":0,"max_hp_loss":0,"event_name":"The Cleric","floor":14,"gold_loss":0},{"cards_removed":["animator:MadokaKaname"],"damage_healed":5,"gold_gain":0,"player_choice":"Offered Rare","damage_taken":0,"max_hp_gain":10,"max_hp_loss":0,"event_name":"Bonfire Elementals","floor":26,"gold_loss":0},{"cards_removed":["animator:Darkness"],"damage_healed":0,"gold_gain":0,"player_choice":"Removed Power","damage_taken":0,"max_hp_gain":0,"max_hp_loss":0,"event_name":"Falling","floor":38,"gold_loss":0},{"damage_healed":0,"gold_gain":0,"player_choice":"Upgraded","damage_taken":0,"max_hp_gain":0,"max_hp_loss":0,"event_name":"Upgrade Shrine","floor":46,"gold_loss":0,"cards_upgraded":["animator:Defend"]}],"is_beta":false,"boss_relics":[{"not_picked":["Mark of Pain","Fusion Hammer"],"picked":"Coffee Dripper"},{"not_picked":["animator:CursedBlade","Astrolabe"],"picked":"Painkiller Herb"}],"items_purged_floors":[2,31,37,53],"is_endless":false,"potions_floor_spawned":[6,10,15,16,21,30,32,33,39,47],"ascension_level":1}}