{"host":"u0qetpmu4y58k1tf","time":1610188041,"event":{"mods":["AchievementEnabler","BaseMod","Colored Map","Colored Powertips","Hermit","Marisa£¨Ùöéë¡¡Øª×âÞÞ£©","Minty Spire (QoL Compilation)","Replay The Spire","StSLib","SuperFastMode","The Bug Knight","The Cursed","The Hierophant","The Runesmith"],"gold_per_floor":[111,127,107,120,131,157,157,82,82,108,123,157,157,183,183,281,281,294,294,376,204,119,150,164,164,164,39,53,69,69,100,100,200,200,220,233,233,233,252,270,270,270,270],"floor_reached":42,"playtime":2080,"items_purged":["Regret","Strike_B","Strike_B"],"score":646,"play_id":"f8e05c8d-b212-4c8f-9522-e13327196ea9","local_time":"20210109192721","is_ascension_mode":true,"campfire_choices":[{"floor":7,"key":"REST"},{"floor":15,"key":"REST"},{"floor":30,"key":"RECALL"},{"data":"White Noise","floor":32,"key":"SMITH"},{"data":"Darkness","floor":41,"key":"SMITH"}],"circlet_count":0,"master_deck":["Strike_B","Defend_B","Defend_B","Defend_B","Defend_B","Zap","Dualcast","Consume","Conserve Battery","Tempest","Darkness","Darkness+1","Mirror Shield","Coolheaded","White Noise+1","Mirror Shield","ReplayTheSpireMod:Calculation Training","Defragment+1","Consume+1","Turbo","Conserve Battery","Reboot","Compile Driver+1","BasicCrystalCard+1","Hello World+1","Parasite","Glacier"],"relics":["Cracked Core","HollowMod:StagPassRelic","Garlic","Divine Protection","Tiny Chest","Vajra","FaceOfCleric","Orichalcum","Runesmith:UraniumAnvil","Bronze Scales","Pear","Replay:Mystery Machine","Runesmith:Locket","Replay:Bronze Core","Bottled Lightning"],"acts_visited":["Exordium","TheCity","TheBeyond"],"potions_floor_usage":[5,10,10,12,14,29,29,36,40,42,42],"damage_taken":[{"damage":3,"enemies":"Cultist","floor":1,"turns":3},{"damage":12,"enemies":"Jaw Worm","floor":2,"turns":4},{"damage":4,"enemies":"Small Slimes","floor":4,"turns":3},{"damage":26,"enemies":"Exordium Thugs","floor":5,"turns":5},{"damage":25,"enemies":"Replay:BlueRogue","floor":6,"turns":4},{"damage":6,"enemies":"Gremlin Nob","floor":10,"turns":3},{"damage":5,"enemies":"Looter","floor":11,"turns":3},{"damage":0,"enemies":"Replay:BlueRogue","floor":12,"turns":6},{"damage":0,"enemies":"3 Sentries","floor":14,"turns":8},{"damage":28,"enemies":"Fading Forest","floor":16,"turns":11},{"damage":10,"enemies":"3 Byrds","floor":18,"turns":5},{"damage":0,"enemies":"Replay:Snechameleon","floor":23,"turns":5},{"damage":0,"enemies":"Spheric Guardian","floor":24,"turns":5},{"damage":0,"enemies":"3 Cultists","floor":28,"turns":5},{"damage":0,"enemies":"Snake Plant","floor":29,"turns":3},{"damage":18,"enemies":"Slavers","floor":31,"turns":4},{"damage":45,"enemies":"Pondfish","floor":33,"turns":14},{"damage":7,"enemies":"Orb Walker","floor":35,"turns":6},{"damage":19,"enemies":"3 Darklings","floor":36,"turns":7},{"damage":0,"enemies":"Maw","floor":39,"turns":10},{"damage":0,"enemies":"Writhing Mass","floor":40,"turns":5},{"damage":73,"enemies":"Reptomancer","floor":42,"turns":3}],"seed_played":"-1513554671106539013","potions_obtained":[{"floor":1,"key":"Weak Potion"},{"floor":3,"key":"Energy Potion"},{"floor":5,"key":"Strength Potion"},{"floor":6,"key":"LiquidMemories"},{"floor":11,"key":"ColorlessPotion"},{"floor":14,"key":"Weak Potion"},{"floor":23,"key":"AttackPotion"},{"floor":24,"key":"Fire Potion"},{"floor":31,"key":"SkillPotion"},{"floor":33,"key":"BlessingOfTheForge"},{"floor":35,"key":"Weak Potion"},{"floor":39,"key":"Ancient Potion"},{"floor":40,"key":"BlessingOfTheForge"}],"is_trial":false,"path_per_floor":["M","M","?","M","M","E","R","$","T","E","M","E","?","E","R","B",null,"M","?","T","$","?","E","M","?","T","$","M","M","R","E","R","B",null,"M","M","?","T","M","M","R","E"],"character_chosen":"DEFECT","items_purchased":["Defragment"],"campfire_rested":2,"item_purchase_floors":[21],"current_hp_per_floor":[72,60,60,56,30,5,27,27,27,21,16,16,16,17,39,22,77,68,68,68,68,68,79,80,80,80,80,81,82,82,65,65,21,94,88,70,70,70,71,72,72,0,0],"gold":270,"neow_bonus":"RANDOM_EVENT","is_daily":false,"chose_seed":false,"campfire_upgraded":2,"win_rate":0.0,"timestamp":1610188041,"path_taken":["M","?","?","M","M","E","R","$","T","E","?","E","?","E","R","BOSS","M","?","?","$","?","E","M","?","T","$","M","M","R","E","R","BOSS","M","M","?","?","M","M","R","E"],"items_purchased_type":["Card"],"build_version":"2020-12-22","purchased_purges":3,"victory":false,"max_hp_per_floor":[75,75,75,75,75,75,75,75,75,75,75,75,75,76,76,77,77,78,78,78,78,78,89,90,90,90,90,91,92,92,93,93,94,94,95,96,96,96,97,98,98,98,98],"card_choices":[{"not_picked":["Reprogram","Leap"],"picked":"Consume","floor":1},{"not_picked":["Go for the Eyes","Blizzard"],"picked":"Conserve Battery","floor":2},{"not_picked":["Hologram","Leap"],"picked":"Tempest","floor":4},{"not_picked":["Go for the Eyes","ReplayTheSpireMod:Omega Cannon"],"picked":"Darkness","floor":5},{"not_picked":["ReplaySort","Scrape"],"picked":"Darkness","floor":6},{"not_picked":["Panic Button","ReplayTheSpireMod:Reroute Power"],"picked":"Mirror Shield","floor":10},{"not_picked":["BasicCrystalCard","Hologram","Leap"],"picked":"SKIP","floor":11},{"not_picked":["ReplayTheSpireMod:Repulse","Sunder"],"picked":"Coolheaded","floor":12},{"not_picked":["Self Repair","Sweeping Beam"],"picked":"White Noise","floor":14},{"not_picked":["Thunder Strike","Meteor Strike"],"picked":"Mirror Shield","floor":16},{"not_picked":["Beam Cell","Panic Button"],"picked":"ReplayTheSpireMod:Calculation Training","floor":18},{"not_picked":["Storm+1","Hologram"],"picked":"Consume+1","floor":23},{"not_picked":["Static Discharge","ReplayTheSpireMod:System Scan"],"picked":"Turbo","floor":24},{"not_picked":["Gash+1","Leap","Lockon+1"],"picked":"SKIP","floor":28},{"not_picked":["ReplayTheSpireMod:Repulse","Rebound+1","ReplaySort"],"picked":"SKIP","floor":29},{"not_picked":["Doom and Gloom","Fission"],"picked":"Conserve Battery","floor":31},{"not_picked":["ReplayRNGCard","Fission"],"picked":"Reboot","floor":33},{"not_picked":["Lockon+1","Stack+1"],"picked":"Compile Driver+1","floor":35},{"not_picked":["Capacitor","Leap"],"picked":"BasicCrystalCard+1","floor":36},{"not_picked":["Gash","Stack+1"],"picked":"Hello World+1","floor":39},{"not_picked":["Gash+1","Rebound+1"],"picked":"Glacier","floor":40}],"player_experience":35760,"relics_obtained":[{"floor":6,"key":"Garlic"},{"floor":9,"key":"Divine Protection"},{"floor":10,"key":"Tiny Chest"},{"floor":12,"key":"Vajra"},{"floor":14,"key":"Orichalcum"},{"floor":23,"key":"Pear"},{"floor":26,"key":"Replay:Mystery Machine"},{"floor":31,"key":"Runesmith:Locket"},{"floor":38,"key":"Bottled Lightning"}],"event_choices":[{"damage_healed":0,"gold_gain":0,"player_choice":"Box","damage_taken":0,"relics_obtained":["HollowMod:StagPassRelic"],"max_hp_gain":0,"max_hp_loss":0,"event_name":"Big Fish","floor":0,"gold_loss":0,"cards_obtained":["Regret"]},{"damage_healed":0,"gold_gain":0,"player_choice":"Bought 1 Potion","damage_taken":0,"max_hp_gain":0,"max_hp_loss":0,"event_name":"The Woman in Blue","floor":3,"gold_loss":0},{"damage_healed":0,"gold_gain":0,"player_choice":"Trade","damage_taken":0,"relics_obtained":["FaceOfCleric"],"max_hp_gain":0,"max_hp_loss":0,"event_name":"FaceTrader","floor":13,"gold_loss":0},{"cards_removed":["Strike_B"],"damage_healed":0,"gold_gain":0,"player_choice":"Elegance","damage_taken":0,"max_hp_gain":0,"max_hp_loss":0,"event_name":"Back to Basics","floor":19,"gold_loss":0},{"damage_healed":0,"gold_gain":0,"player_choice":"Obtained Relic","damage_taken":0,"relics_obtained":["Bronze Scales"],"max_hp_gain":0,"max_hp_loss":0,"event_name":"Addict","floor":22,"gold_loss":85},{"damage_healed":0,"gold_gain":0,"player_choice":"Ignored","damage_taken":0,"max_hp_gain":0,"max_hp_loss":0,"event_name":"Tomb of Lord Red Mask","floor":37,"gold_loss":0}],"is_beta":false,"boss_relics":[{"not_picked":["Empty Cage","Ring of Chaos"],"picked":"Runesmith:UraniumAnvil"},{"not_picked":["Runic Pyramid","Cursed Key"],"picked":"Replay:Bronze Core"}],"items_purged_floors":[8,21,27],"is_endless":false,"potions_floor_spawned":[1,5,6,11,14,23,24,31,33,35,39,40],"killed_by":"Reptomancer","ascension_level":1}}