{"host":"fhq3k2nq5elnbks3","time":1610185857,"event":{"mods":["100% Spire Juice","2.2 Compatiblity","AchievementEnabler","Act Like it!","AlwaysNeverKeys","Aspiration","BaseMod","Better-Laid Plans","Block Reminder","CCEM","Card Filter","Colored Powertips","Displayed Cursed Tome","GifTheSpireLib","Gremlin Skip","HololiveMod","Lobotomy","LobotomyExtend","Marisa????????","Minty Spire (QoL Compilation)","Permanent Neow","Prisma Mod","Quick Restart","Reimu??????","Relic Filter","Shop Mod","Spikes Relics","StSLib","SuperFastMode","The Animator","The Gatherer","The Wild Card","TheBandit","Transform Curses","Uncapped","Unknown Chances","thorton","vexMod"],"gold_per_floor":[117,134,149,166,182,182,202,202,202,202,202,214,244,275,287,299,299],"floor_reached":16,"playtime":1527,"items_purged":[],"score":156,"play_id":"a1c7c61a-de58-4863-9197-6383726d1b2c","local_time":"20210109035057","is_ascension_mode":false,"campfire_choices":[{"data":"PrismaMod:IllyaCommandSeal","floor":6,"key":"SMITH"},{"data":"PrismaMod:IllyaUncommonDefend","floor":8,"key":"SMITH"},{"data":"PrismaMod:IllyaBerserCAR","floor":11,"key":"SMITH"},{"data":"PrismaMod:IllyaUncommonAttack","floor":15,"key":"SMITH"}],"circlet_count":0,"master_deck":["PrismaMod:IllyaCommonAttack","PrismaMod:IllyaCommonDefend","PrismaMod:IllyaCommonAttack","PrismaMod:IllyaCommonDefend","PrismaMod:IllyaCommonAttack","PrismaMod:IllyaCommonDefend","PrismaMod:IllyaCommonAttack","PrismaMod:IllyaCommonDefend","PrismaMod:IllyaCommonAttack","PrismaMod:IllyaCommonDefend","PrismaMod:IllyaUncommonAttack+1","PrismaMod:IllyaUncommonDefend+1","OSAHOGD","PrismaMod:IllyaCommandSeal+1","LongBird","FairyFestival","GalaxyChild","PrismaMod:IllyaBerserCAR+1","HappyTeddy","Rudolta","QueenBee","LaLuna","PrismaMod:IllyaInstallArcher","BeautyBeast"],"relics":["PrismaMod:PrismaRuby","CogitoBucket","RabbitCall","LetterFromLob","HellTrain","vexMod:InvisibilityCloak","MawBank"],"acts_visited":["Exordium"],"potions_floor_usage":[],"damage_taken":[{"damage":3,"enemies":"Small Slimes","floor":1,"turns":3},{"damage":0,"enemies":"2 Louse","floor":2,"turns":2},{"damage":1,"enemies":"Jaw Worm","floor":3,"turns":5},{"damage":4,"enemies":"3 Louse","floor":4,"turns":4},{"damage":3,"enemies":"2 Fungi Beasts","floor":5,"turns":5},{"damage":36,"enemies":"Looter","floor":7,"turns":8},{"damage":5,"enemies":"Blue Slaver","floor":12,"turns":4},{"damage":13,"enemies":"Gremlin Nob","floor":13,"turns":4},{"damage":32,"enemies":"Large Slime","floor":14,"turns":5}],"seed_played":"7361539572684356399","potions_obtained":[{"floor":1,"key":"Weak Potion"},{"floor":3,"key":"PowerPotion"},{"floor":5,"key":"EssenceOfSteel"}],"is_trial":false,"path_per_floor":["M","M","M","M","M","R","M","R","T","?","R","M","E","M","R","B"],"character_chosen":"ILLYA","items_purchased":[],"campfire_rested":0,"item_purchase_floors":[],"current_hp_per_floor":[72,75,74,72,72,72,43,43,43,43,43,47,41,24,24,0,0],"gold":299,"neow_bonus":"","is_daily":false,"chose_seed":false,"campfire_upgraded":4,"win_rate":0.0,"timestamp":1610185857,"path_taken":["M","M","M","M","M","R","M","R","T","?","R","M","E","M","R","BOSS"],"items_purchased_type":[],"build_version":"2020-12-22","purchased_purges":0,"victory":false,"max_hp_per_floor":[75,75,75,75,75,75,75,75,75,75,75,75,75,75,75,75,75],"card_choices":[{"not_picked":["QueenBee","SpiderBud"],"picked":"OSAHOGD","floor":1},{"not_picked":["PrismaMod:IllyaDualEvoke","PrismaMod:IllyaPoisonTippedWeapons"],"picked":"PrismaMod:IllyaCommandSeal","floor":1},{"not_picked":["Variant","WallGazer","VoidDream"],"picked":"Singing Bowl","floor":2},{"not_picked":["DreamingCurrent","VoidDream"],"picked":"LongBird","floor":2},{"not_picked":["PrismaMod:IllyaRussianRoulette","PrismaMod:IllyaCheapChannelAttack","PrismaMod:IllyaBlindPoisonToss"],"picked":"SKIP","floor":2},{"not_picked":["BlackSwan","QueenBee"],"picked":"FairyFestival","floor":3},{"not_picked":["PrismaMod:IllyaFeed","PrismaMod:IllyaCheapChannelDefend","PrismaMod:IllyaMinorZwei"],"picked":"SKIP","floor":3},{"not_picked":["MHz","Wellcheers"],"picked":"GalaxyChild","floor":4},{"not_picked":["PrismaMod:IllyaCheapChannelDefend","PrismaMod:IllyaBoysLove"],"picked":"PrismaMod:IllyaBerserCAR","floor":4},{"not_picked":["CrumblingArmor","UniverseFragment"],"picked":"HappyTeddy","floor":5},{"not_picked":["PrismaMod:IllyaFeed","PrismaMod:IllyaBride","PrismaMod:IllyaRubysPotion"],"picked":"SKIP","floor":5},{"not_picked":["OldLady","MeatLantern"],"picked":"Rudolta","floor":7},{"not_picked":["PrismaMod:IllyaRussianRoulette","PrismaMod:IllyaCheapChannelAttack","PrismaMod:IllyaCommonEvoke"],"picked":"SKIP","floor":7},{"not_picked":["CherryBlossoms","MeatLantern"],"picked":"QueenBee","floor":12},{"not_picked":["PrismaMod:IllyaEvokeAll","PrismaMod:IllyaReinForce","PrismaMod:IllyaFriendMaker"],"picked":"SKIP","floor":12},{"not_picked":["PrismaMod:IllyaEvokeAll","PrismaMod:IllyaReinForce","PrismaMod:IllyaFriendMaker"],"picked":"SKIP","floor":12},{"not_picked":["CrumblingArmor","MeatLantern","OldLady"],"picked":"Singing Bowl","floor":13},{"not_picked":["DreamingCurrent","UniverseFragment"],"picked":"LaLuna","floor":13},{"not_picked":["PrismaMod:IllyaBoysLove","PrismaMod:IllyaMinorReinForce"],"picked":"PrismaMod:IllyaInstallArcher","floor":13},{"not_picked":["Yin","PunishingBird"],"picked":"BeautyBeast","floor":14},{"not_picked":["PrismaMod:IllyaCheapChannelAttack","PrismaMod:IllyaCheapDefend","PrismaMod:IllyaUberChannel"],"picked":"SKIP","floor":14}],"player_experience":487205,"relics_obtained":[{"floor":1,"key":"LetterFromLob"},{"floor":9,"key":"vexMod:InvisibilityCloak"},{"floor":13,"key":"MawBank"}],"event_choices":[{"damage_healed":0,"gold_gain":0,"player_choice":"Leave","damage_taken":0,"max_hp_gain":0,"max_hp_loss":0,"event_name":"The Cleric","floor":10,"gold_loss":0}],"is_beta":false,"boss_relics":[],"items_purged_floors":[],"is_endless":false,"potions_floor_spawned":[1,3,5,7],"killed_by":"Slime Boss","ascension_level":0}}