{"host":"nqsrckqog5ia9mbo","time":1610232483,"event":{"mods":["AchievementEnabler","BaseMod","Colored Map","Minty Spire (QoL Compilation)","StSLib"],"gold_per_floor":[218,228,228,7,7,7,42,42,91,121,121,131,13,13,13,110,110,127,127,143,58,68,68,83,83,83],"floor_reached":25,"playtime":1502,"items_purged":["Strike_R"],"score":282,"play_id":"2ffb3f7c-06cc-4f08-a0ee-a03b0e36a13e","local_time":"20210109234803","is_ascension_mode":true,"campfire_choices":[{"data":"Whirlwind","floor":6,"key":"SMITH"},{"data":"Bash","floor":8,"key":"SMITH"},{"data":"True Grit","floor":11,"key":"SMITH"},{"data":"Limit Break","floor":15,"key":"SMITH"},{"floor":23,"key":"REST"}],"circlet_count":0,"master_deck":["Strike_R","Strike_R","Strike_R","Strike_R","Defend_R","Defend_R","Defend_R","Defend_R","Bash+1","Sword Boomerang","True Grit+1","Whirlwind+1","Limit Break+1","Cleave","Spot Weakness","Impervious","Iron Wave+1","Ghostly Armor+1","Ghostly Armor+1"],"relics":["Burning Blood","Bag of Marbles","Prayer Wheel","Lantern","Smiling Mask","Juzu Bracelet","Snecko Eye","Red Skull"],"acts_visited":["Exordium","TheCity"],"potions_floor_usage":[14,16,20],"damage_taken":[{"damage":1,"enemies":"2 Louse","floor":1,"turns":3},{"damage":10,"enemies":"Small Slimes","floor":2,"turns":4},{"damage":43,"enemies":"Lagavulin","floor":7,"turns":10},{"damage":16,"enemies":"Gremlin Nob","floor":10,"turns":3},{"damage":0,"enemies":"Jaw Worm","floor":12,"turns":2},{"damage":39,"enemies":"The Guardian","floor":16,"turns":14},{"damage":18,"enemies":"2 Thieves","floor":18,"turns":4},{"damage":21,"enemies":"Shell Parasite","floor":20,"turns":3},{"damage":33,"enemies":"Shelled Parasite and Fungi","floor":22,"turns":4},{"damage":0,"enemies":"Snecko","floor":24,"turns":4},{"damage":47,"enemies":"Gremlin Leader","floor":25,"turns":5}],"seed_played":"7036737529131600411","potions_obtained":[{"floor":7,"key":"BloodPotion"},{"floor":12,"key":"Regen Potion"},{"floor":18,"key":"SteroidPotion"},{"floor":22,"key":"SmokeBomb"}],"is_trial":false,"path_per_floor":["M","M","?","$","?","R","E","R","T","E","R","M","$","?","R","B",null,"M","?","M","?","M","R","M","E"],"character_chosen":"IRONCLAD","items_purchased":["Whirlwind","Bag of Marbles","Spot Weakness"],"campfire_rested":1,"item_purchase_floors":[4,4,13],"current_hp_per_floor":[77,73,73,73,78,78,41,41,41,31,31,37,37,42,42,24,70,58,58,43,43,16,41,47,0,0],"gold":83,"neow_bonus":"HUNDRED_GOLD","is_daily":false,"chose_seed":false,"campfire_upgraded":4,"win_rate":0.0,"timestamp":1610232483,"path_taken":["M","M","?","$","?","R","E","R","T","E","R","M","?","?","R","BOSS","M","?","M","?","M","R","M","E"],"items_purchased_type":["Card","Relic","Card"],"build_version":"2020-12-22","purchased_purges":1,"victory":false,"max_hp_per_floor":[80,80,80,80,85,85,85,85,85,85,85,85,85,85,85,85,85,85,85,85,85,85,85,85,85,85],"card_choices":[{"not_picked":["Anger","Entrench"],"picked":"Sword Boomerang","floor":1},{"not_picked":["Dark Embrace","Clash"],"picked":"True Grit","floor":2},{"not_picked":["Rage","Twin Strike"],"picked":"Limit Break","floor":7},{"not_picked":["Perfected Strike","Whirlwind"],"picked":"Cleave","floor":10},{"not_picked":["Sentinel","Clothesline","Rage"],"picked":"SKIP","floor":12},{"not_picked":["Havoc","Cleave","Pommel Strike"],"picked":"SKIP","floor":12},{"not_picked":["Bludgeon","Corruption"],"picked":"Impervious","floor":16},{"not_picked":["Rage","Second Wind+1"],"picked":"Iron Wave+1","floor":18},{"not_picked":["Entrench+1","Twin Strike","Anger"],"picked":"SKIP","floor":18},{"not_picked":["True Grit+1","Thunderclap"],"picked":"Ghostly Armor+1","floor":20},{"not_picked":["Battle Trance","Heavy Blade","Sever Soul"],"picked":"SKIP","floor":20},{"not_picked":["Armaments","Shrug It Off+1"],"picked":"Ghostly Armor+1","floor":22},{"not_picked":["Clothesline+1","Perfected Strike","Shrug It Off"],"picked":"SKIP","floor":22},{"not_picked":["Wild Strike","Clash+1","Warcry+1"],"picked":"SKIP","floor":24},{"not_picked":["Offering","Sword Boomerang","Havoc"],"picked":"SKIP","floor":24}],"player_experience":173104,"relics_obtained":[{"floor":7,"key":"Prayer Wheel"},{"floor":9,"key":"Lantern"},{"floor":10,"key":"Smiling Mask"}],"event_choices":[{"damage_healed":0,"gold_gain":0,"player_choice":"Ignored","damage_taken":0,"max_hp_gain":0,"max_hp_loss":0,"event_name":"Shining Light","floor":3,"gold_loss":0},{"damage_healed":0,"gold_gain":0,"player_choice":"Donut","damage_taken":0,"max_hp_gain":5,"max_hp_loss":0,"event_name":"Big Fish","floor":5,"gold_loss":0},{"damage_healed":0,"gold_gain":0,"player_choice":"Success","damage_taken":12,"relics_obtained":["Juzu Bracelet"],"max_hp_gain":0,"max_hp_loss":0,"event_name":"Scrap Ooze","floor":14,"gold_loss":0},{"damage_healed":0,"gold_gain":0,"player_choice":"Ignored","damage_taken":0,"max_hp_gain":0,"max_hp_loss":0,"event_name":"Ghosts","floor":19,"gold_loss":0},{"damage_healed":0,"gold_gain":0,"player_choice":"Obtained Relic","damage_taken":0,"relics_obtained":["Red Skull"],"max_hp_gain":0,"max_hp_loss":0,"event_name":"Addict","floor":21,"gold_loss":85}],"is_beta":false,"boss_relics":[{"not_picked":["Velvet Choker","Astrolabe"],"picked":"Snecko Eye"}],"items_purged_floors":[13],"is_endless":false,"potions_floor_spawned":[7,12,18,22],"killed_by":"Gremlin Leader","ascension_level":7}}