{"host":"pvqnz9ztumzw3jgr","time":1610208742,"event":{"mods":["BaseMod","Minty Spire (QoL Compilation)"],"gold_per_floor":[119,138,148,423,43,43,73,93,93,93,118,128,139,139,139],"floor_reached":14,"playtime":2682,"items_purged":["Regret"],"score":143,"play_id":"fa9cfe45-8c7e-4817-b18c-0a9397b7f74b","local_time":"20210109111222","is_ascension_mode":true,"campfire_choices":[{"data":"Eruption","floor":6,"key":"SMITH"},{"data":"SashWhip","floor":10,"key":"SMITH"}],"circlet_count":0,"master_deck":["Strike_P","Strike_P","Strike_P","Defend_P","Defend_P","Eruption+1","Vigilance","Alpha+1","Vault+1","Vault+1","FearNoEvil","SashWhip+1","EmptyFist","TalkToTheHand","Tantrum","Crescendo","Prostrate+1","Consecrate"],"relics":["Astrolabe","Medical Kit","WingedGreaves","Toxic Egg 2","Kunai"],"acts_visited":["Exordium"],"potions_floor_usage":[7],"damage_taken":[{"damage":6,"enemies":"Small Slimes","floor":1,"turns":8},{"damage":0,"enemies":"Cultist","floor":2,"turns":4},{"damage":1,"enemies":"2 Louse","floor":3,"turns":4},{"damage":26,"enemies":"3 Sentries","floor":7,"turns":6},{"damage":0,"enemies":"Looter","floor":8,"turns":2},{"damage":6,"enemies":"Gremlin Nob","floor":11,"turns":3},{"damage":3,"enemies":"Blue Slaver","floor":12,"turns":4},{"damage":5,"enemies":"Exordium Wildlife","floor":13,"turns":3},{"damage":22,"enemies":"3 Sentries","floor":14,"turns":7}],"seed_played":"-1924346636131308697","potions_obtained":[{"floor":1,"key":"BottledMiracle"},{"floor":7,"key":"LiquidBronze"},{"floor":11,"key":"Weak Potion"}],"is_trial":false,"path_per_floor":["M","M","M","?","$","R","E","M","T","R","E","M","M","E"],"character_chosen":"WATCHER","items_purchased":["TalkToTheHand","Tantrum","Medical Kit"],"campfire_rested":0,"item_purchase_floors":[5,5,5],"current_hp_per_floor":[59,59,58,58,58,58,32,32,32,32,26,23,18,0,0],"gold":139,"neow_bonus":"BOSS_RELIC","is_daily":false,"chose_seed":false,"campfire_upgraded":2,"win_rate":0.0,"timestamp":1610208742,"path_taken":["M","M","M","?","$","R","E","?","T","R","E","M","?","E"],"items_purchased_type":["Card","Card","Relic"],"build_version":"2020-12-22","purchased_purges":1,"victory":false,"max_hp_per_floor":[72,72,72,72,72,72,72,72,72,72,72,72,72,72,72],"card_choices":[{"not_picked":["CrushJoints","WaveOfTheHand"],"picked":"FearNoEvil","floor":1},{"not_picked":["FlyingSleeves","Weave"],"picked":"SashWhip","floor":2},{"not_picked":["Sanctity","WreathOfFlame"],"picked":"EmptyFist","floor":3},{"not_picked":["Crescendo","EmptyFist","ThirdEye"],"picked":"SKIP","floor":7},{"not_picked":["Vengeance","FearNoEvil"],"picked":"Crescendo","floor":8},{"not_picked":["SashWhip","Tantrum","CutThroughFate"],"picked":"SKIP","floor":11},{"not_picked":["Establishment","Nirvana"],"picked":"Prostrate+1","floor":12},{"not_picked":["PathToVictory+1","Nirvana"],"picked":"Consecrate","floor":13}],"player_experience":1594738,"relics_obtained":[{"floor":7,"key":"WingedGreaves"},{"floor":9,"key":"Toxic Egg 2"},{"floor":11,"key":"Kunai"}],"event_choices":[{"damage_healed":0,"gold_gain":275,"player_choice":"Desecrate","damage_taken":0,"max_hp_gain":0,"max_hp_loss":0,"event_name":"Golden Shrine","floor":4,"gold_loss":0,"cards_obtained":["Regret"]}],"is_beta":false,"boss_relics":[],"items_purged_floors":[5],"is_endless":false,"potions_floor_spawned":[1,7,11],"killed_by":"3 Sentries","ascension_level":8}}