{"host":"6pgtslebjnyv5xmi","time":1610170586,"event":{"mods":["AchievementEnabler","BaseMod","Colored Map","Minty Spire (QoL Compilation)","Rare Cards Sparkle","StSLib","SuperFastMode","The Hierophant","everything is the same but u backflip on backflip"],"gold_per_floor":[14,14,31,51,51,51,66,66,66,98,98,173,173,188,188,266,266,280,280,280,280,270,270,270],"floor_reached":23,"playtime":665,"items_purged":[],"score":346,"play_id":"af9d8943-b222-4a04-9d86-d2108353a4c6","local_time":"20210109143626","is_ascension_mode":true,"campfire_choices":[{"data":"1","floor":6.0,"key":"LIFT"},{"data":"2","floor":8.0,"key":"LIFT"},{"data":"3","floor":11.0,"key":"LIFT"},{"data":"Spot Weakness","floor":15.0,"key":"SMITH"}],"circlet_count":0,"master_deck":["AscendersBane","Strike_R","Strike_R","Strike_R","Strike_R","Strike_R","Defend_R","Defend_R","Defend_R","Defend_R","Bash","Sever Soul","Spot Weakness+1","Inflame","Flex","Bludgeon","Writhe"],"relics":["Black Blood","Girya","Darkstone Periapt","Juzu Bracelet","Boot","Gambling Chip","Pantograph"],"acts_visited":["Exordium","TheCity"],"potions_floor_usage":[23],"damage_taken":[{"damage":9.0,"enemies":"Small Slimes","floor":1.0,"turns":4.0},{"damage":6.0,"enemies":"Cultist","floor":3.0,"turns":3.0},{"damage":1.0,"enemies":"2 Louse","floor":4.0,"turns":3.0},{"damage":17.0,"enemies":"Looter","floor":7.0,"turns":3.0},{"damage":50.0,"enemies":"3 Sentries","floor":10.0,"turns":6.0},{"damage":9.0,"enemies":"Red Slaver","floor":14.0,"turns":2.0},{"damage":66.0,"enemies":"The Guardian","floor":16.0,"turns":11.0},{"damage":28.0,"enemies":"Spheric Guardian","floor":18.0,"turns":5.0},{"damage":28,"enemies":"2 Thieves","floor":22,"turns":4},{"damage":45,"enemies":"Book of Stabbing","floor":23,"turns":3}],"seed_played":"-2318862924209074644","potions_obtained":[{"floor":1.0,"key":"ElixirPotion"},{"floor":4.0,"key":"LiquidBronze"},{"floor":16.0,"key":"BloodPotion"}],"is_trial":false,"path_per_floor":["M","?","M","M","T","R","M","R","T","E","R","?","?","M","R","B",null,"M","T","?","?","M","E"],"character_chosen":"IRONCLAD","items_purchased":[],"campfire_rested":0,"item_purchase_floors":[],"current_hp_per_floor":[65,65,65,70,70,70,59,59,59,15,15,4,85,82,82,22,69,53,53,59,41,25,0,0],"gold":270,"neow_bonus":"THREE_RARE_CARDS","is_daily":false,"chose_seed":false,"campfire_upgraded":1,"win_rate":0.0,"timestamp":1610170586,"path_taken":["M","?","M","?","?","R","M","R","T","E","R","?","?","M","R","BOSS","M","?","?","?","M","E"],"items_purchased_type":[],"build_version":"2020-12-22","purchased_purges":0,"victory":false,"max_hp_per_floor":[75,75,75,75,75,75,75,75,75,75,75,75,85,85,85,85,85,85,85,91,96,96,96,96],"card_choices":[{"not_picked":["Barricade","Berserk"],"picked":"Corruption","floor":0.0},{"not_picked":["Intimidate","Twin Strike"],"picked":"Sever Soul","floor":1.0},{"not_picked":["Perfected Strike","Body Slam"],"picked":"Spot Weakness","floor":3.0},{"not_picked":["Disarm","Havoc","Carnage"],"picked":"SKIP","floor":4.0},{"not_picked":["Flex","Iron Wave"],"picked":"Inflame","floor":7.0},{"not_picked":["Cleave","Headbutt","Bloodletting"],"picked":"SKIP","floor":10.0},{"not_picked":["True Grit","Dark Embrace"],"picked":"Flex","floor":14.0},{"not_picked":["Exhume","Fiend Fire"],"picked":"Bludgeon","floor":16.0},{"not_picked":["Pommel Strike+1","Warcry+1","True Grit"],"picked":"SKIP","floor":18.0},{"not_picked":["Iron Wave","Pommel Strike","Flex"],"picked":"SKIP","floor":22}],"player_experience":911430,"relics_obtained":[{"floor":5.0,"key":"Darkstone Periapt"},{"floor":9.0,"key":"Juzu Bracelet"},{"floor":10.0,"key":"Boot"},{"floor":19.0,"key":"Gambling Chip"}],"event_choices":[{"damage_healed":0.0,"max_hp_gain":0.0,"max_hp_loss":0.0,"gold_gain":0.0,"event_name":"WeMeetAgain","player_choice":"Gave Potion","floor":2.0,"gold_loss":0.0,"damage_taken":0.0,"relics_obtained":["Girya"]},{"damage_healed":0.0,"max_hp_gain":0.0,"max_hp_loss":0.0,"gold_gain":75.0,"event_name":"World of Goop","player_choice":"Gather Gold","floor":12.0,"gold_loss":0.0,"damage_taken":11.0},{"cards_removed":["Corruption"],"damage_healed":71.0,"max_hp_gain":10.0,"max_hp_loss":0.0,"gold_gain":0.0,"event_name":"Bonfire Elementals","player_choice":"Offered Rare","floor":13.0,"gold_loss":0.0,"damage_taken":0.0},{"damage_healed":0.0,"max_hp_gain":0.0,"max_hp_loss":0.0,"gold_gain":0.0,"event_name":"The Mausoleum","player_choice":"Opened","floor":20.0,"gold_loss":0.0,"damage_taken":0.0,"relics_obtained":["Pantograph"],"cards_obtained":["Writhe"]},{"damage_healed":0.0,"max_hp_gain":5.0,"max_hp_loss":0.0,"gold_gain":0.0,"event_name":"Forgotten Altar","player_choice":"Shed Blood","floor":21.0,"gold_loss":0.0,"damage_taken":23.0}],"is_beta":false,"boss_relics":[{"not_picked":["Busted Crown","Black Star"],"picked":"Black Blood"}],"items_purged_floors":[],"is_endless":false,"potions_floor_spawned":[1,4,16],"killed_by":"Book of Stabbing","ascension_level":14}}