{"host":"qvjm1ppyz58jture","time":1610218877,"event":{"mods":["2.2 Compatiblity","AchievementEnabler","Act Like it!","Bard","Bartender","BaseMod","Downfall","Friendly Minions","Gensokyo","GifTheSpireLib","Gremlin Mod","GungeonMod","Hallownest","Hermit","Marisa????????","Minty Spire (QoL Compilation)","Permanent Neow","Practice Mode","Quick Restart","Rare Cards Sparkle","Replay The Spire","Robot Space Explorer","SIMod","StSLib","The Bug Knight","The Dragon Tamer","The Hayseed","The Senshi","The Wild Card","TheBandit"],"gold_per_floor":[111,111,111,111,128,157,157,185,185,185,235,45,45,59,59,160,160,171,171,16,16,28,60,60,60,60,80,110,123,141,155,155,254,254,266,285,44,44,44],"floor_reached":38,"playtime":4334,"items_purged":["ReplayTheSpireMod:Splinters"],"score":522,"play_id":"b6c9895b-3b0d-4374-b56a-4a90773cd074","local_time":"20210109110117","is_ascension_mode":false,"campfire_choices":[{"floor":7,"key":"REST"},{"data":"HollowMod:SlysStrikes","floor":10,"key":"SMITH"},{"floor":15,"key":"REST"},{"data":"HollowMod:MidwifesHunger","floor":24,"key":"SMITH"},{"data":"HollowMod:RecoilStrike","floor":32,"key":"SMITH"}],"circlet_count":0,"master_deck":["HollowMod:NailStrikeStart","HollowMod:NailStrikeStart","HollowMod:NailStrikeStart","HollowMod:NailStrikeStart","HollowMod:QuickDashStart+1","HollowMod:QuickDashStart","HollowMod:QuickDashStart","HollowMod:QuickDashStart","HollowMod:FocusHealStart","HollowMod:PogoStrike","HollowMod:FallenFury","HollowMod:RecoilStrike+1","HollowMod:QuirrelsAssistance","HollowMod:SlysStrikes+1","HollowMod:CornifersMapStart","HollowMod:MantisMark","HollowMod:MidwifesHunger+1","HollowMod:BaldurShell","Pot Of Greed","Pot Of Greed","HollowMod:NewLittleFool","HollowMod:CloakDash","HollowMod:NewLittleFool","HollowMod:CycloneSlash","HollowMod:HuntersJournal"],"relics":["HollowMod:VesselMask","ReplayTheSpireMod:Ring of Collecting","Ring of Peace","Replay:Ringing Soul","Pen Nib","Ring of Misfortune","DemoMod:OrangeGuonStone","DemoMod:GnawedKey","Gremlin Horn","Ring of Panic","Busted Crown","Toolbox","Meat on the Bone","ReplayTheSpireMod:Ring of Exchange","Grinning Jar","InkBottle","Medical Kit","HollowMod:LifeEnderRelic"],"acts_visited":["Hallownest:Greenpath","Hallownest:CityofTears","Hallownest:KingdomsEdge"],"potions_floor_usage":[38,38,38],"damage_taken":[{"damage":13,"enemies":"Hallownest:monsterHuskGuard","floor":1,"turns":5},{"damage":0,"enemies":"Hallownest:2_MossCreeps","floor":5,"turns":5},{"damage":45,"enemies":"Hallownest:eliteVengeflyKing","floor":6,"turns":18},{"damage":25,"enemies":"Hallownest:eliteCrystalGuardian","floor":8,"turns":7},{"damage":0,"enemies":"2_ Uuma","floor":14,"turns":4},{"damage":44,"enemies":"Hallownest:BossHornet","floor":16,"turns":11},{"damage":6,"enemies":"Hallownest:Guard_and_Sentry","floor":18,"turns":6},{"damage":3,"enemies":"Hallownest:3_Youths","floor":22,"turns":5},{"damage":0,"enemies":"Hallownest:eliteSoulWarrior","floor":23,"turns":7},{"damage":9,"enemies":"Hallownest:monsterMisterMushroom","floor":27,"turns":6},{"damage":0,"enemies":"Hallownest:Nosk","floor":28,"turns":7},{"damage":0,"enemies":"Hallownest:2_Husk_Sentries","floor":29,"turns":3},{"damage":0,"enemies":"Hallownest:monsterShrumalOgre","floor":30,"turns":4},{"damage":11,"enemies":"Hallownest:Master_and_Novice","floor":31,"turns":4},{"damage":32,"enemies":"Hallownest:BossGrimm","floor":33,"turns":8},{"damage":11,"enemies":"Hallownest:Shield_Heavy","floor":35,"turns":5},{"damage":21,"enemies":"Hallownest:2_Littles","floor":36,"turns":5},{"damage":96,"enemies":"Hallownest:2_Primals","floor":38,"turns":4}],"seed_played":"-7094184639758146703","potions_obtained":[{"floor":5,"key":"Elixir"},{"floor":14,"key":"ColorlessPotion"},{"floor":16,"key":"SkillPotion"},{"floor":18,"key":"PowerPotion"},{"floor":28,"key":"hexamod:EctoCoolerPotion"}],"is_trial":false,"path_per_floor":["M","?","?","?","M","E","R","E","T","R","?","$","T","M","R","B",null,"M","?","$","?","M","E","R","$","T","M","E","M","M","M","R","B",null,"M","M","$","?"],"character_chosen":"THE_BUGKNIGHT","items_purchased":["DemoMod:GnawedKey","Toolbox","HollowMod:LifeEnderRelic"],"campfire_rested":2,"item_purchase_floors":[12,20,37],"current_hp_per_floor":[59,59,59,59,65,29,52,36,36,36,39,39,39,39,64,35,87,81,81,81,81,87,87,87,87,90,81,84,87,87,85,85,63,102,100,87,87,0,0],"gold":44,"neow_bonus":"RANDOM_EVENT","is_daily":false,"chose_seed":false,"campfire_upgraded":3,"win_rate":0.0,"timestamp":1610218877,"path_taken":["M","?","?","?","M","E","R","E","T","R","?","?","?","M","R","BOSS","M","?","$","?","M","E","R","$","T","M","E","?","?","M","R","BOSS","M","M","$","?"],"items_purchased_type":["Relic","Relic","Relic"],"build_version":"2020-12-22","purchased_purges":1,"victory":false,"max_hp_per_floor":[75,75,75,75,75,78,78,81,81,81,84,84,84,84,84,87,87,87,87,87,87,90,90,90,90,93,93,96,99,99,102,102,102,102,105,108,108,108,108],"card_choices":[{"not_picked":["HollowMod:ShadowDash","HollowMod:HeavyBlow"],"picked":"HollowMod:FallenFury","floor":1},{"not_picked":["HollowMod:NewLittleFool","HollowMod:DungDefenderAura"],"picked":"HollowMod:RecoilStrike","floor":5},{"not_picked":["HollowMod:CoiledNail","HollowMod:SoulShaman"],"picked":"HollowMod:QuirrelsAssistance","floor":6},{"not_picked":["HollowMod:ElderbugsWisdom","HollowMod:HeavyBlow"],"picked":"HollowMod:SlysStrikes","floor":8},{"not_picked":["HollowMod:NewLittleFool","HollowMod:InfectedCysts"],"picked":"HollowMod:CornifersMapStart","floor":11},{"not_picked":["HollowMod:HowlingWraiths","HollowMod:MonarchWings"],"picked":"HollowMod:MantisMark","floor":11},{"not_picked":["HollowMod:MonarchWings","HollowMod:HeavyBlow","HollowMod:SoulVessel"],"picked":"SKIP","floor":14},{"not_picked":["HollowMod:AwokenDreamNail","HollowMod:VoidDash"],"picked":"HollowMod:MidwifesHunger","floor":16},{"not_picked":["HollowMod:CrystalDash"],"picked":"SKIP","floor":18},{"not_picked":[],"picked":"HollowMod:BaldurShell","floor":22},{"not_picked":["HollowMod:InfectedCysts+1"],"picked":"SKIP","floor":23},{"not_picked":["HollowMod:FastStrike"],"picked":"SKIP","floor":27},{"not_picked":[],"picked":"HollowMod:NewLittleFool","floor":28},{"not_picked":[],"picked":"HollowMod:CloakDash","floor":29},{"not_picked":["HollowMod:DescendingDark"],"picked":"SKIP","floor":30},{"not_picked":[],"picked":"HollowMod:NewLittleFool","floor":31},{"not_picked":[],"picked":"HollowMod:CycloneSlash","floor":35},{"not_picked":[],"picked":"HollowMod:HuntersJournal","floor":36}],"player_experience":254199,"relics_obtained":[{"floor":3,"key":"ReplayTheSpireMod:Ring of Collecting"},{"floor":3,"key":"Ring of Peace"},{"floor":6,"key":"Replay:Ringing Soul"},{"floor":8,"key":"Pen Nib"},{"floor":9,"key":"Ring of Misfortune"},{"floor":11,"key":"DemoMod:OrangeGuonStone"},{"floor":13,"key":"Gremlin Horn"},{"floor":13,"key":"Ring of Panic"},{"floor":23,"key":"Meat on the Bone"},{"floor":26,"key":"ReplayTheSpireMod:Ring of Exchange"},{"floor":26,"key":"Grinning Jar"},{"floor":28,"key":"InkBottle"}],"event_choices":[],"is_beta":false,"boss_relics":[{"not_picked":["Silver_Glasses","Cursed Key"],"picked":"Busted Crown"},{"not_picked":["Snecko Eye","Replay:Wanted Poster"],"picked":"Medical Kit"}],"items_purged_floors":[12],"is_endless":false,"potions_floor_spawned":[5,14,16,18,23,28,29,31],"killed_by":"Hallownest:2_Primals","ascension_level":0}}