{"host":"7v9v7e0ijfujyvc8","time":1610231760,"event":{"mods":["BaseMod","Evolution","Minty Spire (QoL Compilation)","Shop Mod","StSLib","SuperFastMode","The Exordian Avenger"],"gold_per_floor":[111,211,230,247,68,68,103,103,103,117,133,165,175,175,175,272,272,290,350,410,3,86,86,97,122,122,141,29,47,63,73,73,73,73],"floor_reached":33,"playtime":3369,"items_purged":["Brutality"],"score":308,"play_id":"e987a32c-2fc2-478f-91f5-77dd1364cae8","local_time":"20210109233600","is_ascension_mode":false,"campfire_choices":[{"data":"Shrug It Off","floor":6,"key":"SMITH"},{"data":"Flame Barrier","floor":8,"key":"SMITH"},{"data":"Body Slam","floor":15,"key":"SMITH"},{"floor":23,"key":"REST"},{"floor":32,"key":"REST"}],"circlet_count":0,"master_deck":["Strike_R","Strike_R","Strike_R","Defend_R","Defend_R","Defend_R","Defend_R","Bash","Iron Wave","Shrug It Off+1","Flame Barrier+1","Body Slam+1","Pommel Strike","Juggernaut","Feed","Pommel Strike","Shrug It Off","Flame Barrier"],"relics":["Burning Blood","EVO:Axolotl","MerchantsRug","Bird Faced Urn","Mercury Hourglass","Charon\u0027s Ashes","SsserpentHead","Runic Cube","Omamori","Torii","Red Mask","InkBottle","Kunai","Pen Nib"],"acts_visited":["Exordium","TheCity"],"potions_floor_usage":[13],"damage_taken":[{"damage":3,"enemies":"Jaw Worm","floor":1,"turns":4},{"damage":1,"enemies":"Cultist","floor":3,"turns":4},{"damage":0,"enemies":"2 Louse","floor":4,"turns":3},{"damage":19,"enemies":"3 Sentries","floor":7,"turns":15},{"damage":0,"enemies":"Lots of Slimes","floor":10,"turns":3},{"damage":16,"enemies":"Exordium Wildlife","floor":11,"turns":5},{"damage":23,"enemies":"Lagavulin","floor":12,"turns":8},{"damage":5,"enemies":"Looter","floor":13,"turns":3},{"damage":24,"enemies":"Hexaghost","floor":16,"turns":10},{"damage":4,"enemies":"Chosen","floor":18,"turns":5},{"damage":30,"enemies":"Spheric Guardian","floor":19,"turns":7},{"damage":16,"enemies":"Chosen and Byrds","floor":20,"turns":6},{"damage":36,"enemies":"Masked Bandits","floor":22,"turns":6},{"damage":7,"enemies":"Snake Plant","floor":24,"turns":5},{"damage":36,"enemies":"Slavers","floor":25,"turns":7},{"damage":25,"enemies":"Cultist and Chosen","floor":27,"turns":7},{"damage":9,"enemies":"Snecko","floor":29,"turns":6},{"damage":9,"enemies":"Shelled Parasite and Fungi","floor":30,"turns":7},{"damage":1,"enemies":"3 Cultists","floor":31,"turns":5},{"damage":70,"enemies":"Automaton","floor":33,"turns":12}],"seed_played":"-1249303778581448267","potions_obtained":[{"floor":1,"key":"Fire Potion"},{"floor":4,"key":"GamblersBrew"},{"floor":11,"key":"Energy Potion"},{"floor":13,"key":"Fruit Juice"},{"floor":18,"key":"Weak Potion"},{"floor":25,"key":"SteroidPotion"},{"floor":27,"key":"Regen Potion"},{"floor":30,"key":"BlessingOfTheForge"}],"is_trial":false,"path_per_floor":["M","?","M","M","$","R","E","R","T","M","M","E","M","?","R","B",null,"M","M","M","$","?","R","M","E","T","M","$","M","M","M","R","B"],"character_chosen":"IRONCLAD","items_purchased":["MerchantsRug","Omamori","Torii","Pen Nib"],"campfire_rested":2,"item_purchase_floors":[5,21,21,28],"current_hp_per_floor":[59,59,64,70,70,70,57,57,57,63,53,36,42,42,42,26,85,85,61,53,53,26,52,53,26,26,12,12,14,16,23,53,0,0],"gold":73,"neow_bonus":"TRANSFORM_TWO_CARDS","is_daily":false,"chose_seed":false,"campfire_upgraded":3,"win_rate":0.0,"timestamp":1610231760,"path_taken":["M","?","?","M","$","R","E","R","T","M","M","E","M","?","R","BOSS","M","?","?","$","?","R","M","E","T","M","$","M","M","M","R","BOSS"],"items_purchased_type":["Relic","Relic","Relic","Relic"],"build_version":"2020-12-22","purchased_purges":1,"victory":false,"max_hp_per_floor":[80,80,80,80,80,80,80,80,80,80,80,80,85,85,85,85,85,85,85,85,85,88,88,88,91,91,94,94,97,100,100,100,100,100],"card_choices":[{"not_picked":["Rage","Blood for Blood"],"picked":"Shrug It Off","floor":1},{"not_picked":["Warcry","Intimidate","Rage"],"picked":"SKIP","floor":3},{"not_picked":["Shrug It Off","Burning Pact"],"picked":"Flame Barrier","floor":4},{"not_picked":["Brutality","Sever Soul","Burning Pact"],"picked":"SKIP","floor":7},{"not_picked":["Flex","Battle Trance"],"picked":"Body Slam","floor":10},{"not_picked":["Seeing Red","Shrug It Off"],"picked":"Pommel Strike","floor":11},{"not_picked":["Sword Boomerang","Pummel"],"picked":"Juggernaut","floor":12},{"not_picked":["Pummel","Dual Wield","Perfected Strike"],"picked":"SKIP","floor":13},{"not_picked":["Bludgeon","Juggernaut"],"picked":"Feed","floor":16},{"not_picked":["Uppercut+1","Heavy Blade","Rampage"],"picked":"SKIP","floor":18},{"not_picked":["Infernal Blade","Carnage","Headbutt+1"],"picked":"SKIP","floor":19},{"not_picked":["Battle Trance+1","Intimidate","Perfected Strike"],"picked":"SKIP","floor":20},{"not_picked":["Warcry","Combust"],"picked":"Pommel Strike","floor":22},{"not_picked":["Heavy Blade","Armaments"],"picked":"Shrug It Off","floor":24},{"not_picked":["Flex","Berserk"],"picked":"Flame Barrier","floor":25},{"not_picked":["Carnage","Armaments","Clothesline"],"picked":"SKIP","floor":27},{"not_picked":["Armaments","Offering","Warcry"],"picked":"SKIP","floor":29},{"not_picked":["Clash","Clothesline","Pommel Strike"],"picked":"SKIP","floor":30},{"not_picked":["Sword Boomerang","Cleave","Rampage+1"],"picked":"SKIP","floor":31}],"player_experience":37646,"relics_obtained":[{"floor":7,"key":"Bird Faced Urn"},{"floor":9,"key":"Mercury Hourglass"},{"floor":12,"key":"Charon\u0027s Ashes"},{"floor":22,"key":"Red Mask"},{"floor":25,"key":"InkBottle"},{"floor":26,"key":"Kunai"}],"event_choices":[{"damage_healed":0,"gold_gain":100,"player_choice":"Pray","damage_taken":0,"max_hp_gain":0,"max_hp_loss":0,"event_name":"Golden Shrine","floor":2,"gold_loss":0},{"damage_healed":0,"gold_gain":0,"player_choice":"Trade","damage_taken":0,"relics_obtained":["SsserpentHead"],"max_hp_gain":0,"max_hp_loss":0,"event_name":"FaceTrader","floor":14,"gold_loss":0},{"damage_healed":0,"gold_gain":0,"player_choice":"Fought Bandits","damage_taken":0,"max_hp_gain":0,"max_hp_loss":0,"event_name":"Masked Bandits","floor":22,"gold_loss":0}],"is_beta":false,"boss_relics":[{"not_picked":["Mark of Pain","Ectoplasm"],"picked":"Runic Cube"}],"items_purged_floors":[5],"is_endless":false,"potions_floor_spawned":[1,4,11,13,18,25,27,30],"killed_by":"Automaton","ascension_level":0}}