{"host":"u7y6mp3waw4jt65j","time":1610208297,"event":{"mods":["ATMod(°¢èªMod)","Aspiration","BaseMod","Minty Spire (QoL Compilation)","Replay The Spire","StSLib","¡¾ÒÅÎï¿¨ÅÆ¡¿REMEMod"],"gold_per_floor":[117,117,192,192,192,225,225,269,269,43,43,61,61,104,104,227,227,241,421,145,145,145,145],"floor_reached":22,"playtime":576,"items_purged":[],"score":429,"play_id":"374d9f77-ba36-4d0d-aa90-18edec006777","local_time":"20210110000457","is_ascension_mode":true,"campfire_choices":[{"data":"Armaments","floor":7,"key":"SMITH"},{"data":"AT_DrawKnifeCut","floor":13,"key":"SMITH"},{"data":"REME_LeechingPoison","floor":15,"key":"SMITH"}],"circlet_count":0,"master_deck":["Strike_R+1","Strike_R","Strike_R","Strike_R","Defend_R","Defend_R","Defend_R","Defend_R","Bash","REME_LeechingPoison+1","AT_DrawKnifeCut+1","Armaments+1","Bloodletting+1","Perfected Strike","Pummel","REME_PuzzleBox","Run Through","Body Slam","Feed","Flex","REME_WheelOfFate","REME_WheelOfFate"],"relics":["Burning Blood","AT_ATBox","REME_ComplimentaryCards","NeowsBlessing","Golden Idol","Blue Doll","Red Skull","WingedGreaves","REME_HandOfSuture","Boot","aspiration:ChemicalBlood","aspiration:RunicSpoon","Pet Ghost"],"acts_visited":["Exordium","TheCity"],"potions_floor_usage":[14,16],"damage_taken":[{"damage":0,"enemies":"Cultist","floor":1,"turns":1},{"damage":0,"enemies":"Gremlin Nob","floor":6,"turns":1},{"damage":0,"enemies":"3 Sentries","floor":8,"turns":2},{"damage":0,"enemies":"Small Slimes","floor":12,"turns":1},{"damage":8,"enemies":"Gremlin Nob","floor":14,"turns":4},{"damage":0,"enemies":"Slime Boss","floor":16,"turns":4},{"damage":26,"enemies":"2 Thieves","floor":18,"turns":3},{"damage":166,"enemies":"3 Byrds","floor":22,"turns":1}],"seed_played":"3741640186570831851","potions_obtained":[{"floor":1,"key":"Block Potion"},{"floor":12,"key":"GamblersBrew"},{"floor":16,"key":"Toxic Potion"},{"floor":18,"key":"Block Potion"}],"is_trial":false,"path_per_floor":["M","?","?","?","?","E","R","E","T","$","?","M","R","E","R","B",null,"M","?","$","?","M"],"character_chosen":"IRONCLAD","items_purchased":["REME_PuzzleBox","REME_HandOfSuture","REME_WheelOfFate","Pet Ghost"],"campfire_rested":0,"item_purchase_floors":[10,10,20,20],"current_hp_per_floor":[78,78,67,67,67,73,73,79,79,79,79,80,80,78,78,80,80,63,44,44,44,0,0],"gold":145,"neow_bonus":"THREE_ENEMY_KILL","is_daily":false,"chose_seed":false,"campfire_upgraded":3,"win_rate":0.0,"timestamp":1610208297,"path_taken":["M","?","?","?","?","E","R","E","T","$","?","?","R","E","R","BOSS","M","?","?","?","M"],"items_purchased_type":["Card","Relic","Card","Relic"],"build_version":"2020-12-22","purchased_purges":0,"victory":false,"max_hp_per_floor":[80,80,80,80,80,80,80,80,80,80,80,80,80,80,80,80,80,83,83,83,83,83,83],"card_choices":[{"not_picked":["Headbutt","REME_Scribble"],"picked":"Armaments","floor":1},{"not_picked":["Thunderclap","Heavy Blade"],"picked":"Perfected Strike","floor":6},{"not_picked":["Searing Blow","Infernal Blade"],"picked":"Pummel","floor":8},{"not_picked":["Corruption","Headbutt"],"picked":"Run Through","floor":12},{"not_picked":["Havoc","Barricade"],"picked":"Body Slam","floor":14},{"not_picked":["Eclipse","Replay:Many Hands"],"picked":"Feed","floor":16},{"not_picked":["Sword Boomerang+1","Havoc+1"],"picked":"Flex","floor":18}],"player_experience":109397,"relics_obtained":[{"floor":6,"key":"Blue Doll"},{"floor":8,"key":"Red Skull"},{"floor":9,"key":"WingedGreaves"},{"floor":14,"key":"Boot"}],"event_choices":[{"damage_healed":0,"gold_gain":0,"player_choice":"Take Wound","damage_taken":0,"relics_obtained":["Golden Idol"],"max_hp_gain":0,"max_hp_loss":0,"event_name":"Golden Idol","floor":2,"gold_loss":0,"cards_obtained":["Injury"]},{"damage_healed":0,"gold_gain":75,"player_choice":"Gather Gold","damage_taken":11,"max_hp_gain":0,"max_hp_loss":0,"event_name":"World of Goop","floor":3,"gold_loss":0},{"cards_removed":["Injury"],"damage_healed":0,"gold_gain":0,"player_choice":"Removed Curses","damage_taken":0,"max_hp_gain":0,"max_hp_loss":0,"event_name":"Fountain of Cleansing","floor":11,"gold_loss":0},{"damage_healed":0,"gold_gain":180,"player_choice":"GOLD GOLD ","damage_taken":19,"max_hp_gain":0,"max_hp_loss":0,"event_name":"Knowing Skull","floor":19,"potions_obtained":[],"gold_loss":0,"cards_obtained":[]},{"damage_healed":0,"gold_gain":0,"player_choice":"Ignored","damage_taken":0,"max_hp_gain":0,"max_hp_loss":0,"event_name":"Beggar","floor":21,"gold_loss":0}],"is_beta":false,"boss_relics":[{"not_picked":["Mark of Pain","Philosopher\u0027s Stone"],"picked":"aspiration:RunicSpoon"}],"items_purged_floors":[],"is_endless":false,"potions_floor_spawned":[1,12,16,18],"killed_by":"3 Byrds","ascension_level":9}}