{"host":"iajupulv8i19r34s","time":1610224474,"event":{"mods":["BaseMod","Bestiary","Better Altar","Better Match","Better Note","Better Sensory Stone","Better Skull","Better Third Choice","Block Reminder","Curses Come First","Evolution","Hermit","Highlight Path","Minty Spire (QoL Compilation)","Permanent Neow","Random Character Button","Rare Cards Sparkle","Relic Sorter","Relic Stats","StSLib","Synergy Search","The Hierophant","everything is the same but u backflip on backflip","thorton"],"gold_per_floor":[114,114,131,131,131,166,178,213,258,12,12,12,28,102,102,198,198,231,231,245,92,102,102,135,152,152,165,165,264,301,103,103,203,253,267,84,95,110,31,31,62,74,74,86,113,113,183,210,222,234],"floor_reached":51,"playtime":3039,"items_purged":[],"score":885,"play_id":"7b4ca4dc-8bb7-4c2f-82ab-9c868c6635de","local_time":"20210109153434","is_ascension_mode":false,"campfire_choices":[{"data":"Magnetism","floor":12.0,"key":"SMITH"},{"data":"Trip","floor":15.0,"key":"SMITH"},{"data":"Metallicize","floor":23.0,"key":"SMITH"},{"data":"Metallicize","floor":32,"key":"SMITH"},{"data":"Dual Wield","floor":40,"key":"SMITH"},{"data":"hermit:FlashPowder","floor":46,"key":"SMITH"},{"data":"PathToVictory","floor":49,"key":"SMITH"}],"circlet_count":0,"master_deck":["Defend_R","Defend_R","Defend_R","Defend_R","Bash","Cleave+1","Metallicize+1","Venomology","Reaper+1","Thunderclap","Warcry","Metallicize","Warcry","Trip+1","Magnetism+1","Reaper","Metallicize+1","Metallicize","Warcry+1","Infernal Blade","Bite+1","Bite+1","Bite+1","Bite+1","Bite+1","Jack Of All Trades","Dropkick+1","Metallicize","Metallicize","Dual Wield+1","Feel No Pain+1","Reckless Charge+1","thethorton:Investment+1","Static Discharge","A Thousand Cuts+1","hermit:FlashPowder+1","PathToVictory+1"],"relics":["Burning Blood","EVO:Axolotl","NeowsBlessing","Anchor","Bronze Scales","Pen Nib","Bag of Preparation","Membership Card","SacredBark","Toy Ornithopter","Toolbox","Matryoshka","Molten Egg 2","Shuriken","PreservedInsect","Sling","Tiny House","Mummified Hand","PrismaticShard","Magic Flower","Potion Belt","Frozen Egg 2","Nunchaku","White Beast Statue","Mango","MawBank"],"acts_visited":["Exordium","TheCity","TheBeyond"],"potions_floor_usage":[33,33,33,37,38,41,45,45,50,50],"damage_taken":[{"damage":0.0,"enemies":"Jaw Worm","floor":1.0,"turns":1.0},{"damage":0.0,"enemies":"Small Slimes","floor":3.0,"turns":1.0},{"damage":0.0,"enemies":"Lagavulin","floor":6.0,"turns":1.0},{"damage":0.0,"enemies":"2 Louse","floor":7.0,"turns":2.0},{"damage":16.0,"enemies":"3 Sentries","floor":8.0,"turns":6.0},{"damage":0.0,"enemies":"Looter","floor":13.0,"turns":2.0},{"damage":24.0,"enemies":"Slime Boss","floor":16.0,"turns":10.0},{"damage":12.0,"enemies":"Shell Parasite","floor":18.0,"turns":3.0},{"damage":25.0,"enemies":"3 Byrds","floor":20.0,"turns":3.0},{"damage":3.0,"enemies":"Snecko","floor":22.0,"turns":7.0},{"damage":86.0,"enemies":"Slavers","floor":24.0,"turns":8.0},{"damage":29.0,"enemies":"Snake Plant","floor":25.0,"turns":8.0},{"damage":33.0,"enemies":"Cultist and Chosen","floor":27.0,"turns":8.0},{"damage":19.0,"enemies":"Centurion and Healer","floor":30.0,"turns":8.0},{"damage":59,"enemies":"Collector","floor":33,"turns":14},{"damage":10,"enemies":"3 Darklings","floor":35,"turns":3},{"damage":8,"enemies":"3 Shapes","floor":37,"turns":4},{"damage":19,"enemies":"Spire Growth","floor":38,"turns":7},{"damage":5,"enemies":"Giant Head","floor":41,"turns":7},{"damage":0,"enemies":"Maw","floor":42,"turns":8},{"damage":53,"enemies":"4 Shapes","floor":44,"turns":7},{"damage":13,"enemies":"Nemesis","floor":45,"turns":5},{"damage":0,"enemies":"Mind Bloom Boss Battle","floor":47,"turns":4},{"damage":57,"enemies":"Donu and Deca","floor":50,"turns":10}],"seed_played":"887192912995286042","potions_obtained":[{"floor":3.0,"key":"Block Potion"},{"floor":6.0,"key":"BloodPotion"},{"floor":8.0,"key":"Explosive Potion"},{"floor":16.0,"key":"FearPotion"},{"floor":34,"key":"SpeedPotion"},{"floor":38,"key":"EssenceOfSteel"},{"floor":41,"key":"Regen Potion"},{"floor":44,"key":"AttackPotion"},{"floor":47,"key":"EntropicBrew"}],"is_trial":false,"path_per_floor":["M","?","M","$","?","E","M","E","T","$","?","R","M","?","R","B",null,"M","?","M","$","M","R","E","M","T","M","?","?","M","$","R","B",null,"M","$","M","M","$","R","E","M","T","M","E","R","?","T","R","B",null],"character_chosen":"IRONCLAD","items_purchased":["Membership Card","Metallicize","Warcry","Trip","Toy Ornithopter","Toolbox","PreservedInsect","Sling","Jack Of All Trades","Mummified Hand","Metallicize","Dual Wield","PrismaticShard"],"campfire_rested":0,"item_purchase_floors":[10,10,10,10,21,21,31,31,31,36,36,36,39],"current_hp_per_floor":[80,80,80,80,57,63,70,64,64,64,64,64,70,70,70,65,80,74,74,77,77,80,80,50,52,52,35,35,35,56,56,56,44,61,61,61,61,61,61,61,61,61,61,59,61,61,75,75,75,75],"gold":246,"neow_bonus":"THREE_ENEMY_KILL","is_daily":false,"chose_seed":false,"campfire_upgraded":7,"win_rate":0.0,"timestamp":1610224474,"path_taken":["M","?","M","$","?","E","M","E","T","$","?","R","M","?","R","BOSS","M","?","M","$","M","R","E","M","T","?","?","?","M","$","R","BOSS","M","$","M","M","$","R","E","M","T","M","E","R","?","?","R","BOSS"],"items_purchased_type":["Relic","Card","Card","Card","Relic","Relic","Relic","Relic","Card","Relic","Card","Card","Relic"],"build_version":"2020-12-22","purchased_purges":0,"victory":true,"max_hp_per_floor":[80,80,80,80,80,80,80,80,80,80,80,80,80,80,80,80,80,80,80,80,80,80,80,80,80,80,80,56,56,56,56,56,56,61,61,61,61,61,61,61,61,61,61,61,61,61,75,75,75,75],"relic_stats":{"counters":[24,137],"Magic Flower":[37],"Pen Nib":[22],"PreservedInsect":172,"Bag of Preparation":[38],"MawBank":36,"Burning Blood":81,"Nunchaku":[3],"Shuriken":[25],"Mummified Hand":[83],"Bronze Scales":[387],"obtain_stats":[{"Tiny House":34,"SacredBark":17,"Magic Flower":41,"Mango":47,"Bag of Preparation":9,"EVO:Axolotl":0,"Sling":31,"PrismaticShard":39,"Burning Blood":0,"Nunchaku":45,"Matryoshka":24,"Mummified Hand":36,"Toolbox":21,"Potion Belt":43,"NeowsBlessing":0,"Pen Nib":8,"PreservedInsect":31,"Frozen Egg 2":43,"MawBank":48,"White Beast Statue":47,"Anchor":5,"Shuriken":26,"Bronze Scales":6,"Molten Egg 2":26,"Membership Card":10,"Toy Ornithopter":21},{"Tiny House":15,"SacredBark":7,"Magic Flower":19,"Mango":23,"Bag of Preparation":5,"EVO:Axolotl":0,"Sling":14,"PrismaticShard":18,"Burning Blood":0,"Nunchaku":22,"Matryoshka":11,"Mummified Hand":16,"Toolbox":9,"Potion Belt":20,"NeowsBlessing":0,"Pen Nib":5,"PreservedInsect":14,"Frozen Egg 2":20,"MawBank":23,"White Beast Statue":23,"Anchor":2,"Shuriken":12,"Bronze Scales":3,"Molten Egg 2":12,"Membership Card":5,"Toy Ornithopter":9},{"Tiny House":82,"SacredBark":23,"Magic Flower":103,"Mango":127,"Bag of Preparation":11,"EVO:Axolotl":0,"Sling":68,"PrismaticShard":96,"Burning Blood":0,"Nunchaku":123,"Matryoshka":44,"Mummified Hand":85,"Toolbox":29,"Potion Belt":111,"NeowsBlessing":0,"Pen Nib":11,"PreservedInsect":68,"Frozen Egg 2":111,"MawBank":127,"White Beast Statue":126,"Anchor":2,"Shuriken":52,"Bronze Scales":3,"Molten Egg 2":52,"Membership Card":11,"Toy Ornithopter":29}],"Toy Ornithopter":46},"card_choices":[{"not_picked":["Body Slam","Twin Strike"],"picked":"Cleave","floor":1.0},{"not_picked":["Headbutt","Dark Embrace"],"picked":"Metallicize","floor":3.0},{"not_picked":["Body Slam","Burning Pact"],"picked":"Reaper","floor":6.0},{"not_picked":["Headbutt","Infernal Blade"],"picked":"Thunderclap","floor":7.0},{"not_picked":["Burning Pact","Shrug It Off"],"picked":"Warcry","floor":8.0},{"not_picked":["Forethought","Thinking Ahead"],"picked":"Magnetism","floor":11.0},{"not_picked":["Body Slam","Hemokinesis","Cleave"],"picked":"SKIP","floor":13.0},{"not_picked":["Body Slam","Hemokinesis","Cleave"],"picked":"SKIP","floor":13.0},{"not_picked":["Bludgeon","Brutality"],"picked":"Reaper","floor":16.0},{"not_picked":["Searing Blow","Twin Strike"],"picked":"Metallicize","floor":18.0},{"not_picked":["Thunderclap","Anger","True Grit"],"picked":"SKIP","floor":20.0},{"not_picked":["Clash+1","Intimidate"],"picked":"Metallicize","floor":22.0},{"not_picked":["Uppercut","Sword Boomerang+1","Bloodletting+1"],"picked":"SKIP","floor":24.0},{"not_picked":["Headbutt","Anger"],"picked":"Warcry+1","floor":25.0},{"not_picked":["Sever Soul+1","Entrench"],"picked":"Infernal Blade","floor":27.0},{"not_picked":["Clash+1","Headbutt+1","Inflame"],"picked":"SKIP","floor":30.0},{"not_picked":["Cleave+1","Flex"],"picked":"Dropkick+1","floor":34},{"not_picked":["Pummel+1","Combust"],"picked":"Metallicize","floor":35},{"not_picked":["True Grit","Iron Wave+1"],"picked":"Feel No Pain+1","floor":37},{"not_picked":["Uppercut+1","Sword Boomerang+1"],"picked":"Reckless Charge+1","floor":38},{"not_picked":["thethorton:CallIn","hierophant:Racketeering"],"picked":"thethorton:Investment+1","floor":41},{"not_picked":["hermit:Malice+1","Go for the Eyes+1"],"picked":"Static Discharge","floor":42},{"not_picked":["hierophant:Dazzle","hierophant:RustyCrate"],"picked":"A Thousand Cuts+1","floor":44},{"not_picked":["hierophant:RepressedViolence+1","Slice+1"],"picked":"hermit:FlashPowder","floor":45},{"not_picked":["thethorton:TakeAccounts+1","thethorton:FearfulRun+1"],"picked":"PathToVictory","floor":47}],"player_experience":74203,"relics_obtained":[{"floor":6.0,"key":"Bronze Scales"},{"floor":8.0,"key":"Pen Nib"},{"floor":9.0,"key":"Bag of Preparation"},{"floor":24.0,"key":"Matryoshka"},{"floor":26.0,"key":"Molten Egg 2"},{"floor":26.0,"key":"Shuriken"},{"floor":41,"key":"Magic Flower"},{"floor":43,"key":"Potion Belt"},{"floor":43,"key":"Frozen Egg 2"},{"floor":45,"key":"Nunchaku"},{"floor":47,"key":"Mango"},{"floor":48,"key":"MawBank"}],"event_choices":[{"damage_healed":0.0,"max_hp_gain":0.0,"max_hp_loss":0.0,"gold_gain":0.0,"event_name":"Living Wall","player_choice":"Grow","floor":2.0,"gold_loss":0.0,"damage_taken":0.0,"cards_upgraded":["Cleave"]},{"damage_healed":0.0,"max_hp_gain":0.0,"max_hp_loss":0.0,"gold_gain":1.0,"event_name":"betterStone:BetterStone","player_choice":"1","floor":11.0,"gold_loss":0.0,"damage_taken":0.0},{"damage_healed":0.0,"max_hp_gain":0.0,"max_hp_loss":0.0,"gold_gain":74.0,"event_name":"Golden Wing","player_choice":"Gained Gold","floor":14.0,"gold_loss":0.0,"damage_taken":0.0},{"damage_healed":0.0,"max_hp_gain":0.0,"max_hp_loss":0.0,"gold_gain":0.0,"event_name":"betterNote:BetterNote","player_choice":"Ignored","floor":19.0,"gold_loss":0.0,"damage_taken":0.0,"cards_obtained":["hierophant:RepressedViolence"]},{"damage_healed":0.0,"max_hp_gain":0.0,"max_hp_loss":24.0,"gold_gain":0.0,"event_name":"Vampires","player_choice":"Became a vampire","floor":28.0,"gold_loss":0.0,"damage_taken":0.0,"cards_obtained":["Bite","Bite","Bite","Bite","Bite"]},{"damage_healed":0.0,"max_hp_gain":0.0,"max_hp_loss":0.0,"gold_gain":99.0,"event_name":"betterThird:BetterNest","player_choice":"Steal","floor":29.0,"gold_loss":0.0,"damage_taken":0.0},{"damage_healed":0,"gold_gain":0,"player_choice":"Fight","damage_taken":0,"max_hp_gain":0,"max_hp_loss":0,"event_name":"MindBloom","floor":47,"gold_loss":0}],"is_beta":false,"boss_relics":[{"not_picked":["thethorton:CrushedCigarette","Coffee Dripper"],"picked":"SacredBark"},{"not_picked":["Philosopher\u0027s Stone","Astrolabe"],"picked":"Tiny House"}],"items_purged_floors":[],"is_endless":false,"potions_floor_spawned":[3,6,8,16,22,27,30,38,41,44,47],"ascension_level":0}}