{"host":"mmyob72dycyg5z21","time":1610190067,"event":{"mods":["AchievementEnabler","Act Like it!","Alarm Clock","Aspiration","BaseMod","Bestiary","Better Note","Better Third Choice","Better Vampires","Colored Powertips","Gold Saver","Gremlin Skip","Luminous","Marked Mod","Minty Spire (QoL Compilation)","Poor People Problems","Rare Cards Sparkle","Spicy Shops","StSLib","SuperFastMode","The Hierophant","Yuyuko","[功能]功能增强和修复MOD","【功能Mod】精心准备","【遗物卡牌】REMEMod","篝火指南"],"gold_per_floor":[111,126,139,139,139,170,186,186,186],"floor_reached":8,"playtime":410,"items_purged":[],"score":67,"play_id":"83f4da93-6106-440b-8ea9-dd4842875b73","local_time":"20210109190107","is_ascension_mode":true,"campfire_choices":[],"circlet_count":0,"master_deck":["Fantasy Butterflies","Fantasy Butterflies","Fantasy Butterflies","Fantasy Butterflies","Dreamy Sakura","Dreamy Sakura","Dreamy Sakura","Dreamy Sakura","Dreamy Sakura","Deathly Ground","Faramita\u0027s Temptation","REME_Flogging","Postpone Bloom","Mini Ghostdom","Sadistic Nature","Ghostdom Sakura","Fondling of Papilio"],"relics":["Coronal","Yuyuko\u0027s fan","REME_ComplimentaryCards","aspiration:Nostalgia","Cracked Core","Kunai"],"acts_visited":["Exordium"],"potions_floor_usage":[7],"damage_taken":[{"damage":5,"enemies":"Small Slimes","floor":1,"turns":2},{"damage":7,"enemies":"Cultist","floor":2,"turns":3},{"damage":10,"enemies":"2 Louse","floor":3,"turns":2},{"damage":33,"enemies":"Gremlin Nob","floor":6,"turns":4},{"damage":5,"enemies":"Lots of Slimes","floor":7,"turns":2},{"damage":8,"enemies":"3 Sentries","floor":8,"turns":1}],"seed_played":"-8180580992604311025","potions_obtained":[{"floor":1,"key":"Dexterity Potion"},{"floor":2,"key":"SneckoOil"}],"is_trial":false,"path_per_floor":["M","M","M","?","?","E","M","E"],"character_chosen":"YUYOKO","items_purchased":[],"campfire_rested":0,"item_purchase_floors":[],"current_hp_per_floor":[37,37,36,29,29,1,8,0,0],"gold":186,"neow_bonus":"NOSTALGIA","is_daily":false,"chose_seed":false,"campfire_upgraded":0,"win_rate":0.0,"timestamp":1610190067,"path_taken":["M","M","M","?","?","E","?","E"],"items_purchased_type":[],"build_version":"2020-12-22","purchased_purges":0,"victory":false,"max_hp_per_floor":[40,40,40,40,40,40,40,40,40],"card_choices":[{"not_picked":["Final of Final","Wandering Soul","Ghostdom Sakura"],"picked":"SKIP","floor":1},{"not_picked":["All Wander","Become Phantom"],"picked":"Postpone Bloom","floor":2},{"not_picked":["Butterflies in Dream","Unknown Petal"],"picked":"Mini Ghostdom","floor":3},{"not_picked":["Immigrant Phantom","Unborn Light"],"picked":"Ghostdom Sakura","floor":6},{"not_picked":["Elegance","Final of Final"],"picked":"Fondling of Papilio","floor":7}],"player_experience":390494,"relics_obtained":[{"floor":6,"key":"Kunai"}],"event_choices":[{"cards_removed":["Fantasy Butterflies"],"damage_healed":0,"gold_gain":0,"player_choice":"Card Removal","damage_taken":7,"max_hp_gain":0,"max_hp_loss":0,"event_name":"Golden Wing","floor":4,"gold_loss":0},{"cards_removed":["REME_Flogging"],"damage_healed":0,"gold_gain":0,"player_choice":"Take \u0026 Give","damage_taken":0,"max_hp_gain":0,"max_hp_loss":0,"event_name":"betterNote:BetterNote","floor":5,"gold_loss":0,"cards_obtained":["Sadistic Nature"]}],"is_beta":false,"boss_relics":[],"items_purged_floors":[],"is_endless":false,"potions_floor_spawned":[1,2],"killed_by":"3 Sentries","ascension_level":3}}