{"host":"7sni158j623xchr2","time":1610174573,"event":{"mods":["BaseMod","Colored Map","Highlight Path","Minty Spire (QoL Compilation)","Permanent Neow","Potion Indicator Mod","Rare Cards Sparkle","Relic Sorter","Relic Stats","StSLib","everything is the same but u backflip on backflip"],"gold_per_floor":[110,110,3,16,36,36,66,76,76,76,111,111,16,44,44,116,116,87,99,99,24,24,24,24,40,40,75,86,86,86,86],"floor_reached":30,"playtime":982,"items_purged":["Parasite"],"score":557,"play_id":"50d7fd02-2f49-4765-9529-fe2c71b2e504","local_time":"20210109004253","is_ascension_mode":true,"campfire_choices":[{"data":"Backstab","floor":6.0,"key":"SMITH"},{"data":"Masterful Stab","floor":12.0,"key":"SMITH"},{"floor":15.0,"key":"REST"},{"data":"Adrenaline","floor":23.0,"key":"SMITH"},{"data":"Outmaneuver","floor":29.0,"key":"SMITH"}],"circlet_count":0,"master_deck":["AscendersBane","Strike_G+1","Strike_G+1","Strike_G+1","Defend_G+1","Defend_G+1","Defend_G+1","Defend_G+1","Survivor","Neutralize","Masterful Stab+1","Backstab+1","Poisoned Stab","Flying Knee","Deadly Poison","PiercingWail","Tools of the Trade+1","Leg Sweep","Well Laid Plans+1","Adrenaline+1","Deflect","Outmaneuver+1","Unload","Cloak And Dagger+1","Deflect+1"],"relics":["Ring of the Snake","Frozen Egg 2","Pear","Potion Belt","Shuriken","Runic Pyramid","HornCleat","Strawberry"],"acts_visited":["Exordium","TheCity"],"potions_floor_usage":[],"damage_taken":[{"damage":4.0,"enemies":"Jaw Worm","floor":1.0,"turns":6.0},{"damage":0.0,"enemies":"Cultist","floor":4.0,"turns":2.0},{"damage":3.0,"enemies":"Small Slimes","floor":5.0,"turns":3.0},{"damage":34.0,"enemies":"3 Sentries","floor":7.0,"turns":10.0},{"damage":0.0,"enemies":"Exordium Wildlife","floor":8.0,"turns":3.0},{"damage":27.0,"enemies":"Lagavulin","floor":11.0,"turns":4.0},{"damage":4.0,"enemies":"3 Sentries","floor":14.0,"turns":7.0},{"damage":23.0,"enemies":"Hexaghost","floor":16.0,"turns":11.0},{"damage":6.0,"enemies":"2 Thieves","floor":18.0,"turns":4.0},{"damage":20.0,"enemies":"Spheric Guardian","floor":19.0,"turns":7.0},{"damage":1.0,"enemies":"Centurion and Healer","floor":25.0,"turns":7.0},{"damage":2.0,"enemies":"Book of Stabbing","floor":27.0,"turns":6.0},{"damage":18.0,"enemies":"Snecko","floor":28.0,"turns":9.0},{"damage":0,"enemies":"Gremlin Leader","floor":30,"turns":2}],"seed_played":"195925723641229214","potions_obtained":[{"floor":1.0,"key":"Poison Potion"},{"floor":8.0,"key":"CunningPotion"},{"floor":16.0,"key":"Weak Potion"},{"floor":18.0,"key":"Swift Potion"},{"floor":28.0,"key":"ColorlessPotion"}],"is_trial":false,"path_per_floor":["M","?","$","M","M","R","E","M","T","?","E","R","$","E","R","B",null,"M","M","?","$","?","R","$","M","T","E","M","R","E"],"character_chosen":"THE_SILENT","items_purchased":["Backstab","Poisoned Stab","Leg Sweep","SkillPotion"],"campfire_rested":1,"item_purchase_floors":[3,3,13,13],"current_hp_per_floor":[52,45,45,45,42,42,8,8,18,40,13,13,13,9,35,12,69,63,43,43,43,43,43,43,42,42,47,29,29,29,29],"gold":86,"neow_bonus":"TWENTY_PERCENT_HP_BONUS","is_daily":false,"chose_seed":false,"campfire_upgraded":4,"win_rate":0.0,"timestamp":1610174573,"path_taken":["M","?","$","M","M","R","E","M","T","?","E","R","?","E","R","BOSS","M","M","?","$","?","R","?","?","T","E","M","R","E"],"items_purchased_type":["Card","Card","Card","Potion"],"build_version":"2020-12-22","purchased_purges":1,"victory":false,"max_hp_per_floor":[78,78,78,78,78,78,78,78,88,88,88,88,88,88,88,88,88,88,88,88,85,85,85,85,85,85,92,92,92,92,92],"relic_stats":{"counters":[14,81],"Shuriken":[17],"obtain_stats":[{"Potion Belt":11,"Pear":9,"HornCleat":26,"Shuriken":14,"Strawberry":27,"Frozen Egg 2":7,"Ring of the Snake":0,"Runic Pyramid":17},{"Potion Belt":6,"Pear":5,"HornCleat":11,"Shuriken":7,"Strawberry":12,"Frozen Egg 2":4,"Ring of the Snake":0,"Runic Pyramid":8},{"Potion Belt":28,"Pear":24,"HornCleat":64,"Shuriken":35,"Strawberry":70,"Frozen Egg 2":21,"Ring of the Snake":0,"Runic Pyramid":46}],"Ring of the Snake":[28]},"card_choices":[{"not_picked":["Finisher","Dagger Spray"],"picked":"Masterful Stab","floor":1.0},{"not_picked":["Slice","Underhanded Strike"],"picked":"Flying Knee","floor":4.0},{"not_picked":["Escape Plan","Predator"],"picked":"Deadly Poison","floor":5.0},{"not_picked":["Flying Knee","Setup"],"picked":"PiercingWail","floor":7.0},{"not_picked":["Backstab","Quick Slash"],"picked":"Tools of the Trade+1","floor":8.0},{"not_picked":["Prepared","Flechettes","Tactician"],"picked":"SKIP","floor":11.0},{"not_picked":["Prepared","Blur"],"picked":"Well Laid Plans+1","floor":14.0},{"not_picked":["Storm of Steel","A Thousand Cuts+1"],"picked":"Adrenaline","floor":16.0},{"not_picked":["Poisoned Stab","Bane","Dagger Spray"],"picked":"SKIP","floor":18.0},{"not_picked":["Blade Dance+1","Blur"],"picked":"Deflect","floor":19.0},{"not_picked":["Dodge and Roll","Deflect"],"picked":"Cloak And Dagger+1","floor":25.0},{"not_picked":["Flying Knee","Dagger Throw"],"picked":"Deflect+1","floor":27.0},{"not_picked":["Deflect","Backflip","Infinite Blades+1"],"picked":"SKIP","floor":28.0}],"player_experience":1607154,"relics_obtained":[{"floor":7.0,"key":"Frozen Egg 2"},{"floor":9.0,"key":"Pear"},{"floor":11.0,"key":"Potion Belt"},{"floor":14.0,"key":"Shuriken"},{"floor":26.0,"key":"HornCleat"},{"floor":27.0,"key":"Strawberry"}],"event_choices":[{"cards_removed":["Defend_G"],"damage_healed":0.0,"max_hp_gain":0.0,"max_hp_loss":0.0,"gold_gain":0.0,"event_name":"Golden Wing","player_choice":"Card Removal","floor":2.0,"gold_loss":0.0,"damage_taken":7.0},{"damage_healed":22.0,"max_hp_gain":0.0,"max_hp_loss":0.0,"gold_gain":0.0,"event_name":"Mushrooms","player_choice":"Healed and dodged fight","floor":10.0,"gold_loss":0.0,"damage_taken":0.0,"cards_obtained":["Parasite"]},{"damage_healed":0.0,"max_hp_gain":0.0,"max_hp_loss":0.0,"gold_gain":0.0,"event_name":"Back to Basics","player_choice":"Simplicity","floor":20.0,"gold_loss":0.0,"damage_taken":0.0,"cards_upgraded":["Strike_G","Strike_G","Strike_G","Strike_G","Strike_G","Defend_G","Defend_G","Defend_G","Defend_G"]},{"damage_healed":0.0,"max_hp_gain":0.0,"max_hp_loss":0.0,"gold_gain":0.0,"cards_transformed":["Strike_G","Strike_G"],"event_name":"Drug Dealer","player_choice":"Became Test Subject","floor":22.0,"gold_loss":0.0,"damage_taken":0.0,"cards_obtained":["Outmaneuver","Unload"]}],"is_beta":false,"boss_relics":[{"not_picked":["Sozu","Snecko Eye"],"picked":"Runic Pyramid"}],"items_purged_floors":[21],"is_endless":false,"potions_floor_spawned":[1,8,16,18,28],"killed_by":"Gremlin Leader","ascension_level":20}}