{"host":"f674lxlqx58fvogb","time":1610199165,"event":{"mods":["BaseMod","Colored Powertips","Downfall","Jorbs\u0027s Wanderer Trilogy","Minty Spire (QoL Compilation)","Replay The Spire","StSLib","The Blue Laboratory"],"gold_per_floor":[116,132,132,145,163,194,194,210,210,210,226,226,45,55,55,156,156,169,184,184,184,184,184,184],"floor_reached":23,"playtime":1025,"items_purged":[],"score":193,"play_id":"c973a12f-b5e4-439f-9997-de62215c70c4","local_time":"20210109143245","is_ascension_mode":false,"campfire_choices":[{"floor":10,"key":"REST"},{"floor":12,"key":"REST"},{"floor":15,"key":"RECALL"}],"circlet_count":0,"master_deck":["stsjorbsmod:ForbiddenGrimoire+1","stsjorbsmod:FreshAdventure","stsjorbsmod:EyeOfTheStorm","Replay:GuardianBash","stsjorbsmod:GatherPower","stsjorbsmod:FindFamiliar","stsjorbsmod:MageArmor","stsjorbsmod:SmithingStrike","stsjorbsmod:ScorchingRay","stsjorbsmod:IvoryTower","stsjorbsmod:DisguiseSelf","stsjorbsmod:BlackTentacles","stsjorbsmod:TrueStrike","stsjorbsmod:TrueStrike","stsjorbsmod:ChainLightning","stsjorbsmod:ArcaneForm","stsjorbsmod:Mindworm","stsjorbsmod:SchoolsOfMagic","stsjorbsmod:ParryingBlow","stsjorbsmod:BlackTentacles","stsjorbsmod:Counterspell","stsjorbsmod:Rediscovery","stsjorbsmod:Materialize","stsjorbsmod:ChatteringStrike","stsjorbsmod:Thorns","stsjorbsmod:Prestidigitation+1","Slimebound:Tackle+1","Slimebound:Tackle+1","Slimebound:Tackle+1"],"relics":["stsjorbsmod:GrimoireRelic","NlothsMask","InkBottle","Simple Rune","Pandora\u0027s Box","Replay:Bottled Flurry"],"acts_visited":["Exordium","TheCity"],"potions_floor_usage":[16,16,16],"damage_taken":[{"damage":0,"enemies":"Cultist","floor":1,"turns":3},{"damage":8,"enemies":"2 Louse","floor":2,"turns":3},{"damage":4,"enemies":"Jaw Worm","floor":4,"turns":3},{"damage":27,"enemies":"Exordium Thugs","floor":5,"turns":5},{"damage":25,"enemies":"Replay:BlueRogue","floor":6,"turns":5},{"damage":17,"enemies":"Blue Slaver","floor":8,"turns":3},{"damage":0,"enemies":"Large Slime","floor":11,"turns":4},{"damage":9,"enemies":"3 Louse","floor":14,"turns":4},{"damage":33,"enemies":"Hexaghost","floor":16,"turns":8},{"damage":14,"enemies":"Shell Parasite","floor":18,"turns":4},{"damage":5,"enemies":"Chosen","floor":19,"turns":4},{"damage":56,"enemies":"Book of Stabbing","floor":23,"turns":4}],"seed_played":"3354645113665784288","potions_obtained":[{"floor":1,"key":"AttackPotion"},{"floor":2,"key":"BlessingOfTheForge"},{"floor":5,"key":"Doom Potion"},{"floor":18,"key":"blueLaboratory:HummingbirdPotion"}],"is_trial":false,"path_per_floor":["M","M","?","M","M","E","?","M","T","R","M","R","$","M","R","B",null,"M","M","?","?","?","E"],"character_chosen":"WANDERER","items_purchased":["stsjorbsmod:TrueStrike","Simple Rune"],"campfire_rested":2,"item_purchase_floors":[13,13],"current_hp_per_floor":[68,62,62,60,35,12,34,18,18,38,38,58,58,49,49,16,68,59,54,54,54,54,0,0],"gold":184,"neow_bonus":"THREE_RARE_CARDS","is_daily":false,"chose_seed":false,"campfire_upgraded":0,"win_rate":0.0,"timestamp":1610199165,"path_taken":["M","M","?","M","?","E","?","M","T","R","M","R","?","?","R","BOSS","M","M","?","?","?","E"],"items_purchased_type":["Card","Relic"],"build_version":"2020-12-22","purchased_purges":0,"victory":false,"max_hp_per_floor":[68,68,68,68,68,68,68,68,68,68,68,68,68,68,68,68,68,68,68,68,68,68,68,68],"card_choices":[{"not_picked":["stsjorbsmod:Feast","stsjorbsmod:Banish"],"picked":"stsjorbsmod:GatherPower","floor":0},{"not_picked":["stsjorbsmod:TinyHut","stsjorbsmod:Stalwart"],"picked":"stsjorbsmod:FindFamiliar","floor":1},{"not_picked":["stsjorbsmod:MistyStep","stsjorbsmod:Stalwart"],"picked":"stsjorbsmod:MageArmor","floor":2},{"not_picked":["stsjorbsmod:FracturedMind","stsjorbsmod:ChatteringStrike"],"picked":"stsjorbsmod:SmithingStrike","floor":4},{"not_picked":["stsjorbsmod:Thorns","stsjorbsmod:RayOfFrost"],"picked":"stsjorbsmod:ScorchingRay","floor":5},{"not_picked":["stsjorbsmod:Message","stsjorbsmod:Materialize"],"picked":"stsjorbsmod:IvoryTower","floor":6},{"not_picked":["stsjorbsmod:Hurt","stsjorbsmod:FracturedMind"],"picked":"stsjorbsmod:DisguiseSelf","floor":8},{"not_picked":["stsjorbsmod:Stalwart","stsjorbsmod:ParryingBlow"],"picked":"stsjorbsmod:BlackTentacles","floor":11},{"not_picked":["stsjorbsmod:TrueStrike","stsjorbsmod:Hurt"],"picked":"stsjorbsmod:ChainLightning","floor":14},{"not_picked":["stsjorbsmod:Trauma","stsjorbsmod:Withdraw"],"picked":"stsjorbsmod:ArcaneForm","floor":16},{"not_picked":["stsjorbsmod:ParryingBlow","stsjorbsmod:Materialize"],"picked":"stsjorbsmod:Prestidigitation+1","floor":18},{"not_picked":["stsjorbsmod:BlackTentacles+1","stsjorbsmod:Prepare"],"picked":"stsjorbsmod:Firebolt+1","floor":19}],"player_experience":191383,"relics_obtained":[{"floor":6,"key":"InkBottle"}],"event_choices":[{"damage_healed":0,"gold_gain":0,"player_choice":"Trade","damage_taken":0,"relics_obtained":["NlothsMask"],"max_hp_gain":0,"max_hp_loss":0,"event_name":"FaceTrader","floor":3,"gold_loss":0},{"damage_healed":22,"gold_gain":0,"player_choice":"Banana","damage_taken":0,"max_hp_gain":0,"max_hp_loss":0,"event_name":"Big Fish","floor":7,"gold_loss":0},{"damage_healed":0,"gold_gain":0,"player_choice":"Opened","damage_taken":0,"relics_obtained":["Replay:Bottled Flurry"],"max_hp_gain":0,"max_hp_loss":0,"event_name":"The Mausoleum","floor":20,"gold_loss":0},{"cards_removed":["stsjorbsmod:Firebolt"],"damage_healed":0,"gold_gain":0,"player_choice":"Elegance","damage_taken":0,"max_hp_gain":0,"max_hp_loss":0,"event_name":"Back to Basics","floor":21,"gold_loss":0}],"is_beta":false,"boss_relics":[{"not_picked":["Busted Crown","Painkiller Herb"],"picked":"Pandora\u0027s Box"}],"items_purged_floors":[],"is_endless":false,"potions_floor_spawned":[1,2,5,8,14,18],"killed_by":"Book of Stabbing","ascension_level":0}}