{"host":"0fdnxkewx3g9nmo3","time":1610220864,"event":{"mods":["BaseMod","Minty Spire (QoL Compilation)","Quick Restart","SuperFastMode"],"gold_per_floor":[216,227,245,245,18,46,66,85,157,157,89,89,103,115,115,214,214,231,248,173,184,194,225,239,274,298,298,326,326,386,402,402,402,402],"floor_reached":33,"playtime":1682,"items_purged":[],"score":313,"play_id":"9fe3aeed-6796-4a7f-8dcb-7510f7561904","local_time":"20210109133424","is_ascension_mode":false,"campfire_choices":[{"data":"Metallicize","floor":15,"key":"SMITH"},{"data":"Dual Wield","floor":27,"key":"SMITH"},{"floor":32,"key":"REST"}],"circlet_count":0,"master_deck":["Strike_R","Strike_R","Strike_R","Strike_R","Defend_R","Defend_R","Defend_R","Defend_R","Bash","Intimidate","Iron Wave","Dark Embrace+1","Seeing Red","Whirlwind+1","Shrug It Off","Thunderclap+1","Blood for Blood+1","Anger+1","Metallicize+1","Bludgeon+1","Dual Wield+1","Clothesline+1","True Grit+1","Cleave+1","Entrench+1","Heavy Blade+1","Sword Boomerang+1","Spot Weakness"],"relics":["Burning Blood","Blood Vial","Brimstone","Ice Cream","Molten Egg 2","Mark of Pain","Strawberry","Art of War","Whetstone","Incense Burner","SsserpentHead"],"acts_visited":["Exordium","TheCity"],"potions_floor_usage":[6,6,8,13,21,23,23,25,25,31],"damage_taken":[{"damage":6,"enemies":"2 Louse","floor":1,"turns":4},{"damage":0,"enemies":"Small Slimes","floor":2,"turns":4},{"damage":2,"enemies":"Cultist","floor":3,"turns":4},{"damage":14,"enemies":"Lagavulin","floor":6,"turns":5},{"damage":16,"enemies":"Red Slaver","floor":7,"turns":3},{"damage":9,"enemies":"Gremlin Gang","floor":8,"turns":3},{"damage":12,"enemies":"Exordium Thugs","floor":13,"turns":3},{"damage":6,"enemies":"Red Slaver","floor":14,"turns":2},{"damage":39,"enemies":"The Guardian","floor":16,"turns":7},{"damage":12,"enemies":"3 Byrds","floor":18,"turns":3},{"damage":0,"enemies":"Chosen","floor":19,"turns":3},{"damage":13,"enemies":"Centurion and Healer","floor":21,"turns":4},{"damage":8,"enemies":"Snecko","floor":22,"turns":3},{"damage":24,"enemies":"Slavers","floor":23,"turns":4},{"damage":8,"enemies":"3 Cultists","floor":24,"turns":5},{"damage":28,"enemies":"Book of Stabbing","floor":25,"turns":5},{"damage":36,"enemies":"Slavers","floor":28,"turns":4},{"damage":26,"enemies":"Sentry and Sphere","floor":30,"turns":4},{"damage":5,"enemies":"Centurion and Healer","floor":31,"turns":3},{"damage":48,"enemies":"Collector","floor":33,"turns":3}],"seed_played":"2634267165363084926","potions_obtained":[{"floor":1,"key":"PowerPotion"},{"floor":3,"key":"HeartOfIron"},{"floor":6,"key":"Block Potion"},{"floor":7,"key":"ColorlessPotion"},{"floor":14,"key":"Swift Potion"},{"floor":16,"key":"Block Potion"},{"floor":18,"key":"Fire Potion"},{"floor":22,"key":"Regen Potion"},{"floor":24,"key":"EssenceOfSteel"},{"floor":30,"key":"Explosive Potion"}],"is_trial":false,"path_per_floor":["M","M","M","?","$","E","M","M","T","?","$","?","M","M","R","B",null,"M","M","?","M","M","E","M","E","T","R","E","?","M","M","R","B"],"character_chosen":"IRONCLAD","items_purchased":["Seeing Red","Brimstone","Blood for Blood+1"],"campfire_rested":1,"item_purchase_floors":[5,5,11],"current_hp_per_floor":[80,80,80,73,73,67,59,58,58,80,80,80,74,76,76,45,80,74,80,80,73,73,76,76,56,56,56,28,28,10,13,39,0,0],"gold":402,"neow_bonus":"HUNDRED_GOLD","is_daily":false,"chose_seed":false,"campfire_upgraded":2,"win_rate":0.0,"timestamp":1610220864,"path_taken":["M","M","M","?","$","E","M","M","T","?","$","?","M","M","R","BOSS","M","M","?","M","M","E","M","E","T","R","E","?","?","M","R","BOSS"],"items_purchased_type":["Card","Relic","Card"],"build_version":"2020-12-22","purchased_purges":0,"victory":false,"max_hp_per_floor":[80,80,80,80,80,80,80,80,80,80,80,80,80,80,80,80,80,80,80,80,80,80,87,87,87,87,87,87,87,87,87,87,87,87],"card_choices":[{"not_picked":["Blood for Blood","Warcry"],"picked":"Intimidate","floor":1},{"not_picked":["Armaments","Perfected Strike"],"picked":"Iron Wave","floor":2},{"not_picked":["Thunderclap","Shockwave"],"picked":"Dark Embrace","floor":3},{"not_picked":["Demon Form","Rupture"],"picked":"Whirlwind","floor":6},{"not_picked":["Disarm","Armaments"],"picked":"Shrug It Off","floor":7},{"not_picked":["Rupture","Armaments"],"picked":"Thunderclap","floor":8},{"not_picked":["Combust","Pommel Strike+1"],"picked":"Anger+1","floor":13},{"not_picked":["Clash+1","Sword Boomerang+1"],"picked":"Metallicize","floor":14},{"not_picked":["Berserk","Demon Form"],"picked":"Bludgeon+1","floor":16},{"not_picked":["Twin Strike+1","Perfected Strike+1"],"picked":"Dual Wield","floor":18},{"not_picked":["Cleave+1","Bloodletting+1"],"picked":"Clothesline+1","floor":19},{"not_picked":["Blood for Blood+1","Iron Wave+1"],"picked":"True Grit+1","floor":21},{"not_picked":["Clothesline+1","Perfected Strike+1"],"picked":"Cleave+1","floor":22},{"not_picked":["Perfected Strike+1","Iron Wave+1"],"picked":"Entrench+1","floor":23},{"not_picked":["Clash+1","Feel No Pain"],"picked":"Heavy Blade+1","floor":24},{"not_picked":["Juggernaut","Combust+1","Ghostly Armor"],"picked":"SKIP","floor":25},{"not_picked":["Heavy Blade+1","Berserk"],"picked":"Sword Boomerang+1","floor":28},{"not_picked":["Thunderclap+1","Entrench"],"picked":"Spot Weakness","floor":30},{"not_picked":["Twin Strike+1","Sever Soul+1","Cleave+1"],"picked":"SKIP","floor":31}],"player_experience":298489,"relics_obtained":[{"floor":6,"key":"Ice Cream"},{"floor":9,"key":"Molten Egg 2"},{"floor":23,"key":"Strawberry"},{"floor":25,"key":"Art of War"},{"floor":26,"key":"Whetstone"},{"floor":28,"key":"Incense Burner"}],"event_choices":[{"damage_healed":0,"gold_gain":0,"player_choice":"Success","damage_taken":7,"relics_obtained":["Blood Vial"],"max_hp_gain":0,"max_hp_loss":0,"event_name":"Scrap Ooze","floor":4,"gold_loss":0},{"damage_healed":26,"gold_gain":0,"player_choice":"Banana","damage_taken":0,"max_hp_gain":0,"max_hp_loss":0,"event_name":"Big Fish","floor":10,"gold_loss":0},{"damage_healed":0,"gold_gain":0,"player_choice":"Grow","damage_taken":0,"max_hp_gain":0,"max_hp_loss":0,"event_name":"Living Wall","floor":12,"gold_loss":0,"cards_upgraded":["Dark Embrace"]},{"cards_removed":["Strike_R"],"damage_healed":0,"gold_gain":0,"player_choice":"Gave Gold","damage_taken":0,"max_hp_gain":0,"max_hp_loss":0,"event_name":"Beggar","floor":20,"gold_loss":75},{"damage_healed":0,"gold_gain":0,"player_choice":"Trade","damage_taken":0,"relics_obtained":["SsserpentHead"],"max_hp_gain":0,"max_hp_loss":0,"event_name":"FaceTrader","floor":29,"gold_loss":0}],"is_beta":false,"boss_relics":[{"not_picked":["Black Star","Philosopher\u0027s Stone"],"picked":"Mark of Pain"}],"items_purged_floors":[],"is_endless":false,"potions_floor_spawned":[1,3,6,7,14,16,18,19,22,24,30],"killed_by":"Collector","ascension_level":0}}