{"host":"c97twqu0op5dg8i4","time":1610220935,"event":{"mods":["BaseMod","Minty Spire (QoL Compilation)"],"gold_per_floor":[109,127,2,14,14,14,40,40,40,40,140,151,165,197,197,298,298,316,73,73,91,91,124,142,142,165,183,183,195,210,210,210,309,309,309],"floor_reached":34,"playtime":1359,"items_purged":[],"score":458,"play_id":"5222be6e-b832-448f-bee1-b26371e7d75c","local_time":"20210109143535","is_ascension_mode":true,"campfire_choices":[{"data":"Infinite Blades","floor":6,"key":"SMITH"},{"data":"Cloak And Dagger","floor":8,"key":"SMITH"},{"floor":15,"key":"REST"},{"floor":25,"key":"REST"},{"data":"Leg Sweep","floor":28,"key":"SMITH"},{"floor":32,"key":"REST"}],"circlet_count":0,"master_deck":["Survivor","Neutralize","Cloak And Dagger+1","Cloak And Dagger+1","Backflip","Infinite Blades+1","Adrenaline","Quick Slash","Dash","Acrobatics","Storm of Steel","Sucker Punch","Venomology","Heel Hook","Terror","Blur","All Out Attack","Leg Sweep+1","Deadly Poison","Infinite Blades","Dodge and Roll","Accuracy+1","Envenom"],"relics":["Ring of the Snake","NeowsBlessing","Matryoshka","War Paint","Pantograph","Boot","Pandora\u0027s Box","Ninja Scroll","Enchiridion","TungstenRod","Akabeko","PreservedInsect","Cursed Key"],"acts_visited":["Exordium","TheCity","TheBeyond"],"potions_floor_usage":[7,16,21,23,24,27,30,33,33,33],"damage_taken":[{"damage":0,"enemies":"2 Louse","floor":1,"turns":1},{"damage":0,"enemies":"Cultist","floor":2,"turns":1},{"damage":0,"enemies":"Small Slimes","floor":4,"turns":1},{"damage":23,"enemies":"Lagavulin","floor":7,"turns":10},{"damage":0,"enemies":"Exordium Wildlife","floor":12,"turns":4},{"damage":0,"enemies":"2 Fungi Beasts","floor":13,"turns":4},{"damage":21,"enemies":"Gremlin Nob","floor":14,"turns":4},{"damage":67,"enemies":"The Guardian","floor":16,"turns":14},{"damage":0,"enemies":"3 Byrds","floor":18,"turns":5},{"damage":0,"enemies":"Spheric Guardian","floor":21,"turns":2},{"damage":26,"enemies":"Book of Stabbing","floor":23,"turns":5},{"damage":0,"enemies":"Centurion and Healer","floor":24,"turns":5},{"damage":0,"enemies":"3 Cultists","floor":27,"turns":5},{"damage":23,"enemies":"Sentry and Sphere","floor":29,"turns":6},{"damage":1,"enemies":"Shelled Parasite and Fungi","floor":30,"turns":5},{"damage":37,"enemies":"Champ","floor":33,"turns":9}],"seed_played":"7453169513655888371","potions_obtained":[{"floor":4,"key":"SkillPotion"},{"floor":7,"key":"Swift Potion"},{"floor":13,"key":"Regen Potion"},{"floor":16,"key":"AttackPotion"},{"floor":18,"key":"PowerPotion"},{"floor":29,"key":"AttackPotion"},{"floor":33,"key":"SkillPotion"}],"is_trial":false,"path_per_floor":["M","M","$","M","?","R","E","R","T","$","?","M","M","E","R","B",null,"M","$","?","M","?","E","M","R","T","M","R","M","M","?","R","B",null],"character_chosen":"THE_SILENT","items_purchased":["Backflip","Infinite Blades","Ninja Scroll"],"campfire_rested":3,"item_purchase_floors":[3,3,19],"current_hp_per_floor":[70,70,70,70,63,63,40,40,40,40,40,40,40,19,40,9,70,70,70,54,54,54,28,28,49,49,49,49,26,25,13,35,23,75,75],"gold":309,"neow_bonus":"THREE_ENEMY_KILL","is_daily":false,"chose_seed":false,"campfire_upgraded":3,"win_rate":0.0,"timestamp":1610220935,"path_taken":["M","M","$","M","?","R","E","R","T","$","?","?","M","E","R","BOSS","M","$","?","M","?","E","M","R","T","M","R","M","M","?","R","BOSS"],"items_purchased_type":["Card","Card","Relic"],"build_version":"2020-12-22","purchased_purges":0,"victory":false,"max_hp_per_floor":[70,70,70,70,70,70,70,70,70,70,70,70,70,70,70,70,70,70,70,70,70,70,70,70,70,70,70,70,70,70,75,75,75,75,75],"card_choices":[{"not_picked":["Outmaneuver","Backflip"],"picked":"Cloak And Dagger","floor":1},{"not_picked":["Terror","Flechettes"],"picked":"Cloak And Dagger","floor":2},{"not_picked":["Underhanded Strike","Dagger Throw","Flying Knee"],"picked":"SKIP","floor":4},{"not_picked":["Flying Knee","Dagger Throw"],"picked":"Adrenaline","floor":7},{"not_picked":["Bane","Poisoned Stab"],"picked":"Quick Slash","floor":12},{"not_picked":["Crippling Poison","Concentrate"],"picked":"Dash","floor":13},{"not_picked":["Night Terror","Well Laid Plans"],"picked":"Acrobatics","floor":14},{"not_picked":["Unload","Venomology"],"picked":"Storm of Steel","floor":16},{"not_picked":["Outmaneuver","Deadly Poison"],"picked":"Infinite Blades","floor":18},{"not_picked":["Sucker Punch","Crippling Poison+1","Catalyst+1"],"picked":"SKIP","floor":21},{"not_picked":["Tactician","Grand Finale","Caltrops"],"picked":"SKIP","floor":23},{"not_picked":["Eviscerate+1","Outmaneuver+1","Finisher+1"],"picked":"SKIP","floor":24},{"not_picked":["All Out Attack+1","Acrobatics"],"picked":"Dodge and Roll","floor":27},{"not_picked":["Deadly Poison","Prepared+1","Expertise"],"picked":"SKIP","floor":29},{"not_picked":["Well Laid Plans","Underhanded Strike"],"picked":"Accuracy+1","floor":30},{"not_picked":["Phantasmal Killer","Wraith Form v2"],"picked":"Envenom","floor":33}],"player_experience":269703,"relics_obtained":[{"floor":7,"key":"Matryoshka"},{"floor":9,"key":"War Paint"},{"floor":9,"key":"Pantograph"},{"floor":14,"key":"Boot"},{"floor":20,"key":"Enchiridion"},{"floor":23,"key":"TungstenRod"},{"floor":26,"key":"Akabeko"},{"floor":26,"key":"PreservedInsect"}],"event_choices":[{"cards_removed":["Strike_G"],"damage_healed":0,"gold_gain":0,"player_choice":"Card Removal","damage_taken":7,"max_hp_gain":0,"max_hp_loss":0,"event_name":"Golden Wing","floor":5,"gold_loss":0},{"damage_healed":0,"gold_gain":100,"player_choice":"Pray","damage_taken":0,"max_hp_gain":0,"max_hp_loss":0,"event_name":"Golden Shrine","floor":11,"gold_loss":0},{"damage_healed":0,"gold_gain":0,"player_choice":"Obtained Book","damage_taken":16,"max_hp_gain":0,"max_hp_loss":0,"event_name":"Cursed Tome","floor":20,"gold_loss":0},{"cards_removed":["Skewer"],"damage_healed":0,"gold_gain":0,"player_choice":"Elegance","damage_taken":0,"max_hp_gain":0,"max_hp_loss":0,"event_name":"Back to Basics","floor":22,"gold_loss":0},{"damage_healed":0,"gold_gain":0,"player_choice":"Shed Blood","damage_taken":18,"max_hp_gain":5,"max_hp_loss":0,"event_name":"Forgotten Altar","floor":31,"gold_loss":0}],"is_beta":false,"boss_relics":[{"not_picked":["Philosopher\u0027s Stone","Runic Pyramid"],"picked":"Pandora\u0027s Box"},{"not_picked":["Coffee Dripper","Sozu"],"picked":"Cursed Key"}],"items_purged_floors":[],"is_endless":false,"potions_floor_spawned":[4,7,13,16,18,23,29,33],"ascension_level":4}}