{"host":"f5uumzf5hfexzk8l","time":1610181816,"event":{"mods":["AchievementEnabler","BaseMod","Bestiary","Colored Map","Googly Eyes","Minty Spire (QoL Compilation)","Permanent Neow","Relic Sorter","Relic Stats","SuperFastMode","Unceasing Turn Reminder","everything is the same but u backflip on backflip"],"gold_per_floor":[111,111,111,19,30,57,73,73,73,90,116,76,76,96,96,173,173,185,185,235,235,246,281,75,106,130,140,15,15,15,15,15,94,94,104,123,148,166,176,501,501,333,358,369,369,25,25,38,38,38,38],"floor_reached":52,"playtime":2042,"items_purged":["Strike_G","Strike_G","Dash"],"score":2481,"play_id":"aca592df-54b2-4393-bae5-ede1663d82c1","local_time":"20210109004336","daily_mods":["Specialized"],"is_ascension_mode":true,"campfire_choices":[{"floor":8,"key":"REST"},{"data":"Footwork","floor":13,"key":"SMITH"},{"data":"Burst","floor":15,"key":"SMITH"},{"data":"Footwork","floor":29,"key":"SMITH"},{"data":"Footwork","floor":32,"key":"SMITH"},{"floor":45,"key":"REST"},{"floor":47,"key":"REST"},{"floor":49,"key":"REST"}],"circlet_count":0,"master_deck":["AscendersBane","Defend_G","Defend_G","Defend_G","Defend_G","Survivor","Neutralize","Footwork","Footwork+1","Footwork+1","Footwork+1","Footwork","PiercingWail","Noxious Fumes+1","Dodge and Roll","Corpse Explosion","Backflip","Dodge and Roll","Footwork+1","Burst+1","Purity","Prepared+1","Night Terror","Night Terror","Backflip+1","Apotheosis","Backflip+1","Backflip+1"],"relics":["Ring of the Snake","Pocketwatch","Calipers","Sling","Mummified Hand","Prayer Wheel","FossilizedHelix","Thread and Needle","Runic Dome","Nilry\u0027s Codex","Akabeko","Calipers","Lantern","Cursed Key","Ice Cream","Old Coin","DollysMirror","Boot","Strange Spoon"],"acts_visited":["Exordium","TheCity","TheBeyond"],"potions_floor_usage":[25,25,40,44],"damage_taken":[{"damage":0,"enemies":"Cultist","floor":1,"turns":8},{"damage":6,"enemies":"Small Slimes","floor":5,"turns":6},{"damage":20,"enemies":"Gremlin Nob","floor":6,"turns":7},{"damage":0,"enemies":"2 Louse","floor":7,"turns":5},{"damage":0,"enemies":"Large Slime","floor":10,"turns":15},{"damage":0,"enemies":"Lagavulin","floor":11,"turns":8},{"damage":0,"enemies":"Looter","floor":12,"turns":4},{"damage":0,"enemies":"3 Louse","floor":14,"turns":4},{"damage":0,"enemies":"The Guardian","floor":16,"turns":15},{"damage":0,"enemies":"Shell Parasite","floor":18,"turns":8},{"damage":0,"enemies":"Chosen","floor":22,"turns":13},{"damage":0,"enemies":"Slavers","floor":23,"turns":7},{"damage":12,"enemies":"Gremlin Leader","floor":25,"turns":12},{"damage":0,"enemies":"Snake Plant","floor":27,"turns":7},{"damage":0,"enemies":"Champ","floor":33,"turns":17},{"damage":0,"enemies":"3 Darklings","floor":35,"turns":6},{"damage":0,"enemies":"3 Shapes","floor":36,"turns":7},{"damage":0,"enemies":"Mind Bloom Boss Battle","floor":37,"turns":14},{"damage":0,"enemies":"Spire Growth","floor":38,"turns":10},{"damage":0,"enemies":"Writhing Mass","floor":39,"turns":1},{"damage":0,"enemies":"Nemesis","floor":40,"turns":1},{"damage":60,"enemies":"Transient","floor":44,"turns":6},{"damage":57,"enemies":"Sphere and 2 Shapes","floor":48,"turns":7},{"damage":0,"enemies":"Time Eater","floor":50,"turns":37},{"damage":0,"enemies":"Donu and Deca","floor":51,"turns":7}],"seed_played":"2316728623071293465","potions_obtained":[{"floor":1,"key":"Regen Potion"},{"floor":6,"key":"SmokeBomb"},{"floor":10,"key":"Regen Potion"},{"floor":33,"key":"AttackPotion"},{"floor":39,"key":"Block Potion"},{"floor":40,"key":"Fruit Juice"},{"floor":44,"key":"PowerPotion"}],"is_trial":true,"path_per_floor":["M","?","?","$","M","E","M","R","T","M","E","M","R","M","R","B",null,"M","?","?","?","M","E","$","E","T","M","$","R","?","$","R","B",null,"M","M","?","M","M","E","?","$","T","M","R","$","R","M","R","B","B",null],"character_chosen":"THE_SILENT","items_purchased":["Sling","Purity","DollysMirror","Strange Spoon","Apotheosis"],"campfire_rested":4,"item_purchase_floors":[4,24,42,46,46],"current_hp_per_floor":[59,39,39,39,33,13,13,32,32,32,32,32,32,32,32,32,58,58,37,37,37,37,37,37,66,66,66,66,66,66,66,66,66,66,66,66,66,66,66,71,71,71,71,11,32,32,53,36,57,57,57],"gold":38,"neow_bonus":"","is_daily":false,"chose_seed":false,"campfire_upgraded":4,"win_rate":0.0,"timestamp":1610181816,"path_taken":["M","?","?","$","M","E","?","R","T","M","E","M","R","M","R","BOSS","M","?","?","?","M","E","$","E","T","M","$","R","?","$","R","BOSS","M","M","?","M","M","E","?","$","T","?","R","$","R","M","R","BOSS","BOSS"],"items_purchased_type":["Relic","Card","Relic","Relic","Card"],"build_version":"2020-12-22","purchased_purges":3,"victory":true,"max_hp_per_floor":[66,66,66,66,66,66,66,66,66,66,66,66,66,66,66,66,66,66,66,66,66,66,66,66,66,66,66,66,66,66,66,66,66,66,66,66,66,66,66,71,71,71,71,71,71,71,71,71,71,71,71],"relic_stats":{"Strange Spoon":[30],"counters":[25,232],"Mummified Hand":[222],"Prayer Wheel":13,"Cursed Key":1,"Boot":[2],"obtain_stats":[{"Ice Cream":37,"Lantern":26,"Calipers":19,"Nilry\u0027s Codex":19,"GremlinMask":3,"Thread and Needle":11,"Sling":4,"Cursed Key":34,"Boot":43,"Akabeko":21,"Old Coin":40,"Runic Dome":17,"Strange Spoon":46,"Mummified Hand":4,"DollysMirror":42,"Prayer Wheel":6,"FossilizedHelix":9,"Ring of the Snake":0,"Pocketwatch":23},{"Ice Cream":18,"Lantern":13,"Calipers":10,"Nilry\u0027s Codex":10,"GremlinMask":1,"Thread and Needle":6,"Sling":1,"Cursed Key":15,"Boot":21,"Akabeko":10,"Old Coin":21,"Runic Dome":9,"Strange Spoon":22,"Mummified Hand":1,"DollysMirror":21,"Prayer Wheel":3,"FossilizedHelix":4,"Ring of the Snake":0,"Pocketwatch":12},{"Ice Cream":163,"Lantern":112,"Calipers":80,"Nilry\u0027s Codex":80,"GremlinMask":8,"Thread and Needle":49,"Sling":8,"Cursed Key":136,"Boot":175,"Akabeko":80,"Old Coin":175,"Runic Dome":72,"Strange Spoon":181,"Mummified Hand":8,"DollysMirror":175,"Prayer Wheel":21,"FossilizedHelix":26,"Ring of the Snake":0,"Pocketwatch":100}],"Ring of the Snake":[50],"Pocketwatch":[96]},"card_choices":[{"not_picked":["Backstab","Cloak And Dagger"],"picked":"PiercingWail","floor":1},{"not_picked":["Blade Dance","Tactician"],"picked":"Dodge and Roll","floor":5},{"not_picked":["Predator","Sucker Punch"],"picked":"Dash","floor":6},{"not_picked":["PiercingWail","Storm of Steel","Underhanded Strike"],"picked":"SKIP","floor":7},{"not_picked":["Poisoned Stab","Terror","Sucker Punch"],"picked":"SKIP","floor":7},{"not_picked":["Sucker Punch","Dagger Throw"],"picked":"Dodge and Roll","floor":10},{"not_picked":["Deflect","Blade Dance","Prepared"],"picked":"SKIP","floor":10},{"not_picked":["Escape Plan","Predator"],"picked":"Corpse Explosion","floor":11},{"not_picked":["Terror","Distraction"],"picked":"Backflip","floor":12},{"not_picked":["Leg Sweep","Backstab"],"picked":"Dodge and Roll","floor":12},{"not_picked":["Dash","Flying Knee"],"picked":"Footwork","floor":14},{"not_picked":["Outmaneuver","PiercingWail"],"picked":"Burst","floor":14},{"not_picked":["Prepared","Backstab","Deflect+1"],"picked":"SKIP","floor":18},{"not_picked":["Prepared","Poisoned Stab","Choke"],"picked":"SKIP","floor":18},{"not_picked":["Flechettes","Heel Hook","Flying Knee"],"picked":"SKIP","floor":22},{"not_picked":["Eviscerate","Underhanded Strike","Infinite Blades"],"picked":"SKIP","floor":22},{"not_picked":["Expertise","Doppelganger","Leg Sweep"],"picked":"SKIP","floor":23},{"not_picked":["PiercingWail","Dodge and Roll"],"picked":"Prepared+1","floor":25},{"not_picked":["Catalyst","Eviscerate","Deflect+1"],"picked":"SKIP","floor":27},{"not_picked":["Sucker Punch","Setup","Prepared"],"picked":"SKIP","floor":27},{"not_picked":["Malaise","Venomology"],"picked":"Night Terror","floor":33},{"not_picked":["Sucker Punch","PiercingWail","Dodge and Roll"],"picked":"SKIP","floor":35},{"not_picked":["Heel Hook","Deflect","Dodge and Roll"],"picked":"SKIP","floor":35},{"not_picked":["Well Laid Plans","Cloak And Dagger","Bouncing Flask+1"],"picked":"SKIP","floor":36},{"not_picked":["Dagger Throw+1","Quick Slash","Setup"],"picked":"SKIP","floor":36},{"not_picked":["Deflect","Deadly Poison","Outmaneuver+1"],"picked":"SKIP","floor":38},{"not_picked":["Underhanded Strike","Crippling Poison+1","Bouncing Flask+1"],"picked":"SKIP","floor":38},{"not_picked":["Infinite Blades","Phantasmal Killer","Blur"],"picked":"SKIP","floor":39},{"not_picked":["Deflect","Quick Slash","Backflip"],"picked":"SKIP","floor":39},{"not_picked":["Deflect","Backflip+1","Blade Dance"],"picked":"SKIP","floor":40},{"not_picked":["Escape Plan","Footwork"],"picked":"Backflip+1","floor":44},{"not_picked":["Flying Knee","Acrobatics","Terror"],"picked":"SKIP","floor":44},{"not_picked":["Slice","Riddle With Holes","Dodge and Roll"],"picked":"SKIP","floor":48},{"not_picked":["PiercingWail","Flechettes+1","Slice"],"picked":"SKIP","floor":48}],"player_experience":384703,"relics_obtained":[{"floor":6,"key":"Prayer Wheel"},{"floor":9,"key":"FossilizedHelix"},{"floor":11,"key":"Thread and Needle"},{"floor":19,"key":"Nilry\u0027s Codex"},{"floor":23,"key":"Pocketwatch"},{"floor":25,"key":"Calipers"},{"floor":26,"key":"Lantern"},{"floor":37,"key":"Ice Cream"},{"floor":40,"key":"Old Coin"},{"floor":43,"key":"Boot"}],"event_choices":[{"damage_healed":0,"gold_gain":0,"player_choice":"Entered Light","damage_taken":20,"max_hp_gain":0,"max_hp_loss":0,"event_name":"Shining Light","floor":2,"gold_loss":0,"cards_upgraded":["Strike_G","Footwork"]},{"damage_healed":0,"gold_gain":0,"player_choice":"Trade","damage_taken":0,"relics_obtained":["GremlinMask"],"max_hp_gain":0,"max_hp_loss":0,"event_name":"FaceTrader","floor":3,"gold_loss":0},{"damage_healed":0,"gold_gain":0,"player_choice":"Obtained Book","damage_taken":21,"max_hp_gain":0,"max_hp_loss":0,"event_name":"Cursed Tome","floor":19,"gold_loss":0},{"damage_healed":0,"gold_gain":50,"player_choice":"Stole From Cult","damage_taken":0,"max_hp_gain":0,"max_hp_loss":0,"event_name":"Nest","floor":20,"gold_loss":0},{"damage_healed":0,"gold_gain":0,"player_choice":"Opened","damage_taken":0,"relics_obtained":["Akabeko"],"max_hp_gain":0,"max_hp_loss":0,"event_name":"The Mausoleum","floor":21,"gold_loss":0,"cards_obtained":["Writhe"]},{"cards_removed":["Defend_G"],"damage_healed":0,"gold_gain":0,"player_choice":"Elegance","damage_taken":0,"max_hp_gain":0,"max_hp_loss":0,"event_name":"Back to Basics","floor":30,"gold_loss":0},{"damage_healed":0,"gold_gain":0,"player_choice":"Fight","damage_taken":0,"max_hp_gain":0,"max_hp_loss":0,"event_name":"MindBloom","floor":37,"gold_loss":0},{"damage_healed":0,"gold_gain":0,"player_choice":"Ignored","damage_taken":0,"max_hp_gain":0,"max_hp_loss":0,"event_name":"Transmorgrifier","floor":41,"gold_loss":0}],"is_beta":false,"boss_relics":[{"not_picked":["WristBlade","Busted Crown"],"picked":"Runic Dome"},{"not_picked":["Velvet Choker","HoveringKite"],"picked":"Cursed Key"}],"items_purged_floors":[4,24,28],"is_endless":false,"potions_floor_spawned":[1,6,10,16,22,33,39,40,44],"ascension_level":20}}