{"host":"z9811rt50ti81n54","time":1610180408,"event":{"mods":["BaseMod","Better Altar","Better Match","Better Note","Better Sensory Stone","Better Skull","Better Third Choice","Minty Spire (QoL Compilation)","Random Character Button","StSLib","SuperFastMode"],"gold_per_floor":[213,288,306,318,318,318,333,333,333,18,45,45,45,65,65,161,161,179,179,179,104,119,19,19,19,19,46,46,65,65,82,82,180,180,199,212,212,67,67,67,67,67,117,117,45,58,58,73,73,73],"floor_reached":51,"playtime":1626,"items_purged":["CrushJoints","FollowUp"],"score":736,"play_id":"1096feca-a50b-4202-9f82-df7b05b3197e","local_time":"20210109172008","is_ascension_mode":false,"campfire_choices":[{"data":"Eruption","floor":6,"key":"SMITH"},{"data":"Master of Strategy","floor":15,"key":"SMITH"},{"floor":25,"key":"REST"},{"floor":30,"key":"REST"},{"floor":32,"key":"REST"},{"data":"Vault","floor":40,"key":"SMITH"},{"data":"Devotion","floor":42,"key":"SMITH"},{"data":"Devotion","floor":44,"key":"SMITH"},{"data":"Wireheading","floor":49,"key":"SMITH"}],"circlet_count":0,"master_deck":["Eruption+1","Vigilance","EmptyFist","Devotion+1","Consecrate","SandsOfTime+1","Master of Strategy+1","TalkToTheHand","ClearTheMind","Tantrum","Apotheosis+1","Ragnarok","BowlingBash","Indignation","Vault+1","Halt","Wireheading+1","LikeWater","Conclude+1","WheelKick+1","Devotion+1","Protect+1","Protect","Ragnarok","Protect+1","AscendersBane","Vault+1","Swivel","WreathOfFlame+1"],"relics":["PureWater","Pantograph","Blue Candle","Pandora\u0027s Box","Oddly Smooth Stone","Centennial Puzzle","VioletLotus","Lee\u0027s Waffle","Whetstone"],"acts_visited":["Exordium","TheCity","TheBeyond"],"potions_floor_usage":[16,13027,27,33,33,50],"damage_taken":[{"damage":0,"enemies":"2 Louse","floor":1,"turns":3},{"damage":6,"enemies":"Jaw Worm","floor":3,"turns":3},{"damage":0,"enemies":"Cultist","floor":4,"turns":2},{"damage":2,"enemies":"Looter","floor":7,"turns":2},{"damage":14,"enemies":"Lagavulin","floor":11,"turns":4},{"damage":0,"enemies":"2 Fungi Beasts","floor":14,"turns":2},{"damage":0,"enemies":"Slime Boss","floor":16,"turns":2},{"damage":11,"enemies":"3 Byrds","floor":18,"turns":3},{"damage":30,"enemies":"2 Thieves","floor":22,"turns":4},{"damage":18,"enemies":"Gremlin Leader","floor":27,"turns":5},{"damage":23,"enemies":"Centurion and Healer","floor":29,"turns":5},{"damage":14,"enemies":"Snake Plant","floor":31,"turns":5},{"damage":10,"enemies":"Champ","floor":33,"turns":5},{"damage":13,"enemies":"Orb Walker","floor":35,"turns":5},{"damage":0,"enemies":"3 Shapes","floor":36,"turns":5},{"damage":0,"enemies":"Spire Growth","floor":46,"turns":5},{"damage":0,"enemies":"4 Shapes","floor":48,"turns":5},{"damage":11,"enemies":"Donu and Deca","floor":50,"turns":8}],"seed_played":"-5299368119221718877","potions_obtained":[{"floor":3,"key":"GamblersBrew"},{"floor":7,"key":"Ancient Potion"},{"floor":8,"key":"AttackPotion"},{"floor":16,"key":"SteroidPotion"},{"floor":35,"key":"BlessingOfTheForge"},{"floor":46,"key":"Ambrosia"}],"is_trial":false,"path_per_floor":["M","?","M","M","?","R","M","?","T","$","E","?","$","M","R","B",null,"M","?","?","$","M","$","?","R","T","E","?","M","R","M","R","B",null,"M","M","?","$","?","R","?","R","T","R","$","M","$","M","R","B",null],"character_chosen":"WATCHER","items_purchased":["Master of Strategy","TalkToTheHand","ClearTheMind","Lee\u0027s Waffle","Regen Potion"],"campfire_rested":3,"item_purchase_floors":[10,10,10,38,45],"current_hp_per_floor":[72,61,55,55,60,60,58,58,58,58,44,44,44,44,44,69,77,66,66,66,66,36,36,18,41,41,48,48,25,48,34,57,67,77,64,64,64,84,80,80,80,80,80,80,80,80,80,80,80,69],"gold":73,"neow_bonus":"HUNDRED_GOLD","is_daily":false,"chose_seed":false,"campfire_upgraded":6,"win_rate":0.0,"timestamp":1610180408,"path_taken":["M","?","M","M","?","R","?","?","T","?","E","?","$","M","R","BOSS","M","?","?","$","?","$","?","R","T","E","?","M","R","M","R","BOSS","M","M","?","$","?","R","?","R","T","R","?","M","$","M","R","BOSS"],"items_purchased_type":["Card","Card","Card","Relic","Potion"],"build_version":"2020-12-22","purchased_purges":2,"victory":true,"max_hp_per_floor":[72,72,72,72,77,77,77,77,77,77,77,77,77,77,77,77,77,77,77,77,77,77,77,77,77,77,77,77,77,77,77,77,77,77,77,77,77,84,80,80,80,80,80,80,80,80,80,80,80,80],"card_choices":[{"not_picked":["CrushJoints","PathToVictory"],"picked":"EmptyFist","floor":1},{"not_picked":["FollowUp","ThirdEye"],"picked":"Devotion","floor":3},{"not_picked":["ClearTheMind","Protect"],"picked":"Consecrate","floor":4},{"not_picked":["FollowUp","Crescendo"],"picked":"SandsOfTime","floor":7},{"not_picked":["ClearTheMind","EmptyBody"],"picked":"Tantrum","floor":11},{"not_picked":["CarveReality","EmptyFist"],"picked":"FollowUp","floor":14},{"not_picked":["Wish","LessonLearned"],"picked":"Ragnarok","floor":16},{"not_picked":["ClearTheMind","Study"],"picked":"LikeWater","floor":18},{"not_picked":["BattleHymn","Evaluate"],"picked":"Conclude+1","floor":22},{"not_picked":["ForeignInfluence","Study"],"picked":"WheelKick","floor":27},{"not_picked":["CrushJoints","ClearTheMind+1"],"picked":"Protect+1","floor":29},{"not_picked":["BattleHymn","FlyingSleeves+1"],"picked":"Protect","floor":31},{"not_picked":["ConjureBlade","DevaForm"],"picked":"Ragnarok","floor":33},{"not_picked":["Tantrum+1","WaveOfTheHand","EmptyMind+1"],"picked":"SKIP","floor":35},{"not_picked":["ClearTheMind+1","FlyingSleeves+1"],"picked":"Protect+1","floor":36},{"not_picked":["Weave","CrushJoints"],"picked":"Swivel","floor":46},{"not_picked":["Wireheading+1","Crescendo"],"picked":"WreathOfFlame+1","floor":48}],"player_experience":337506,"relics_obtained":[{"floor":9,"key":"Pantograph"},{"floor":11,"key":"Blue Candle"},{"floor":26,"key":"Oddly Smooth Stone"},{"floor":27,"key":"Centennial Puzzle"},{"floor":43,"key":"Whetstone"}],"event_choices":[{"damage_healed":0,"gold_gain":75,"player_choice":"Gold","damage_taken":11,"max_hp_gain":0,"max_hp_loss":0,"event_name":"betterThird:BetterGoop","floor":2,"gold_loss":0},{"damage_healed":0,"gold_gain":0,"player_choice":"Donut","damage_taken":0,"max_hp_gain":5,"max_hp_loss":0,"event_name":"Big Fish","floor":5,"gold_loss":0},{"damage_healed":0,"gold_gain":0,"player_choice":"Got Potions","damage_taken":0,"max_hp_gain":0,"max_hp_loss":0,"event_name":"Lab","floor":8,"gold_loss":0},{"damage_healed":44,"gold_gain":0,"player_choice":"Embrace","damage_taken":0,"max_hp_gain":0,"max_hp_loss":77,"event_name":"betterThird:BetterShining","floor":12,"gold_loss":0},{"cards_removed":["BattleHymn"],"damage_healed":0,"gold_gain":0,"player_choice":"Purged","damage_taken":0,"max_hp_gain":0,"max_hp_loss":0,"event_name":"Purifier","floor":19,"gold_loss":0},{"cards_removed":["Apotheosis"],"damage_healed":0,"gold_gain":0,"player_choice":"Give","damage_taken":0,"max_hp_gain":0,"max_hp_loss":0,"event_name":"betterNote:BetterNote","floor":20,"gold_loss":0,"cards_obtained":["BattleHymn"]},{"damage_healed":0,"gold_gain":0,"player_choice":" Potion ","damage_taken":18,"relics_obtained":[],"max_hp_gain":36,"max_hp_loss":18,"event_name":"betterAltar:BetterAltar","floor":24,"potions_obtained":["betterAltar:AltarPotion"],"relics_lost":[],"gold_loss":0},{"damage_healed":0,"gold_gain":0,"player_choice":"Copied","damage_taken":0,"max_hp_gain":0,"max_hp_loss":0,"event_name":"Duplicator","floor":28,"gold_loss":0,"cards_obtained":["Devotion"]},{"cards_removed":["Wireheading"],"damage_healed":0,"gold_gain":0,"player_choice":"Removed Power","damage_taken":0,"max_hp_gain":0,"max_hp_loss":0,"event_name":"Falling","floor":37,"gold_loss":0},{"damage_healed":0,"gold_gain":0,"player_choice":"Max HP","damage_taken":0,"max_hp_gain":0,"max_hp_loss":4,"event_name":"Winding Halls","floor":39,"gold_loss":0},{"damage_healed":0,"gold_gain":3,"player_choice":"3","damage_taken":0,"max_hp_gain":0,"max_hp_loss":0,"event_name":"betterStone:BetterStone","floor":41,"gold_loss":0,"cards_obtained":["Vault"]}],"is_beta":false,"boss_relics":[{"not_picked":["Empty Cage","Ectoplasm"],"picked":"Pandora\u0027s Box"},{"not_picked":["Tiny House","Black Star"],"picked":"VioletLotus"}],"items_purged_floors":[21,23],"is_endless":false,"potions_floor_spawned":[3,7,14,16,18,35,46],"ascension_level":0}}