{"host":"ormi09wwzv7sq47a","time":1610163158,"event":{"mods":["2.2 Compatiblity","AchievementEnabler","Act Like it!","BaseMod","Bestiary","Better Altar","Better Note","Better Sensory Stone","Better Skull","Better Third Choice","Better Vampires","BetterRewards","Block Reminder","Card Forge","Colored Map","Colored Powertips","Curses Come First","DeckTracker","Downfall","Highlight Path","Minty Spire (QoL Compilation)","Permanent Neow","Quick Restart","Rare Cards Sparkle","Relic Stats","Shop Mod","StSLib","The Jungle"],"gold_per_floor":[115,115,131,231,245,245,258,301,301,316,316,335,356,356,356,485,485,510,534,634,27,27,27,70,70,70,70,70,18,32,46,46,172,172,191,212,231,250,5,5,49,69,93,126,189,254,278,302,302,302,302,302,53,87,87],"floor_reached":56,"playtime":3591,"items_purged":["Strike_R"],"score":2146,"play_id":"0cf3b420-db67-4fb7-8553-7bdc0e808888","local_time":"20210109013238","is_ascension_mode":true,"campfire_choices":[{"data":"Sword Boomerang","floor":6.0,"key":"SMITH"},{"data":"Whirlwind","floor":11.0,"key":"SMITH"},{"data":"Armaments","floor":15.0,"key":"SMITH"},{"data":"Evolve","floor":23.0,"key":"SMITH"},{"data":"Clothesline","floor":25.0,"key":"SMITH"},{"data":"Havoc","floor":27.0,"key":"SMITH"},{"data":"Armaments","floor":32.0,"key":"SMITH"},{"data":"Perfected Strike","floor":40.0,"key":"SMITH"},{"floor":49,"key":"RECALL"},{"data":"Spot Weakness","floor":52,"key":"SMITH"}],"circlet_count":0,"master_deck":["Strike_R","Strike_R","Strike_R","Defend_R","Defend_R","Defend_R","Defend_R","Bash","Impervious","Shrug It Off","Sword Boomerang+1","Evolve+1","Whirlwind+1","Armaments+1","Spot Weakness+1","Headbutt","Power Through","Impervious","Havoc+1","Pummel+1","expansioncontent:QuickStudy","Demon Form+1","Clothesline+1","Armaments+1","Perfected Strike+1","Corruption","Perfected Strike+1","Whirlwind+1","Havoc+1","Sentinel+1","Feel No Pain+1","Shrug It Off","Parasite","Perfected Strike+1","Offering","expansioncontent:ManipulateTime","Intimidate+1"],"relics":["Burning Blood","Hammer of Thor","Seething Fire","Anvil of the Gods","Dead Branch","Blood Vial","Golden Idol","Kunai","Blue Candle","Snecko Eye","Oddly Smooth Stone","Shuriken","Champion Belt","Magic Flower","Darkstone Periapt","Philosopher\u0027s Stone","Letter Opener","Smiling Mask","Toy Ornithopter","CaptainsWheel","Unceasing Top","Anchor"],"acts_visited":["Exordium","TheCity","TheBeyond","TheEnding"],"potions_floor_usage":[48,55,55,55],"damage_taken":[{"damage":0.0,"enemies":"2 Louse","floor":1.0,"turns":5.0},{"damage":2.0,"enemies":"Cultist","floor":3.0,"turns":4.0},{"damage":2.0,"enemies":"Jaw Worm","floor":5.0,"turns":4.0},{"damage":9.0,"enemies":"Red Slaver","floor":7.0,"turns":5.0},{"damage":22.0,"enemies":"Lagavulin","floor":8.0,"turns":5.0},{"damage":15.0,"enemies":"2 Fungi Beasts","floor":10.0,"turns":4.0},{"damage":2.0,"enemies":"Lots of Slimes","floor":12.0,"turns":3.0},{"damage":11.0,"enemies":"Looter","floor":13.0,"turns":2.0},{"damage":19.0,"enemies":"Slime Boss","floor":16.0,"turns":9.0},{"damage":6.0,"enemies":"Spheric Guardian","floor":18.0,"turns":4.0},{"damage":0.0,"enemies":"3 Byrds","floor":19.0,"turns":3.0},{"damage":45.0,"enemies":"Gremlin Leader","floor":24.0,"turns":4.0},{"damage":0.0,"enemies":"Cultist and Chosen","floor":30.0,"turns":6.0},{"damage":2.0,"enemies":"Centurion and Healer","floor":31.0,"turns":6.0},{"damage":21.0,"enemies":"Champ","floor":33.0,"turns":8.0},{"damage":0.0,"enemies":"3 Darklings","floor":35.0,"turns":4.0},{"damage":12.0,"enemies":"Orb Walker","floor":36.0,"turns":4.0},{"damage":0.0,"enemies":"Jaw Worm Horde","floor":37.0,"turns":3.0},{"damage":3.0,"enemies":"3 Darklings","floor":38.0,"turns":2.0},{"damage":23.0,"enemies":"Reptomancer","floor":41.0,"turns":5.0},{"damage":0.0,"enemies":"Maw","floor":42.0,"turns":3.0},{"damage":4,"enemies":"Giant Head","floor":44,"turns":3},{"damage":12,"enemies":"Mind Bloom Boss Battle","floor":45,"turns":4},{"damage":10,"enemies":"2 Orb Walkers","floor":46,"turns":3},{"damage":0,"enemies":"Spire Growth","floor":47,"turns":4},{"damage":0,"enemies":"Writhing Mass","floor":48,"turns":5},{"damage":26,"enemies":"Donu and Deca","floor":50,"turns":6},{"damage":9,"enemies":"Shield and Spear","floor":54,"turns":2},{"damage":33,"enemies":"The Heart","floor":55,"turns":8}],"seed_played":"3018556149401603212","potions_obtained":[{"floor":5.0,"key":"Dexterity Potion"},{"floor":7.0,"key":"Energy Potion"},{"floor":8.0,"key":"ColorlessPotion"},{"floor":12.0,"key":"DuplicationPotion"},{"floor":19.0,"key":"SteroidPotion"},{"floor":24.0,"key":"SkillPotion"},{"floor":30.0,"key":"Guardian:BlockOnCardUsePotion"},{"floor":33.0,"key":"Guardian:BlockOnCardUsePotion"},{"floor":36.0,"key":"SteroidPotion"},{"floor":42.0,"key":"Regen Potion"},{"floor":45,"key":"Regen Potion"},{"floor":48,"key":"HeartOfIron"}],"is_trial":false,"path_per_floor":["M","?","M","?","M","R","M","E","T","M","R","M","M","?","R","B",null,"M","M","?","$","?","R","E","R","T","R","?","$","M","M","R","B",null,"M","M","M","M","$","R","E","M","T","E","?","?","M","M","R","B",null,"R","$","E","B",null],"character_chosen":"IRONCLAD","items_purchased":["Impervious","Blood Vial","Shrug It Off","SteroidPotion","SpeedPotion","Oddly Smooth Stone","Shuriken","expansioncontent:QuickStudy","Armaments","Letter Opener","LiquidBronze","Offering","expansioncontent:ManipulateTime"],"campfire_rested":0,"item_purchase_floors":[0,0,0,0,0,21,21,21,29,39,53,53,53],"current_hp_per_floor":[64,64,70,70,74,74,71,57,57,50,50,56,53,53,53,42,66,68,74,74,74,74,74,35,35,35,35,35,35,47,57,57,48,68,74,71,74,74,74,74,60,72,72,74,71,73,74,80,80,63,76,76,76,79,78],"gold":87,"neow_bonus":"","is_daily":false,"chose_seed":false,"campfire_upgraded":9,"win_rate":0.0,"timestamp":1610163158,"path_taken":["M","?","M","?","?","R","M","E","T","M","R","?","M","?","R","BOSS","M","M","?","$","?","R","E","R","T","R","?","$","M","M","R","BOSS","M","M","M","M","?","R","E","M","T","E","?","?","M","M","R","BOSS","R","$","E","BOSS"],"items_purchased_type":["Card","Relic","Card","Potion","Potion","Relic","Relic","Card","Card","Relic","Potion","Card","Card"],"build_version":"2020-12-22","purchased_purges":1,"victory":true,"max_hp_per_floor":[80,74,74,74,74,74,74,74,74,74,74,74,74,74,74,74,74,74,74,74,74,74,74,74,74,74,74,74,74,74,74,74,74,74,74,74,74,74,74,74,74,74,74,74,74,74,74,80,80,80,80,80,80,80,80],"relic_stats":{"Darkstone Periapt":6,"counters":[127,536],"Golden Idol":235,"Dead Branch":[346],"Blue Candle":[3],"Magic Flower":[49],"Letter Opener":[301],"Smiling Mask":0,"Burning Blood":321,"Blood Vial":48,"Shuriken":[31],"Snecko Eye":[151,160,174,139],"Kunai":[34],"Champion Belt":[15],"obtain_stats":[{"Vajra":48,"Hammer of Thor":0,"Whetstone":23,"Old Coin":10,"Sozu":17,"Blood Vial":41,"Centennial Puzzle":27,"Philosopher\u0027s Stone":34,"Prayer Wheel":36,"MealTicket":43,"Kunai":38,"Toxic Egg 2":11,"Slimebound:AggressiveSlimeRelic":38,"MerchantsRug":38,"Pear":20,"Happy Flower":11,"Blue Candle":10,"Astrolabe":17,"Dead Branch":44,"Oddly Smooth Stone":27,"Velvet Choker":34,"Eternal Feather":6,"Pen Nib":21,"Guardian:PocketSentry":40,"Letter Opener":0,"War Paint":4,"Akabeko":9,"Anvil of the Gods":0,"Brimstone":29,"Shuriken":21,"Bronze Scales":47,"Bird Faced Urn":54,"Snecko Eye":17,"Molten Egg 2":26,"StrikeDummy":25,"Unceasing Top":0,"Meat on the Bone":48,"Darkstone Periapt":28,"Regal Pillow":0,"Lantern":3,"Magic Flower":26,"StoneCalendar":24,"Incense Burner":0,"Empty Cage":17,"Smiling Mask":41,"Burning Blood":0,"ClockworkSouvenir":38,"Nunchaku":12,"Matryoshka":26,"TheAbacus":47,"Gambling Chip":12,"Pantograph":54,"InkBottle":11,"Golden Idol":3,"Seething Fire":0,"Odd Mushroom":14,"Medical Kit":0,"White Beast Statue":8,"Peace Pipe":0,"CaptainsWheel":45,"Anchor":54,"Ornamental Fan":9,"Turnip":42,"Slimebound:AbsorbEndCombat":0,"Bag of Marbles":3,"Coffee Dripper":34,"Membership Card":0,"Bottled Lightning":41,"Champion Belt":24,"hexamod:BolsterEngine":26,"FossilizedHelix":0,"Toy Ornithopter":44},{"Vajra":41,"Hammer of Thor":0,"Whetstone":30,"Old Coin":23,"Sozu":10,"Blood Vial":39,"Centennial Puzzle":86,"Philosopher\u0027s Stone":35,"Prayer Wheel":37,"MealTicket":39,"Kunai":38,"Toxic Egg 2":23,"Slimebound:AggressiveSlimeRelic":38,"MerchantsRug":38,"Pear":12,"Happy Flower":77,"Blue Candle":50,"Astrolabe":53,"Dead Branch":93,"Oddly Smooth Stone":32,"Velvet Choker":88,"Eternal Feather":4,"Pen Nib":82,"Guardian:PocketSentry":92,"Letter Opener":18,"War Paint":2,"Akabeko":5,"Anvil of the Gods":0,"Brimstone":86,"Shuriken":109,"Bronze Scales":69,"Bird Faced Urn":72,"Snecko Eye":107,"Molten Egg 2":15,"StrikeDummy":31,"Unceasing Top":18,"Meat on the Bone":41,"Darkstone Periapt":110,"Regal Pillow":18,"Lantern":20,"Magic Flower":110,"StoneCalendar":57,"Incense Burner":0,"Empty Cage":26,"Smiling Mask":118,"Burning Blood":0,"ClockworkSouvenir":38,"Nunchaku":51,"Matryoshka":31,"TheAbacus":41,"Gambling Chip":24,"Pantograph":97,"InkBottle":6,"Golden Idol":2,"Seething Fire":0,"Odd Mushroom":9,"Medical Kit":0,"White Beast Statue":5,"Peace Pipe":73,"CaptainsWheel":94,"Anchor":126,"Ornamental Fan":22,"Turnip":67,"Slimebound:AbsorbEndCombat":0,"Bag of Marbles":46,"Coffee Dripper":61,"Membership Card":18,"Bottled Lightning":66,"Champion Belt":110,"hexamod:BolsterEngine":57,"FossilizedHelix":44,"Toy Ornithopter":120},{"Vajra":139,"Hammer of Thor":0,"Whetstone":105,"Old Coin":85,"Sozu":45,"Blood Vial":132,"Centennial Puzzle":364,"Philosopher\u0027s Stone":121,"Prayer Wheel":127,"MealTicket":132,"Kunai":129,"Toxic Egg 2":85,"Slimebound:AggressiveSlimeRelic":129,"MerchantsRug":129,"Pear":52,"Happy Flower":333,"Blue Candle":181,"Astrolabe":198,"Dead Branch":383,"Oddly Smooth Stone":110,"Velvet Choker":369,"Eternal Feather":13,"Pen Nib":349,"Guardian:PocketSentry":380,"Letter Opener":73,"War Paint":6,"Akabeko":19,"Anvil of the Gods":0,"Brimstone":364,"Shuriken":456,"Bronze Scales":289,"Bird Faced Urn":311,"Snecko Eye":449,"Molten Egg 2":59,"StrikeDummy":108,"Unceasing Top":73,"Meat on the Bone":139,"Darkstone Periapt":460,"Regal Pillow":73,"Lantern":77,"Magic Flower":460,"StoneCalendar":219,"Incense Burner":0,"Empty Cage":95,"Smiling Mask":498,"Burning Blood":0,"ClockworkSouvenir":129,"Nunchaku":186,"Matryoshka":108,"TheAbacus":139,"Gambling Chip":89,"Pantograph":402,"InkBottle":25,"Golden Idol":6,"Seething Fire":0,"Odd Mushroom":35,"Medical Kit":0,"White Beast Statue":19,"Peace Pipe":319,"CaptainsWheel":386,"Anchor":528,"Ornamental Fan":81,"Turnip":279,"Slimebound:AbsorbEndCombat":0,"Bag of Marbles":164,"Coffee Dripper":245,"Membership Card":73,"Bottled Lightning":274,"Champion Belt":460,"hexamod:BolsterEngine":219,"FossilizedHelix":156,"Toy Ornithopter":504}],"Toy Ornithopter":8,"Unceasing Top":[1]},"card_choices":[{"not_picked":["True Grit","Rupture","Second Wind"],"picked":"SKIP","floor":1.0},{"not_picked":["Dual Wield","Heavy Blade"],"picked":"Sword Boomerang","floor":3.0},{"not_picked":["Thunderclap","Fire Breathing"],"picked":"Evolve","floor":5.0},{"not_picked":["Spot Weakness","Combust"],"picked":"Whirlwind","floor":7.0},{"not_picked":["Limit Break","Perfected Strike"],"picked":"Armaments","floor":8.0},{"not_picked":["Thunderclap","Clothesline"],"picked":"Spot Weakness","floor":10.0},{"not_picked":["Reckless Charge","Infernal Blade"],"picked":"Headbutt","floor":12.0},{"not_picked":["Body Slam","Clothesline"],"picked":"Power Through","floor":13.0},{"not_picked":["Double Tap","Immolate"],"picked":"Impervious","floor":16.0},{"not_picked":["Uppercut","Body Slam"],"picked":"Havoc","floor":18.0},{"not_picked":["Iron Wave","Flex"],"picked":"Pummel+1","floor":19.0},{"not_picked":["Second Wind","Warcry"],"picked":"Clothesline","floor":24.0},{"not_picked":["Power Through","Infernal Blade","Thunderclap"],"picked":"SKIP","floor":30.0},{"not_picked":["Juggernaut","Anger"],"picked":"Perfected Strike","floor":31.0},{"not_picked":["Brutality","Double Tap"],"picked":"Corruption","floor":33.0},{"not_picked":["Twin Strike","Inflame"],"picked":"Perfected Strike+1","floor":35.0},{"not_picked":["Infernal Blade+1","Metallicize"],"picked":"Whirlwind+1","floor":36.0},{"not_picked":["Thunderclap","Rage"],"picked":"Havoc+1","floor":37.0},{"not_picked":["Sever Soul+1","Pommel Strike","Twin Strike"],"picked":"SKIP","floor":38.0},{"not_picked":["Flex+1","Rage","Warcry+1"],"picked":"SKIP","floor":41.0},{"not_picked":["Iron Wave","Flex"],"picked":"Sentinel+1","floor":42.0},{"not_picked":["Exhume","Clothesline","Iron Wave"],"picked":"SKIP","floor":44},{"not_picked":["Headbutt","Havoc"],"picked":"Feel No Pain+1","floor":46},{"not_picked":["Pommel Strike","Anger+1"],"picked":"Shrug It Off","floor":47},{"not_picked":["True Grit","Rupture+1"],"picked":"Perfected Strike+1","floor":48},{"not_picked":["Headbutt+1","Dark Embrace+1"],"picked":"Intimidate+1","floor":54}],"player_experience":922617,"relics_obtained":[{"floor":8.0,"key":"Kunai"},{"floor":9.0,"key":"Blue Candle"},{"floor":24.0,"key":"Champion Belt"},{"floor":26.0,"key":"Magic Flower"},{"floor":41.0,"key":"Smiling Mask"},{"floor":44,"key":"Toy Ornithopter"},{"floor":45,"key":"CaptainsWheel"},{"floor":46,"key":"Unceasing Top"},{"floor":54,"key":"Anchor"}],"event_choices":[{"damage_healed":0.0,"max_hp_gain":0.0,"max_hp_loss":6.0,"gold_gain":0.0,"event_name":"Golden Idol","player_choice":"Lose Max HP","floor":2.0,"gold_loss":0.0,"damage_taken":0.0,"relics_obtained":["Golden Idol"]},{"damage_healed":0.0,"max_hp_gain":0.0,"max_hp_loss":0.0,"gold_gain":100.0,"event_name":"Golden Shrine","player_choice":"Pray","floor":4.0,"gold_loss":0.0,"damage_taken":0.0},{"cards_removed":["Strike_R"],"damage_healed":0.0,"max_hp_gain":0.0,"max_hp_loss":0.0,"gold_gain":0.0,"event_name":"Living Wall","player_choice":"Forget","floor":14.0,"gold_loss":0.0,"damage_taken":0.0},{"damage_healed":0.0,"max_hp_gain":0.0,"max_hp_loss":0.0,"gold_gain":100.0,"event_name":"Golden Shrine","player_choice":"Pray","floor":20.0,"gold_loss":0.0,"damage_taken":0.0},{"cards_removed":["Whirlwind"],"damage_healed":0.0,"max_hp_gain":0.0,"max_hp_loss":0.0,"gold_gain":0.0,"event_name":"betterNote:BetterNote","player_choice":"Take \u0026 Give","floor":22.0,"gold_loss":0.0,"damage_taken":0.0,"cards_obtained":["Demon Form"]},{"damage_healed":0.0,"max_hp_gain":0.0,"max_hp_loss":0.0,"gold_gain":0.0,"event_name":"WeMeetAgain","player_choice":"Gave Potion","floor":28.0,"gold_loss":0.0,"damage_taken":0.0,"relics_obtained":["Darkstone Periapt"]},{"damage_healed":0,"gold_gain":0,"player_choice":"Fight","damage_taken":0,"max_hp_gain":0,"max_hp_loss":0,"event_name":"MindBloom","floor":45,"gold_loss":0},{"damage_healed":0,"gold_gain":0,"player_choice":"Fight","damage_taken":0,"max_hp_gain":0,"max_hp_loss":0,"event_name":"Mysterious Sphere","floor":46,"gold_loss":0}],"is_beta":false,"boss_relics":[{"not_picked":["Black Star","SlaversCollar"],"picked":"Snecko Eye"},{"not_picked":["Fusion Hammer","SacredBark"],"picked":"Philosopher\u0027s Stone"}],"items_purged_floors":[0],"is_endless":false,"potions_floor_spawned":[5,7,8,12,19,24,30,33,36,42,45,48,54],"ascension_level":9}}