{"host":"l60rmjjsfi0fipmi","time":1610212933,"event":{"mods":["BaseMod","Colored Map","DeckTracker","Highlight Path","Minty Spire (QoL Compilation)"],"gold_per_floor":[118,118,133,133,156,156,156,172,172,195,195,239,239,257,257,387,387,403,403,403,417,438,438,438,462,462,505,238,363,363,39,39,165,165,178,198,50,0,0,0,39,39,39,39,64,78,97,97,97,97],"floor_reached":51,"playtime":4072,"items_purged":["Bite","Bite"],"score":735,"play_id":"4d85347d-b2ea-43c4-9448-28cf7c6a2f6f","local_time":"20210109122213","is_ascension_mode":true,"campfire_choices":[{"data":"Zap","floor":6,"key":"SMITH"},{"data":"Conserve Battery","floor":11,"key":"SMITH"},{"data":"Coolheaded","floor":13,"key":"SMITH"},{"data":"Gash","floor":15,"key":"SMITH"},{"floor":23,"key":"REST"},{"floor":30,"key":"REST"},{"data":"Thinking Ahead","floor":32,"key":"SMITH"},{"floor":40,"key":"REST"},{"floor":44,"key":"REST"},{"floor":49,"key":"REST"}],"circlet_count":0,"master_deck":["Defend_B+1","Defend_B+1","Defend_B+1","Zap+1","Dualcast","Hologram+1","Gash+1","Compile Driver","Conserve Battery+1","Gash","Gash","Coolheaded+1","Buffer","Core Surge","CurseOfTheBell","Bite","Bite","Bite","Gash","Go for the Eyes","BootSequence","Glacier","Self Repair+1","Thinking Ahead+1","Reboot","Coolheaded+1","Gash+1","Reinforced Body","The Bomb"],"relics":["Cracked Core","Golden Idol","Blue Candle","Gambling Chip","Calling Bell","Frozen Egg 2","Bird Faced Urn","Lizard Tail","Gremlin Horn","Vajra","Ice Cream","InkBottle","Inserter","DollysMirror","Red Mask","Meat on the Bone","Du-Vu Doll"],"acts_visited":["Exordium","TheCity","TheBeyond"],"potions_floor_usage":[18,25,29,36,50],"damage_taken":[{"damage":5,"enemies":"2 Louse","floor":1,"turns":3},{"damage":7,"enemies":"Small Slimes","floor":3,"turns":4},{"damage":2,"enemies":"Jaw Worm","floor":5,"turns":3},{"damage":1,"enemies":"Blue Slaver","floor":8,"turns":5},{"damage":14,"enemies":"3 Louse","floor":10,"turns":3},{"damage":6,"enemies":"Gremlin Nob","floor":12,"turns":3},{"damage":0,"enemies":"Looter","floor":14,"turns":3},{"damage":32,"enemies":"Hexaghost","floor":16,"turns":9},{"damage":11,"enemies":"3 Byrds","floor":18,"turns":5},{"damage":15,"enemies":"Spheric Guardian","floor":21,"turns":4},{"damage":29,"enemies":"Snake Plant","floor":22,"turns":6},{"damage":39,"enemies":"Shelled Parasite and Fungi","floor":25,"turns":6},{"damage":11,"enemies":"Gremlin Leader","floor":27,"turns":9},{"damage":24,"enemies":"Colosseum Slavers","floor":29,"turns":6},{"damage":25,"enemies":"Colosseum Nobs","floor":29,"turns":5},{"damage":26,"enemies":"Collector","floor":33,"turns":12},{"damage":3,"enemies":"Orb Walker","floor":35,"turns":4},{"damage":46,"enemies":"3 Darklings","floor":36,"turns":7},{"damage":69,"enemies":"Nemesis","floor":41,"turns":15},{"damage":8,"enemies":"Transient","floor":45,"turns":5},{"damage":21,"enemies":"Jaw Worm Horde","floor":46,"turns":5},{"damage":27,"enemies":"4 Shapes","floor":47,"turns":4},{"damage":69,"enemies":"Awakened One","floor":50,"turns":14}],"seed_played":"-43012482601332591","potions_obtained":[{"floor":1,"key":"FairyPotion"},{"floor":5,"key":"FairyPotion"},{"floor":10,"key":"Fire Potion"},{"floor":18,"key":"Explosive Potion"},{"floor":25,"key":"Energy Potion"},{"floor":27,"key":"LiquidBronze"},{"floor":35,"key":"EssenceOfDarkness"},{"floor":47,"key":"Strength Potion"}],"is_trial":false,"path_per_floor":["M","?","M","?","M","R","?","M","T","M","R","E","R","M","R","B",null,"M","?","?","M","M","R","?","M","T","E","$","?","R","$","R","B",null,"M","M","$","?","?","R","E","$","T","R","M","M","M","?","R","B",null],"character_chosen":"DEFECT","items_purchased":["Self Repair+1","Vajra","Block Potion","Thinking Ahead","DollysMirror"],"campfire_rested":5,"item_purchase_floors":[28,28,31,31,37],"current_hp_per_floor":[70,70,63,63,61,61,66,65,65,51,51,45,45,45,45,13,74,63,63,63,54,29,51,51,22,22,29,29,20,42,42,42,48,74,74,44,44,44,44,66,27,27,27,49,57,58,41,41,63,30],"gold":97,"neow_bonus":"THREE_CARDS","is_daily":false,"chose_seed":false,"campfire_upgraded":5,"win_rate":0.0,"timestamp":1610212933,"path_taken":["M","?","M","?","?","R","?","M","T","M","R","E","R","M","R","BOSS","M","?","?","M","M","R","?","M","T","E","$","?","R","?","R","BOSS","M","M","$","?","?","R","E","$","T","R","M","?","M","?","R","BOSS"],"items_purchased_type":["Card","Relic","Potion","Card","Relic"],"build_version":"2020-12-22","purchased_purges":2,"victory":true,"max_hp_per_floor":[75,75,75,69,69,69,74,74,74,74,74,74,74,74,74,74,74,74,74,74,74,74,74,74,74,74,74,74,74,74,74,74,74,74,74,74,74,74,74,74,74,74,74,74,74,74,74,74,74,74],"card_choices":[{"not_picked":["Stack","Barrage"],"picked":"Hologram","floor":0},{"not_picked":["Leap","Go for the Eyes"],"picked":"Gash","floor":1},{"not_picked":["Skim","Static Discharge"],"picked":"Compile Driver","floor":3},{"not_picked":["Sunder","Beam Cell"],"picked":"Conserve Battery","floor":5},{"not_picked":["Hello World","Cold Snap"],"picked":"Gash","floor":8},{"not_picked":["Recycle","Chaos"],"picked":"Gash","floor":10},{"not_picked":["Heatsinks","Melter"],"picked":"Coolheaded","floor":12},{"not_picked":["Loop","Reinforced Body"],"picked":"Buffer","floor":14},{"not_picked":["Multi-Cast","Hyperbeam"],"picked":"Core Surge","floor":16},{"not_picked":["Barrage","Consume","Steam Power+1"],"picked":"SKIP","floor":18},{"not_picked":["Ball Lightning","Turbo+1"],"picked":"Gash","floor":21},{"not_picked":["Fusion+1","Coolheaded+1"],"picked":"Go for the Eyes","floor":22},{"not_picked":["Leap","Conserve Battery"],"picked":"BootSequence","floor":25},{"not_picked":["Recycle+1","Force Field"],"picked":"Glacier","floor":27},{"not_picked":["Electrodynamics+1","Biased Cognition+1"],"picked":"Reboot","floor":33},{"not_picked":["Capacitor+1","Blizzard+1","Compile Driver+1"],"picked":"SKIP","floor":35},{"not_picked":["Darkness","Turbo","Rebound"],"picked":"SKIP","floor":36},{"not_picked":["Rainbow","Rebound+1"],"picked":"Gash+1","floor":41},{"not_picked":["Compile Driver","Hello World+1"],"picked":"Reinforced Body","floor":45},{"not_picked":["Steam+1","Lockon+1","Recycle+1"],"picked":"SKIP","floor":46},{"not_picked":["Cold Snap+1","Steam","Compile Driver+1"],"picked":"SKIP","floor":47},{"not_picked":["Panache+1","Purity"],"picked":"The Bomb","floor":48}],"player_experience":298162,"relics_obtained":[{"floor":9,"key":"Blue Candle"},{"floor":12,"key":"Gambling Chip"},{"floor":17,"key":"Blood Vial"},{"floor":17,"key":"Frozen Egg 2"},{"floor":17,"key":"Bird Faced Urn"},{"floor":26,"key":"Lizard Tail"},{"floor":27,"key":"Gremlin Horn"},{"floor":29,"key":"Ice Cream"},{"floor":29,"key":"InkBottle"},{"floor":41,"key":"Meat on the Bone"},{"floor":43,"key":"Du-Vu Doll"}],"event_choices":[{"damage_healed":0,"gold_gain":0,"player_choice":"Grow","damage_taken":0,"max_hp_gain":0,"max_hp_loss":0,"event_name":"Living Wall","floor":2,"gold_loss":0,"cards_upgraded":["Hologram"]},{"damage_healed":0,"gold_gain":0,"player_choice":"Lose Max HP","damage_taken":0,"relics_obtained":["Golden Idol"],"max_hp_gain":0,"max_hp_loss":6,"event_name":"Golden Idol","floor":4,"gold_loss":0},{"damage_healed":0,"gold_gain":0,"player_choice":"Donut","damage_taken":0,"max_hp_gain":5,"max_hp_loss":0,"event_name":"Big Fish","floor":7,"gold_loss":0},{"damage_healed":0,"gold_gain":0,"player_choice":"Ignored","damage_taken":0,"max_hp_gain":0,"max_hp_loss":0,"event_name":"Ghosts","floor":19,"gold_loss":0},{"damage_healed":0,"gold_gain":0,"player_choice":"Became a vampire (Vial)","damage_taken":0,"max_hp_gain":0,"max_hp_loss":0,"event_name":"Vampires","floor":20,"relics_lost":["Blood Vial"],"gold_loss":0,"cards_obtained":["Bite","Bite","Bite","Bite","Bite"]},{"damage_healed":0,"gold_gain":0,"player_choice":"Simplicity","damage_taken":0,"max_hp_gain":0,"max_hp_loss":0,"event_name":"Back to Basics","floor":24,"gold_loss":0,"cards_upgraded":["Defend_B","Defend_B","Defend_B","Defend_B"]},{"damage_healed":0,"gold_gain":0,"player_choice":"Fight","damage_taken":0,"max_hp_gain":0,"max_hp_loss":0,"event_name":"Colosseum","floor":29,"gold_loss":0},{"damage_healed":0,"gold_gain":0,"player_choice":"Fought Nobs","damage_taken":0,"max_hp_gain":0,"max_hp_loss":0,"event_name":"Colosseum","floor":29,"gold_loss":0},{"damage_healed":0,"gold_gain":0,"player_choice":"Paid","damage_taken":0,"relics_obtained":["Red Mask"],"max_hp_gain":0,"max_hp_loss":0,"event_name":"Tomb of Lord Red Mask","floor":38,"gold_loss":50},{"cards_removed":["Defend_B"],"damage_healed":0,"gold_gain":0,"player_choice":"Purged","damage_taken":0,"max_hp_gain":0,"max_hp_loss":0,"event_name":"Purifier","floor":39,"gold_loss":0},{"damage_healed":0,"gold_gain":0,"player_choice":"Memory 1","damage_taken":0,"max_hp_gain":0,"max_hp_loss":0,"event_name":"SensoryStone","floor":48,"gold_loss":0}],"is_beta":false,"boss_relics":[{"not_picked":["Velvet Choker","SlaversCollar"],"picked":"Calling Bell"},{"not_picked":["Runic Dome","Tiny House"],"picked":"Inserter"}],"items_purged_floors":[28,31],"is_endless":false,"potions_floor_spawned":[1,5,10,18,25,27,29,35,47],"ascension_level":2}}