{"host":"hfxp6ue4pvwo3fit","time":1610236376,"event":{"mods":["AchievementEnabler","BaseMod","Colored Map","Colored Powertips","Highlight Path","Minty Spire (QoL Compilation)","Relic Stats","StSLib","SuperFastMode"],"gold_per_floor":[161,172,447,464,183,216,216,216,216],"floor_reached":8,"playtime":211,"items_purged":["Regret"],"score":112,"play_id":"937f42f7-54cc-437d-b435-257bfd770e8f","local_time":"20210109175256","is_ascension_mode":true,"campfire_choices":[{"data":"Heavy Blade","floor":7,"key":"SMITH"}],"circlet_count":0,"master_deck":["AscendersBane","Strike_R","Strike_R","Strike_R","Strike_R","Strike_R","Defend_R+1","Defend_R","Defend_R","Defend_R","Bash","Twin Strike","Twin Strike","Clothesline","Pommel Strike","Spot Weakness","True Grit","Heavy Blade+1"],"relics":["Tiny House","Torii"],"acts_visited":["Exordium"],"potions_floor_usage":[6],"damage_taken":[{"damage":4,"enemies":"2 Louse","floor":1,"turns":4},{"damage":0,"enemies":"Cultist","floor":2,"turns":2},{"damage":9,"enemies":"Small Slimes","floor":4,"turns":3},{"damage":15,"enemies":"3 Sentries","floor":6,"turns":6},{"damage":38,"enemies":"Lagavulin","floor":8,"turns":9}],"seed_played":"-5427255424006452529","potions_obtained":[{"floor":0,"key":"Fire Potion"},{"floor":6,"key":"Explosive Potion"}],"is_trial":false,"path_per_floor":["M","M","?","M","$","E","R","E"],"character_chosen":"IRONCLAD","items_purchased":["Spot Weakness","True Grit","CultistPotion"],"campfire_rested":0,"item_purchase_floors":[5,5,5],"current_hp_per_floor":[69,69,69,60,60,45,45,7,7],"gold":216,"neow_bonus":"BOSS_RELIC","is_daily":false,"chose_seed":false,"campfire_upgraded":1,"win_rate":0.0,"timestamp":1610236376,"path_taken":["M","M","?","M","$","E","R","E"],"items_purchased_type":["Card","Card","Potion"],"build_version":"2020-12-22","purchased_purges":1,"victory":false,"max_hp_per_floor":[80,80,80,80,80,80,80,80,80],"relic_stats":{"Torii":0,"counters":[5,24],"obtain_stats":[{"Tiny House":0,"Torii":6,"Burning Blood":0},{"Tiny House":0,"Torii":4,"Burning Blood":0},{"Tiny House":0,"Torii":15,"Burning Blood":0}]},"card_choices":[{"not_picked":["Sword Boomerang","Entrench"],"picked":"Twin Strike","floor":0},{"not_picked":["Rage","Clash"],"picked":"Twin Strike","floor":1},{"not_picked":["Body Slam","Clash"],"picked":"Clothesline","floor":2},{"not_picked":["Anger","Searing Blow"],"picked":"Pommel Strike","floor":4},{"not_picked":["Iron Wave","Anger"],"picked":"Heavy Blade","floor":6}],"player_experience":493671,"relics_obtained":[{"floor":6,"key":"Torii"}],"event_choices":[{"damage_healed":0,"gold_gain":275,"player_choice":"Desecrate","damage_taken":0,"max_hp_gain":0,"max_hp_loss":0,"event_name":"Golden Shrine","floor":3,"gold_loss":0,"cards_obtained":["Regret"]}],"is_beta":false,"boss_relics":[],"items_purged_floors":[5],"is_endless":false,"potions_floor_spawned":[6],"killed_by":"Lagavulin","ascension_level":20}}