{"host":"nukjzc0ca34w6eem","time":1610171413,"event":{"mods":["2.2 Compatiblity","AchievementEnabler","BaseMod","Colored Powertips","Downfall","Minty Spire (QoL Compilation)","StSLib"],"gold_per_floor":[99,99,99,99,99,99,123,123,148,165,178,189,39,39,51,153,153,78,97,114,114,129,129,203,235,235,265,276,276,2,2,21,125,125,125,139,159,169,169,97,143,172,182,212,226,244,263,293,303,303,303,332,81,81,81],"floor_reached":56,"playtime":5391,"items_purged":["Guardian:Defend_Guardian","Guardian:Defend_Guardian","Writhe"],"score":2021,"play_id":"5f0133ce-c4c7-4c81-a428-0b9046cb3426","local_time":"20210108215013","is_ascension_mode":true,"campfire_choices":[{"floor":1.0,"key":"RECALL"},{"floor":13.0,"key":"REST"},{"data":"Guardian:ChargeCore","floor":18.0,"key":"SMITH"},{"data":"Guardian:TwinSlam","floor":26.0,"key":"SMITH"},{"data":"Guardian:ChargeCore","floor":35.0,"key":"SMITH"},{"data":"Guardian:TimeCapacitor","floor":54,"key":"SMITH"}],"circlet_count":0,"master_deck":["Guardian:Strike_Guardian","Guardian:Defend_Guardian","Guardian:Defend_Guardian","Guardian:CurlUp","Guardian:TwinSlam+1","Guardian:ChargeCore+1","Guardian:ChargeCore+1","Guardian:Reroute+1","Guardian:Planning","Guardian:ExploitGems","Guardian:Incinerate+1","Guardian:RevengeProtocol","Guardian:ShieldSpikes","Guardian:FloatingOrbs+1","Guardian:SentryBeam+1","Guardian:FierceBash+1","Guardian:ExploitGems","Guardian:FloatingOrbs","Guardian:CrystalBeam+1","Guardian:DecasProtection","Guardian:TimeCapacitor+1","Guardian:Suspension","Guardian:ArmoredProtocol"],"relics":["Guardian:ModeShifter","downfall:HeartsMalice","Molten Egg 2","InkBottle","downfall:HeartBlessingRed","downfall:HeartBlessingGreen","Busted Crown","downfall:HeartBlessingBlue","Guardian:StasisCodex","Bronze Scales","Happy Flower","Bag of Preparation","Shuriken","Coffee Dripper","Vajra","Blood Vial","Orichalcum","Oddly Smooth Stone","CaptainsWheel","Pantograph"],"acts_visited":["Exordium","TheCity","TheBeyond","TheEnding"],"potions_floor_usage":[50,55,55],"damage_taken":[{"damage":0.0,"enemies":"Small Slimes","floor":2.0,"turns":1.0},{"damage":0.0,"enemies":"Jaw Worm","floor":3.0,"turns":1.0},{"damage":0.0,"enemies":"Cultist","floor":6.0,"turns":1.0},{"damage":25.0,"enemies":"Gremlin Nob","floor":9.0,"turns":5.0},{"damage":10.0,"enemies":"Blue Slaver","floor":10.0,"turns":3.0},{"damage":13.0,"enemies":"3 Louse","floor":11.0,"turns":2.0},{"damage":1.0,"enemies":"Red Slaver","floor":12.0,"turns":2.0},{"damage":7.0,"enemies":"Blue Slaver","floor":15.0,"turns":3.0},{"damage":6.0,"enemies":"downfall:Watcher","floor":16.0,"turns":6.0},{"damage":0.0,"enemies":"Shell Parasite","floor":19.0,"turns":3.0},{"damage":0.0,"enemies":"3 Byrds","floor":20.0,"turns":3.0},{"damage":0.0,"enemies":"Cultist and Chosen","floor":22.0,"turns":3.0},{"damage":0.0,"enemies":"Book of Stabbing","floor":25.0,"turns":4.0},{"damage":5.0,"enemies":"Slavers","floor":27.0,"turns":3.0},{"damage":0.0,"enemies":"Snake Plant","floor":28.0,"turns":3.0},{"damage":0.0,"enemies":"downfall:FleeingMerchant","floor":30.0,"turns":4.0},{"damage":0.0,"enemies":"Shelled Parasite and Fungi","floor":32.0,"turns":2.0},{"damage":0.0,"enemies":"downfall:Defect","floor":33.0,"turns":4.0},{"damage":0.0,"enemies":"Orb Walker","floor":36.0,"turns":2.0},{"damage":0.0,"enemies":"3 Darklings","floor":37.0,"turns":4.0},{"damage":3.0,"enemies":"Jaw Worm Horde","floor":38.0,"turns":2.0},{"damage":0.0,"enemies":"downfall:FleeingMerchant","floor":40.0,"turns":3.0},{"damage":0.0,"enemies":"Giant Head","floor":42.0,"turns":4.0},{"damage":0.0,"enemies":"Spire Growth","floor":43.0,"turns":3.0},{"damage":0.0,"enemies":"Reptomancer","floor":44.0,"turns":4.0},{"damage":11.0,"enemies":"3 Darklings","floor":45.0,"turns":3.0},{"damage":0.0,"enemies":"Transient","floor":46.0,"turns":5.0},{"damage":9,"enemies":"Writhing Mass","floor":47,"turns":3},{"damage":0,"enemies":"Giant Head","floor":48,"turns":4},{"damage":0,"enemies":"Jaw Worm Horde","floor":49,"turns":3},{"damage":1,"enemies":"downfall:Ironclad","floor":50,"turns":4},{"damage":0,"enemies":"downfall:CharBossMerchant","floor":52,"turns":5},{"damage":0,"enemies":"downfall:NeowBoss","floor":55,"turns":11}],"seed_played":"-466842625887910703","potions_obtained":[{"floor":9.0,"key":"GamblersBrew"},{"floor":10.0,"key":"LiquidBronze"},{"floor":16.0,"key":"DuplicationPotion"},{"floor":27.0,"key":"ColorlessPotion"},{"floor":32.0,"key":"SneckoOil"},{"floor":33.0,"key":"SteroidPotion"},{"floor":37.0,"key":"CultistPotion"},{"floor":48,"key":"SkillPotion"}],"is_trial":false,"path_per_floor":["R","M","M","?","?","M","T","T","E","M","M","M","R","?","M","B",null,"R","M","M","?","M","?","T","E","R","E","M","?","$","?","M","B",null,"R","M","M","M","?","$","T","E","M","E","M","M","M","E","M","B",null,"E","$","R","B",null],"character_chosen":"GUARDIAN","items_purchased":["Bag of Preparation","Guardian:SentryBeam+1","Guardian:FloatingOrbs","Vajra","CultistPotion","Guardian:Suspension","Guardian:ArmoredProtocol"],"campfire_rested":1,"item_purchase_floors":[30,30,40,40,40,53,53],"current_hp_per_floor":[72,72,72,72,72,72,72,72,47,37,24,23,47,47,40,34,69,79,79,79,79,79,61,61,61,61,56,56,56,56,56,56,56,85,85,85,85,82,82,82,82,84,86,88,79,81,74,76,78,79,91,93,93,93,95],"gold":81,"neow_bonus":"THREE_ENEMY_KILL","is_daily":false,"chose_seed":false,"campfire_upgraded":4,"win_rate":0.0,"timestamp":1610171413,"path_taken":["R","M","M","?","?","M","T","?","E","M","?","M","R","?","M","BOSS","R","M","M","?","?","?","T","E","R","E","M","?","$","?","M","BOSS","R","M","M","M","?","$","T","E","M","E","M","M","?","E","M","BOSS","E","$","R","BOSS"],"items_purchased_type":["Relic","Card","Card","Relic","Potion","Card","Card"],"build_version":"2020-12-22","purchased_purges":3,"victory":true,"max_hp_per_floor":[80,80,80,80,80,80,80,80,80,80,80,80,80,80,80,80,80,90,90,90,90,90,95,95,95,95,95,95,95,95,95,95,95,95,95,95,95,95,95,95,95,95,95,95,95,95,95,95,95,95,95,95,95,95,95],"card_choices":[{"not_picked":["Guardian:Gem_Crimson","Guardian:Gem_Lightblue"],"picked":"Guardian:ChargeCore","floor":2.0},{"not_picked":["Guardian:Planning","Guardian:Suspension"],"picked":"Guardian:Gem_White","floor":3.0},{"not_picked":["Guardian:ShieldCharger","Guardian:Gem_Fragmented"],"picked":"Guardian:ChargeCore","floor":6.0},{"not_picked":["Guardian:StasisEngine","Guardian:ChargeCore+1"],"picked":"Guardian:Gem_Blue","floor":9.0},{"not_picked":["Guardian:GuardianWhirl+1","Guardian:ShieldCharger"],"picked":"Guardian:Reroute+1","floor":10.0},{"not_picked":["Guardian:Suspension","Guardian:Gem_Green"],"picked":"Guardian:Gem_Cyan","floor":11.0},{"not_picked":["Guardian:ConstructionForm","Guardian:ChargeCore+1"],"picked":"Guardian:Gem_White","floor":12.0},{"not_picked":["Guardian:CrystalBeam+1","Guardian:VentSteam"],"picked":"Guardian:Planning","floor":15.0},{"not_picked":["Guardian:Gem_Orange","Guardian:GemFinder"],"picked":"Guardian:ExploitGems","floor":16.0},{"not_picked":[],"picked":"Guardian:Incinerate+1","floor":19.0},{"not_picked":[],"picked":"Guardian:Gem_Purple","floor":20.0},{"not_picked":["Guardian:WalkerClaw+1"],"picked":"SKIP","floor":22.0},{"not_picked":[],"picked":"Guardian:Gem_Cyan","floor":25.0},{"not_picked":[],"picked":"Guardian:ShieldSpikes","floor":27.0},{"not_picked":[],"picked":"Guardian:FloatingOrbs+1","floor":28.0},{"not_picked":["Guardian:Gem_Crimson"],"picked":"SKIP","floor":30.0},{"not_picked":["Guardian:TimeBomb"],"picked":"SKIP","floor":32.0},{"not_picked":[],"picked":"Guardian:FierceBash+1","floor":33.0},{"not_picked":["Guardian:Clone"],"picked":"SKIP","floor":36.0},{"not_picked":["Guardian:TimeBomb+1"],"picked":"SKIP","floor":37.0},{"not_picked":["Guardian:Gem_Blue"],"picked":"SKIP","floor":38.0},{"not_picked":["Guardian:TemporalStrike+1"],"picked":"SKIP","floor":40.0},{"not_picked":[],"picked":"Guardian:CrystalBeam+1","floor":42.0},{"not_picked":[],"picked":"Guardian:DecasProtection","floor":43.0},{"not_picked":[],"picked":"Guardian:TimeCapacitor","floor":44.0},{"not_picked":["Guardian:Incinerate+1"],"picked":"SKIP","floor":45.0},{"not_picked":["Guardian:StasisStrike+1"],"picked":"SKIP","floor":46.0},{"not_picked":["Guardian:Gem_Purple"],"picked":"SKIP","floor":47},{"not_picked":["Guardian:Gem_Lightblue"],"picked":"SKIP","floor":48},{"not_picked":["Guardian:PiercingHide+1"],"picked":"SKIP","floor":49},{"not_picked":["Guardian:Gem_Red"],"picked":"SKIP","floor":52},{"not_picked":[],"picked":"Guardian:Gem_Red","floor":52}],"player_experience":516575,"relics_obtained":[{"floor":8.0,"key":"Molten Egg 2"},{"floor":9.0,"key":"InkBottle"},{"floor":24.0,"key":"Guardian:StasisCodex"},{"floor":25.0,"key":"Bronze Scales"},{"floor":27.0,"key":"Happy Flower"},{"floor":41.0,"key":"Blood Vial"},{"floor":42.0,"key":"Orichalcum"},{"floor":44.0,"key":"Oddly Smooth Stone"},{"floor":48,"key":"CaptainsWheel"},{"floor":52,"key":"Pantograph"}],"event_choices":[{"cards_removed":["Guardian:Strike_Guardian"],"damage_healed":0.0,"max_hp_gain":0.0,"max_hp_loss":0.0,"gold_gain":0.0,"event_name":"Living Wall","player_choice":"Forget","floor":14.0,"gold_loss":0.0,"damage_taken":0.0},{"damage_healed":0.0,"max_hp_gain":0.0,"max_hp_loss":0.0,"gold_gain":0.0,"cards_transformed":["Guardian:Strike_Guardian"],"event_name":"Transmorgrifier","player_choice":"Transformed","floor":21.0,"gold_loss":0.0,"damage_taken":0.0,"cards_obtained":["Guardian:RevengeProtocol"]},{"damage_healed":0.0,"max_hp_gain":0.0,"max_hp_loss":0.0,"gold_gain":0.0,"event_name":"Vampires","player_choice":"Ignored","floor":29.0,"gold_loss":0.0,"damage_taken":0.0},{"damage_healed":0.0,"max_hp_gain":0.0,"max_hp_loss":0.0,"gold_gain":0.0,"event_name":"Duplicator","player_choice":"Copied","floor":39.0,"gold_loss":0.0,"damage_taken":0.0,"cards_obtained":["Guardian:ExploitGems"]}],"is_beta":false,"boss_relics":[{"not_picked":["SacredBark","Tiny House"],"picked":"Busted Crown"},{"not_picked":["Runic Dome","expansioncontent:StudyCardRelic"],"picked":"Coffee Dripper"}],"items_purged_floors":[30,40,53],"is_endless":false,"potions_floor_spawned":[9,10,16,19,27,32,33,37,43,45,46,47,48],"ascension_level":8}}