{"host":"4rvakrj1idbgia3f","time":1610194010,"event":{"mods":["BaseMod","Colored Map","Colored Powertips","DeckTracker","Highlight Path","Minty Spire (QoL Compilation)","Random Character Button","StSLib"],"gold_per_floor":[118,134,134,134,152,152,196,196,221,221,245,245,289,314,314,314,314],"floor_reached":16,"playtime":605,"items_purged":[],"score":320,"play_id":"2ea36a30-d207-402c-9188-ec75391842e4","local_time":"20210109210650","is_ascension_mode":true,"campfire_choices":[{"data":"BowlingBash","floor":6.0,"key":"SMITH"},{"data":"Vigilance","floor":8.0,"key":"SMITH"},{"data":"Adaptation","floor":12.0,"key":"SMITH"},{"data":"WaveOfTheHand","floor":15,"key":"SMITH"}],"circlet_count":0,"master_deck":["AscendersBane","Strike_P","Strike_P","Strike_P","Strike_P","Defend_P","Defend_P","Defend_P","Eruption+1","Vigilance+1","Bandage Up","Vengeance","CutThroughFate","BowlingBash+1","ClearTheMind","Adaptation+1","EmptyMind","WaveOfTheHand+1"],"relics":["PureWater","CeramicFish","Regal Pillow","Centennial Puzzle","Bottled Tornado"],"acts_visited":["Exordium"],"potions_floor_usage":[16],"damage_taken":[{"damage":1.0,"enemies":"Small Slimes","floor":1.0,"turns":4.0},{"damage":11.0,"enemies":"2 Louse","floor":2.0,"turns":3.0},{"damage":2.0,"enemies":"Jaw Worm","floor":5.0,"turns":2.0},{"damage":0.0,"enemies":"Gremlin Nob","floor":7.0,"turns":2.0},{"damage":12.0,"enemies":"Lots of Slimes","floor":11.0,"turns":4.0},{"damage":0,"enemies":"3 Sentries","floor":13,"turns":5},{"damage":6,"enemies":"Looter","floor":14,"turns":2},{"damage":50,"enemies":"Hexaghost","floor":16,"turns":10}],"seed_played":"8472634311749817622","potions_obtained":[{"floor":1.0,"key":"Ancient Potion"},{"floor":2.0,"key":"SteroidPotion"},{"floor":7.0,"key":"Swift Potion"},{"floor":14,"key":"FearPotion"}],"is_trial":false,"path_per_floor":["M","M","?","?","M","R","E","R","T","?","M","R","E","M","R","B"],"character_chosen":"WATCHER","items_purchased":[],"campfire_rested":0,"item_purchase_floors":[],"current_hp_per_floor":[64,57,50,50,52,52,52,52,52,52,44,44,48,46,46,0,0],"gold":314,"neow_bonus":"RANDOM_COLORLESS","is_daily":false,"chose_seed":false,"campfire_upgraded":4,"win_rate":0.0,"timestamp":1610194010,"path_taken":["M","M","?","?","M","R","E","R","T","?","M","R","E","M","R","BOSS"],"items_purchased_type":[],"build_version":"2020-12-22","purchased_purges":0,"victory":false,"max_hp_per_floor":[68,68,68,68,68,68,68,68,68,68,68,68,68,68,68,68,68],"card_choices":[{"not_picked":["Madness","Good Instincts"],"picked":"Bandage Up","floor":0.0},{"not_picked":["InnerPeace","Prostrate"],"picked":"Vengeance","floor":1.0},{"not_picked":["SandsOfTime","FollowUp"],"picked":"CutThroughFate","floor":2.0},{"not_picked":["FlurryOfBlows","FlyingSleeves"],"picked":"BowlingBash","floor":5.0},{"not_picked":["CrushJoints","ThirdEye"],"picked":"ClearTheMind","floor":7.0},{"not_picked":["WreathOfFlame","DeceiveReality"],"picked":"Adaptation","floor":11.0},{"not_picked":["WreathOfFlame","SashWhip"],"picked":"EmptyMind","floor":13},{"not_picked":["WindmillStrike","Pray"],"picked":"WaveOfTheHand","floor":14}],"player_experience":1981182,"relics_obtained":[{"floor":7.0,"key":"CeramicFish"},{"floor":9.0,"key":"Regal Pillow"},{"floor":13,"key":"Bottled Tornado"}],"event_choices":[{"cards_removed":["Defend_P"],"damage_healed":0.0,"max_hp_gain":0.0,"max_hp_loss":0.0,"gold_gain":0.0,"event_name":"Golden Wing","player_choice":"Card Removal","floor":3.0,"gold_loss":0.0,"damage_taken":7.0},{"damage_healed":0.0,"max_hp_gain":0.0,"max_hp_loss":0.0,"gold_gain":0.0,"event_name":"Living Wall","player_choice":"Grow","floor":4.0,"gold_loss":0.0,"damage_taken":0.0,"cards_upgraded":["Eruption"]},{"damage_healed":0.0,"max_hp_gain":0.0,"max_hp_loss":0.0,"gold_gain":0.0,"event_name":"Dead Adventurer","player_choice":"Searched \u00271\u0027 times","floor":10.0,"gold_loss":0.0,"damage_taken":0.0,"relics_obtained":["Centennial Puzzle"]}],"is_beta":false,"boss_relics":[],"items_purged_floors":[],"is_endless":false,"potions_floor_spawned":[1,2,7,14],"killed_by":"Hexaghost","ascension_level":20}}