{"host":"jwbw4f4imxd0v0b0","time":1610185505,"event":{"mods":["BaseMod","Colored Map","Highlight Path","Minty Spire (QoL Compilation)","Relic Stats","StSLib"],"gold_per_floor":[117,128,145,145,145,174,174,184,210,229,242,133,153,184,184,284,284,298,213,43,43,60,93,126,126,178,212,222,222,222,249,249,357,402,420,440,183,195,213,244,244,244,267,331,342,342,353,378,378,378,378],"floor_reached":50,"playtime":2191,"items_purged":["Strike_P","Strike_P","Writhe"],"score":797,"play_id":"3e76c225-4e30-40a8-8bc4-5935ba9f364b","local_time":"20210109034505","is_ascension_mode":false,"campfire_choices":[{"data":"SandsOfTime","floor":7.0,"key":"SMITH"},{"data":"TalkToTheHand","floor":15.0,"key":"SMITH"},{"data":"Ragnarok","floor":25.0,"key":"SMITH"},{"data":"Wallop","floor":29.0,"key":"SMITH"},{"data":"WheelKick","floor":32.0,"key":"SMITH"},{"data":"Ragnarok","floor":41.0,"key":"SMITH"},{"floor":49.0,"key":"RECALL"}],"circlet_count":0,"master_deck":["Eruption","Vigilance","InnerPeace","Wallop+1","SandsOfTime+1","EmptyFist","ThirdEye","MentalFortress","WheelKick+1","Protect","TalkToTheHand+1","Ragnarok+1","Wireheading","LikeWater","WheelKick+1","Tantrum","DevaForm","Perseverance","WreathOfFlame","Blasphemy","FlyingSleeves+1","Meditate","Ragnarok+1","LikeWater+1"],"relics":["Snecko Eye","Sundial","Pear","Orichalcum","Damaru","SlaversCollar","Pen Nib","Blood Vial","Red Mask","Strawberry","PreservedInsect","CeramicFish","Pandora\u0027s Box","Whetstone","Bag of Marbles","Calipers","CaptainsWheel","Bronze Scales"],"acts_visited":["Exordium","TheCity","TheBeyond"],"potions_floor_usage":[],"damage_taken":[{"damage":0.0,"enemies":"Cultist","floor":1.0,"turns":2.0},{"damage":0.0,"enemies":"Jaw Worm","floor":2.0,"turns":2.0},{"damage":0.0,"enemies":"Small Slimes","floor":3.0,"turns":3.0},{"damage":0.0,"enemies":"3 Sentries","floor":6.0,"turns":5.0},{"damage":0.0,"enemies":"Exordium Wildlife","floor":8.0,"turns":2.0},{"damage":0.0,"enemies":"Gremlin Gang","floor":10.0,"turns":2.0},{"damage":0.0,"enemies":"2 Fungi Beasts","floor":11.0,"turns":2.0},{"damage":0.0,"enemies":"Looter","floor":13.0,"turns":3.0},{"damage":0.0,"enemies":"Gremlin Nob","floor":14.0,"turns":2.0},{"damage":0.0,"enemies":"Slime Boss","floor":16.0,"turns":5.0},{"damage":0.0,"enemies":"Chosen","floor":18.0,"turns":4.0},{"damage":0.0,"enemies":"3 Byrds","floor":22.0,"turns":3.0},{"damage":0.0,"enemies":"Book of Stabbing","floor":23.0,"turns":3.0},{"damage":0.0,"enemies":"Masked Bandits","floor":24.0,"turns":4.0},{"damage":0.0,"enemies":"Slavers","floor":27.0,"turns":3.0},{"damage":21.0,"enemies":"3 Cultists","floor":28.0,"turns":5.0},{"damage":0.0,"enemies":"Gremlin Leader","floor":31.0,"turns":2.0},{"damage":32.0,"enemies":"Collector","floor":33.0,"turns":6.0},{"damage":0.0,"enemies":"Orb Walker","floor":35.0,"turns":2.0},{"damage":9.0,"enemies":"3 Darklings","floor":36.0,"turns":4.0},{"damage":5.0,"enemies":"Spire Growth","floor":38.0,"turns":2.0},{"damage":0.0,"enemies":"Writhing Mass","floor":39.0,"turns":2.0},{"damage":1.0,"enemies":"Reptomancer","floor":40.0,"turns":3.0},{"damage":0.0,"enemies":"2 Orb Walkers","floor":44.0,"turns":1.0},{"damage":0.0,"enemies":"Sphere and 2 Shapes","floor":45.0,"turns":1.0},{"damage":0.0,"enemies":"3 Darklings","floor":47.0,"turns":2.0},{"damage":0.0,"enemies":"Nemesis","floor":48.0,"turns":1.0},{"damage":100011,"enemies":"Donu and Deca","floor":50,"turns":5}],"seed_played":"-4017682483510698696","potions_obtained":[{"floor":1.0,"key":"BlessingOfTheForge"},{"floor":8.0,"key":"Explosive Potion"},{"floor":10.0,"key":"Dexterity Potion"},{"floor":13.0,"key":"SkillPotion"},{"floor":14.0,"key":"Dexterity Potion"},{"floor":22.0,"key":"Swift Potion"},{"floor":27.0,"key":"Block Potion"},{"floor":28.0,"key":"Ancient Potion"},{"floor":38.0,"key":"DuplicationPotion"},{"floor":40.0,"key":"ColorlessPotion"},{"floor":44.0,"key":"SkillPotion"},{"floor":47.0,"key":"Block Potion"}],"is_trial":false,"path_per_floor":["M","M","M","T","?","E","R","M","T","M","M","$","M","E","R","B",null,"M","?","$","?","M","E","?","R","T","E","M","R","?","E","R","B",null,"M","M","$","M","M","E","R","?","T","?","M","?","M","E","R","B"],"character_chosen":"WATCHER","items_purchased":["WheelKick","LikeWater","Ragnarok"],"campfire_rested":0,"item_purchase_floors":[12,20,37],"current_hp_per_floor":[72,72,72,72,72,82,82,82,82,82,82,82,82,82,82,82,82,82,82,82,82,82,82,82,82,82,89,68,68,68,70,70,40,89,89,80,80,77,79,80,80,80,80,82,84,84,85,85,85,0,0],"gold":378,"neow_bonus":"BOSS_RELIC","is_daily":false,"chose_seed":false,"campfire_upgraded":6,"win_rate":0.0,"timestamp":1610185505,"path_taken":["M","M","M","?","?","E","R","M","T","M","?","?","M","E","R","BOSS","M","?","$","?","?","E","?","R","T","E","M","R","?","E","R","BOSS","M","M","$","M","M","E","R","?","T","?","M","?","?","E","R","BOSS"],"items_purchased_type":["Card","Card","Card"],"build_version":"2020-12-22","purchased_purges":3,"victory":false,"max_hp_per_floor":[72,72,72,72,72,82,82,82,82,82,82,82,82,82,82,82,82,82,82,82,82,82,82,82,82,82,89,89,89,89,89,89,89,89,89,89,89,89,89,89,89,85,85,85,85,85,85,85,85,85,85],"relic_stats":{"Blood Vial":15,"counters":[28,80],"Sundial":[12],"CeramicFish":72,"Bronze Scales":[12],"Snecko Eye":[151,142,148,151],"Pandora\u0027s Box":["Perseverance","WreathOfFlame","Blasphemy","FlyingSleeves","Meditate"],"Pen Nib":[10],"PreservedInsect":162,"Whetstone":["WheelKick","FlyingSleeves"],"Orichalcum":[18],"obtain_stats":[{"Pear":6,"Calipers":44,"CeramicFish":31,"Damaru":14,"Pen Nib":19,"PreservedInsect":30,"Whetstone":40,"Orichalcum":9,"Blood Vial":23,"SlaversCollar":17,"CaptainsWheel":46,"Sundial":4,"Strawberry":27,"Bronze Scales":48,"Snecko Eye":0,"Pandora\u0027s Box":34,"Red Mask":24,"Bag of Marbles":43,"PureWater":0},{"Pear":4,"Calipers":24,"CeramicFish":17,"Damaru":9,"Pen Nib":11,"PreservedInsect":16,"Whetstone":23,"Orichalcum":5,"Blood Vial":13,"SlaversCollar":10,"CaptainsWheel":25,"Sundial":3,"Strawberry":15,"Bronze Scales":27,"Snecko Eye":0,"Pandora\u0027s Box":18,"Red Mask":14,"Bag of Marbles":23,"PureWater":0},{"Pear":12,"Calipers":72,"CeramicFish":52,"Damaru":23,"Pen Nib":32,"PreservedInsect":50,"Whetstone":71,"Orichalcum":14,"Blood Vial":38,"SlaversCollar":28,"CaptainsWheel":73,"Sundial":7,"Strawberry":45,"Bronze Scales":76,"Snecko Eye":0,"Pandora\u0027s Box":58,"Red Mask":42,"Bag of Marbles":71,"PureWater":0}]},"card_choices":[{"not_picked":["Worship","FlurryOfBlows"],"picked":"InnerPeace","floor":1.0},{"not_picked":["Fasting2","CrushJoints"],"picked":"Wallop","floor":2.0},{"not_picked":["Swivel","FlurryOfBlows"],"picked":"SandsOfTime","floor":3.0},{"not_picked":["Prostrate","InnerPeace","Meditate"],"picked":"SKIP","floor":6.0},{"not_picked":["FlurryOfBlows","Halt","ThirdEye"],"picked":"SKIP","floor":8.0},{"not_picked":["FlurryOfBlows","Halt"],"picked":"ThirdEye","floor":8.0},{"not_picked":["PathToVictory","Worship","Indignation"],"picked":"SKIP","floor":10.0},{"not_picked":["FearNoEvil","JustLucky"],"picked":"MentalFortress","floor":11.0},{"not_picked":["Worship","Halt"],"picked":"Protect","floor":13.0},{"not_picked":["FlyingSleeves","Pray"],"picked":"TalkToTheHand","floor":14.0},{"not_picked":["ConjureBlade","Judgement"],"picked":"Ragnarok","floor":16.0},{"not_picked":["CrushJoints","Protect"],"picked":"Wireheading","floor":18.0},{"not_picked":["FlurryOfBlows","CrushJoints","WreathOfFlame"],"picked":"SKIP","floor":22.0},{"not_picked":["Weave","ClearTheMind+1","Sanctity"],"picked":"SKIP","floor":23.0},{"not_picked":["FearNoEvil","Protect"],"picked":"WheelKick","floor":24.0},{"not_picked":["Prostrate","SignatureMove","Fasting2"],"picked":"SKIP","floor":27.0},{"not_picked":["ClearTheMind","Perseverance"],"picked":"Tantrum","floor":28.0},{"not_picked":["FlyingSleeves","FearNoEvil","FlurryOfBlows"],"picked":"SKIP","floor":31.0},{"not_picked":["Scrawl","MasterReality"],"picked":"DevaForm","floor":33.0},{"not_picked":["FlyingSleeves","Weave","CrushJoints"],"picked":"SKIP","floor":35.0},{"not_picked":["EmptyFist","Worship+1","SashWhip"],"picked":"SKIP","floor":36.0},{"not_picked":["Conclude","Perseverance+1","MentalFortress"],"picked":"SKIP","floor":38.0},{"not_picked":["Consecrate","JustLucky+1","InnerPeace+1"],"picked":"SKIP","floor":39.0},{"not_picked":["Nirvana","ThirdEye","ClearTheMind"],"picked":"SKIP","floor":40.0},{"not_picked":["Worship","Evaluate+1"],"picked":"LikeWater+1","floor":44.0},{"not_picked":["Consecrate","ThirdEye+1","Crescendo+1"],"picked":"SKIP","floor":45.0},{"not_picked":["ReachHeaven","Vengeance+1","Prostrate"],"picked":"SKIP","floor":47.0},{"not_picked":["Indignation","EmptyBody+1","EmptyFist+1"],"picked":"SKIP","floor":48.0}],"player_experience":1023725,"relics_obtained":[{"floor":4.0,"key":"Sundial"},{"floor":6.0,"key":"Pear"},{"floor":9.0,"key":"Orichalcum"},{"floor":14.0,"key":"Damaru"},{"floor":23.0,"key":"Blood Vial"},{"floor":24.0,"key":"Red Mask"},{"floor":27.0,"key":"Strawberry"},{"floor":31.0,"key":"CeramicFish"},{"floor":40.0,"key":"Whetstone"},{"floor":43.0,"key":"Bag of Marbles"},{"floor":44.0,"key":"Calipers"},{"floor":48.0,"key":"Bronze Scales"}],"event_choices":[{"damage_healed":0.0,"max_hp_gain":0.0,"max_hp_loss":0.0,"gold_gain":0.0,"cards_transformed":["Strike_P"],"event_name":"Transmorgrifier","player_choice":"Transformed","floor":5.0,"gold_loss":0.0,"damage_taken":0.0,"cards_obtained":["EmptyFist"]},{"damage_healed":0.0,"max_hp_gain":0.0,"max_hp_loss":0.0,"gold_gain":0.0,"event_name":"Addict","player_choice":"Obtained Relic","floor":19.0,"gold_loss":85.0,"damage_taken":0.0,"relics_obtained":["Pen Nib"]},{"damage_healed":0.0,"max_hp_gain":0.0,"max_hp_loss":0.0,"gold_gain":0.0,"event_name":"Match and Keep!","player_choice":"0 cards matched","floor":21.0,"gold_loss":0.0,"damage_taken":0.0,"cards_obtained":[]},{"damage_healed":0.0,"max_hp_gain":0.0,"max_hp_loss":0.0,"gold_gain":0.0,"event_name":"Masked Bandits","player_choice":"Fought Bandits","floor":24.0,"gold_loss":0.0,"damage_taken":0.0},{"damage_healed":0.0,"max_hp_gain":0.0,"max_hp_loss":0.0,"gold_gain":0.0,"event_name":"The Mausoleum","player_choice":"Opened","floor":30.0,"gold_loss":0.0,"damage_taken":0.0,"relics_obtained":["PreservedInsect"],"cards_obtained":["Writhe"]},{"damage_healed":0.0,"max_hp_gain":0.0,"max_hp_loss":4.0,"gold_gain":0.0,"event_name":"Winding Halls","player_choice":"Max HP","floor":42.0,"gold_loss":0.0,"damage_taken":0.0},{"damage_healed":0.0,"max_hp_gain":0.0,"max_hp_loss":0.0,"gold_gain":0.0,"event_name":"Mysterious Sphere","player_choice":"Fight","floor":44.0,"gold_loss":0.0,"damage_taken":0.0},{"damage_healed":0.0,"max_hp_gain":0.0,"max_hp_loss":0.0,"gold_gain":0.0,"event_name":"WeMeetAgain","player_choice":"Gave Potion","floor":46.0,"gold_loss":0.0,"damage_taken":0.0,"relics_obtained":["CaptainsWheel"]}],"is_beta":false,"boss_relics":[{"not_picked":["Velvet Choker","Fusion Hammer"],"picked":"SlaversCollar"},{"not_picked":["SacredBark","Runic Pyramid"],"picked":"Pandora\u0027s Box"}],"items_purged_floors":[12,20,37],"is_endless":false,"potions_floor_spawned":[1,8,10,13,14,22,24,27,28,35,38,40,44,47,48],"killed_by":"Donu and Deca","ascension_level":0}}