{"host":"2se5dq1do2gp0x9k","time":1610159350,"event":{"mods":["AchievementEnabler","BaseMod","Block Reminder","Colored Map","Colored Powertips","Minty Spire (QoL Compilation)","Relic Stats","StSLib","SuperFastMode"],"gold_per_floor":[118,118,118,131,151,177,177,195,195,195,195,195],"floor_reached":11,"playtime":395,"items_purged":[],"score":128,"play_id":"ada433ce-6d4b-45b7-b66d-796e710d46cc","local_time":"20210108182910","is_ascension_mode":true,"campfire_choices":[],"circlet_count":0,"master_deck":["AscendersBane","Strike_P","Strike_P","Strike_P","Strike_P","Defend_P","Defend_P","Defend_P","Defend_P+1","Eruption+1","Vigilance","ReachHeaven","CutThroughFate","Adaptation","CutThroughFate"],"relics":["Snecko Eye","Meat on the Bone","Golden Idol","Eternal Feather"],"acts_visited":["Exordium"],"potions_floor_usage":[6],"damage_taken":[{"damage":0.0,"enemies":"Jaw Worm","floor":1.0,"turns":2.0},{"damage":0.0,"enemies":"2 Louse","floor":4.0,"turns":2.0},{"damage":9.0,"enemies":"Small Slimes","floor":5.0,"turns":3.0},{"damage":10,"enemies":"Lagavulin","floor":6,"turns":5},{"damage":0,"enemies":"Blue Slaver","floor":8,"turns":2},{"damage":37,"enemies":"3 Sentries","floor":11,"turns":6}],"seed_played":"7656840015908679076","potions_obtained":[{"floor":1.0,"key":"ColorlessPotion"}],"is_trial":false,"path_per_floor":["M","?","?","M","M","E","?","M","T","$","E"],"character_chosen":"WATCHER","items_purchased":[],"campfire_rested":0,"item_purchase_floors":[],"current_hp_per_floor":[61,66,44,44,35,25,25,37,37,37,0,0],"gold":195,"neow_bonus":"BOSS_RELIC","is_daily":false,"chose_seed":false,"campfire_upgraded":0,"win_rate":0.0,"timestamp":1610159350,"path_taken":["M","?","?","?","M","E","?","M","T","$","E"],"items_purchased_type":[],"build_version":"2020-12-22","purchased_purges":0,"victory":false,"max_hp_per_floor":[68,73,73,73,73,73,66,66,66,66,66,66],"relic_stats":{"counters":[6,20],"Golden Idol":4,"Snecko Eye":[49,32,27,22],"Eternal Feather":0,"obtain_stats":[{"Golden Idol":7,"Snecko Eye":0,"Eternal Feather":9,"PureWater":0,"Meat on the Bone":6},{"Golden Idol":4,"Snecko Eye":0,"Eternal Feather":5,"PureWater":0,"Meat on the Bone":4},{"Golden Idol":12,"Snecko Eye":0,"Eternal Feather":14,"PureWater":0,"Meat on the Bone":12}],"Meat on the Bone":12},"card_choices":[{"not_picked":["SashWhip","WreathOfFlame"],"picked":"ReachHeaven","floor":1.0},{"not_picked":["DeceiveReality","Conclude"],"picked":"CutThroughFate","floor":4.0},{"not_picked":["EmptyBody","Pray","Prostrate"],"picked":"SKIP","floor":5.0},{"not_picked":["Evaluate","BowlingBash"],"picked":"Adaptation","floor":6},{"not_picked":["CrushJoints","SashWhip"],"picked":"CutThroughFate","floor":8}],"player_experience":3803465,"relics_obtained":[{"floor":6,"key":"Meat on the Bone"},{"floor":9,"key":"Eternal Feather"}],"event_choices":[{"damage_healed":0.0,"max_hp_gain":5.0,"max_hp_loss":0.0,"gold_gain":0.0,"event_name":"Big Fish","player_choice":"Donut","floor":2.0,"gold_loss":0.0,"damage_taken":0.0},{"damage_healed":0.0,"max_hp_gain":0.0,"max_hp_loss":0.0,"gold_gain":0.0,"event_name":"Shining Light","player_choice":"Entered Light","floor":3.0,"gold_loss":0.0,"damage_taken":22.0,"cards_upgraded":["Eruption","Defend_P"]},{"damage_healed":0,"gold_gain":0,"player_choice":"Lose Max HP","damage_taken":0,"relics_obtained":["Golden Idol"],"max_hp_gain":0,"max_hp_loss":7,"event_name":"Golden Idol","floor":7,"gold_loss":0}],"is_beta":false,"boss_relics":[],"items_purged_floors":[],"is_endless":false,"potions_floor_spawned":[1],"killed_by":"3 Sentries","ascension_level":15}}