{"host":"i19jjmeqmvseha12","time":1610186832,"event":{"mods":["Act Like it!","BaseMod","Colored Powertips","Dota2Spire","Gensokyo","Minty Spire (QoL Compilation)","Replay The Spire","StSLib","The Cursed"],"gold_per_floor":[211,241,253,270,289,289,289,289,312,325,357,357,103,103,103,103,103],"floor_reached":16,"playtime":567,"items_purged":[],"score":110,"play_id":"cd790987-609e-4a2c-9ec8-ebb4ab161cd4","local_time":"20210109020712","is_ascension_mode":false,"campfire_choices":[{"floor":6,"key":"REST"},{"data":"Zap","floor":8,"key":"SMITH"},{"floor":15,"key":"REST"}],"circlet_count":0,"master_deck":["Strike_B","Strike_B","Strike_B","Strike_B","Defend_B","Defend_B","Defend_B","Defend_B","Zap+1","Dualcast","Lockon","ReplayGash","Mirror Shield","Leap","All For One","Creative AI","Tempest","Gensokyo:CrescentMoonSlash"],"relics":["Cracked Core","Bronze Scales","ReplayTheSpireMod:TigerMarble","Prayer Wheel","Nunchaku","Garlic"],"acts_visited":["Exordium"],"potions_floor_usage":[2,11,11,16],"damage_taken":[{"damage":0,"enemies":"Gensokyo:3_Fairies","floor":1,"turns":3},{"damage":27,"enemies":"Gensokyo:Cirno","floor":2,"turns":7},{"damage":6,"enemies":"Gensokyo:Gryphon","floor":3,"turns":3},{"damage":4,"enemies":"Gensokyo:2_Kodama","floor":4,"turns":2},{"damage":14,"enemies":"Gensokyo:CorruptedTreant","floor":5,"turns":3},{"damage":0,"enemies":"Gensokyo:2_Rabbits","floor":10,"turns":3},{"damage":6,"enemies":"Gensokyo:Cirno","floor":11,"turns":5},{"damage":54,"enemies":"Gensokyo:Reimu","floor":16,"turns":8}],"seed_played":"3157380274378908032","potions_obtained":[{"floor":1,"key":"AttackPotion"},{"floor":2,"key":"SpeedPotion"},{"floor":5,"key":"BlessingOfTheForge"},{"floor":10,"key":"ColorlessPotion"}],"is_trial":false,"path_per_floor":["M","?","M","M","M","R","?","R","T","M","E","?","$","?","R","B"],"character_chosen":"DEFECT","items_purchased":["Garlic"],"campfire_rested":2,"item_purchase_floors":[13],"current_hp_per_floor":[75,48,42,38,24,46,46,46,46,46,40,40,40,29,51,0,0],"gold":103,"neow_bonus":"HUNDRED_GOLD","is_daily":false,"chose_seed":false,"campfire_upgraded":1,"win_rate":0.0,"timestamp":1610186832,"path_taken":["M","?","M","M","M","R","?","R","T","M","E","?","$","?","R","BOSS"],"items_purchased_type":["Relic"],"build_version":"2020-12-22","purchased_purges":0,"victory":false,"max_hp_per_floor":[75,75,75,75,75,75,75,75,75,75,75,75,75,75,75,75,75],"card_choices":[{"not_picked":["ReplaySolidLightProjector","Skim"],"picked":"Lockon","floor":1},{"not_picked":["Go for the Eyes","Steam"],"picked":"ReplayGash","floor":2},{"not_picked":["Ball Lightning","Conserve Battery"],"picked":"Mirror Shield","floor":3},{"not_picked":["Sweeping Beam","Redo","Beam Cell"],"picked":"SKIP","floor":4},{"not_picked":["Darkness","Recycle"],"picked":"Leap","floor":5},{"not_picked":["Cold Snap","ReplayTheSpireMod:GoodbyeWorld"],"picked":"All For One","floor":10},{"not_picked":["Gash","Force Field"],"picked":"Tempest","floor":11}],"player_experience":155801,"relics_obtained":[{"floor":2,"key":"Bronze Scales"},{"floor":9,"key":"ReplayTheSpireMod:TigerMarble"},{"floor":11,"key":"Nunchaku"}],"event_choices":[],"is_beta":false,"boss_relics":[],"items_purged_floors":[],"is_endless":false,"potions_floor_spawned":[1,2,5,10],"killed_by":"Gensokyo:Reimu","ascension_level":0}}