{"host":"bxn2em57qlx5u4i0","time":1610233530,"event":{"mods":["BaseMod","Colored Map","Colored Powertips","Highlight Path","Minty Spire (QoL Compilation)","Random Character Button","Relic Sorter","Relic Stats","StSLib","SuperFastMode"],"gold_per_floor":[213,3,17,17,17,46,46,46,46],"floor_reached":8,"playtime":151,"items_purged":[],"score":108,"play_id":"fc8dfa76-d75b-42a8-a1b8-354d43701ea1","local_time":"20210109180530","is_ascension_mode":true,"campfire_choices":[{"data":"Catalyst","floor":7.0,"key":"SMITH"}],"circlet_count":0,"master_deck":["AscendersBane","Strike_G","Strike_G","Strike_G","Strike_G","Strike_G","Defend_G","Defend_G","Defend_G","Defend_G","Defend_G","Survivor","Neutralize","Infinite Blades","Catalyst+1","Leg Sweep"],"relics":["Ring of the Snake","TwistedFunnel","FaceOfCleric","PreservedInsect"],"acts_visited":["Exordium"],"potions_floor_usage":[],"damage_taken":[{"damage":7.0,"enemies":"2 Louse","floor":1.0,"turns":4.0},{"damage":0.0,"enemies":"Cultist","floor":3.0,"turns":3.0},{"damage":25.0,"enemies":"Lagavulin","floor":6.0,"turns":6.0},{"damage":29,"enemies":"3 Sentries","floor":8,"turns":7}],"seed_played":"-1388575681090021559","potions_obtained":[{"floor":1.0,"key":"Strength Potion"},{"floor":3.0,"key":"BlessingOfTheForge"}],"is_trial":false,"path_per_floor":["M","$","M","?","?","E","R","E"],"character_chosen":"THE_SILENT","items_purchased":["TwistedFunnel","Catalyst"],"campfire_rested":0,"item_purchase_floors":[2,2],"current_hp_per_floor":[52,52,52,52,52,28,28,0,0],"gold":46,"neow_bonus":"HUNDRED_GOLD","is_daily":false,"chose_seed":false,"campfire_upgraded":1,"win_rate":0.0,"timestamp":1610233530,"path_taken":["M","$","M","?","?","E","R","E"],"items_purchased_type":["Relic","Card"],"build_version":"2020-12-22","purchased_purges":0,"victory":false,"max_hp_per_floor":[66,66,66,66,66,67,67,67,67],"relic_stats":{"FaceOfCleric":1,"counters":[4,20],"PreservedInsect":33,"obtain_stats":[{"TwistedFunnel":2,"FaceOfCleric":5,"PreservedInsect":6,"Ring of the Snake":0},{"TwistedFunnel":1,"FaceOfCleric":2,"PreservedInsect":3,"Ring of the Snake":0},{"TwistedFunnel":4,"FaceOfCleric":7,"PreservedInsect":13,"Ring of the Snake":0}],"Ring of the Snake":[8]},"card_choices":[{"not_picked":["Flechettes","Deflect"],"picked":"Infinite Blades","floor":1.0},{"not_picked":["Sucker Punch","Bane"],"picked":"Leg Sweep","floor":3.0},{"not_picked":["Slice","Cloak And Dagger","Quick Slash"],"picked":"SKIP","floor":6.0}],"player_experience":2901900,"relics_obtained":[{"floor":6.0,"key":"PreservedInsect"}],"event_choices":[{"damage_healed":0.0,"max_hp_gain":0.0,"max_hp_loss":0.0,"gold_gain":0.0,"event_name":"Liars Game","player_choice":"Ignored","floor":4.0,"gold_loss":0.0,"damage_taken":0.0},{"damage_healed":0.0,"max_hp_gain":0.0,"max_hp_loss":0.0,"gold_gain":0.0,"event_name":"FaceTrader","player_choice":"Trade","floor":5.0,"gold_loss":0.0,"damage_taken":0.0,"relics_obtained":["FaceOfCleric"]}],"is_beta":false,"boss_relics":[],"items_purged_floors":[],"is_endless":false,"potions_floor_spawned":[1,3],"killed_by":"3 Sentries","ascension_level":20}}