{"host":"wk46m6kgjezp23jj","time":1610234951,"event":{"mods":["AchievementEnabler","BaseMod","Beaked The Cultist","Bestiary","Colored Map","Colored Powertips","Downfall","Hermit","Minty Spire (QoL Compilation)","Replay The Spire","StSLib","The Bladedancer","The Construct","The Cursed","The Marked","The Servant 0.9.4"],"gold_per_floor":[116,116,67,17,28,28,38,38,38,64,64,64,93,111,111,216,216,197,197,197,112,15,15,15,48,48,48,48,58,68,68,68,68,68],"floor_reached":33,"playtime":1694,"items_purged":[],"score":269,"play_id":"e283c4d7-c99d-4e9b-9cf8-bc722f1a0f5e","local_time":"20210109182911","is_ascension_mode":false,"campfire_choices":[{"data":"construct:AttackMode","floor":6,"key":"SMITH"},{"floor":15,"key":"DIG"},{"floor":23,"key":"REST"},{"floor":27,"key":"REST"},{"data":"expansioncontent:CaCaw","floor":32,"key":"SMITH"}],"circlet_count":0,"master_deck":["construct:Defend_Gold","construct:Defend_Gold","construct:Defend_Gold","construct:Defend_Gold","construct:Defend_Gold","construct:AttackMode+1","construct:DefenseMode","construct:Accumulate","construct:Analyze","construct:Anticipate","construct:HeavyBolt","expansioncontent:TimeRipple","construct:Versatility","construct:GuardCore","construct:SweepLaser","construct:Reinforce","construct:LongRangeLance","CurseOfTheBell","construct:Enhance+1","Slimebound:Tackle+1","Slimebound:Tackle+1","Slimebound:Tackle+1","Replay:Sssssssssshield","expansioncontent:CaCaw+1","construct:Antimatter","construct:Disrupt","construct:FierceBash","construct:SweepLaser+1"],"relics":["construct:Cogwheel","NeowsBlessing","Darkstone Periapt","Bronze Scales","Anchor","Juzu Bracelet","Calling Bell","Pet Ghost","Onion Ring","FossilizedHelix","ReplayTheSpireMod:Lightbulb","Bottled Tornado","Sundial","Pocketwatch"],"acts_visited":["Exordium","TheCity"],"potions_floor_usage":[18,22,33,33,33],"damage_taken":[{"damage":0,"enemies":"2 Louse","floor":1,"turns":1},{"damage":0,"enemies":"Cultist","floor":5,"turns":1},{"damage":0,"enemies":"Jaw Worm","floor":7,"turns":1},{"damage":30,"enemies":"Gremlin Nob","floor":10,"turns":5},{"damage":15,"enemies":"3 Sentries","floor":13,"turns":4},{"damage":0,"enemies":"Blue Slaver","floor":14,"turns":4},{"damage":17,"enemies":"Slime Boss","floor":16,"turns":8},{"damage":20,"enemies":"2 Thieves","floor":18,"turns":4},{"damage":58,"enemies":"Book of Stabbing","floor":25,"turns":7},{"damage":3,"enemies":"Chosen","floor":29,"turns":3},{"damage":20,"enemies":"Snecko","floor":30,"turns":3},{"damage":56,"enemies":"Automaton","floor":33,"turns":6}],"seed_played":"6364261775939376262","potions_obtained":[{"floor":5,"key":"Dexterity Potion"},{"floor":16,"key":"sneckomod:MuddlingPotion"},{"floor":29,"key":"BlessingOfTheForge"},{"floor":30,"key":"champ:CounterPotion"}],"is_trial":false,"path_per_floor":["M","?","$","$","M","R","M","?","T","E","$","?","E","M","R_BF","B",null,"M","?","?","?","$","R","?","E","T","R","T","M","M","?","R_BF","B"],"character_chosen":"THE_CONSTRUCT_MOD","items_purchased":["construct:Analyze","construct:Anticipate","Fruit Juice"],"campfire_rested":2,"item_purchase_floors":[3,4,22],"current_hp_per_floor":[85,85,85,85,85,85,85,85,85,55,55,55,40,40,40,23,91,71,71,52,52,57,85,85,27,27,55,55,52,32,32,32,0,0],"gold":68,"neow_bonus":"THREE_ENEMY_KILL","is_daily":false,"chose_seed":false,"campfire_upgraded":2,"win_rate":0.0,"timestamp":1610234951,"path_taken":["M","?","?","$","M","R","?","?","T","E","?","?","E","M","R_BF","BOSS","M","?","?","?","$","R","?","E","T","R","?","M","M","?","R_BF","BOSS"],"items_purchased_type":["Card","Card","Potion"],"build_version":"2020-12-22","purchased_purges":0,"victory":false,"max_hp_per_floor":[85,85,85,85,85,85,85,85,85,85,85,85,85,85,85,85,91,91,91,91,91,96,96,96,96,96,96,96,96,96,96,96,96,96],"card_choices":[{"not_picked":["construct:Backfire","construct:ScrapCannon"],"picked":"construct:Accumulate","floor":1},{"not_picked":["construct:Overcharge","construct:Zapper"],"picked":"construct:HeavyBolt","floor":5},{"not_picked":["construct:ShiftStrike","construct:Isolate","construct:ScrapCannon"],"picked":"SKIP","floor":7},{"not_picked":["construct:HastyRepair","construct:ScopeCore"],"picked":"construct:GuardCore","floor":10},{"not_picked":["construct:ShiftingStance","construct:UnbalancingBlast"],"picked":"construct:SweepLaser","floor":13},{"not_picked":["construct:Backup","construct:HardReboot"],"picked":"construct:Reinforce","floor":14},{"not_picked":["construct:SiegeForm","construct:BatteryCore"],"picked":"construct:LongRangeLance","floor":16},{"not_picked":["construct:Backfire","construct:ScrapCannon"],"picked":"construct:Enhance+1","floor":18},{"not_picked":["construct:SpinDrive","construct:VentSteam"],"picked":"construct:Disrupt","floor":25},{"not_picked":["construct:FocusedBeam","construct:ShiftStrike"],"picked":"construct:FierceBash","floor":29},{"not_picked":["construct:Autoturret","construct:SuppressiveFire"],"picked":"construct:SweepLaser+1","floor":30}],"player_experience":20359,"relics_obtained":[{"floor":9,"key":"Darkstone Periapt"},{"floor":10,"key":"Bronze Scales"},{"floor":13,"key":"Anchor"},{"floor":15,"key":"Juzu Bracelet"},{"floor":17,"key":"Pet Ghost"},{"floor":17,"key":"Onion Ring"},{"floor":17,"key":"FossilizedHelix"},{"floor":25,"key":"Bottled Tornado"},{"floor":26,"key":"Sundial"},{"floor":28,"key":"Pocketwatch"}],"event_choices":[{"damage_healed":0,"gold_gain":0,"player_choice":"Bought 0 Potions","damage_taken":0,"max_hp_gain":0,"max_hp_loss":0,"event_name":"The Woman in Blue","floor":2,"gold_loss":0},{"damage_healed":0,"gold_gain":0,"player_choice":"2 cards matched","damage_taken":0,"max_hp_gain":0,"max_hp_loss":0,"event_name":"Match and Keep!","floor":8,"gold_loss":0,"cards_obtained":["expansioncontent:TimeRipple","construct:Versatility"]},{"damage_healed":0,"gold_gain":0,"player_choice":"Ignored","damage_taken":0,"max_hp_gain":0,"max_hp_loss":0,"event_name":"Liars Game","floor":12,"gold_loss":0},{"damage_healed":0,"gold_gain":0,"player_choice":"CARD CARD ","damage_taken":19,"max_hp_gain":0,"max_hp_loss":0,"event_name":"Knowing Skull","floor":20,"potions_obtained":[],"gold_loss":0,"cards_obtained":["Replay:Sssssssssshield","expansioncontent:CaCaw"]},{"damage_healed":0,"gold_gain":0,"player_choice":"Obtained Relic","damage_taken":0,"relics_obtained":["ReplayTheSpireMod:Lightbulb"],"max_hp_gain":0,"max_hp_loss":0,"event_name":"Addict","floor":21,"gold_loss":85},{"damage_healed":0,"gold_gain":0,"player_choice":"Read","damage_taken":0,"max_hp_gain":0,"max_hp_loss":0,"event_name":"The Library","floor":24,"gold_loss":0,"cards_obtained":["construct:Antimatter"]},{"damage_healed":0,"gold_gain":0,"player_choice":"Ignored","damage_taken":0,"max_hp_gain":0,"max_hp_loss":0,"event_name":"Ghosts","floor":31,"gold_loss":0}],"is_beta":false,"boss_relics":[{"not_picked":["Painkiller Herb","construct:ClawGrip"],"picked":"Calling Bell"}],"items_purged_floors":[],"is_endless":false,"potions_floor_spawned":[5,16,29,30],"killed_by":"Automaton","ascension_level":0}}