{"host":"ox77rn1xcurm2t5a","time":1610234056,"event":{"mods":["2.2 Compatiblity","AchievementEnabler","Act Like it!","Aspiration","BaseMod","Best Route Mod","Better Match","Better Note","Better Sensory Stone","Block Reminder","Colored Map","Colored Powertips","Conjunction","Conspire","Custom Start","Energized Spire","GifTheSpireLib","Gold Saver","Gremlin Skip","Halation","Highlight Path","Hubris","Infinite Spire","Minty Spire (QoL Compilation)","Pale of the Ancients","Quick Restart","Replay The Spire","Reworked Bosses","ShortenTheSpire","Spire Exporter","StSLib","Stuff the Spire","Wandering Minibosses","vexMod"],"gold_per_floor":[112,112,112,112,112,143,143,175,228,1315,1315,1334,790,803,803,877,877,897,144,144,156,172,202,212,240,240,266,277,287,1941,1007,1007,1078,1078,1091,1091,1091,1106,1125,1125,1138,1166,1166,1203,1163,1182,418,448,448,452],"floor_reached":51,"playtime":3516,"items_purged":["Strike_B","Strike_B","Strike_B","Injury","Defend_B"],"score":1647,"play_id":"9f995e81-f5e6-47e5-ac20-6d9fd4305a0e","local_time":"20210110011416","is_ascension_mode":true,"campfire_choices":[{"floor":7.0,"key":"RECALL"},{"data":"Coolheaded","floor":15.0,"key":"SMITH"},{"data":"StuffTheSpire:Coldhearted","floor":32.0,"key":"SMITH"},{"data":"StuffTheSpire:BrainWave","floor":40,"key":"SMITH"},{"data":"1","floor":49,"key":"LIFT"}],"circlet_count":0,"master_deck":["AscendersBane","Defend_B","Defend_B","Defend_B","Zap+1","Dualcast+1","Capacitor+1","Cold Snap","Gash","Gash","Coolheaded+1","Chill","Defragment+1","Coolheaded+1","Coolheaded","StuffTheSpire:Coldhearted+1","Double Energy+1","Static Discharge+1","Glacier+1","StuffTheSpire:ShieldGenerator+1","Strike_B","Redo+1","StuffTheSpire:BrainWave+1","Hologram+1","StuffTheSpire:Plugnplay+1","StuffTheSpire:Synthwave+1","Capacitor+1","StuffTheSpire:Plugnplay+1","Static Discharge+1","ReplayRNGCard+1","Static Discharge+1"],"relics":["NeowsBlessing","infinitespire:CursedDice","Blue Candle","DataDisk","Matryoshka","OrangePellets","Frozen Egg 2","halation:Trompette","Toolbox","conspire:SpecialSausage","Runic Capacitor","Eternal Feather","wanderingMiniBosses:ThiefScarf","Cracked Core","CaptainsWheel","Nunchaku","Lantern","StuffTheSpire:Mouthbags","Toxic Egg 2","Iron Hammer","Lizard Tail","hubris:Potato","aspiration:BursterCore","vexMod:GhostlyGear","Replay:Bandana","Toy Ornithopter","hubris:RGBLights","Girya","Chameleon Ring","Mummified Hand","StuffTheSpire:Tea"],"acts_visited":["Exordium","TheCity","TheBeyond"],"potions_floor_usage":[42,48],"damage_taken":[{"damage":0.0,"enemies":"Jaw Worm","floor":1.0,"turns":1.0},{"damage":0.0,"enemies":"Gremlin Nob","floor":6.0,"turns":1.0},{"damage":0.0,"enemies":"3 Sentries","floor":8.0,"turns":1.0},{"damage":0.0,"enemies":"2 Louse","floor":12.0,"turns":3.0},{"damage":6.0,"enemies":"Small Slimes","floor":14.0,"turns":3.0},{"damage":12.0,"enemies":"Fading Forest","floor":16.0,"turns":11.0},{"damage":12.0,"enemies":"2 Thieves","floor":18.0,"turns":4.0},{"damage":0.0,"enemies":"Spheric Guardian","floor":21.0,"turns":5.0},{"damage":0.0,"enemies":"Shelled Parasite and Fungi","floor":22.0,"turns":5.0},{"damage":20.0,"enemies":"Gremlin Leader","floor":23.0,"turns":9.0},{"damage":0.0,"enemies":"Snake Plant","floor":24.0,"turns":4.0},{"damage":0.0,"enemies":"Book of Stabbing","floor":25.0,"turns":7.0},{"damage":14.0,"enemies":"Slavers","floor":27.0,"turns":10.0},{"damage":12.0,"enemies":"Cultist and Chosen","floor":28.0,"turns":6.0},{"damage":0.0,"enemies":"Snecko","floor":29.0,"turns":6.0},{"damage":0.0,"enemies":"conspire:MysteriousRune","floor":33.0,"turns":12.0},{"damage":0,"enemies":"3 Shapes","floor":35,"turns":5},{"damage":0,"enemies":"Orb Walker","floor":38,"turns":4},{"damage":0,"enemies":"Maw","floor":39,"turns":8},{"damage":0,"enemies":"Spire Growth","floor":41,"turns":6},{"damage":0,"enemies":"R_Hoarder","floor":42,"turns":10},{"damage":0,"enemies":"Reptomancer","floor":44,"turns":7},{"damage":0,"enemies":"Transient","floor":46,"turns":5},{"damage":0,"enemies":"R_Hoarder","floor":48,"turns":6},{"damage":9,"enemies":"bossMod:newAwakened","floor":50,"turns":12}],"seed_played":"-6403225972885610239","potions_obtained":[{"floor":6.0,"key":"Explosive Potion"},{"floor":23.0,"key":"DistilledChaos"},{"floor":27.0,"key":"Energy Potion"},{"floor":28.0,"key":"Reflective Coating"},{"floor":39,"key":"FearPotion"},{"floor":42,"key":"Strength Potion"},{"floor":44,"key":"SkillPotion"},{"floor":48,"key":"AttackPotion"}],"is_trial":false,"path_per_floor":["M","?","?","?","?","E","R","E","T","$","?","M","$","M","R","B",null,"M","$","?","M","M","E","M","E","T","E","M","M","$","$","R","B",null,"M","AVR","?","M","M","R","M","E","T","E","?","M","$","E","R","B",null],"character_chosen":"DEFECT","items_purchased":["Gash","StuffTheSpire:HeavyRock","Matryoshka","OrangePellets","PowerPotion","halation:Trompette","Toolbox","Defragment+1","Runic Capacitor","Eternal Feather","Energy Potion","Fire Potion","Coolheaded","Toxic Egg 2","Iron Hammer","Glacier+1","Lizard Tail","hubris:Potato","Regen Potion","StuffTheSpire:ShieldGenerator+1","StuffTheSpire:Plugnplay+1","Static Discharge+1","Chameleon Ring","Mummified Hand","ReplayRNGCard+1"],"campfire_rested":0,"item_purchase_floors":[10,10,10,10,10,13,13,19,19,19,19,19,19,30,30,30,31,31,31,31,47,47,47,47,47],"current_hp_per_floor":[68,53,53,68,68,68,68,68,68,68,68,68,68,62,62,74,75,63,63,63,63,63,47,47,47,47,44,32,32,32,32,44,59,71,71,71,71,71,71,75,75,75,75,75,75,75,75,75,75,66],"gold":452,"neow_bonus":"THREE_ENEMY_KILL","is_daily":false,"chose_seed":false,"campfire_upgraded":3,"win_rate":0.0,"timestamp":1610234056,"path_taken":["M","?","?","?","?","E","R","E","T","$","?","M","?","M","R","BOSS","M","$","?","M","?","E","M","E","T","E","M","M","?","$","R","BOSS","M","AVR","?","M","M","R","M","E","T","E","?","?","$","E","R","BOSS"],"items_purchased_type":["Card","Relic","Relic","Relic","Potion","Relic","Relic","Card","Relic","Relic","Potion","Potion","Card","Relic","Relic","Card","Relic","Relic","Potion","Card","Card","Card","Relic","Relic","Card"],"build_version":"2020-12-22","purchased_purges":5,"victory":true,"max_hp_per_floor":[75,75,75,75,75,75,75,75,75,75,75,75,75,75,75,75,75,75,75,75,75,75,75,75,75,75,75,75,75,75,75,75,75,75,75,75,75,75,75,75,75,75,75,75,75,75,75,75,75,75],"card_choices":[{"not_picked":["Go for the Eyes","Barrage"],"picked":"Capacitor","floor":1.0},{"not_picked":["Beam Cell","Sweeping Beam","StuffTheSpire:Plugnplay"],"picked":"SKIP","floor":6.0},{"not_picked":["Leap","conspire:SharedLibrary"],"picked":"Cold Snap","floor":8.0},{"not_picked":["Go for the Eyes","Reinforced Body"],"picked":"Coolheaded","floor":12.0},{"not_picked":["ReplayTheSpireMod:Reroute Power","Beam Cell","BasicCrystalCard"],"picked":"SKIP","floor":14.0},{"not_picked":["Rebound","Streamline+1"],"picked":"Chill","floor":18.0},{"not_picked":["hubris:Ukulele","StuffTheSpire:GlassShard"],"picked":"Coolheaded","floor":21.0},{"not_picked":["ReplaySolidLightProjector","Scrape+1"],"picked":"StuffTheSpire:Coldhearted","floor":22.0},{"not_picked":["Sunder","Conserve Battery"],"picked":"Double Energy+1","floor":23.0},{"not_picked":["Beam Cell","Capacitor+1","Reinforced Body"],"picked":"SKIP","floor":24.0},{"not_picked":["Buffer+1","StuffTheSpire:LoadUp+1"],"picked":"Static Discharge+1","floor":25.0},{"not_picked":["Tempest","Go for the Eyes","Steam Power"],"picked":"SKIP","floor":27.0},{"not_picked":["Recycle","StuffTheSpire:Plugnplay","Hologram"],"picked":"SKIP","floor":28.0},{"not_picked":["Steam","Go for the Eyes","BasicCrystalCard"],"picked":"SKIP","floor":29.0},{"not_picked":["Hologram+1","Cold Snap"],"picked":"Redo+1","floor":35},{"not_picked":["StuffTheSpire:Ambrosia","StuffTheSpire:Rapture"],"picked":"StuffTheSpire:BrainWave","floor":37},{"not_picked":["ReplayTheSpireMod:System Scan+1","Beam Cell"],"picked":"Hologram+1","floor":38},{"not_picked":["StuffTheSpire:Plugnplay+1","Go for the Eyes","Conserve Battery+1"],"picked":"SKIP","floor":39},{"not_picked":["Undo+1","ReplayTheSpireMod:System Scan+1"],"picked":"StuffTheSpire:Plugnplay+1","floor":41},{"not_picked":["Rip and Tear","conspire:SharedLibrary+1","Seek+1"],"picked":"SKIP","floor":42},{"not_picked":["Stack+1","BasicCrystalCard+1"],"picked":"StuffTheSpire:Synthwave+1","floor":44},{"not_picked":["Double Energy+1","Rebound+1"],"picked":"Capacitor+1","floor":46},{"not_picked":["Reinforced Body+1","Steam Power+1"],"picked":"Static Discharge+1","floor":48}],"player_experience":2978442,"relics_obtained":[{"floor":6.0,"key":"infinitespire:CursedDice"},{"floor":8.0,"key":"Blue Candle"},{"floor":9.0,"key":"DataDisk"},{"floor":21.0,"key":"wanderingMiniBosses:ThiefScarf"},{"floor":21.0,"key":"Cracked Core"},{"floor":23.0,"key":"CaptainsWheel"},{"floor":25.0,"key":"Nunchaku"},{"floor":26.0,"key":"Lantern"},{"floor":27.0,"key":"StuffTheSpire:Mouthbags"},{"floor":42,"key":"Replay:Bandana"},{"floor":43,"key":"Toy Ornithopter"},{"floor":43,"key":"hubris:RGBLights"},{"floor":44,"key":"Girya"},{"floor":48,"key":"StuffTheSpire:Tea"}],"event_choices":[{"damage_healed":0.0,"max_hp_gain":0.0,"max_hp_loss":0.0,"gold_gain":0.0,"event_name":"Shining Light","player_choice":"Entered Light","floor":2.0,"gold_loss":0.0,"damage_taken":15.0,"cards_upgraded":["Dualcast","Zap"]},{"damage_healed":0.0,"max_hp_gain":0.0,"max_hp_loss":0.0,"gold_gain":0.0,"event_name":"Living Wall","player_choice":"Grow","floor":3.0,"gold_loss":0.0,"damage_taken":0.0,"cards_upgraded":["Capacitor"]},{"damage_healed":0.0,"max_hp_gain":0.0,"max_hp_loss":0.0,"gold_gain":0.0,"event_name":"conspire:Investor","player_choice":"Leave","floor":5.0,"gold_loss":0.0,"damage_taken":0.0},{"damage_healed":0.0,"max_hp_gain":0.0,"max_hp_loss":0.0,"gold_gain":0.0,"event_name":"Accursed Blacksmith","player_choice":"Forge","floor":20.0,"gold_loss":0.0,"damage_taken":0.0,"cards_upgraded":["Coolheaded"]},{"damage_healed":0,"gold_gain":0,"player_choice":"Bought 3 Potions","damage_taken":0,"max_hp_gain":0,"max_hp_loss":0,"event_name":"The Woman in Blue","floor":45,"gold_loss":0}],"is_beta":false,"boss_relics":[{"not_picked":["halation:MonkeysPaw","Ring of Chaos"],"picked":"conspire:SpecialSausage"},{"not_picked":["halation:ForbiddenBikini","hubris:BlackHole"],"picked":"aspiration:BursterCore"}],"items_purged_floors":[10,13,19,30,31],"is_endless":false,"potions_floor_spawned":[6,14,23,27,28,29,39,42,44,48],"ascension_level":13}}