{"host":"aryhiqwk5b07l19u","time":1610172115,"event":{"mods":["Act Like it!","Arknights The Spire","BaseMod","Better Third Choice","Colored Powertips","Gensokyo","HololiveMod","Koishi","Marisa£®ÏF”Í°°ƒß¿Ì…≥£©","Minty Spire (QoL Compilation)","Quick Restart","Rare Cards Sparkle","Reimu£®≤©¿ˆ¡È√Œ£©","Relic Stats","Remilia£®¿Ÿ√◊¿Ú—«£©","Replay The Spire","StSLib","The Administrix","The Construct","The Servant 0.9.4","Yakumo Yukari mod","Youmu£®ªÍ∆«—˝√Œ£©","Yuyuko","noobMod"],"gold_per_floor":[136,147,160,1,1,1,15,15,15,41,361,393,411,115,115,210,210,220,238,238,248,295,323,342,342,396,406,419,419,175,175,175,274,274,290,307,307,327,327,353,353,384,408,434,434,452,452,463,463,463,463,463,95,124,124],"floor_reached":56,"playtime":3352,"items_purged":[],"score":1672,"play_id":"3a127093-7806-44b3-8b89-a3d3896a1ce6","local_time":"20210109140155","is_ascension_mode":true,"campfire_choices":[{"data":"Yakumo_Ran_purple","floor":6,"key":"SMITH"},{"data":"Worldmountain_purple","floor":8,"key":"SMITH"},{"data":"ButterflyHabitatTemple_purple","floor":15,"key":"SMITH"},{"data":"Anti_communist_purple","floor":15,"key":"SMITH"},{"floor":25,"key":"RECALL"},{"data":"Shallow_ocean_purpleEX","floor":29,"key":"SMITH"},{"data":"Mirror_TwoAndThreeElementRealm_purple","floor":29,"key":"SMITH"},{"data":"Boundary_of_Extermination_purpleEX","floor":32,"key":"SMITH"},{"data":"Bait_HighSpeedFlying_purple","floor":32,"key":"SMITH"},{"data":"LoveAcrossDimensions_purple","floor":41,"key":"SMITH"},{"data":"Know_ledgeAbilityRealm_purple","floor":41,"key":"SMITH"},{"data":"Fantasy_PerpetualMotionMachine_purple","floor":49,"key":"SMITH"},{"data":"Gensokyo:GreaterSplit","floor":49,"key":"SMITH"},{"data":"Realm_recovery_purpleEX","floor":52,"key":"SMITH"},{"data":"UniverseChoice_purple","floor":52,"key":"SMITH"}],"circlet_count":0,"master_deck":["AT_purpleEX","AT_purpleEX","AT_purpleEX","AT_purpleEX","Defend_purpleEX","Defend_purpleEX","Defend_purpleEX","Defend_purpleEX","ExternalForce_HighSpeedFlying_purple","Yakumo_Ran_purple+1","Anti_communist_purple+1","Worldmountain_purple+1","Mirror_TwoAndThreeElementRealm_purple+1","Boundary_of_Extermination_purpleEX+1","MonsterNeedle_purple","ButterflyHabitatTemple_purple+1","UniverseChoice_purple+1","Bait_HighSpeedFlying_purple+1","Umbrella_purple+1","Fantasy_PerpetualMotionMachine_purple+1","OpenedBox_purple","WangLiang_OokamiKakushi_purple","Realm_recovery_purpleEX+1","Shallow_ocean_purpleEX+1","Boundary_of_Extermination_purpleEX+1","Know_ledgeAbilityRealm_purple+1","Fantasy_PerpetualMotionMachine_purple+1","Boundary_of_Extermination_purpleEX+1","Nest_LightFlightworm_purple+1","LoveAcrossDimensions_purple+1","Realm_recovery_purpleEX+1","EighthInstrument_OneDividesIntoTwo_purple+1","Gensokyo:GreaterSplit+1","Doubt","Mirror_FourBoundary_purple","BarrageBoundary_PipeDream_purple"],"relics":["Boundary_crack","Memoryfragments_purpleEX","ice","Happy Flower","TheEssenceOfRealm","Gensokyo:Justice","Iron Hammer","Replay:Arrowhead","Simple Rune","Dead Branch","RedLine:ReiMu","Blue Candle","Chameleon Ring","Replay:Bottled Eggs","Gensokyo:SongOfSouls","Coffee Dripper","Gensokyo:EmptyGrave","Gremlin Horn","Bag of Preparation","Anchor","Singing Bowl","Replay:Bottled Snecko","Nunchaku","Sling","ReplayTheSpireMod:TigerMarble"],"acts_visited":["Gensokyo:Gensokyo","Gensokyo:Gensokyoer","Gensokyo:Gensokyoest","TheEnding"],"potions_floor_usage":[10,10,12,16,33,33,55,55],"damage_taken":[{"damage":0,"enemies":"Gensokyo:2_Kodama","floor":1,"turns":4},{"damage":0,"enemies":"Gensokyo:Python","floor":2,"turns":4},{"damage":2,"enemies":"Gensokyo:Gryphon","floor":3,"turns":5},{"damage":0,"enemies":"Gensokyo:5_Fairies","floor":7,"turns":3},{"damage":19,"enemies":"Gensokyo:Cirno","floor":10,"turns":4},{"damage":1,"enemies":"Gensokyo:Python_and_Kodama","floor":11,"turns":5},{"damage":15,"enemies":"Gensokyo:Mamizou","floor":12,"turns":10},{"damage":0,"enemies":"Gensokyo:3_Kodama","floor":13,"turns":3},{"damage":0,"enemies":"Gensokyo:Kokoro","floor":16,"turns":8},{"damage":6,"enemies":"Gensokyo:3_Dogs","floor":18,"turns":4},{"damage":15,"enemies":"Gensokyo:AngelMirror","floor":19,"turns":3},{"damage":8,"enemies":"Gensokyo:Chomper_and_Gloop","floor":21,"turns":4},{"damage":12,"enemies":"Gensokyo:Tenshi","floor":23,"turns":6},{"damage":40,"enemies":"Gensokyo:3_Gloops","floor":24,"turns":5},{"damage":8,"enemies":"Gensokyo:Wraith","floor":27,"turns":5},{"damage":18,"enemies":"Gensokyo:Mirror_and_Dog","floor":28,"turns":3},{"damage":25,"enemies":"Gensokyo:Eternal_Rivals","floor":33,"turns":5},{"damage":0,"enemies":"Gensokyo:3_Boulders","floor":35,"turns":2},{"damage":0,"enemies":"Gensokyo:3_Bats","floor":36,"turns":1},{"damage":9,"enemies":"Gensokyo:Rafflesia","floor":38,"turns":4},{"damage":25,"enemies":"Gensokyo:Kasen","floor":40,"turns":3},{"damage":4,"enemies":"Gensokyo:Marisa","floor":42,"turns":3},{"damage":0,"enemies":"Gensokyo:Kasen","floor":44,"turns":3},{"damage":0,"enemies":"Gensokyo:AtlasGolem","floor":46,"turns":2},{"damage":0,"enemies":"Gensokyo:SeedOfUnknown","floor":48,"turns":2},{"damage":0,"enemies":"Gensokyo:Shinki","floor":50,"turns":6},{"damage":0,"enemies":"Shield and Spear","floor":54,"turns":3},{"damage":28,"enemies":"The Heart","floor":55,"turns":6}],"seed_played":"-951793677406397244","potions_obtained":[{"floor":1,"key":"DistilledChaos"},{"floor":2,"key":"PowerPotion"},{"floor":7,"key":"Energy Potion"},{"floor":12,"key":"Milkshake"},{"floor":18,"key":"Doom Potion"},{"floor":22,"key":"Death Potion"},{"floor":24,"key":"MagicPotion:ReiMu"},{"floor":27,"key":"CultistPotion"},{"floor":28,"key":"FairyPotion"},{"floor":36,"key":"Explosive Potion"},{"floor":40,"key":"Energy Potion"}],"is_trial":false,"path_per_floor":["M","M","M","COS","?","R","M","R","T","E","M","E","M","$","R","B",null,"M","M","?","M","?","E","M","R","T","M","M","R","$","?","R","B",null,"M","M","?","M","?","E","R","E","T","E","?","M","T","M","R","B",null,"R","$","E","B",null],"character_chosen":"Youkari","items_purchased":["Dead Branch","Replay:Bottled Eggs","Nunchaku","Sling","Mirror_FourBoundary_purple"],"campfire_rested":0,"item_purchase_floors":[14,30,53,53,53],"current_hp_per_floor":[70,70,70,70,70,70,70,70,70,51,50,35,35,35,35,35,70,66,56,56,48,20,16,38,38,38,30,35,35,35,35,35,18,88,88,88,81,76,76,59,59,58,58,58,58,60,60,62,62,62,98,98,98,98,70],"gold":124,"neow_bonus":"RANDOM_EVENT","is_daily":false,"chose_seed":false,"campfire_upgraded":14,"win_rate":0.0,"timestamp":1610172115,"path_taken":["M","M","M","COS","?","R","M","R","T","E","M","E","?","?","R","BOSS","M","?","?","M","?","E","?","R","T","M","M","R","?","?","R","BOSS","M","M","?","M","?","E","R","E","T","E","?","M","?","M","R","BOSS","R","$","E","BOSS"],"items_purchased_type":["Relic","Relic","Relic","Relic","Card"],"build_version":"2020-12-22","purchased_purges":0,"victory":true,"max_hp_per_floor":[70,70,70,70,70,70,70,70,70,70,70,70,70,70,70,70,70,70,70,70,70,70,70,73,73,73,81,85,85,85,85,85,88,88,88,88,81,83,83,83,83,90,90,90,90,92,92,94,94,98,98,98,98,103,165],"relic_stats":{"Nunchaku":[1],"Happy Flower":[38],"Gremlin Horn":[5,6],"Singing Bowl":4,"counters":[28,116],"Dead Branch":[115],"Blue Candle":[6],"Bag of Preparation":[12],"obtain_stats":[{"Gremlin Horn":40,"Singing Bowl":44,"ice":0,"Bag of Preparation":42,"Gensokyo:Justice":5,"Sling":53,"RedLine:ReiMu":17,"Nunchaku":53,"Chameleon Ring":23,"Iron Hammer":9,"Replay:Bottled Snecko":47,"Replay:Bottled Eggs":30,"TheEssenceOfRealm":4,"Gensokyo:SongOfSouls":31,"Happy Flower":0,"Dead Branch":14,"Blue Candle":22,"Boundary_crack":0,"Replay:Arrowhead":10,"Gensokyo:EmptyGrave":37,"Anchor":43,"Simple Rune":12,"Coffee Dripper":34,"ReplayTheSpireMod:TigerMarble":54,"Memoryfragments_purpleEX":0},{"Gremlin Horn":21,"Singing Bowl":23,"ice":0,"Bag of Preparation":22,"Gensokyo:Justice":3,"Sling":26,"RedLine:ReiMu":9,"Nunchaku":26,"Chameleon Ring":13,"Iron Hammer":4,"Replay:Bottled Snecko":24,"Replay:Bottled Eggs":16,"TheEssenceOfRealm":3,"Gensokyo:SongOfSouls":16,"Happy Flower":0,"Dead Branch":8,"Blue Candle":12,"Boundary_crack":0,"Replay:Arrowhead":5,"Gensokyo:EmptyGrave":19,"Anchor":22,"Simple Rune":7,"Coffee Dripper":17,"ReplayTheSpireMod:TigerMarble":27,"Memoryfragments_purpleEX":0},{"Gremlin Horn":91,"Singing Bowl":97,"ice":0,"Bag of Preparation":94,"Gensokyo:Justice":13,"Sling":107,"RedLine:ReiMu":46,"Nunchaku":107,"Chameleon Ring":63,"Iron Hammer":16,"Replay:Bottled Snecko":99,"Replay:Bottled Eggs":76,"TheEssenceOfRealm":13,"Gensokyo:SongOfSouls":76,"Happy Flower":0,"Dead Branch":38,"Blue Candle":57,"Boundary_crack":0,"Replay:Arrowhead":20,"Gensokyo:EmptyGrave":84,"Anchor":94,"Simple Rune":35,"Coffee Dripper":81,"ReplayTheSpireMod:TigerMarble":110,"Memoryfragments_purpleEX":0}]},"card_choices":[{"not_picked":["RuleDissolution_purple","StateErode_purple"],"picked":"ExternalForce_HighSpeedFlying_purple","floor":1},{"not_picked":["RealityDreamConfluencek_purple","DimensionStaggered_purple"],"picked":"Yakumo_Ran_purple","floor":2},{"not_picked":["StateErode_purple","SfantasyHide_purple"],"picked":"Anti_communist_purple","floor":3},{"not_picked":["RuleDissolution_purple","Realm_recovery_purpleEX"],"picked":"Worldmountain_purple","floor":7},{"not_picked":["DimensionStaggered_purple","MeetDecomposer_purple"],"picked":"Mirror_TwoAndThreeElementRealm_purple","floor":10},{"not_picked":["Realm_recovery_purpleEX","AdvanceAttack_purple"],"picked":"Boundary_of_Extermination_purpleEX","floor":11},{"not_picked":["SharpContractionReality_purple","RealityDreamConfluencek_purple"],"picked":"MonsterNeedle_purple","floor":12},{"not_picked":["ExistenceContinue_purple","RuptureOfTimeAndSpace_purple"],"picked":"ButterflyHabitatTemple_purple","floor":13},{"not_picked":["Fancifulhole_purple","Computing_the_future_purpleEX"],"picked":"UniverseChoice_purple","floor":16},{"not_picked":["StateDuplicate_purple","Worldmountain_purple"],"picked":"Bait_HighSpeedFlying_purple","floor":18},{"not_picked":["DimensionStaggered_purple","Mirror_FormAndEmptin_purple"],"picked":"Umbrella_purple+1","floor":19},{"not_picked":["Umbrella_purple","Worldmountain_purple"],"picked":"Fantasy_PerpetualMotionMachine_purple+1","floor":21},{"not_picked":["OmniscientAndOmnipotent_Monster_purple+1","Boundary_of_Extermination_purpleEX"],"picked":"OpenedBox_purple","floor":22},{"not_picked":["Boundary_LightAndDark_purple","Fantasy_PerpetualMotionMachine_purple+1"],"picked":"WangLiang_OokamiKakushi_purple","floor":23},{"not_picked":["Charmbait_purple","StretchesForeverDream_purple"],"picked":"Realm_recovery_purpleEX+1","floor":24},{"not_picked":["SfantasyHide_purple","OmniscientAndOmnipotent_Monster_purple"],"picked":"Shallow_ocean_purpleEX","floor":27},{"not_picked":["Umbrella_purple+1","Anti_communist_purple"],"picked":"Boundary_of_Extermination_purpleEX+1","floor":28},{"not_picked":["Price_of_realm_purpleEX","Human_Monster_Realm_purple"],"picked":"Know_ledgeAbilityRealm_purple","floor":33},{"not_picked":["Mirror_FormAndEmptin_purple+1","SfantasyHide_purple+1"],"picked":"Fantasy_PerpetualMotionMachine_purple","floor":35},{"not_picked":["OmniscientAndOmnipotent_Monster_purple","AdvanceAttack_purple+1"],"picked":"Boundary_of_Extermination_purpleEX+1","floor":36},{"not_picked":["SharpContractionReality_purple+1","AdvanceAttack_purple+1"],"picked":"Nest_LightFlightworm_purple+1","floor":38},{"not_picked":["Line_surface_state_purple","OmniscientAndOmnipotent_Monster_purple+1"],"picked":"LoveAcrossDimensions_purple","floor":40},{"not_picked":["AdvanceAttack_purple+1","ExistenceContinue_purple+1"],"picked":"Realm_recovery_purpleEX","floor":42},{"not_picked":["MNeedle_purple+1","SharpContractionReality_purple+1"],"picked":"EighthInstrument_OneDividesIntoTwo_purple+1","floor":44},{"not_picked":["Mirror_FormAndEmptin_purple","OmniscientAndOmnipotent_Monster_purple","StateDuplicate_purple"],"picked":"Singing Bowl","floor":46},{"not_picked":["StateDuplicate_purple+1","OpenedBox_purple+1","Umbrella_purple+1"],"picked":"Singing Bowl","floor":48},{"not_picked":["SfantasyHide_purple+1","DimensionStaggered_purple+1"],"picked":"BarrageBoundary_PipeDream_purple","floor":54}],"player_experience":729177,"relics_obtained":[{"floor":9,"key":"Iron Hammer"},{"floor":10,"key":"Replay:Arrowhead"},{"floor":12,"key":"Simple Rune"},{"floor":22,"key":"Blue Candle"},{"floor":23,"key":"Chameleon Ring"},{"floor":40,"key":"Gremlin Horn"},{"floor":42,"key":"Bag of Preparation"},{"floor":43,"key":"Anchor"},{"floor":44,"key":"Singing Bowl"},{"floor":47,"key":"Replay:Bottled Snecko"},{"floor":54,"key":"ReplayTheSpireMod:TigerMarble"}],"event_choices":[],"is_beta":false,"boss_relics":[{"not_picked":["Cursed Key","ReplayTheSpireMod:DimensionalGlitch"],"picked":"RedLine:ReiMu"},{"not_picked":["Abe\u0027s Treasure","Hololive_ChaosS"],"picked":"Coffee Dripper"}],"items_purged_floors":[],"is_endless":false,"potions_floor_spawned":[1,2,7,12,18,24,27,28,36,40,46],"ascension_level":1}}