{"host":"3y2rtlgteqp2nuo3","time":1610191137,"event":{"mods":["2.2 Compatiblity","AchievementEnabler","BaseMod","Colored Map","DeckTracker","Highlight Path","Keyboard Shortcuts","Minty Spire (QoL Compilation)","Permanent Neow","Quick Restart","StSLib","SuperFastMode","everything is the same but u backflip on backflip"],"gold_per_floor":[115,390,1,38,71,119,119,173,173,28,44,120,120,20,20,164,164,183,232,245,245,245,245,319,387,387,457,457,472,472,513,513,513,513],"floor_reached":33,"playtime":666,"items_purged":["Regret","Injury"],"score":510,"play_id":"72ac232e-b522-41d6-8be0-d257cf820366","local_time":"20210109201857","is_ascension_mode":true,"campfire_choices":[{"data":"HandOfGreed","floor":7.0,"key":"SMITH"},{"floor":15.0,"key":"REST"},{"data":"Reboot","floor":23,"key":"SMITH"},{"floor":28,"key":"REST"},{"data":"Beam Cell","floor":30,"key":"SMITH"},{"data":"Tempest","floor":32,"key":"SMITH"}],"circlet_count":0,"master_deck":["AscendersBane","Defend_B","Defend_B","Defend_B","Defend_B","Zap","Dualcast","Tempest+1","HandOfGreed+1","Ball Lightning","Rebound","Reboot+1","Beam Cell+1","Leap","Machine Learning","Sunder+1","Steam+1","Compile Driver+1","Turbo","HandOfGreed+1","Steam+1","Turbo","Recycle"],"relics":["Cracked Core","Strawberry","Bag of Marbles","Pantograph","Vajra","Medical Kit","Golden Idol","Astrolabe","Ancient Tea Set","Art of War"],"acts_visited":["Exordium","TheCity"],"potions_floor_usage":[25],"damage_taken":[{"damage":2.0,"enemies":"Jaw Worm","floor":1.0,"turns":4.0},{"damage":6.0,"enemies":"Cultist","floor":4.0,"turns":3.0},{"damage":0.0,"enemies":"Small Slimes","floor":5.0,"turns":2.0},{"damage":31.0,"enemies":"Gremlin Nob","floor":6.0,"turns":4.0},{"damage":20.0,"enemies":"3 Sentries","floor":8.0,"turns":4.0},{"damage":8.0,"enemies":"Blue Slaver","floor":11.0,"turns":2.0},{"damage":47.0,"enemies":"Slime Boss","floor":16.0,"turns":9.0},{"damage":3.0,"enemies":"Spheric Guardian","floor":18.0,"turns":3.0},{"damage":14,"enemies":"2 Thieves","floor":19,"turns":3},{"damage":24,"enemies":"Chosen and Byrds","floor":20,"turns":6},{"damage":2,"enemies":"3 Cultists","floor":24,"turns":4},{"damage":5,"enemies":"Gremlin Leader","floor":25,"turns":3},{"damage":15,"enemies":"Centurion and Healer","floor":27,"turns":4},{"damage":11,"enemies":"Snake Plant","floor":29,"turns":2},{"damage":17,"enemies":"Shelled Parasite and Fungi","floor":31,"turns":8},{"damage":35,"enemies":"Collector","floor":33,"turns":2}],"seed_played":"5502839545643508681","potions_obtained":[{"floor":4.0,"key":"FocusPotion"},{"floor":8.0,"key":"SpeedPotion"},{"floor":20,"key":"AttackPotion"},{"floor":25,"key":"AttackPotion"},{"floor":27,"key":"GamblersBrew"}],"is_trial":false,"path_per_floor":["M","?","$","M","M","E","R","E","T","$","M","?","?","$","R","B",null,"M","M","M","?","?","R","M","E","T","M","R","M","R","M","R","B"],"character_chosen":"DEFECT","items_purchased":["HandOfGreed","Strawberry","Medical Kit"],"campfire_rested":2,"item_purchase_floors":[3,3,10],"current_hp_per_floor":[62,62,69,63,63,32,32,12,12,12,4,4,4,4,27,5,60,57,43,19,35,35,35,33,28,28,13,36,25,25,8,8,0,0],"gold":513,"neow_bonus":"REMOVE_CARD","is_daily":false,"chose_seed":false,"campfire_upgraded":4,"win_rate":0.0,"timestamp":1610191137,"path_taken":["M","?","$","M","M","E","R","E","T","$","?","?","?","$","R","BOSS","M","M","M","?","?","R","?","E","T","M","R","M","R","M","R","BOSS"],"items_purchased_type":["Card","Relic","Relic"],"build_version":"2020-12-22","purchased_purges":2,"victory":false,"max_hp_per_floor":[71,71,78,78,78,78,78,78,78,78,78,78,78,78,78,78,78,78,78,78,78,78,78,78,78,78,78,78,78,78,78,78,78,78],"card_choices":[{"not_picked":["Turbo","Rebound"],"picked":"Tempest","floor":1.0},{"not_picked":["Sweeping Beam","Auto Shields"],"picked":"Ball Lightning","floor":4.0},{"not_picked":["Redo","Leap"],"picked":"Rebound","floor":5.0},{"not_picked":["Cold Snap","Sweeping Beam"],"picked":"Reboot","floor":6.0},{"not_picked":["FTL","Conserve Battery"],"picked":"Beam Cell","floor":8.0},{"not_picked":["Stack","Barrage"],"picked":"Leap","floor":11.0},{"not_picked":["Hyperbeam","Fission"],"picked":"Machine Learning","floor":16.0},{"not_picked":["Beam Cell","Hologram","Conserve Battery"],"picked":"SKIP","floor":18.0},{"not_picked":["Tempest","Conserve Battery"],"picked":"Turbo","floor":19},{"not_picked":["Hologram","Barrage","Cold Snap"],"picked":"SKIP","floor":20},{"not_picked":["All For One","Sweeping Beam","Hologram"],"picked":"SKIP","floor":24},{"not_picked":["Gash","Sweeping Beam"],"picked":"Steam+1","floor":25},{"not_picked":["Tempest","Lockon","Redo"],"picked":"SKIP","floor":27},{"not_picked":["Fusion","Beam Cell"],"picked":"Turbo","floor":29},{"not_picked":["Doom and Gloom","Reprogram+1"],"picked":"Recycle","floor":31}],"player_experience":649137,"relics_obtained":[{"floor":6.0,"key":"Bag of Marbles"},{"floor":8.0,"key":"Pantograph"},{"floor":9.0,"key":"Vajra"},{"floor":25,"key":"Ancient Tea Set"},{"floor":26,"key":"Art of War"}],"event_choices":[{"damage_healed":0.0,"max_hp_gain":0.0,"max_hp_loss":0.0,"gold_gain":275.0,"event_name":"Golden Shrine","player_choice":"Desecrate","floor":2.0,"gold_loss":0.0,"damage_taken":0.0,"cards_obtained":["Regret"]},{"damage_healed":0.0,"max_hp_gain":0.0,"max_hp_loss":0.0,"gold_gain":76.0,"event_name":"Golden Wing","player_choice":"Gained Gold","floor":12.0,"gold_loss":0.0,"damage_taken":0.0},{"damage_healed":0.0,"max_hp_gain":0.0,"max_hp_loss":0.0,"gold_gain":0.0,"event_name":"Golden Idol","player_choice":"Take Wound","floor":13.0,"gold_loss":0.0,"damage_taken":0.0,"relics_obtained":["Golden Idol"],"cards_obtained":["Injury"]},{"damage_healed":16,"gold_gain":0,"player_choice":"Heal","damage_taken":0,"max_hp_gain":0,"max_hp_loss":0,"event_name":"The Library","floor":21,"gold_loss":0},{"damage_healed":0,"gold_gain":0,"player_choice":"Copied","damage_taken":0,"max_hp_gain":0,"max_hp_loss":0,"event_name":"Duplicator","floor":22,"gold_loss":0,"cards_obtained":["HandOfGreed"]}],"is_beta":false,"boss_relics":[{"not_picked":["Runic Pyramid","Velvet Choker"],"picked":"Astrolabe"}],"items_purged_floors":[3,14],"is_endless":false,"potions_floor_spawned":[4,8,20,25,27],"killed_by":"Collector","ascension_level":15}}