{"host":"dz7m90j62wguk81x","time":1610218656,"event":{"mods":["BaseMod","Colored Powertips","Downfall","Hermit","Minty Spire (QoL Compilation)","Replay The Spire","StSLib","The Bladedancer","The Cursed","The Runesmith","The Servant 0.9.4","vexMod"],"gold_per_floor":[114,125,141,159,159,159,3,17,17,17,17,17,17,17,17,112,112,124,136,146,162,15,15,34,34,83,83,100,100,134,147,147,242,242,254,121,133,152,25,25,60,60,60,60,60,79,127,155,155,155],"floor_reached":51,"playtime":6191,"items_purged":["Defend_S","Strike_S"],"score":767,"play_id":"50a67b80-18a9-4ff9-8677-afdf6765bb84","local_time":"20210110025736","is_ascension_mode":false,"campfire_choices":[{"data":"Revamp","floor":6.0,"key":"SMITH"},{"data":"KidneyShot","floor":10.0,"key":"SMITH"},{"data":"Inflame","floor":13.0,"key":"SMITH"},{"floor":15.0,"key":"DIG"},{"data":"TheWorld","floor":23.0,"key":"SMITH"},{"data":"Demon Form","floor":27.0,"key":"SMITH"},{"data":"SurpressingFire","floor":29.0,"key":"SMITH"},{"data":"Luminosity","floor":40.0,"key":"SMITH"},{"data":"Sunlight","floor":42.0,"key":"SMITH"},{"data":"Advance","floor":45.0,"key":"SMITH"},{"data":"MurderousAura","floor":49,"key":"SMITH"}],"circlet_count":0,"master_deck":["Strike_S","Defend_S","KidneyShot+1","Exchange","Contraction","Desolation","Desolation","Revamp+1","Defy","Inflame+1","TheWorld+1","Defy+1","FastForward+1","Flex+1","Potential","ShatteredReality+1","Spin","InstantArmor+1","Collapse+1","Demon Form+1","SurpressingFire+1","FloweringNight+1","Heavy Blade+1","RitualDagger","Dilation+1","BestPractice+1","MoonPhase+1","Advance+1","Luminosity+1","Sunlight+1","MoonPhase+1","MurderousAura+1"],"relics":["Anchor","Garlic","m_ScarletBlood","Astrolabe","Membership Card","Lantern","Replay:Bottled Steam","Black Star","vexMod:PaidLearning","Guide Book","Replay:Mystery Machine","Blood Vial","Mercury Hourglass","TungstenRod","Whetstone","ReplayTheSpireMod:Shallot"],"acts_visited":["Exordium","TheCity","TheBeyond"],"potions_floor_usage":[47,50],"damage_taken":[{"damage":4.0,"enemies":"2 Louse","floor":1.0,"turns":3.0},{"damage":0.0,"enemies":"Cultist","floor":2.0,"turns":5.0},{"damage":0.0,"enemies":"Small Slimes","floor":3.0,"turns":3.0},{"damage":3.0,"enemies":"Blue Slaver","floor":4.0,"turns":6.0},{"damage":0.0,"enemies":"Looter","floor":8.0,"turns":3.0},{"damage":43.0,"enemies":"Fading Forest","floor":16.0,"turns":11.0},{"damage":0.0,"enemies":"Spheric Guardian","floor":18.0,"turns":6.0},{"damage":0.0,"enemies":"2 Thieves","floor":19.0,"turns":4.0},{"damage":0.0,"enemies":"Snake Plant","floor":20.0,"turns":3.0},{"damage":0.0,"enemies":"Centurion and Healer","floor":21.0,"turns":7.0},{"damage":0.0,"enemies":"3 Cultists","floor":24.0,"turns":2.0},{"damage":0.0,"enemies":"Shelled Parasite and Fungi","floor":28.0,"turns":4.0},{"damage":0.0,"enemies":"Slavers","floor":30.0,"turns":1.0},{"damage":5.0,"enemies":"Snecko","floor":31.0,"turns":6.0},{"damage":23.0,"enemies":"Automaton","floor":33.0,"turns":8.0},{"damage":0.0,"enemies":"3 Shapes","floor":35.0,"turns":7.0},{"damage":14.0,"enemies":"Orb Walker","floor":37.0,"turns":4.0},{"damage":5.0,"enemies":"3 Darklings","floor":38.0,"turns":4.0},{"damage":0.0,"enemies":"Reptomancer","floor":41.0,"turns":6.0},{"damage":0.0,"enemies":"4 Shapes","floor":46.0,"turns":2.0},{"damage":0,"enemies":"2 Orb Walkers","floor":47,"turns":3},{"damage":0,"enemies":"Giant Head","floor":48,"turns":8},{"damage":35,"enemies":"Donu and Deca","floor":50,"turns":10}],"seed_played":"-5777754438892566589","potions_obtained":[{"floor":2.0,"key":"SteroidPotion"},{"floor":3.0,"key":"Fire Potion"},{"floor":4.0,"key":"EssenceOfSteel"},{"floor":18.0,"key":"Cursed Concoction"},{"floor":24.0,"key":"Fire Potion"},{"floor":28.0,"key":"FearPotion"},{"floor":31.0,"key":"LifebloodPotion"},{"floor":37.0,"key":"Adrenaline Potion"},{"floor":41.0,"key":"FearPotion"},{"floor":47,"key":"Fire Potion"},{"floor":48,"key":"LiquidMemories"}],"is_trial":false,"path_per_floor":["M","M","M","M","?","R","$","M","T","R","?","?","R","$","R","B",null,"M","M","M","M","$","R","M","?","T","R","M","R","E","M","R","B",null,"M","$","M","M","$","R","E","R","T","$","R","M","?","E","R","B",null],"character_chosen":"THE_SERVANT","items_purchased":["Anchor","Membership Card","MoonPhase","vexMod:PaidLearning","Guide Book"],"campfire_rested":0,"item_purchase_floors":[7,22,36,36,39],"current_hp_per_floor":[67,67,67,64,57,57,57,57,57,57,57,57,57,57,63,30,77,77,77,77,77,77,77,77,77,77,77,77,77,77,72,66,43,77,77,77,63,58,58,58,58,58,58,58,58,60,62,64,64,31],"gold":155,"neow_bonus":"TEN_PERCENT_HP_BONUS","is_daily":false,"chose_seed":false,"campfire_upgraded":10,"win_rate":0.0,"timestamp":1610218656,"path_taken":["M","M","M","M","?","R","?","M","T","R","?","?","R","$","R","BOSS","M","M","M","M","$","R","M","?","T","R","M","R","E","M","R","BOSS","M","$","M","M","$","R","E","R","T","$","R","M","?","E","R","BOSS"],"items_purchased_type":["Relic","Relic","Card","Relic","Relic"],"build_version":"2020-12-22","purchased_purges":2,"victory":true,"max_hp_per_floor":[71,71,71,71,71,71,71,71,71,71,71,71,71,71,77,77,77,77,77,77,77,77,77,77,77,77,77,77,77,77,77,77,77,77,77,77,77,77,77,77,77,77,77,77,77,77,77,77,77,77],"card_choices":[{"not_picked":["Unruled","Reset"],"picked":"Contraction","floor":1.0},{"not_picked":["Replace","Advance"],"picked":"Desolation","floor":2.0},{"not_picked":["Rewind","Shuttle"],"picked":"Desolation","floor":3.0},{"not_picked":["Contraction","FanOfKnives"],"picked":"Revamp","floor":4.0},{"not_picked":["Unruled","Advance"],"picked":"Defy","floor":8.0},{"not_picked":["Initiator","FloweringNight"],"picked":"TheWorld","floor":16.0},{"not_picked":["Ricochet","Revamp"],"picked":"Potential","floor":18.0},{"not_picked":["Unruled+1","Rewind"],"picked":"ShatteredReality","floor":19.0},{"not_picked":["Rearm","ShatteredReality"],"picked":"Spin","floor":20.0},{"not_picked":["StarChef","Heavy Blade"],"picked":"InstantArmor+1","floor":21.0},{"not_picked":["Replace","Advance"],"picked":"Collapse","floor":24.0},{"not_picked":["Starlight","Hightail"],"picked":"SurpressingFire","floor":28.0},{"not_picked":["Alleviate+1","Rewind"],"picked":"FloweringNight","floor":30.0},{"not_picked":["ShatteredReality+1","TimeWarp"],"picked":"Heavy Blade+1","floor":31.0},{"not_picked":["Solidify","Double Tap"],"picked":"Dilation","floor":33.0},{"not_picked":["Foresight+1","BottledTime+1"],"picked":"BestPractice","floor":35.0},{"not_picked":["Flex+1","Starlight"],"picked":"Advance","floor":37.0},{"not_picked":["Desolation+1","Barrier+1"],"picked":"Luminosity","floor":38.0},{"not_picked":["Rewind+1","Flex+1"],"picked":"Sunlight","floor":41.0},{"not_picked":["Starlight","Unruled"],"picked":"MoonPhase+1","floor":46.0},{"not_picked":["Heavy Blade","InstantArmor"],"picked":"MurderousAura","floor":47},{"not_picked":["ReturningBlade","Replace+1","Revamp"],"picked":"SKIP","floor":48}],"player_experience":364522,"relics_obtained":[{"floor":9.0,"key":"Garlic"},{"floor":15.0,"key":"vexMod:BerryBomb"},{"floor":26.0,"key":"Lantern"},{"floor":30.0,"key":"Replay:Bottled Steam"},{"floor":41.0,"key":"Replay:Mystery Machine"},{"floor":41.0,"key":"Blood Vial"},{"floor":43.0,"key":"Mercury Hourglass"},{"floor":47,"key":"TungstenRod"},{"floor":48,"key":"Whetstone"},{"floor":48,"key":"ReplayTheSpireMod:Shallot"}],"event_choices":[{"damage_healed":0.0,"max_hp_gain":0.0,"max_hp_loss":0.0,"gold_gain":0.0,"event_name":"Wheel of Change","player_choice":"Damaged","floor":5.0,"gold_loss":0.0,"damage_taken":7.0},{"damage_healed":0.0,"max_hp_gain":0.0,"max_hp_loss":0.0,"gold_gain":0.0,"event_name":"The Library","player_choice":"Read","floor":25.0,"gold_loss":0.0,"damage_taken":0.0,"cards_obtained":["Demon Form"]},{"damage_healed":0.0,"max_hp_gain":0.0,"max_hp_loss":0.0,"gold_gain":0.0,"event_name":"Nest","player_choice":"Joined the Cult","floor":32.0,"gold_loss":0.0,"damage_taken":6.0,"cards_obtained":["RitualDagger"]},{"damage_healed":0,"gold_gain":0,"player_choice":"Fight","damage_taken":0,"max_hp_gain":0,"max_hp_loss":0,"event_name":"Mysterious Sphere","floor":47,"gold_loss":0}],"is_beta":false,"boss_relics":[{"not_picked":["Fusion Hammer","Painkiller Herb"],"picked":"Astrolabe"},{"not_picked":["Kintsugi","SacredBark"],"picked":"Black Star"}],"items_purged_floors":[36,39],"is_endless":false,"potions_floor_spawned":[2,3,4,18,24,28,31,33,37,41,47,48],"ascension_level":0}}