{"host":"ve5hox67eka4rdnb","time":1610198125,"event":{"mods":["ATMod(∞¢Ë™Mod)","Act Like it!","BaseMod","Downfall","Gensokyo","Hermit","Lobotomy","Marisa£®ÏF”Í°°ƒß¿Ì…≥£©","Minty Spire (QoL Compilation)","Remilia£®¿Ÿ√◊¿Ú—«£©","Replay The Spire","StSLib","The Cursed","The Servant 0.9.4"],"gold_per_floor":[115,115,127,52,66,66,100,100,123,123,136,136,136,136,156,174,194,194,194,194],"floor_reached":19,"playtime":722,"items_purged":["Defend_R"],"score":119,"play_id":"229da196-cbeb-454b-8b6c-8e16c2759987","local_time":"20210109211525","is_ascension_mode":false,"campfire_choices":[{"data":"AT_EmpoweredMortalDraw","floor":6.0,"key":"SMITH"},{"floor":8.0,"key":"RECALL"},{"data":"Strike_R","floor":18,"key":"PURGE"}],"circlet_count":0,"master_deck":["Strike_R","Strike_R","Strike_R","Strike_R","Defend_R","Defend_R","Defend_R","Bash","AT_EmpoweredMortalDraw+1","MHz","Wild Strike","Bloodbath","Reckless Charge","OldLady","Infernal Blade","DespairKnight","ReplayTheSpireMod:Strike From Hell","Variant"],"relics":["Burning Blood","AT_ATBox","CogitoBucket","ReplayTheSpireMod:TigerMarble","Gremlin Food"],"acts_visited":["Exordium"],"potions_floor_usage":[19,19],"damage_taken":[{"damage":5.0,"enemies":"Small Slimes","floor":1.0,"turns":3.0},{"damage":1.0,"enemies":"Cultist","floor":3.0,"turns":3.0},{"damage":6.0,"enemies":"2 Louse","floor":5.0,"turns":2.0},{"damage":18.0,"enemies":"Gremlin Nob","floor":7.0,"turns":3.0},{"damage":10.0,"enemies":"Looter","floor":11.0,"turns":2.0},{"damage":0,"enemies":"Lots of Slimes","floor":15,"turns":1},{"damage":0,"enemies":"3 Louse","floor":16,"turns":1},{"damage":0,"enemies":"2 Fungi Beasts","floor":17,"turns":1},{"damage":76,"enemies":"Hexaghost","floor":19,"turns":9}],"seed_played":"-8821305045736201423","potions_obtained":[{"floor":2.0,"key":"SneckoOil"},{"floor":2.0,"key":"DistilledChaos"},{"floor":2.0,"key":"DuplicationPotion"},{"floor":3.0,"key":"Weak Potion"},{"floor":16,"key":"champ:CounterPotion"},{"floor":17,"key":"Fire Potion"}],"is_trial":false,"path_per_floor":["M","?","M","$","M","R","E","R","T","?","M","PTL","PTL","PTL","M","M","M","R","B"],"character_chosen":"IRONCLAD","items_purchased":[],"campfire_rested":0,"item_purchase_floors":[],"current_hp_per_floor":[80,80,80,80,80,80,68,68,68,68,64,64,64,64,70,76,80,80,4,4],"gold":194,"neow_bonus":"","is_daily":false,"chose_seed":false,"campfire_upgraded":1,"win_rate":0.0,"timestamp":1610198125,"path_taken":["M","?","?","?","M","R","E","R","T","?","M","PTL","PTL","PTL","M","M","M","R","BOSS"],"items_purchased_type":[],"build_version":"2020-12-22","purchased_purges":1,"victory":false,"max_hp_per_floor":[80,80,80,80,80,80,80,80,80,80,80,80,80,80,80,80,80,80,80,80],"card_choices":[{"not_picked":["MeatLantern","Murderer"],"picked":"MHz","floor":1.0},{"not_picked":["Iron Wave","Defy Death"],"picked":"Wild Strike","floor":1.0},{"not_picked":["WallGazer","UniverseFragment"],"picked":"Bloodbath","floor":3.0},{"not_picked":["Whirlwind","Uppercut"],"picked":"Reckless Charge","floor":3.0},{"not_picked":["OSAHOGD","VoidDream"],"picked":"OldLady","floor":5.0},{"not_picked":["Dark Embrace","Demon Form"],"picked":"Infernal Blade","floor":5.0},{"not_picked":["AT_IchimonjiDouble","Heavy Blade","Combust"],"picked":"SKIP","floor":7.0},{"not_picked":["Mercenary","BigBird"],"picked":"DespairKnight","floor":11.0},{"not_picked":["AT_Dispersion","Body Slam"],"picked":"ReplayTheSpireMod:Strike From Hell","floor":11.0},{"not_picked":["Body Slam","Shrug It Off","Rage"],"picked":"SKIP","floor":15},{"not_picked":["Heavy Blade","Iron Wave","Sword Boomerang"],"picked":"SKIP","floor":16},{"not_picked":["UniverseFragment","BeautyBeast"],"picked":"Variant","floor":17},{"not_picked":["Anger","Armaments","Pommel Strike"],"picked":"SKIP","floor":17}],"player_experience":142468,"relics_obtained":[{"floor":7.0,"key":"ReplayTheSpireMod:TigerMarble"},{"floor":9.0,"key":"Gremlin Food"}],"event_choices":[{"damage_healed":0.0,"max_hp_gain":0.0,"max_hp_loss":0.0,"gold_gain":0.0,"event_name":"Lab","player_choice":"Got Potions","floor":2.0,"gold_loss":0.0,"damage_taken":0.0},{"damage_healed":0.0,"max_hp_gain":0.0,"max_hp_loss":0.0,"gold_gain":0.0,"event_name":"Liars Game","player_choice":"Ignored","floor":10.0,"gold_loss":0.0,"damage_taken":0.0}],"is_beta":false,"boss_relics":[],"items_purged_floors":[4],"is_endless":false,"potions_floor_spawned":[3,16,17],"killed_by":"Hexaghost","ascension_level":0}}