{"host":"4evnc443c98ww2zl","time":1610150830,"event":{"mods":["BaseMod","Better Third Choice","Hermit","Koishi","Luminous","Minty Spire (QoL Compilation)","Remilia??????","Robot Space Explorer","StSLib","The Administrix","The Bug Knight","The Cursed","TheSwordswoman"],"gold_per_floor":[118,118,132,150,177,202,202,229,253,288,288,351,383,54,54,229,229,263,263,288,306,332,357,357,422,490,515,546,30,91,96,96,271,271,283,41,41,56,66,128,128,154,233,263,263,154,182,213,213,213,213,213,69,132,132],"floor_reached":56,"playtime":5507,"items_purged":[],"score":1744,"play_id":"769a0b34-5ef1-4f8e-a765-490ff0d6745a","local_time":"20210108180710","daily_mods":["SealedDeck","Diverse","Colorless Cards","Heirloom","DeadlyEvents","Elite Swarm"],"is_ascension_mode":false,"campfire_choices":[{"floor":7,"key":"RECALL"},{"data":"BattleHymn","floor":11,"key":"SMITH"},{"data":"Chaos","floor":15,"key":"SMITH"},{"data":"AdministrixMod:AmassedMasks","floor":24,"key":"SMITH"},{"data":"Luminous:Shadow_Shell_Luminous","floor":32,"key":"SMITH"},{"data":"Creative AI","floor":45,"key":"SMITH"},{"data":"AdministrixMod:CenturiesAscent","floor":49,"key":"SMITH"},{"data":"Beam Cell","floor":52,"key":"SMITH"}],"circlet_count":0,"master_deck":["Leap","Sweeping Beam","Blur","Koishi:SubterraneanRose","RobotSpaceExplorer:Probe","Glacier","Beam Cell+1","hermit:Glare","RobotSpaceExplorer:MiniDrones+1","Luminous:Shadow_Shell_Luminous+1","Bloodletting+1","blazmod:BeTheBlade+1","blazmod:AlmightyPassage","hermit:DeadOrAlive","Master of Strategy","HollowMod:CycloneSlash","Chaos+1","AdministrixMod:AmassedMasks+1","Finesse+1","AdministrixMod:CenturiesAscent+1","RobotSpaceExplorer:GlueShot+1","PathToVictory","Koishi:RoseHell+1","TheCursedMod:Torture+1","Swift Strike+1","Juggernaut","Core Surge+1","FlyingSleeves+1","Enlightenment+1","FollowUp+1","HollowMod:LifebloodCocoon+1","Creative AI+1","Finesse+1","RobotSpaceExplorer:GlueShot+1","Echo Form","Seek+1","TheCursedMod:VoidForm"],"relics":["ScarletHat","Gungnir","Blood Vial","Happy Flower","InkBottle","Anchor","Toy Ornithopter","Molten Egg 2","Coffee Dripper","Whetstone","Toxic Egg 2","Matryoshka","Pantograph","CaptainsWheel","Ornamental Fan","Omamori","Smiling Mask","Black Star","Vajra","Kunai","Strawberry","Lizard Tail","Oddly Smooth Stone","War Paint","AntiCross","Bottled Lightning","FairyMaid","HollowMod:PaleOreRelic","Sundial","StrikeDummy","Question Card","Lee\u0027s Waffle","Gremlin Horn","Lantern"],"acts_visited":["Exordium","TheCity","TheBeyond","TheEnding"],"potions_floor_usage":[16,16,22,25,40,42,55,55,55],"damage_taken":[{"damage":0,"enemies":"Jaw Worm","floor":1,"turns":2},{"damage":0,"enemies":"Small Slimes","floor":3,"turns":2},{"damage":0,"enemies":"Cultist","floor":4,"turns":4},{"damage":3,"enemies":"Lagavulin","floor":6,"turns":5},{"damage":7,"enemies":"HollowMod:MossKnight","floor":8,"turns":3},{"damage":11,"enemies":"Gremlin Nob","floor":10,"turns":5},{"damage":0,"enemies":"3 Sentries","floor":12,"turns":4},{"damage":3,"enemies":"3 Louse","floor":13,"turns":2},{"damage":14,"enemies":"Hexaghost","floor":16,"turns":4},{"damage":3,"enemies":"Shell Parasite","floor":18,"turns":2},{"damage":3,"enemies":"Chosen","floor":20,"turns":3},{"damage":0,"enemies":"Sentry and Sphere","floor":21,"turns":3},{"damage":0,"enemies":"Cultist and Chosen","floor":22,"turns":4},{"damage":5,"enemies":"Gremlin Leader","floor":23,"turns":6},{"damage":7,"enemies":"Slavers","floor":25,"turns":2},{"damage":13,"enemies":"Book of Stabbing","floor":27,"turns":4},{"damage":3,"enemies":"HollowMod:Nosk","floor":28,"turns":6},{"damage":3,"enemies":"Gremlin Leader","floor":30,"turns":2},{"damage":0,"enemies":"Snecko","floor":31,"turns":3},{"damage":3,"enemies":"Champ","floor":33,"turns":8},{"damage":0,"enemies":"Orb Walker","floor":35,"turns":2},{"damage":13,"enemies":"3 Darklings","floor":38,"turns":4},{"damage":3,"enemies":"Spire Growth","floor":39,"turns":4},{"damage":0,"enemies":"HollowMod:StalkingDevout","floor":40,"turns":3},{"damage":4,"enemies":"Giant Head","floor":42,"turns":7},{"damage":6,"enemies":"HollowMod:StalkingDevout","floor":44,"turns":4},{"damage":0,"enemies":"Nemesis","floor":47,"turns":5},{"damage":2,"enemies":"Reptomancer","floor":48,"turns":4},{"damage":36,"enemies":"Donu and Deca","floor":50,"turns":6},{"damage":3,"enemies":"Shield and Spear","floor":54,"turns":3},{"damage":53,"enemies":"The Heart","floor":55,"turns":6}],"seed_played":"2429144559856208190","potions_obtained":[{"floor":6,"key":"Strength Potion"},{"floor":8,"key":"Weak Potion"},{"floor":10,"key":"Weak Potion"},{"floor":12,"key":"ColorlessPotion"},{"floor":13,"key":"AttackPotion"},{"floor":21,"key":"Energy Potion"},{"floor":22,"key":"FearPotion"},{"floor":23,"key":"EssenceOfSteel"},{"floor":30,"key":"BlessingOfTheForge"},{"floor":42,"key":"Fruit Juice"},{"floor":47,"key":"Dexterity Potion"},{"floor":48,"key":"DuplicationPotion"}],"is_trial":true,"path_per_floor":["M","?","M","M","T","E","R","E","T","E","R","E","M","$","R","B",null,"M","?","M","M","M","E","R","E","T","E","E","$","E","M","R","B",null,"M","$","?","M","M","E","?","E","T","E","R","$","E","E","R","B",null,"R","$","E","B",null],"character_chosen":"REMILIA","items_purchased":["Molten Egg 2","Chaos","Ornamental Fan","Omamori","TheCursedMod:Torture+1","Swift Strike+1","Vajra","Enlightenment+1","Finesse+1","RobotSpaceExplorer:GlueShot+1","Lee\u0027s Waffle"],"campfire_rested":0,"item_purchase_floors":[14,14,29,29,29,29,36,36,46,46,53],"current_hp_per_floor":[75,75,75,75,75,72,72,67,67,58,58,60,59,59,59,57,75,72,72,71,73,75,70,70,68,68,57,56,56,66,68,68,72,75,75,75,75,62,61,75,75,83,83,79,79,79,87,85,85,51,87,87,94,94,46],"gold":132,"neow_bonus":"","is_daily":false,"chose_seed":false,"campfire_upgraded":7,"win_rate":0.0,"timestamp":1610150830,"path_taken":["M","?","M","M","?","E","R","E","T","E","R","E","M","$","R","BOSS","M","?","M","M","?","E","R","E","T","E","?","$","E","M","R","BOSS","M","$","?","M","M","E","?","E","T","E","R","?","E","?","R","BOSS","R","$","E","BOSS"],"items_purchased_type":["Relic","Card","Relic","Relic","Card","Card","Relic","Card","Card","Card","Relic"],"build_version":"2020-12-22","purchased_purges":0,"victory":true,"max_hp_per_floor":[75,75,75,75,75,75,75,75,75,75,75,75,75,75,75,75,75,75,75,75,75,75,75,75,75,75,75,75,75,75,75,75,75,75,75,75,75,75,75,82,82,87,87,87,87,87,87,87,87,87,87,87,94,94,94],"card_choices":[{"not_picked":["Koishi:Untouchable","HollowMod:RecoilStrike"],"picked":"Luminous:Shadow_Shell_Luminous","floor":1},{"not_picked":["TheCursedMod:CircleOfFlame","Endless Agony"],"picked":"Bloodletting","floor":3},{"not_picked":["TheCursedMod:CursedSpellbook","Nirvana"],"picked":"blazmod:BeTheBlade","floor":4},{"not_picked":["AdministrixMod:NewbornDivinity","blazmod:EightLifePilgrimage","blazmod:HoumatsuMugenKochouji"],"picked":"SKIP","floor":6},{"not_picked":["BloodRain","Demon Form"],"picked":"blazmod:AlmightyPassage","floor":8},{"not_picked":["TheCursedMod:VoidForm","Wish"],"picked":"hermit:DeadOrAlive","floor":10},{"not_picked":["Koishi:MentalBreakdown","Koishi:SuperEgo"],"picked":"Master of Strategy","floor":12},{"not_picked":["RobotSpaceExplorer:ScrapMissile","RobotSpaceExplorer:SurgingShield"],"picked":"HollowMod:CycloneSlash","floor":13},{"not_picked":["Luminous:Dark_Crescendo_Luminous","Luminous:Equalize_Luminous"],"picked":"AdministrixMod:AmassedMasks","floor":16},{"not_picked":["RobotSpaceExplorer:SwiftStep","AdministrixMod:SipOfSparks"],"picked":"Finesse","floor":18},{"not_picked":["TheCursedMod:VitalStrike+1","RobotSpaceExplorer:Reload"],"picked":"AdministrixMod:CenturiesAscent","floor":20},{"not_picked":["ForeignInfluence","Second Wind+1"],"picked":"RobotSpaceExplorer:GlueShot+1","floor":21},{"not_picked":["TheCursedMod:Wield+1","HollowMod:NewJinnsSoul"],"picked":"PathToVictory","floor":22},{"not_picked":["blazmod:MindAtPeace","blazmod:SeismicSlash+1","TheCursedMod:UltimatePain"],"picked":"SKIP","floor":23},{"not_picked":["blazmod:MindAtPeace+1","Luminous:Balance_Aether_Conduit+1"],"picked":"Koishi:RoseHell+1","floor":25},{"not_picked":["HollowMod:HornetsHelp+1","Koishi:ConditionedTeleport+1","Wish+1"],"picked":"SKIP","floor":27},{"not_picked":["blazmod:GlasswingWaltz+1","TheCursedMod:ForbiddenAlchemy+1","AdministrixMod:LuminaryPath+1"],"picked":"SKIP","floor":28},{"not_picked":["hermit:FatalDesire","Luminous:Freud_Wisdom1_Luminous+1"],"picked":"Juggernaut","floor":30},{"not_picked":["Static Discharge+1","Indignation+1","blazmod:FlawlessDraw+1"],"picked":"SKIP","floor":31},{"not_picked":["The Bomb+1","blazmod:GlasswingWaltz+1"],"picked":"Core Surge+1","floor":33},{"not_picked":["blazmod:ClearTheMind+1","Outmaneuver+1"],"picked":"FlyingSleeves+1","floor":35},{"not_picked":["RobotSpaceExplorer:Counterblock+1","HollowMod:TaintedHusks+1"],"picked":"FollowUp+1","floor":38},{"not_picked":["AdministrixMod:Transition+1","Koishi:RacingHeart+1"],"picked":"HollowMod:LifebloodCocoon+1","floor":39},{"not_picked":["BloodRain+1","hermit:FromBeyond+1","RobotSpaceExplorer:Scanner"],"picked":"SKIP","floor":40},{"not_picked":["TheCursedMod:CollectTribute","MasterReality","Biased Cognition"],"picked":"SKIP","floor":42},{"not_picked":["AdministrixMod:LifeforceNet+1","hermit:FromBeyond+1"],"picked":"Creative AI","floor":44},{"not_picked":["CeilingFear+1","LessonLearned+1"],"picked":"Echo Form","floor":47},{"not_picked":["RobotSpaceExplorer:Wormhole+1","AdministrixMod:Schism+1"],"picked":"Seek+1","floor":48},{"not_picked":["Brilliance+1","RobotSpaceExplorer:Multitool","Echo Form"],"picked":"TheCursedMod:VoidForm","floor":54}],"player_experience":1064135,"relics_obtained":[{"floor":5,"key":"Blood Vial"},{"floor":6,"key":"Happy Flower"},{"floor":8,"key":"InkBottle"},{"floor":10,"key":"Anchor"},{"floor":12,"key":"Toy Ornithopter"},{"floor":23,"key":"Whetstone"},{"floor":25,"key":"Toxic Egg 2"},{"floor":26,"key":"Matryoshka"},{"floor":27,"key":"Pantograph"},{"floor":28,"key":"CaptainsWheel"},{"floor":30,"key":"Smiling Mask"},{"floor":40,"key":"Kunai"},{"floor":40,"key":"Strawberry"},{"floor":42,"key":"Lizard Tail"},{"floor":42,"key":"Oddly Smooth Stone"},{"floor":43,"key":"War Paint"},{"floor":43,"key":"AntiCross"},{"floor":44,"key":"Bottled Lightning"},{"floor":44,"key":"FairyMaid"},{"floor":47,"key":"HollowMod:PaleOreRelic"},{"floor":47,"key":"Sundial"},{"floor":48,"key":"StrikeDummy"},{"floor":48,"key":"Question Card"},{"floor":54,"key":"Gremlin Horn"},{"floor":54,"key":"Lantern"}],"event_choices":[{"damage_healed":0,"gold_gain":0,"player_choice":"Ignored","damage_taken":0,"max_hp_gain":0,"max_hp_loss":0,"event_name":"Golden Wing","floor":2,"gold_loss":0},{"damage_healed":0,"gold_gain":0,"player_choice":"Ignored","damage_taken":0,"max_hp_gain":0,"max_hp_loss":0,"event_name":"Beggar","floor":19,"gold_loss":0},{"cards_removed":["BattleHymn"],"damage_healed":0,"gold_gain":0,"player_choice":"Removed Power","damage_taken":0,"max_hp_gain":0,"max_hp_loss":0,"event_name":"Falling","floor":37,"gold_loss":0}],"is_beta":false,"boss_relics":[{"not_picked":["Astrolabe","Sozu"],"picked":"Coffee Dripper"},{"not_picked":["Velvet Choker","Runic Dome"],"picked":"Black Star"}],"items_purged_floors":[],"is_endless":false,"potions_floor_spawned":[6,8,10,12,13,21,22,23,30,35,38,42,47,48],"ascension_level":0}}