{"host":"b995t17pt6d05w8c","time":1610195253,"event":{"mods":["AchievementEnabler","BaseMod","Colored Map","Minty Spire (QoL Compilation)","SuperFastMode"],"gold_per_floor":[113,113,60,73,73,101,112,132,132,132,148,160,185,198,198,303,303,320,102,27,45,45,45,76,88,88,100,110,210,221,81,81,184,184,198,198,213,213,226,255,255,285,285,312,312,312,324,355,355,355],"floor_reached":51,"playtime":2318,"items_purged":["Sever Soul+1","Bash"],"score":1479,"play_id":"eea32e91-925e-4c85-8dfd-0f3e29e126a9","local_time":"20210109212733","is_ascension_mode":true,"campfire_choices":[{"data":"Evolve","floor":15.0,"key":"SMITH"},{"data":"Feel No Pain","floor":23.0,"key":"SMITH"},{"data":"Dark Embrace","floor":32.0,"key":"SMITH"},{"data":"Demon Form","floor":41.0,"key":"SMITH"},{"data":"Inflame","floor":49,"key":"SMITH"}],"circlet_count":0,"master_deck":["Finesse+1","Flex+1","Headbutt+1","Burning Pact+1","Flame Barrier+1","Entrench+1","Evolve+1","Inflame+1","Demon Form+1","Reaper+1","Twin Strike+1","Wild Strike+1","Seeing Red+1","Pommel Strike+1","Feel No Pain+1","Body Slam+1","Offering+1","Finesse+1","Disarm+1","Shrug It Off+1","Ghostly Armor+1","Dark Embrace+1","Feed+1","Finesse+1","Finesse+1","Flash of Steel+1","Warcry+1","Madness+1","Madness+1","Power Through+1","Feed+1","True Grit+1"],"relics":["Burning Blood","Toxic Egg 2","Molten Egg 2","Mercury Hourglass","War Paint","Pandora\u0027s Box","Lantern","Bag of Preparation","PreservedInsect","FossilizedHelix","White Beast Statue","Cursed Key","Boot","Centennial Puzzle","Bottled Lightning","HornCleat"],"acts_visited":["Exordium","TheCity","TheBeyond"],"potions_floor_usage":[50,50],"damage_taken":[{"damage":0.0,"enemies":"Small Slimes","floor":1.0,"turns":3.0},{"damage":3.0,"enemies":"Cultist","floor":4.0,"turns":4.0},{"damage":28.0,"enemies":"3 Sentries","floor":6.0,"turns":10.0},{"damage":12.0,"enemies":"Jaw Worm","floor":7.0,"turns":2.0},{"damage":3.0,"enemies":"Blue Slaver","floor":8.0,"turns":4.0},{"damage":5.0,"enemies":"Gremlin Gang","floor":11.0,"turns":4.0},{"damage":0.0,"enemies":"Exordium Wildlife","floor":12.0,"turns":2.0},{"damage":32.0,"enemies":"Gremlin Nob","floor":13.0,"turns":4.0},{"damage":0.0,"enemies":"2 Fungi Beasts","floor":14.0,"turns":3.0},{"damage":3.0,"enemies":"The Guardian","floor":16.0,"turns":10.0},{"damage":22.0,"enemies":"2 Thieves","floor":18.0,"turns":3.0},{"damage":0.0,"enemies":"Chosen","floor":21.0,"turns":5.0},{"damage":6.0,"enemies":"Book of Stabbing","floor":24.0,"turns":3.0},{"damage":11.0,"enemies":"Shelled Parasite and Fungi","floor":25.0,"turns":4.0},{"damage":24.0,"enemies":"Centurion and Healer","floor":27.0,"turns":4.0},{"damage":0.0,"enemies":"Snake Plant","floor":28.0,"turns":4.0},{"damage":6.0,"enemies":"Colosseum Slavers","floor":29.0,"turns":2.0},{"damage":9.0,"enemies":"Colosseum Nobs","floor":29.0,"turns":4.0},{"damage":0.0,"enemies":"3 Cultists","floor":30.0,"turns":4.0},{"damage":10.0,"enemies":"Champ","floor":33.0,"turns":12.0},{"damage":0.0,"enemies":"3 Darklings","floor":35.0,"turns":5.0},{"damage":0.0,"enemies":"3 Shapes","floor":37.0,"turns":3.0},{"damage":11.0,"enemies":"Jaw Worm Horde","floor":39.0,"turns":4.0},{"damage":0.0,"enemies":"Reptomancer","floor":40.0,"turns":3.0},{"damage":0.0,"enemies":"Nemesis","floor":42.0,"turns":3.0},{"damage":0,"enemies":"Reptomancer","floor":44,"turns":3},{"damage":0,"enemies":"Spire Growth","floor":47,"turns":4},{"damage":0,"enemies":"Giant Head","floor":48,"turns":5},{"damage":0,"enemies":"Donu and Deca","floor":50,"turns":7}],"seed_played":"7847179710688474893","potions_obtained":[{"floor":1.0,"key":"SpeedPotion"},{"floor":10.0,"key":"CultistPotion"},{"floor":10.0,"key":"Block Potion"},{"floor":14.0,"key":"Regen Potion"},{"floor":18.0,"key":"Fire Potion"},{"floor":28.0,"key":"BloodPotion"},{"floor":40.0,"key":"Strength Potion"},{"floor":48,"key":"LiquidBronze"}],"is_trial":false,"path_per_floor":["M","?","$","M","?","E","M","M","T","?","M","M","E","M","R","B",null,"M","$","?","M","?","R","E","M","T","M","M","?","M","$","R","B",null,"M","?","M","?","M","E","R","E","T","E","?","?","M","E","R","B",null],"character_chosen":"IRONCLAD","items_purchased":["Armaments+1","Lantern","Dark Embrace"],"campfire_rested":0,"item_purchase_floors":[3,19,31],"current_hp_per_floor":[78,78,78,80,64,42,36,39,39,39,40,46,20,26,26,29,67,64,64,64,80,80,80,80,80,80,80,80,80,80,80,80,80,80,84,84,88,78,87,96,96,100,100,104,91,91,101,107,107,112],"gold":355,"neow_bonus":"RANDOM_COLORLESS","is_daily":false,"chose_seed":false,"campfire_upgraded":5,"win_rate":0.0,"timestamp":1610195253,"path_taken":["M","?","?","M","?","E","M","?","T","?","M","M","E","?","R","BOSS","M","$","?","M","?","R","E","M","T","?","M","?","M","?","R","BOSS","M","?","M","?","M","E","R","E","T","E","?","?","M","E","R","BOSS"],"items_purchased_type":["Card","Relic","Card"],"build_version":"2020-12-22","purchased_purges":2,"victory":true,"max_hp_per_floor":[80,80,80,80,80,80,80,80,80,80,80,80,80,80,80,80,80,80,80,80,80,80,80,80,80,80,80,80,80,80,80,80,80,80,84,84,88,88,92,96,96,100,100,104,104,104,108,108,108,112],"card_choices":[{"not_picked":["Deep Breath","Good Instincts"],"picked":"Finesse","floor":0.0},{"not_picked":["Headbutt","Searing Blow"],"picked":"Perfected Strike","floor":1.0},{"not_picked":["Dark Embrace","Body Slam"],"picked":"Flex+1","floor":4.0},{"not_picked":["Whirlwind+1","Armaments+1"],"picked":"Headbutt+1","floor":6.0},{"not_picked":["Heavy Blade+1","Anger+1"],"picked":"Burning Pact+1","floor":7.0},{"not_picked":["Havoc+1","Reckless Charge+1"],"picked":"Flame Barrier+1","floor":8.0},{"not_picked":["Spot Weakness+1","Metallicize","Burning Pact+1"],"picked":"SKIP","floor":11.0},{"not_picked":["Headbutt+1","Clash+1"],"picked":"Entrench+1","floor":12.0},{"not_picked":["Bloodletting+1","Armaments+1"],"picked":"Evolve","floor":13.0},{"not_picked":["Twin Strike+1","Intimidate+1"],"picked":"Inflame","floor":14.0},{"not_picked":["Feel No Pain+1","Blood for Blood+1","Clash+1"],"picked":"SKIP","floor":18.0},{"not_picked":["Clash+1","Evolve"],"picked":"Body Slam+1","floor":21.0},{"not_picked":["Double Tap+1","Twin Strike+1"],"picked":"Disarm+1","floor":24.0},{"not_picked":["Bloodletting+1","Armaments+1","Iron Wave+1"],"picked":"SKIP","floor":25.0},{"not_picked":["Anger+1","Thunderclap+1"],"picked":"Shrug It Off+1","floor":27.0},{"not_picked":["Body Slam+1","Sword Boomerang+1"],"picked":"Ghostly Armor+1","floor":28.0},{"not_picked":["Clash+1","Headbutt+1","Thunderclap+1"],"picked":"SKIP","floor":30.0},{"not_picked":["Bludgeon+1","Double Tap+1"],"picked":"Feed+1","floor":33.0},{"not_picked":["Iron Wave+1","Havoc+1","Heavy Blade+1"],"picked":"SKIP","floor":35.0},{"not_picked":["Pummel+1","Warcry+1","Whirlwind+1"],"picked":"SKIP","floor":37.0},{"not_picked":["Bandage Up+1","Trip+1"],"picked":"Finesse+1","floor":38.0},{"not_picked":["Good Instincts+1","Blind+1"],"picked":"Finesse+1","floor":38.0},{"not_picked":["Purity+1","Chrysalis+1"],"picked":"Flash of Steel+1","floor":38.0},{"not_picked":["Pummel+1","Sword Boomerang+1"],"picked":"Warcry+1","floor":39.0},{"not_picked":["Dark Embrace","Thunderclap+1","Body Slam+1"],"picked":"SKIP","floor":40.0},{"not_picked":["Sword Boomerang+1","Whirlwind+1","Sever Soul+1"],"picked":"SKIP","floor":42.0},{"not_picked":["Sentinel+1","Pommel Strike+1","Heavy Blade+1"],"picked":"SKIP","floor":44},{"not_picked":["Rage+1","Shockwave+1"],"picked":"True Grit+1","floor":47},{"not_picked":["Perfected Strike+1","Anger+1","Spot Weakness+1"],"picked":"SKIP","floor":48}],"player_experience":66869,"relics_obtained":[{"floor":6.0,"key":"Molten Egg 2"},{"floor":9.0,"key":"Mercury Hourglass"},{"floor":13.0,"key":"War Paint"},{"floor":24.0,"key":"Bag of Preparation"},{"floor":26.0,"key":"PreservedInsect"},{"floor":29.0,"key":"FossilizedHelix"},{"floor":29.0,"key":"White Beast Statue"},{"floor":40.0,"key":"Boot"},{"floor":42.0,"key":"Centennial Puzzle"},{"floor":44,"key":"Bottled Lightning"},{"floor":48,"key":"HornCleat"}],"event_choices":[{"cards_removed":["Perfected Strike"],"damage_healed":0.0,"max_hp_gain":0.0,"max_hp_loss":0.0,"gold_gain":0.0,"event_name":"WeMeetAgain","player_choice":"Gave Card","floor":2.0,"gold_loss":0.0,"damage_taken":0.0,"relics_obtained":["Toxic Egg 2"]},{"damage_healed":0.0,"max_hp_gain":0.0,"max_hp_loss":0.0,"gold_gain":0.0,"event_name":"Shining Light","player_choice":"Entered Light","floor":5.0,"gold_loss":0.0,"damage_taken":16.0,"cards_upgraded":["Defend_R","Strike_R"]},{"damage_healed":0.0,"max_hp_gain":0.0,"max_hp_loss":0.0,"gold_gain":0.0,"event_name":"Lab","player_choice":"Got Potions","floor":10.0,"gold_loss":0.0,"damage_taken":0.0},{"cards_removed":["Armaments"],"damage_healed":0.0,"max_hp_gain":0.0,"max_hp_loss":0.0,"gold_gain":0.0,"event_name":"Beggar","player_choice":"Gave Gold","floor":20.0,"gold_loss":75.0,"damage_taken":0.0},{"damage_healed":0.0,"max_hp_gain":0.0,"max_hp_loss":0.0,"gold_gain":0.0,"event_name":"Match and Keep!","player_choice":"2 cards matched","floor":22.0,"gold_loss":0.0,"damage_taken":0.0,"cards_obtained":["Offering","Finesse"]},{"damage_healed":0.0,"max_hp_gain":0.0,"max_hp_loss":0.0,"gold_gain":0.0,"event_name":"Colosseum","player_choice":"Fight","floor":29.0,"gold_loss":0.0,"damage_taken":0.0},{"damage_healed":0.0,"max_hp_gain":0.0,"max_hp_loss":0.0,"gold_gain":0.0,"event_name":"Colosseum","player_choice":"Fought Nobs","floor":29.0,"gold_loss":0.0,"damage_taken":0.0},{"cards_removed":["Entrench"],"damage_healed":0.0,"max_hp_gain":0.0,"max_hp_loss":0.0,"gold_gain":0.0,"event_name":"Falling","player_choice":"Removed Skill","floor":36.0,"gold_loss":0.0,"damage_taken":0.0},{"damage_healed":0.0,"max_hp_gain":0.0,"max_hp_loss":0.0,"gold_gain":0.0,"event_name":"SensoryStone","player_choice":"Memory 3","floor":38.0,"gold_loss":0.0,"damage_taken":10.0},{"damage_healed":0,"gold_gain":0,"player_choice":"Embrace Madness","damage_taken":13,"max_hp_gain":0,"max_hp_loss":0,"event_name":"Winding Halls","floor":45,"gold_loss":0,"cards_obtained":["Madness","Madness"]},{"damage_healed":0,"gold_gain":0,"player_choice":"2 cards matched","damage_taken":0,"max_hp_gain":0,"max_hp_loss":0,"event_name":"Match and Keep!","floor":46,"gold_loss":0,"cards_obtained":["Power Through","Feed"]}],"is_beta":false,"boss_relics":[{"not_picked":["Empty Cage","Black Blood"],"picked":"Pandora\u0027s Box"},{"not_picked":["Tiny House","SacredBark"],"picked":"Cursed Key"}],"items_purged_floors":[19,31],"is_endless":false,"potions_floor_spawned":[1,11,12,13,14,18,21,28,29,30,33,35,37,39,40,42,44,47,48],"ascension_level":8}}