{"host":"brd61wijv1cf72gn","time":1610205495,"event":{"mods":["Act Like it!","BaseMod","Conspire","Gensokyo","Marisa£®ÏF”Í°°ƒß¿Ì…≥£©","Minty Spire (QoL Compilation)","Replay The Spire","StSLib","The Bug Knight","The Cursed","The Runesmith","The Servant 0.9.4"],"gold_per_floor":[15,15,15,27,41,76,76,89,169,179,191,191,211,211,211,211,211],"floor_reached":16,"playtime":987,"items_purged":[],"score":104,"play_id":"66166b75-1c68-4a19-91e1-8ea2f6cc1da7","local_time":"20210109231815","is_ascension_mode":false,"campfire_choices":[{"data":"1","floor":7,"key":"LIFT"},{"floor":12,"key":"REST"},{"floor":15,"key":"REST"}],"circlet_count":0,"master_deck":["Strike_G","Strike_G","Strike_G","Strike_G","Strike_G","Defend_G","Defend_G","Defend_G","Defend_G","Defend_G","Survivor","Neutralize","Quick Slash","Footwork","Flying Knee","Riddle With Holes","Dagger Spray","Dagger Throw","Looming Evil"],"relics":["Ring of the Snake","Girya","Gensokyo:Mercy","Centennial Puzzle","Replay:Accelerometer","Ring of Fury","ReplayTheSpireMod:Ring of Collecting"],"acts_visited":["Exordium"],"potions_floor_usage":[10,11,13,16,16],"damage_taken":[{"damage":0,"enemies":"Gensokyo:2_Kodama","floor":1,"turns":4},{"damage":0,"enemies":"Gensokyo:Python","floor":4,"turns":4},{"damage":0,"enemies":"Gensokyo:3_Fairies","floor":5,"turns":4},{"damage":30,"enemies":"Gensokyo:Cirno","floor":6,"turns":6},{"damage":7,"enemies":"Gensokyo:Kitsune","floor":8,"turns":3},{"damage":6,"enemies":"Gensokyo:2_Rabbits","floor":10,"turns":5},{"damage":9,"enemies":"Gensokyo:3_Kodama","floor":11,"turns":5},{"damage":0,"enemies":"Gensokyo:VengefulSpirit","floor":13,"turns":4},{"damage":60,"enemies":"Gensokyo:Reimu","floor":16,"turns":9}],"seed_played":"8170505312558751789","potions_obtained":[{"floor":5,"key":"Poison Potion"},{"floor":6,"key":"SpeedPotion"},{"floor":8,"key":"Ancient Potion"},{"floor":10,"key":"LiquidMemories"},{"floor":11,"key":"Block Potion"}],"is_trial":false,"path_per_floor":["M","COS","?","M","M","E","R","M","T","M","M","R","M","?","R","B"],"character_chosen":"THE_SILENT","items_purchased":[],"campfire_rested":2,"item_purchase_floors":[],"current_hp_per_floor":[70,70,70,70,70,40,40,33,33,27,18,39,39,39,60,0,0],"gold":211,"neow_bonus":"ONE_RARE_RELIC","is_daily":false,"chose_seed":false,"campfire_upgraded":0,"win_rate":0.0,"timestamp":1610205495,"path_taken":["M","COS","?","M","M","E","R","?","T","?","M","R","?","?","R","BOSS"],"items_purchased_type":[],"build_version":"2020-12-22","purchased_purges":0,"victory":false,"max_hp_per_floor":[70,70,70,70,70,70,70,70,70,70,70,70,70,70,70,70,70],"card_choices":[{"not_picked":["Hidden Blade","Deadly Poison"],"picked":"Dash","floor":1},{"not_picked":["Noxious Fumes","PiercingWail"],"picked":"Quick Slash","floor":4},{"not_picked":["Heel Hook","Slice","Poisoned Stab"],"picked":"SKIP","floor":5},{"not_picked":["PiercingWail","Crippling Poison"],"picked":"Footwork","floor":6},{"not_picked":["Well Laid Plans","Endless Agony"],"picked":"Flying Knee","floor":8},{"not_picked":["Flying Knee","Deflect"],"picked":"Riddle With Holes","floor":10},{"not_picked":["ReplayTheSpireMod:Exploit Weakness","Dash"],"picked":"Dagger Spray","floor":11},{"not_picked":["ReplayTheSpireMod:Necrosis","Masterful Stab"],"picked":"Dagger Throw","floor":13}],"player_experience":10880,"relics_obtained":[{"floor":6,"key":"Centennial Puzzle"},{"floor":9,"key":"Replay:Accelerometer"},{"floor":14,"key":"Ring of Fury"},{"floor":14,"key":"ReplayTheSpireMod:Ring of Collecting"}],"event_choices":[],"is_beta":false,"boss_relics":[],"items_purged_floors":[],"is_endless":false,"potions_floor_spawned":[5,6,8,10,11],"killed_by":"Gensokyo:Reimu","ascension_level":0}}