{"host":"0jugj35n0ams2iav","time":1610157352,"event":{"mods":["BaseMod","Downfall","Hubris","Minty Spire (QoL Compilation)","Replay The Spire","StSLib","The Cursed","The Marked"],"gold_per_floor":[99,99,113,124,124,124,152,167,167,186,212,223,223,241,241,345,345,365,365,142,142,142,167,167,70,70,104,104,123,123,136,136,235,235,249,260,260,260,280,280,312,10,10,20,51,51,81,98,98,98],"floor_reached":51,"playtime":1635,"items_purged":["BasicCrystalCard","Gash"],"score":983,"play_id":"3ca24dfd-6b5f-472c-a78e-db9f8334fd08","local_time":"20210109015552","daily_mods":["Draft","Vintage","Heirloom","downfall:Lament","Elite Swarm"],"is_ascension_mode":false,"campfire_choices":[{"data":"Crystallizer","floor":6,"key":"SMITH"},{"floor":15,"key":"DIG"},{"data":"expansioncontent:QuickStudy","floor":28,"key":"SMITH"},{"data":"Buffer","floor":32,"key":"SMITH"},{"data":"Leap","floor":40,"key":"SMITH"},{"data":"Fission","floor":49,"key":"SMITH"}],"circlet_count":0,"master_deck":["FTL","FTL","Ball Lightning","Turbo","Crystallizer+1","Turbo+1","Turbo","Double Energy","Skim","Turbo+1","Capacitor","Buffer+1","Core Surge","Meteor Strike","expansioncontent:QuickStudy+1","Mirror Shield","Leap+1","Seek","Amplify","Fission+1","Reboot"],"relics":["NeowsBlessing","hubris:Potato","Iron Core","NeowsBlessing","Replay:Baseball","hubris:SlimyHat","NeowsBlessing","Orichalcum","Iron Hammer","TungstenRod","Centennial Puzzle","Replay:Wax Seal","Pantograph","NeowsBlessing","Bronze Scales","Smiling Mask","Black Star","ReplayTheSpireMod:Ninjato","hubris:Towel","NeowsBlessing","NeowsBlessing","Blue Doll","Lizard Tail","hubris:BottledRain","Singing Bowl","Emotion Chip","hubris:BallOfYels","NeowsBlessing","Tiny Chest","Empty Cage","ReplayTheSpireMod:Lightbulb","War Paint","NeowsBlessing","hubris:Metronome","hubris:FunFungus","champ:DeflectingBracers","Oddly Smooth Stone","Vajra","The Courier","Akabeko","hubris:CuriousFeather","MealTicket","NeowsBlessing","hubris:GlazedTorus","Lantern","Replay:Bottled Steam"],"acts_visited":["Exordium","TheCity","TheBeyond"],"potions_floor_usage":[],"damage_taken":[{"damage":0,"enemies":"Jaw Worm","floor":3,"turns":1},{"damage":0,"enemies":"Cultist","floor":4,"turns":1},{"damage":0,"enemies":"Gremlin Nob","floor":7,"turns":1},{"damage":0,"enemies":"Small Slimes","floor":8,"turns":2},{"damage":0,"enemies":"Looter","floor":10,"turns":1},{"damage":0,"enemies":"3 Sentries","floor":11,"turns":2},{"damage":0,"enemies":"Exordium Wildlife","floor":12,"turns":1},{"damage":0,"enemies":"3 Louse","floor":14,"turns":1},{"damage":0,"enemies":"Slime Boss","floor":16,"turns":1},{"damage":0,"enemies":"3 Byrds","floor":18,"turns":1},{"damage":0,"enemies":"Book of Stabbing","floor":23,"turns":1},{"damage":0,"enemies":"Gremlin Leader","floor":27,"turns":1},{"damage":0,"enemies":"Shell Parasite","floor":29,"turns":1},{"damage":0,"enemies":"Chosen and Byrds","floor":31,"turns":1},{"damage":0,"enemies":"Automaton","floor":33,"turns":1},{"damage":0,"enemies":"3 Shapes","floor":35,"turns":1},{"damage":0,"enemies":"Orb Walker","floor":36,"turns":1},{"damage":0,"enemies":"Sphere and 2 Shapes","floor":39,"turns":2},{"damage":0,"enemies":"R_Hoarder","floor":41,"turns":1},{"damage":0,"enemies":"Spire Growth","floor":44,"turns":1},{"damage":0,"enemies":"Giant Head","floor":45,"turns":4},{"damage":0,"enemies":"R_Hoarder","floor":47,"turns":1},{"damage":0,"enemies":"3 Darklings","floor":48,"turns":1},{"damage":0,"enemies":"hubris:GrandSnecko","floor":50,"turns":1}],"seed_played":"7914160008780498691","potions_obtained":[{"floor":4,"key":"BlessingOfTheForge"},{"floor":10,"key":"LiquidMemories"},{"floor":16,"key":"champ:CounterPotion"},{"floor":18,"key":"SneckoOil"}],"is_trial":true,"path_per_floor":["?","WH","M","M","WH","R","E","M","T","M","E","M","WH","M","R","B",null,"M","?","$","WH","WH","E","?","$","T","E","R","M","WH","M","R","B",null,"M","M","WH","?","M","R","E","$","T","M","E","WH","E","M","R","B",null],"character_chosen":"DEFECT","items_purchased":["expansioncontent:QuickStudy","Leap","Oddly Smooth Stone","Vajra"],"campfire_rested":0,"item_purchase_floors":[20,25,42,42],"current_hp_per_floor":[75,75,75,75,75,75,75,75,75,75,75,75,75,75,75,75,75,75,75,75,75,75,75,75,75,75,75,75,75,75,75,75,75,75,75,75,75,75,75,75,77,77,77,77,77,77,77,77,77,77],"gold":98,"neow_bonus":"THREE_ENEMY_KILL","is_daily":false,"chose_seed":false,"campfire_upgraded":5,"win_rate":0.0,"timestamp":1610157352,"path_taken":["?","WH","M","M","WH","R","E","M","T","M","E","M","WH","?","R","BOSS","M","?","$","WH","WH","E","?","?","T","E","R","?","WH","M","R","BOSS","M","M","WH","?","M","R","E","$","T","M","E","WH","E","M","R","BOSS"],"items_purchased_type":["Card","Card","Relic","Relic"],"build_version":"2020-12-22","purchased_purges":2,"victory":true,"max_hp_per_floor":[75,75,75,75,75,75,75,75,75,75,75,75,75,75,75,75,75,75,75,75,75,75,75,75,75,75,75,75,75,75,75,75,75,75,75,75,75,75,75,75,77,77,77,77,77,77,77,77,77,77],"card_choices":[{"not_picked":["Cold Snap","Redo"],"picked":"FTL","floor":0},{"not_picked":["Hologram","Beam Cell"],"picked":"FTL","floor":0},{"not_picked":["Conserve Battery","Defragment"],"picked":"Sunder","floor":0},{"not_picked":["Cold Snap","Hologram"],"picked":"Ball Lightning","floor":0},{"not_picked":["Undo","Steam"],"picked":"Fusion","floor":0},{"not_picked":["Melter","Stack"],"picked":"Turbo","floor":0},{"not_picked":["Leap","Coolheaded"],"picked":"Gash","floor":0},{"not_picked":["Coolheaded","Steam"],"picked":"Crystallizer","floor":0},{"not_picked":["Rebound","Go for the Eyes"],"picked":"Turbo","floor":0},{"not_picked":["Hologram","Compile Driver"],"picked":"Turbo","floor":0},{"not_picked":["Go for the Eyes","Consume"],"picked":"Double Energy","floor":0},{"not_picked":["Rebound","Chill"],"picked":"Skim","floor":0},{"not_picked":["BasicCrystalCard","Ball Lightning"],"picked":"Turbo","floor":0},{"not_picked":["Heatsinks","ReplayTheSpireMod:Reroute Power"],"picked":"Capacitor","floor":0},{"not_picked":["Conserve Battery","Cold Snap"],"picked":"BasicCrystalCard","floor":0},{"not_picked":["Echo Form","Offering"],"picked":"Buffer","floor":7},{"not_picked":["Biased Cognition","Multi-Cast"],"picked":"Core Surge","floor":11},{"not_picked":["Barricade","hubris:DoWhile"],"picked":"Meteor Strike","floor":16},{"not_picked":["hubris:SpecializedCircuitry","hubris:DoWhile"],"picked":"Mirror Shield","floor":23},{"not_picked":["hubris:SpecializedCircuitry","ReplayTheSpireMod:Omega Cannon"],"picked":"Seek","floor":27},{"not_picked":["hubris:Prefetch","ReplayTheSpireMod:Omega Cannon"],"picked":"Amplify","floor":33},{"not_picked":["Multi-Cast","Echo Form","Thunder Strike"],"picked":"Singing Bowl","floor":41},{"not_picked":["Mirror Shield","Hyperbeam"],"picked":"Fission","floor":45},{"not_picked":["hubris:SpecializedCircuitry","Core Surge"],"picked":"Reboot","floor":47}],"player_experience":168690,"relics_obtained":[{"floor":3,"key":"Replay:Baseball"},{"floor":4,"key":"hubris:SlimyHat"},{"floor":7,"key":"Orichalcum"},{"floor":8,"key":"Iron Hammer"},{"floor":9,"key":"TungstenRod"},{"floor":10,"key":"Centennial Puzzle"},{"floor":11,"key":"Replay:Wax Seal"},{"floor":12,"key":"Pantograph"},{"floor":14,"key":"Bronze Scales"},{"floor":15,"key":"Smiling Mask"},{"floor":18,"key":"ReplayTheSpireMod:Ninjato"},{"floor":23,"key":"Blue Doll"},{"floor":23,"key":"Lizard Tail"},{"floor":26,"key":"hubris:BottledRain"},{"floor":27,"key":"Singing Bowl"},{"floor":27,"key":"Emotion Chip"},{"floor":29,"key":"hubris:BallOfYels"},{"floor":31,"key":"Tiny Chest"},{"floor":35,"key":"ReplayTheSpireMod:Lightbulb"},{"floor":36,"key":"War Paint"},{"floor":39,"key":"hubris:Metronome"},{"floor":41,"key":"hubris:FunFungus"},{"floor":41,"key":"champ:DeflectingBracers"},{"floor":43,"key":"The Courier"},{"floor":44,"key":"Akabeko"},{"floor":45,"key":"hubris:CuriousFeather"},{"floor":45,"key":"MealTicket"},{"floor":47,"key":"hubris:GlazedTorus"},{"floor":47,"key":"Lantern"},{"floor":48,"key":"Replay:Bottled Steam"}],"event_choices":[],"is_beta":false,"boss_relics":[{"not_picked":["hubris:GrandSneckoEye","SlaversCollar"],"picked":"Black Star"},{"not_picked":["hubris:Stopwatch","Snecko Eye"],"picked":"Empty Cage"}],"items_purged_floors":[20,25],"is_endless":false,"potions_floor_spawned":[4,10,16,18,33,36,39,44],"ascension_level":0}}