{"host":"9kesdg97wkrx2bva","time":1610156675,"event":{"mods":["AchievementEnabler","BaseMod","Colored Map","Downfall","GifTheSpireLib","Infinite Spire","Minty Spire (QoL Compilation)","Replay The Spire","StSLib"],"gold_per_floor":[114,114,124,7,18,52,202,230,275,275,66,80,80,94,94,171,171,186,200,75,75,94,94,94,94],"floor_reached":24,"playtime":583,"items_purged":["Strike_B","Doubt","Strike_B"],"score":371,"play_id":"3bbacc89-7aa3-456b-b4aa-be22d322c54c","local_time":"20210108204435","is_ascension_mode":true,"campfire_choices":[{"floor":13,"key":"REST"},{"floor":15,"key":"REST"},{"data":"Rainbow","floor":23,"key":"SMITH"}],"circlet_count":0,"master_deck":["AscendersBane","Strike_B","Defend_B","Defend_B","Zap","Dualcast","Compile Driver","White Noise+1","Go for the Eyes","ReplayGash","Gash","Cold Snap","Gash","Streamline","Electrodynamics+1","Rebound","Self Repair+1","FIFO Queue+1","Rainbow+1","ReplayTheSpireMod:Calculation Training+1","Echo Form+1"],"relics":["Cracked Core","Frozen Egg 2","Prayer Wheel","Art of War","Orichalcum","Replay:Bronze Core"],"acts_visited":["Exordium","TheCity"],"potions_floor_usage":[12,16,16,24],"damage_taken":[{"damage":7,"enemies":"Jaw Worm","floor":1,"turns":3},{"damage":0,"enemies":"2 Louse","floor":3,"turns":1},{"damage":0,"enemies":"Cultist","floor":5,"turns":3},{"damage":30,"enemies":"Gremlin Nob","floor":6,"turns":4},{"damage":25,"enemies":"Lagavulin","floor":8,"turns":6},{"damage":0,"enemies":"Gremlin Gang","floor":12,"turns":4},{"damage":5,"enemies":"Red Slaver","floor":14,"turns":2},{"damage":35,"enemies":"Slime Boss","floor":16,"turns":7},{"damage":21,"enemies":"Shell Parasite","floor":18,"turns":5},{"damage":6,"enemies":"3 Byrds","floor":19,"turns":2},{"damage":28,"enemies":"Snake Plant","floor":22,"turns":4},{"damage":42,"enemies":"Gremlin Leader","floor":24,"turns":4}],"seed_played":"-7925441244445451727","potions_obtained":[{"floor":1,"key":"GamblersBrew"},{"floor":6,"key":"LiquidBronze"},{"floor":14,"key":"Cursed Concoction"},{"floor":19,"key":"Venom Potion"}],"is_trial":false,"path_per_floor":["M","?","M","$","M","E","?","E","T","?","$","M","R","M","R","B",null,"M","M","$","?","M","R","E"],"character_chosen":"DEFECT","items_purchased":["ReplayGash","Gash","Streamline"],"campfire_rested":2,"item_purchase_floors":[4,11,11],"current_hp_per_floor":[57,57,57,57,57,27,27,2,2,2,2,2,23,18,39,14,57,46,50,50,50,32,32,0,0],"gold":94,"neow_bonus":"REMOVE_CARD","is_daily":false,"chose_seed":false,"campfire_upgraded":1,"win_rate":0.0,"timestamp":1610156675,"path_taken":["M","?","M","$","M","E","?","E","T","?","$","?","R","M","R","BOSS","M","?","?","?","M","R","E"],"items_purchased_type":["Card","Card","Card"],"build_version":"2020-12-22","purchased_purges":3,"victory":false,"max_hp_per_floor":[71,71,71,71,71,71,71,71,71,71,71,71,71,71,71,71,71,71,71,71,71,71,71,71,71],"card_choices":[{"not_picked":["Coolheaded","Steam"],"picked":"Compile Driver","floor":1},{"not_picked":["Genetic Algorithm","Undo"],"picked":"Go for the Eyes","floor":3},{"not_picked":["Redo","Blizzard"],"picked":"Gash","floor":5},{"not_picked":["Coolheaded","Chill"],"picked":"ReplayTheSpireMod:Fabricate Wheel","floor":6},{"not_picked":["Compile Driver","Meteor Strike"],"picked":"Cold Snap","floor":8},{"not_picked":["Hologram","Gash"],"picked":"Electrodynamics+1","floor":12},{"not_picked":["Double Energy","Go for the Eyes"],"picked":"Rebound","floor":12},{"not_picked":["Force Field","Reprogram"],"picked":"Self Repair+1","floor":14},{"not_picked":["Doom and Gloom","Cold Snap"],"picked":"FIFO Queue+1","floor":14},{"not_picked":["Biased Cognition+1","Fission"],"picked":"Rainbow","floor":16},{"not_picked":["Blizzard","BasicCrystalCard+1"],"picked":"ReplayTheSpireMod:Calculation Training","floor":18},{"not_picked":["Steam","Conserve Battery+1","Sweeping Beam"],"picked":"SKIP","floor":18},{"not_picked":["ReplayRNGCard","Steam","Barrage"],"picked":"SKIP","floor":19},{"not_picked":["Beam Cell+1","Go for the Eyes","Conserve Battery"],"picked":"SKIP","floor":19},{"not_picked":["Chaos+1","Consume"],"picked":"Echo Form+1","floor":22},{"not_picked":["ReplayTheSpireMod:Repulse","Panic Button","Cold Snap"],"picked":"SKIP","floor":22}],"player_experience":911771,"relics_obtained":[{"floor":6,"key":"Frozen Egg 2"},{"floor":8,"key":"Art of War"},{"floor":9,"key":"Orichalcum"}],"event_choices":[{"damage_healed":0,"gold_gain":150,"player_choice":"AGREE","damage_taken":0,"max_hp_gain":0,"max_hp_loss":0,"event_name":"Liars Game","floor":7,"gold_loss":0,"cards_obtained":["Doubt"]},{"cards_removed":["Strike_B"],"damage_healed":0,"gold_gain":0,"player_choice":"Offered Basic","damage_taken":0,"max_hp_gain":0,"max_hp_loss":0,"event_name":"Bonfire Elementals","floor":10,"gold_loss":0},{"damage_healed":0,"gold_gain":0,"player_choice":"Forge","damage_taken":0,"max_hp_gain":0,"max_hp_loss":0,"event_name":"Accursed Blacksmith","floor":21,"gold_loss":0,"cards_upgraded":["ReplayTheSpireMod:Calculation Training"]}],"is_beta":false,"boss_relics":[{"not_picked":["ReplayTheSpireMod:SealedPack","Abe\u0027s Treasure"],"picked":"Replay:Bronze Core"}],"items_purged_floors":[4,11,20],"is_endless":false,"potions_floor_spawned":[1,6,8,14,19],"killed_by":"Gremlin Leader","ascension_level":16}}