{"host":"w9yruvs4bqht6bhw","time":1610219900,"event":{"mods":["BaseMod","Colored Powertips","Minty Spire (QoL Compilation)"],"gold_per_floor":[119,135,210,229,229,229,256,256,256,256,272,0,65,80,80,175,175,190,9,28,103,117,117,117],"floor_reached":23,"playtime":692,"items_purged":["Strike_G"],"score":201,"play_id":"0f3fe798-4a76-4939-bd24-53604fff6c7c","local_time":"20210109141820","is_ascension_mode":true,"campfire_choices":[{"data":"Blade Dance","floor":6.0,"key":"SMITH"},{"data":"Quick Slash","floor":8.0,"key":"SMITH"},{"data":"Quick Slash","floor":10.0,"key":"SMITH"},{"floor":15.0,"key":"REST"}],"circlet_count":0,"master_deck":["Strike_G+1","Strike_G+1","Strike_G","Strike_G+1","Defend_G","Defend_G","Defend_G","Defend_G","Defend_G","Survivor","Neutralize+1","Blade Dance+1","Quick Slash+1","Leg Sweep","Quick Slash+1","Blade Dance","Quick Slash","Cloak And Dagger","Envenom","Cloak And Dagger","Cloak And Dagger","Noxious Fumes","Outmaneuver+1"],"relics":["Ring of the Serpent","NeowsBlessing","Blood Vial","White Beast Statue","Sling","Whetstone","Membership Card"],"acts_visited":["Exordium","TheCity"],"potions_floor_usage":[],"damage_taken":[{"damage":0.0,"enemies":"Small Slimes","floor":1.0,"turns":1.0},{"damage":0.0,"enemies":"Jaw Worm","floor":2.0,"turns":1.0},{"damage":0.0,"enemies":"Cultist","floor":4.0,"turns":1.0},{"damage":14.0,"enemies":"Lagavulin","floor":7.0,"turns":8.0},{"damage":0.0,"enemies":"Looter","floor":11.0,"turns":2.0},{"damage":12.0,"enemies":"Gremlin Nob","floor":13.0,"turns":4.0},{"damage":0.0,"enemies":"Exordium Wildlife","floor":14.0,"turns":3.0},{"damage":28.0,"enemies":"Hexaghost","floor":16.0,"turns":9.0},{"damage":20.0,"enemies":"3 Byrds","floor":18.0,"turns":5.0},{"damage":11.0,"enemies":"Chosen","floor":20.0,"turns":4.0},{"damage":33.0,"enemies":"Sentry and Sphere","floor":22.0,"turns":6.0}],"seed_played":"-4148572870848099857","potions_obtained":[{"floor":1.0,"key":"Ancient Potion"},{"floor":11.0,"key":"PowerPotion"},{"floor":13.0,"key":"Dexterity Potion"},{"floor":14.0,"key":"AttackPotion"},{"floor":16.0,"key":"AttackPotion"},{"floor":18.0,"key":"Explosive Potion"},{"floor":22.0,"key":"SteroidPotion"}],"is_trial":false,"path_per_floor":["M","M","?","M","?","R","E","R","T","R","M","$","?","M","R","B",null,"M","$","M","?","M","R"],"character_chosen":"THE_SILENT","items_purchased":["Blade Dance","Sling","Membership Card","Cloak And Dagger"],"campfire_rested":1,"item_purchase_floors":[12,12,19,19],"current_hp_per_floor":[70,70,59,59,45,45,31,31,31,31,33,33,23,25,46,20,70,50,50,41,34,3,3,3],"gold":117,"neow_bonus":"THREE_ENEMY_KILL","is_daily":false,"chose_seed":false,"campfire_upgraded":3,"win_rate":0.0,"timestamp":1610219900,"path_taken":["M","M","?","M","?","R","E","R","T","R","M","$","?","M","R","BOSS","M","$","M","?","M","R"],"items_purchased_type":["Card","Relic","Relic","Card"],"build_version":"2020-12-22","purchased_purges":1,"victory":false,"max_hp_per_floor":[70,70,70,70,70,70,70,70,70,70,70,70,70,70,70,70,70,70,70,70,70,70,70,70],"card_choices":[{"not_picked":["Caltrops","Escape Plan"],"picked":"Blade Dance","floor":1.0},{"not_picked":["Dagger Throw","Reflex"],"picked":"Quick Slash","floor":2.0},{"not_picked":["Poisoned Stab","All Out Attack"],"picked":"Leg Sweep","floor":4.0},{"not_picked":["Expertise","Flechettes"],"picked":"Quick Slash","floor":7.0},{"not_picked":["Heel Hook","Sucker Punch","Tactician"],"picked":"SKIP","floor":11.0},{"not_picked":["Reflex","Backflip"],"picked":"Quick Slash","floor":13.0},{"not_picked":["Poisoned Stab","Choke"],"picked":"Cloak And Dagger","floor":14.0},{"not_picked":["Bullet Time","Glass Knife"],"picked":"Envenom","floor":16.0},{"not_picked":["Finisher","Heel Hook"],"picked":"Cloak And Dagger","floor":18.0},{"not_picked":["Bane","Sucker Punch"],"picked":"Noxious Fumes","floor":20.0},{"not_picked":["Expertise","Sucker Punch+1"],"picked":"Outmaneuver+1","floor":22.0}],"player_experience":353001,"relics_obtained":[{"floor":7.0,"key":"Blood Vial"},{"floor":9.0,"key":"White Beast Statue"},{"floor":13.0,"key":"Whetstone"}],"event_choices":[{"damage_healed":0.0,"max_hp_gain":0.0,"max_hp_loss":0.0,"gold_gain":75.0,"event_name":"World of Goop","player_choice":"Gather Gold","floor":3.0,"gold_loss":0.0,"damage_taken":11.0},{"damage_healed":0.0,"max_hp_gain":0.0,"max_hp_loss":0.0,"gold_gain":0.0,"event_name":"Shining Light","player_choice":"Entered Light","floor":5.0,"gold_loss":0.0,"damage_taken":14.0,"cards_upgraded":["Neutralize","Strike_G"]},{"damage_healed":0.0,"max_hp_gain":0.0,"max_hp_loss":0.0,"gold_gain":0.0,"event_name":"Dead Adventurer","player_choice":"Searched \u00271\u0027 times","floor":13.0,"gold_loss":0.0,"damage_taken":0.0},{"damage_healed":0.0,"max_hp_gain":0.0,"max_hp_loss":0.0,"gold_gain":75.0,"event_name":"FaceTrader","player_choice":"Touch","floor":21.0,"gold_loss":0.0,"damage_taken":7.0}],"is_beta":false,"boss_relics":[{"not_picked":["Busted Crown","HoveringKite"],"picked":"Ring of the Serpent"}],"items_purged_floors":[12],"is_endless":false,"potions_floor_spawned":[1,11,13,14,16,18,20,22],"ascension_level":1}}