{"host":"msa0wxqjs3jv1k3j","time":1610198886,"event":{"mods":["BaseMod","BetterRewards","Colored Map","Highlight Path","KOR Keyword Fix","Keyboard Shortcuts","Minty Spire (QoL Compilation)","Quick Restart","SuperFastMode","everything is the same but u backflip on backflip"],"gold_per_floor":[119,119,119,139,139,139,172,190,190,190,44,64,64,99,99,196,196,216,127,143,153,153,153,153,153,231,256,272,272,290,322,322,419,419,436,118,135,135,152,186,186,201,201,234,244,184,202,231,231,231],"floor_reached":51,"playtime":2592,"items_purged":["Strike_G"],"score":960,"play_id":"e9d77166-84bf-46d2-9dd6-76f7c27b0b67","local_time":"20210109222806","is_ascension_mode":false,"campfire_choices":[{"data":"Infinite Blades","floor":6,"key":"SMITH"},{"floor":10,"key":"REST"},{"data":"PiercingWail","floor":15,"key":"SMITH"},{"data":"Blur","floor":29,"key":"SMITH"},{"floor":32,"key":"REST"},{"data":"Outmaneuver","floor":41,"key":"SMITH"},{"data":"Crippling Poison","floor":49,"key":"SMITH"}],"circlet_count":0,"master_deck":["Strike_G","Strike_G","Defend_G","Defend_G+1","Defend_G","Survivor","Neutralize","Infinite Blades+1","Deadly Poison+1","Blur+1","Dagger Throw","Endless Agony","Backstab","Deadly Poison","Noxious Fumes","Poisoned Stab+1","PiercingWail+1","Bane+1","Noxious Fumes+1","After Image+1","Flying Knee+1","Dagger Spray+1","Infinite Blades+1","Blade Dance","Bouncing Flask","Well Laid Plans+1","Reflex","Dagger Throw+1","Footwork+1","Blade Dance+1","Dagger Throw+1","Dagger Throw+1","Poisoned Stab+1","After Image+1","Quick Slash+1","All Out Attack+1","Outmaneuver+1","Trip","Dramatic Entrance+1","PiercingWail+1","Terror+1","Slice+1","Escape Plan","A Thousand Cuts+1","Crippling Poison+1"],"relics":["Ring of the Snake","Prayer Wheel","MealTicket","TungstenRod","Molten Egg 2","Darkstone Periapt","Frozen Egg 2","TheAbacus","HornCleat","Gremlin Horn","Philosopher\u0027s Stone","Dead Branch","Ornamental Fan","Ninja Scroll","Pocketwatch","Toy Ornithopter","Black Star","Eternal Feather","Vajra","Pantograph","Omamori","Thread and Needle","White Beast Statue","The Specimen","PreservedInsect"],"acts_visited":["Exordium","TheCity","TheBeyond"],"potions_floor_usage":[16,31,40,45,50],"damage_taken":[{"damage":3,"enemies":"Cultist","floor":1,"turns":3},{"damage":2,"enemies":"Jaw Worm","floor":4,"turns":2},{"damage":15,"enemies":"Lagavulin","floor":7,"turns":6},{"damage":7,"enemies":"Small Slimes","floor":8,"turns":4},{"damage":6,"enemies":"Looter","floor":12,"turns":2},{"damage":0,"enemies":"Gremlin Nob","floor":14,"turns":3},{"damage":18,"enemies":"Hexaghost","floor":16,"turns":6},{"damage":7,"enemies":"Chosen","floor":18,"turns":4},{"damage":0,"enemies":"3 Byrds","floor":20,"turns":5},{"damage":5,"enemies":"Centurion and Healer","floor":21,"turns":6},{"damage":3,"enemies":"Book of Stabbing","floor":27,"turns":5},{"damage":0,"enemies":"Chosen and Byrds","floor":28,"turns":5},{"damage":8,"enemies":"Shelled Parasite and Fungi","floor":30,"turns":4},{"damage":12,"enemies":"Gremlin Leader","floor":31,"turns":3},{"damage":6,"enemies":"Collector","floor":33,"turns":7},{"damage":0,"enemies":"3 Darklings","floor":35,"turns":5},{"damage":0,"enemies":"3 Shapes","floor":37,"turns":3},{"damage":11,"enemies":"Sphere and 2 Shapes","floor":39,"turns":5},{"damage":28,"enemies":"Reptomancer","floor":40,"turns":5},{"damage":5,"enemies":"Writhing Mass","floor":42,"turns":5},{"damage":2,"enemies":"Nemesis","floor":44,"turns":7},{"damage":0,"enemies":"Jaw Worm Horde","floor":45,"turns":4},{"damage":0,"enemies":"Spire Growth","floor":47,"turns":4},{"damage":0,"enemies":"Reptomancer","floor":48,"turns":3},{"damage":50,"enemies":"Time Eater","floor":50,"turns":7}],"seed_played":"2276793666236756538","potions_obtained":[{"floor":1,"key":"Ancient Potion"},{"floor":7,"key":"Poison Potion"},{"floor":14,"key":"BlessingOfTheForge"},{"floor":21,"key":"SteroidPotion"},{"floor":35,"key":"AttackPotion"},{"floor":39,"key":"DistilledChaos"},{"floor":40,"key":"PowerPotion"},{"floor":45,"key":"CultistPotion"}],"is_trial":false,"path_per_floor":["M","?","?","M","T","R","E","M","T","R","$","M","T","E","R","B",null,"M","$","M","M","T","?","?","T","T","E","M","R","M","E","R","B",null,"M","$","M","?","M","E","R","M","T","E","M","?","M","E","R","B",null],"character_chosen":"THE_SILENT","items_purchased":["MealTicket","TungstenRod","Infinite Blades","Deadly Poison","Blur","Dagger Throw","TheAbacus","Dagger Spray+1","Infinite Blades+1","Eternal Feather"],"campfire_rested":2,"item_purchase_floors":[0,0,0,0,0,0,11,19,19,36],"current_hp_per_floor":[67,54,59,57,57,57,42,35,35,57,72,66,66,66,66,48,75,68,75,75,70,70,70,70,70,70,67,67,67,59,47,69,63,75,75,75,75,71,60,37,61,56,56,54,59,59,59,59,75,25],"gold":231,"neow_bonus":"","is_daily":false,"chose_seed":false,"campfire_upgraded":5,"win_rate":0.0,"timestamp":1610198886,"path_taken":["M","?","?","M","?","R","E","?","T","R","?","M","?","E","R","BOSS","M","?","M","?","?","?","?","?","T","E","M","R","M","E","R","BOSS","M","$","M","?","M","E","R","M","T","E","M","?","?","E","R","BOSS"],"items_purchased_type":["Relic","Relic","Card","Card","Card","Card","Relic","Card","Card","Relic"],"build_version":"2020-12-22","purchased_purges":1,"victory":true,"max_hp_per_floor":[70,70,75,75,75,75,75,75,75,75,75,75,75,75,75,75,75,75,75,75,75,75,75,75,75,75,75,75,75,75,75,75,75,75,75,75,75,75,75,75,75,75,75,75,75,75,75,75,75,75],"card_choices":[{"not_picked":["Slice","Dagger Spray"],"picked":"Endless Agony","floor":1},{"not_picked":["Underhanded Strike","Backflip"],"picked":"Backstab","floor":1},{"not_picked":["Backstab","Quick Slash","Sucker Punch"],"picked":"SKIP","floor":4},{"not_picked":["Footwork","Eviscerate","Sucker Punch"],"picked":"SKIP","floor":4},{"not_picked":["Terror","Caltrops"],"picked":"Deadly Poison","floor":7},{"not_picked":["PiercingWail","Poisoned Stab+1"],"picked":"Noxious Fumes","floor":8},{"not_picked":["Deadly Poison","Blur"],"picked":"Poisoned Stab+1","floor":8},{"not_picked":["Dagger Throw+1","Blur"],"picked":"PiercingWail","floor":12},{"not_picked":["Blade Dance","Unload+1"],"picked":"Bane+1","floor":12},{"not_picked":["Bane+1","Choke+1"],"picked":"Noxious Fumes+1","floor":14},{"not_picked":["Corpse Explosion","Glass Knife+1"],"picked":"After Image+1","floor":16},{"not_picked":["Dagger Throw+1","Quick Slash+1"],"picked":"Flying Knee+1","floor":18},{"not_picked":["Prepared","Sucker Punch+1","Flying Knee+1"],"picked":"SKIP","floor":18},{"not_picked":["Heel Hook+1","Flying Knee+1"],"picked":"Blade Dance","floor":20},{"not_picked":["Prepared","Backflip","Dodge and Roll"],"picked":"SKIP","floor":20},{"not_picked":["Blur","Prepared"],"picked":"Bouncing Flask","floor":21},{"not_picked":["Bouncing Flask","Malaise"],"picked":"Well Laid Plans+1","floor":21},{"not_picked":["Calculated Gamble","Bane+1","Skewer+1"],"picked":"SKIP","floor":27},{"not_picked":["Sucker Punch+1","Outmaneuver"],"picked":"Footwork+1","floor":28},{"not_picked":["Underhanded Strike+1","Masterful Stab+1"],"picked":"Blade Dance+1","floor":28},{"not_picked":["Sucker Punch+1","Calculated Gamble+1"],"picked":"Dagger Throw+1","floor":30},{"not_picked":["Backflip","PiercingWail"],"picked":"Dagger Throw+1","floor":30},{"not_picked":["Slice+1","Prepared"],"picked":"Poisoned Stab+1","floor":31},{"not_picked":["Night Terror","Doppelganger"],"picked":"After Image+1","floor":33},{"not_picked":["Deflect","Acrobatics"],"picked":"Quick Slash+1","floor":35},{"not_picked":["Dagger Throw+1","Blade Dance+1"],"picked":"All Out Attack+1","floor":35},{"not_picked":["Leg Sweep","Terror"],"picked":"Outmaneuver","floor":37},{"not_picked":["Glass Knife+1","Dodge and Roll","Prepared"],"picked":"SKIP","floor":37},{"not_picked":["Finesse","Master of Strategy"],"picked":"Trip","floor":38},{"not_picked":["Madness","Panacea"],"picked":"Dramatic Entrance+1","floor":38},{"not_picked":["Reflex","Backflip+1"],"picked":"PiercingWail+1","floor":39},{"not_picked":["Blur","Prepared+1","Endless Agony+1"],"picked":"SKIP","floor":39},{"not_picked":["Riddle With Holes+1","Escape Plan+1"],"picked":"Terror+1","floor":40},{"not_picked":["Expertise","Underhanded Strike+1","Deadly Poison"],"picked":"SKIP","floor":42},{"not_picked":["Eviscerate+1","Reflex+1","Flying Knee+1"],"picked":"SKIP","floor":42},{"not_picked":["Acrobatics","Prepared","Quick Slash+1"],"picked":"SKIP","floor":44},{"not_picked":["Flying Knee+1","Dash+1"],"picked":"Slice+1","floor":45},{"not_picked":["Masterful Stab+1","Outmaneuver","Eviscerate+1"],"picked":"SKIP","floor":45},{"not_picked":["Deadly Poison","Prepared+1"],"picked":"Crippling Poison","floor":47},{"not_picked":["PiercingWail","Blade Dance","Expertise"],"picked":"SKIP","floor":47},{"not_picked":["Bane+1","Night Terror","Dagger Spray+1"],"picked":"SKIP","floor":48}],"player_experience":51930,"relics_obtained":[{"floor":5,"key":"Molten Egg 2"},{"floor":7,"key":"Darkstone Periapt"},{"floor":9,"key":"Frozen Egg 2"},{"floor":13,"key":"HornCleat"},{"floor":14,"key":"Gremlin Horn"},{"floor":22,"key":"Dead Branch"},{"floor":25,"key":"Ornamental Fan"},{"floor":26,"key":"Ninja Scroll"},{"floor":27,"key":"Pocketwatch"},{"floor":31,"key":"Toy Ornithopter"},{"floor":40,"key":"Vajra"},{"floor":40,"key":"Pantograph"},{"floor":43,"key":"Omamori"},{"floor":44,"key":"Thread and Needle"},{"floor":44,"key":"White Beast Statue"},{"floor":48,"key":"The Specimen"},{"floor":48,"key":"PreservedInsect"}],"event_choices":[{"damage_healed":0,"gold_gain":0,"player_choice":"Entered Light","damage_taken":14,"max_hp_gain":0,"max_hp_loss":0,"event_name":"Shining Light","floor":2,"gold_loss":0,"cards_upgraded":["Defend_G","Deadly Poison"]},{"damage_healed":0,"gold_gain":0,"player_choice":"Donut","damage_taken":0,"max_hp_gain":5,"max_hp_loss":0,"event_name":"Big Fish","floor":3,"gold_loss":0},{"damage_healed":0,"gold_gain":0,"cards_transformed":["Strike_G","Defend_G"],"player_choice":"Became Test Subject","damage_taken":0,"max_hp_gain":0,"max_hp_loss":0,"event_name":"Drug Dealer","floor":23,"gold_loss":0,"cards_obtained":["Reflex","Dagger Throw"]},{"damage_healed":0,"gold_gain":0,"player_choice":"Ignored","damage_taken":0,"max_hp_gain":0,"max_hp_loss":0,"event_name":"Vampires","floor":24,"gold_loss":0},{"damage_healed":0,"gold_gain":0,"player_choice":"Memory 2","damage_taken":5,"max_hp_gain":0,"max_hp_loss":0,"event_name":"SensoryStone","floor":38,"gold_loss":0},{"damage_healed":0,"gold_gain":0,"cards_transformed":["Defend_G","Strike_G"],"player_choice":"Transformed Cards","damage_taken":0,"max_hp_gain":0,"max_hp_loss":0,"event_name":"Designer","floor":46,"gold_loss":60,"cards_obtained":["Escape Plan","A Thousand Cuts"]}],"is_beta":false,"boss_relics":[{"not_picked":["Runic Dome","Ectoplasm"],"picked":"Philosopher\u0027s Stone"},{"not_picked":["Snecko Eye","Cursed Key"],"picked":"Black Star"}],"items_purged_floors":[36],"is_endless":false,"potions_floor_spawned":[1,7,14,21,27,28,30,35,39,40,44,45,47,48],"ascension_level":0}}