{"host":"474oh00kq6ni8dn3","time":1610205482,"event":{"mods":["AchievementEnabler","Aspiration","BaseMod","Bestiary","Colored Map","Colored Powertips","Conspire","Custom Start","Defuse TimeMaze Blight","Downfall","Duelist Mod","GifTheSpireLib","Googly Eyes","GungeonMod","Halation","Hubris","Infinite Spire","Jedi Mod","Minty Spire (QoL Compilation)","Permanent Neow","Quick Restart","Random Character Button","Replay The Spire","Shop Mod","StSLib","Stuff the Spire","The Construct","The Factory","The Jungle","Trackpad","Unceasing Turn Reminder","vexMod"],"gold_per_floor":[112,125,29,40,55,88,88,98,98,124,142,142,142,203,203,307,307,326,326,30,46,60,91,91,119,143,157,157,107,120,134,134,237,237,251,267,267,267,27,52,52,80,105,124,135,147,182,200,200,200],"floor_reached":51,"playtime":2389,"items_purged":["Regret","Phantasmal Killer","Strike_G"],"score":801,"play_id":"50869cc9-f06f-4e75-9b4c-47db8c8021fc","local_time":"20210109151802","is_ascension_mode":true,"campfire_choices":[{"data":"Neutralize","floor":7.0,"key":"SMITH"},{"floor":13.0,"key":"REST"},{"data":"Blade Dance","floor":15.0,"key":"SMITH"},{"data":"Blade Dance","floor":24.0,"key":"SMITH"},{"floor":28.0,"key":"REST"},{"floor":32.0,"key":"REST"},{"data":"Master of Strategy","floor":49,"key":"SMITH"}],"circlet_count":0,"master_deck":["Strike_G","Strike_G","Strike_G","Defend_G","Defend_G","Defend_G","Defend_G","Defend_G","Survivor","Neutralize+1","Blade Dance+1","Blade Dance+1","Blade Dance+1","Finisher","Finisher","Master of Strategy+1","Finisher","DeusExMachina","Panache","Blade Dance+1"],"relics":["Ring of the Snake","Smiling Mask","trackpad:BottledTsunami","Toy Ornithopter","Replay:Bottled Steam","halation:AfternoonTea","aspiration:WatcherSkillbook","ReplayFunnel","Ornamental Fan","conspire:TopHat","hubris:TerracottaHorce","hubris:Icosahedron","hubris:Towel","Potion Belt","DemoMod:GlassGuonStoneRelic","StuffTheSpire:Nightcore","jedi:crownofsimplicity","Happy Flower"],"acts_visited":["Exordium","TheCity","TheCity"],"potions_floor_usage":[50,50],"damage_taken":[{"damage":0.0,"enemies":"2 Louse","floor":1.0,"turns":3.0},{"damage":1.0,"enemies":"Jaw Worm","floor":2.0,"turns":5.0},{"damage":5.0,"enemies":"Cultist","floor":4.0,"turns":3.0},{"damage":10.0,"enemies":"Exordium Thugs","floor":5.0,"turns":6.0},{"damage":8.0,"enemies":"Lagavulin","floor":6.0,"turns":5.0},{"damage":0.0,"enemies":"Looter","floor":8.0,"turns":3.0},{"damage":22.0,"enemies":"Gremlin Nob","floor":10.0,"turns":4.0},{"damage":0.0,"enemies":"Large Slime","floor":11.0,"turns":3.0},{"damage":10.0,"enemies":"Gremlin Nob","floor":14.0,"turns":3.0},{"damage":0.0,"enemies":"The Guardian","floor":16.0,"turns":15.0},{"damage":0.0,"enemies":"Spheric Guardian","floor":18.0,"turns":3.0},{"damage":14.0,"enemies":"conspire:FuzzyDice","floor":21.0,"turns":7.0},{"damage":11.0,"enemies":"Snecko","floor":22.0,"turns":4.0},{"damage":9.0,"enemies":"theDuelist:KaibaA2","floor":23.0,"turns":2.0},{"damage":27.0,"enemies":"conspire:SneckoGhost","floor":25.0,"turns":4.0},{"damage":2.0,"enemies":"Sentry and Sphere","floor":27.0,"turns":3.0},{"damage":0.0,"enemies":"Shelled Parasite and Fungi","floor":30.0,"turns":3.0},{"damage":0.0,"enemies":"Cultist and Chosen","floor":31.0,"turns":3.0},{"damage":11.0,"enemies":"conspire:MysteriousRune","floor":33.0,"turns":8.0},{"damage":0.0,"enemies":"theFactory:4_Mini-Bots","floor":35.0,"turns":3.0},{"damage":1.0,"enemies":"theFactory:2_Experiment_Personnel","floor":36.0,"turns":3.0},{"damage":21,"enemies":"theFactory:SmogElemental","floor":40,"turns":3},{"damage":9,"enemies":"theFactory:Manservantes","floor":42,"turns":4},{"damage":0,"enemies":"theFactory:6_Mini-Bots","floor":44,"turns":2},{"damage":0,"enemies":"theFactory:DefectiveSentry","floor":45,"turns":1},{"damage":0,"enemies":"theFactory:ShrapnelTosser","floor":46,"turns":2},{"damage":0,"enemies":"theFactory:DrinkBrewer","floor":47,"turns":4},{"damage":0,"enemies":"theFactory:Personnel_and_Big_Bot","floor":48,"turns":4},{"damage":0,"enemies":"theFactory:Guardian2","floor":50,"turns":1}],"seed_played":"-1006805006469485411","potions_obtained":[{"floor":2.0,"key":"DemoMod:LeadSkinPotion"},{"floor":5.0,"key":"Strength Potion"},{"floor":10.0,"key":"Weak Potion"},{"floor":11.0,"key":"Weak Potion"},{"floor":14.0,"key":"Dexterity Potion"},{"floor":16.0,"key":"Elixir"},{"floor":36.0,"key":"infinitespire:BlackPotion"},{"floor":45,"key":"jedi:tentaclejuice"},{"floor":46,"key":"SteroidPotion"}],"is_trial":false,"path_per_floor":["M","M","$","M","M","E","R","M","T","E","M","?","R","?","R","B",null,"M","?","$","M","M","E","R","E","T","M","R","$","M","M","R","B",null,"M","M","?","?","$","E","?","E","T","M","M","M","E","M","R","B",null],"character_chosen":"THE_SILENT","items_purchased":["Blade Dance","DemoMod:LeadSkinPotion","Finisher","Master of Strategy","Panache"],"campfire_rested":3,"item_purchase_floors":[3,20,20,20,39],"current_hp_per_floor":[70,69,69,64,54,46,46,46,46,24,24,24,45,35,35,40,70,70,70,70,56,45,36,36,9,9,7,28,28,37,37,58,60,68,68,67,67,67,67,46,46,70,70,70,70,70,70,70,70,70],"gold":200,"neow_bonus":"RANDOM_EVENT","is_daily":false,"chose_seed":false,"campfire_upgraded":4,"win_rate":0.0,"timestamp":1610205482,"path_taken":["M","M","$","M","M","E","R","M","T","E","M","?","R","?","R","BOSS","M","?","$","M","M","E","R","E","T","?","R","?","M","?","R","BOSS","M","M","?","?","$","E","?","E","T","M","M","M","E","M","R","BOSS"],"items_purchased_type":["Card","Undefined","Card","Card","Card"],"build_version":"2020-12-22","purchased_purges":3,"victory":true,"max_hp_per_floor":[70,70,70,70,70,70,70,70,70,70,70,70,70,70,70,70,70,70,70,70,70,70,70,70,70,70,70,70,70,70,70,70,70,70,70,70,70,70,70,70,70,70,70,70,70,70,70,70,70,70],"card_choices":[{"not_picked":["Endless Agony","Masterful Stab"],"picked":"Blade Dance","floor":1.0},{"not_picked":["hubris:SlightOfHand","ReplayTheSpireMod:Exploit Weakness","StuffTheSpire:Python"],"picked":"SKIP","floor":2.0},{"not_picked":["Outmaneuver","Deadly Poison","jedi:unstablefumes"],"picked":"SKIP","floor":4.0},{"not_picked":["StuffTheSpire:ReptileScales","PiercingWail","Bane"],"picked":"SKIP","floor":5.0},{"not_picked":["StuffTheSpire:BrimstoneBlast","Tactician","Phantasmal Killer"],"picked":"SKIP","floor":6.0},{"not_picked":["StuffTheSpire:Shiver","StuffTheSpire:Fury","Hidden Blade"],"picked":"SKIP","floor":8.0},{"not_picked":["Slice","Prepared"],"picked":"Blade Dance","floor":10.0},{"not_picked":["All Out Attack","conspire:DoublingDagger","StuffTheSpire:BumpUp"],"picked":"SKIP","floor":11.0},{"not_picked":["Wraith Form v2","StuffTheSpire:FinalStruggle"],"picked":"Phantasmal Killer","floor":16.0},{"not_picked":["Sneak Up","StuffTheSpire:ClusterCrunch","Poisoned Stab","PiercingWail+1"],"picked":"SKIP","floor":18.0},{"not_picked":["JustLucky","Bane","BowlingBash+1","ReplayTheSpireMod:Scrap Shanks"],"picked":"SKIP","floor":21.0},{"not_picked":["SashWhip","StuffTheSpire:FinalStruggle","Study+1"],"picked":"Finisher","floor":22.0},{"not_picked":["Bouncing Flask","Dagger Spray","WindmillStrike","Adaptation"],"picked":"SKIP","floor":23.0},{"not_picked":["Backflip","Prostrate+1","hubris:TrickCloak+1","Slice"],"picked":"SKIP","floor":25.0},{"not_picked":["Consecrate","WaveOfTheHand","CrushJoints","jedi:acidrain"],"picked":"SKIP","floor":27.0},{"not_picked":["PathToVictory","jedi:acidrain","ThirdEye","Dagger Spray"],"picked":"SKIP","floor":30.0},{"not_picked":["Poisoned Stab","Sucker Punch+1","Replay:Cycle","ReplayTheSpireMod:Scrap Shanks+1"],"picked":"SKIP","floor":31.0},{"not_picked":["Unload","aspiration:Lunge","Adrenaline"],"picked":"DeusExMachina","floor":33.0},{"not_picked":["Slice","Quick Slash+1","Replay:ManipulateFuture","Outmaneuver"],"picked":"SKIP","floor":35.0},{"not_picked":["ThirdEye+1","Bane+1","EmptyBody+1","Reflex"],"picked":"SKIP","floor":36.0},{"not_picked":["Replay:AtTheReady+1","Fluid Movement+1","StuffTheSpire:FinalStruggle","Consecrate+1"],"picked":"SKIP","floor":40},{"not_picked":["Consecrate+1","ReachHeaven","Replay:LoomingThreat","StuffTheSpire:Shiver+1"],"picked":"SKIP","floor":42},{"not_picked":["Deadly Poison+1","Replay:Hum","CutThroughFate","Halt"],"picked":"SKIP","floor":44},{"not_picked":["BattleHymn+1","Reflex","JustLucky+1","Flechettes+1"],"picked":"SKIP","floor":45},{"not_picked":["Wish","ForeignInfluence","StuffTheSpire:Shiver+1","Blur+1"],"picked":"SKIP","floor":46},{"not_picked":["Indignation","Poisoned Stab+1","ThirdEye","Doppelganger"],"picked":"SKIP","floor":47},{"not_picked":["EmptyFist","Dagger Throw","JustLucky"],"picked":"Blade Dance+1","floor":48}],"player_experience":99033,"relics_obtained":[{"floor":6.0,"key":"trackpad:BottledTsunami"},{"floor":9.0,"key":"Toy Ornithopter"},{"floor":10.0,"key":"Replay:Bottled Steam"},{"floor":14.0,"key":"halation:AfternoonTea"},{"floor":23.0,"key":"ReplayFunnel"},{"floor":25.0,"key":"Ornamental Fan"},{"floor":26.0,"key":"conspire:TopHat"},{"floor":40,"key":"Potion Belt"},{"floor":42,"key":"StuffTheSpire:Nightcore"},{"floor":43,"key":"jedi:crownofsimplicity"},{"floor":47,"key":"Happy Flower"}],"event_choices":[{"damage_healed":0.0,"max_hp_gain":0.0,"max_hp_loss":0.0,"gold_gain":0.0,"event_name":"Big Fish","player_choice":"Box","floor":0.0,"gold_loss":0.0,"damage_taken":0.0,"relics_obtained":["Smiling Mask"],"cards_obtained":["Regret"]},{"damage_healed":0.0,"max_hp_gain":0.0,"max_hp_loss":0.0,"gold_gain":0.0,"event_name":"Dead Adventurer","player_choice":"Searched \u00271\u0027 times","floor":14.0,"gold_loss":0.0,"damage_taken":0.0},{"damage_healed":0.0,"max_hp_gain":0.0,"max_hp_loss":0.0,"gold_gain":0.0,"event_name":"N\u0027loth","player_choice":"Ignored","floor":19.0,"gold_loss":0.0,"damage_taken":0.0},{"cards_removed":["Strike_G"],"damage_healed":0,"gold_gain":0,"player_choice":"Offered Basic","damage_taken":0,"max_hp_gain":0,"max_hp_loss":0,"event_name":"Bonfire Elementals","floor":41,"gold_loss":0}],"is_beta":false,"boss_relics":[{"not_picked":["trackpad:Trackpad","Replay:Fungal Core"],"picked":"aspiration:WatcherSkillbook"},{"not_picked":["halation:CatFaceCupcake","Honey Jar"],"picked":"hubris:TerracottaHorce"}],"items_purged_floors":[3,29,39],"is_endless":false,"potions_floor_spawned":[2,5,10,11,14,16,22,25,27,33,36,45,46],"ascension_level":1}}