{"host":"b3qi48j7z53ln4gi","time":1610218137,"event":{"mods":["100% Spire Juice","2.2 Compatiblity","AchievementEnabler","Act Like it!","Aspiration","BaseMod","Better Third Choice","CapriCore","Colored Powertips","Curses Come First","Dota2Spire","Gensokyo","GungeonMod","HololiveMod","Infinite Spire","Koishi","Minty Spire (QoL Compilation)","Nova Terra(?èß¡¤÷ÁÕÃ)","Permanent Neow","Prisma Mod","Reimu£¨ÚÏ???£©","Relic Stats","Remove Card Discount Mod","Say the Spire","Shade Mod","Shop Mod","Spicy Shops","StSLib","The Dragon Tamer","The Gatherer","The Immortal","The Jungle","The Marked","The Runesmith","Trackpad"],"gold_per_floor":[113,129,84,84,102,102,102,121,147,147,48,48,67,78,78,178,178,148,148],"floor_reached":18,"playtime":1661,"items_purged":["Moonworks:Strike","Moonworks:Defend","Moonworks:Strike","Moonworks:Defend","Moonworks:Strike","Moonworks:Defend"],"score":202,"play_id":"001ab903-625f-484a-b036-b8716a044422","local_time":"20210110034857","is_ascension_mode":false,"campfire_choices":[{"data":"Moonworks:Ambush","floor":6.0,"key":"SMITH"},{"data":"Moonworks:EvilSpyWorkPreparation","floor":10,"key":"SMITH"},{"data":"Moonworks:BackdoorTrade","floor":15,"key":"SMITH"}],"circlet_count":0,"master_deck":["Moonworks:Strike","Moonworks:Defend","Moonworks:Ambush+1","Moonworks:LongDistanceShot","Panache","Moonworks:BackdoorTrade+1","Moonworks:TreasureThief","Moonworks:CompletionReward","Moonworks:Poppoformation","Moonworks:EvilSpyWorkPreparation+1","Moonworks:LulusLuckyEgg","Injury","Moonworks:DeployBits+1","Moonworks:LulusLuckyEgg+1","Moonworks:FinalBattle"],"relics":["Moonworks:BrokenBomb","Moonworks:Homemark","Dota2Spire:MagicBottle","Boot","Lee\u0027s Waffle","Toxic Egg 2","trackpad:Trackpad"],"acts_visited":["Exordium","TheCity"],"potions_floor_usage":[16,16,16],"damage_taken":[{"damage":0.0,"enemies":"2 Louse","floor":1.0,"turns":4.0},{"damage":5.0,"enemies":"Jaw Worm","floor":2.0,"turns":4.0},{"damage":1.0,"enemies":"Small Slimes","floor":5.0,"turns":4.0},{"damage":11,"enemies":"3 Louse","floor":8,"turns":3},{"damage":11,"enemies":"Looter","floor":13,"turns":3},{"damage":0,"enemies":"Large Slime","floor":14,"turns":3},{"damage":0,"enemies":"The Guardian","floor":16,"turns":5},{"damage":25,"enemies":"2 Thieves","floor":18,"turns":2}],"seed_played":"2358915875908846480","potions_obtained":[{"floor":2.0,"key":"Weak Potion"},{"floor":5.0,"key":"PowerPotion"},{"floor":13,"key":"Strength Potion"},{"floor":16,"key":"Swift Potion"}],"is_trial":false,"path_per_floor":["M","M","$","?","M","R","?","M","T","R","$","?","M","M","R","B",null,"M"],"character_chosen":"THE_STARBREAKER","items_purchased":["Moonworks:CompletionReward","Lee\u0027s Waffle","Moonworks:LulusLuckyEgg"],"campfire_rested":0,"item_purchase_floors":[3,11,11],"current_hp_per_floor":[42,37,37,37,36,36,36,31,31,31,67,67,56,56,56,67,67,42,42],"gold":148,"neow_bonus":"RANDOM_COLORLESS_2","is_daily":false,"chose_seed":false,"campfire_upgraded":3,"win_rate":0.0,"timestamp":1610218137,"path_taken":["M","M","$","?","M","R","?","?","T","R","$","?","M","M","R","BOSS","M"],"items_purchased_type":["Card","Relic","Card"],"build_version":"2020-12-22","purchased_purges":6,"victory":false,"max_hp_per_floor":[60,60,60,60,60,60,60,60,60,60,67,67,67,67,67,67,67,67,67],"relic_stats":{"Lee\u0027s Waffle":36,"counters":[8,28],"Boot":[20],"obtain_stats":[{"Dota2Spire:MagicBottle":7,"Lee\u0027s Waffle":11,"trackpad:Trackpad":17,"Moonworks:Homemark":0,"DemoMod:GlassGuonStoneRelic":8,"Toxic Egg 2":12,"Boot":9,"Moonworks:BrokenBomb":0},{"Dota2Spire:MagicBottle":3,"Lee\u0027s Waffle":4,"trackpad:Trackpad":7,"Moonworks:Homemark":0,"DemoMod:GlassGuonStoneRelic":4,"Toxic Egg 2":4,"Boot":4,"Moonworks:BrokenBomb":0},{"Dota2Spire:MagicBottle":12,"Lee\u0027s Waffle":15,"trackpad:Trackpad":26,"Moonworks:Homemark":0,"DemoMod:GlassGuonStoneRelic":15,"Toxic Egg 2":15,"Boot":15,"Moonworks:BrokenBomb":0}]},"card_choices":[{"not_picked":["Mayhem","The Bomb"],"picked":"Panache","floor":0.0},{"not_picked":["Moonworks:ImOnFire","Moonworks:CloudOfSeagulls"],"picked":"Moonworks:BackdoorTrade","floor":1.0},{"not_picked":["Moonworks:DeployBits","Moonworks:Poppoformation"],"picked":"Moonworks:TreasureThief","floor":2.0},{"not_picked":["Moonworks:CloudOfSeagulls","Moonworks:ScrambledEve"],"picked":"Moonworks:Poppoformation","floor":5.0},{"not_picked":["Moonworks:IntelligenceOfficer","Moonworks:ImOnFire"],"picked":"Moonworks:EvilSpyWorkPreparation","floor":8},{"not_picked":["Moonworks:NicePresent+1","Moonworks:ImmovableObject+1"],"picked":"Moonworks:DeployBits+1","floor":13},{"not_picked":["Moonworks:Heat300Percent+1","Moonworks:CloudOfSeagulls"],"picked":"Moonworks:LulusLuckyEgg+1","floor":14},{"not_picked":["Moonworks:MeltingMemories","Moonworks:StarBlastingFuse+1"],"picked":"Moonworks:FinalBattle","floor":16}],"player_experience":116626,"relics_obtained":[{"floor":7.0,"key":"Dota2Spire:MagicBottle"},{"floor":9,"key":"Boot"}],"event_choices":[{"damage_healed":0.0,"max_hp_gain":0.0,"max_hp_loss":0.0,"gold_gain":0.0,"event_name":"Golden Wing","player_choice":"Ignored","floor":4.0,"gold_loss":0.0,"damage_taken":0.0}],"is_beta":false,"boss_relics":[{"not_picked":["Hololive_Finger","Tiny House"],"picked":"trackpad:Trackpad"}],"items_purged_floors":[3,3,3,3,11,11],"is_endless":false,"potions_floor_spawned":[2,5,13,16],"killed_by":"2 Thieves","ascension_level":0}}