{"host":"1ji5b8jeyk5v3v7b","time":1610209756,"event":{"mods":["AchievementEnabler","BaseMod","Better Note","BetterRewards","Card Forge","Colored Map","Colored Powertips","DeckTracker","Downfall","Energized Spire","Hermit","Jorbs\u0027s Wanderer Trilogy","KinomotoSakuraMod(ñÿîVñ{?)","MarisaÅiñ∂âJÅ@ñÇóùçπÅj","Minty Spire (QoL Compilation)","Permanent Neow","Quick Restart","Rare Cards Sparkle","Replay The Spire","StSLib","Synergy Search","The Alterego","The Bug Knight","The Construct","The Cursed","The Hierophant","The Necromancer","The Runesmith","The Senshi","The Servant 0.9.4","UnlockEverythingMod"],"gold_per_floor":[109,125,400,415,430,430,430,442,442,455,473,473,377,389,389,490,490,502,502,502,502,516,516,559,574,574,603,603,618,628,641,641,745,745,755,771,48,74,12,12,12,12,38,38,53,53,53,65,65,65],"floor_reached":51,"playtime":3222,"items_purged":["Decay"],"score":1013,"play_id":"ef46f6fe-8a9a-46fd-848c-0cd7c00819e7","local_time":"20210109172916","is_ascension_mode":false,"campfire_choices":[{"floor":6,"key":"REST"},{"data":"hermit:Glare","floor":12,"key":"SMITH"},{"floor":15,"key":"DIG"},{"floor":23,"key":"REST"},{"floor":28,"key":"REST"},{"data":"hermit:Headshot","floor":32,"key":"SMITH"},{"data":"hermit:HighNoon","floor":40,"key":"SMITH"},{"data":"hermit:GoldenBullet","floor":46,"key":"SMITH"},{"data":"hermit:Strike_Hermit","floor":49,"key":"SMITH"}],"circlet_count":0,"master_deck":["hermit:Strike_Hermit+3","hermit:Strike_Hermit","hermit:Strike_Hermit","hermit:Strike_Hermit","hermit:Defend_Hermit","hermit:Defend_Hermit","hermit:Defend_Hermit","hermit:Defend_Hermit","hermit:Snapshot+1","hermit:Covet+1","hermit:Shortfuse+1","hermit:Glare+1","Regret","hermit:Ricochet+1","hermit:Headshot+1","hermit:ItchyTrigger+1","hermit:TakeCover+1","hermit:HighCaliber+1","hermit:Glare+1","hermit:DeadOrAlive+1","ReplayTheSpireMod:Restless Dread","hermit:Midnight+1","hermit:RoundhouseKick+1","hermit:LuckOfTheDraw+1","Hallucinations","hermit:Ricochet+1","hermit:Desperado+1","hermit:WideOpen+1","hermit:Deadeye+1","hermit:HoleUp+1","hermit:Roulette+1","hermit:ShadowCloak+1","hermit:HighNoon+1","hermit:PistolWhip+1","hermit:Dive+1","hermit:BigShot+1","hermit:EyeOfTheStorm+1","hermit:GoldenBullet+1","hermit:Roulette+1","hermit:Grudge+1","Flash of Steel+1","Writhe","Pot Of Greed+1","Pot Of Greed+1","Pot Of Greed+1","Pot Of Greed+1","hermit:BigShot+1","hermit:Misfire"],"relics":["hermit:Momento","Hammer of Thor","Seething Fire","Anvil of the Gods","Simple Rune","Chameleon Ring","ReplayTheSpireMod:CursedCoin","Vajra","hermit:DentedPlate","ReplayTheSpireMod:Ring of Collecting","Ring of Misfortune","Red Mask","StoneCalendar","Ring of Panic","The Courier","energizedSpire:OgreHead","Replay:Towering Pillar of Hats","theSenshi:FeatherClipsRelic","TheAbacus","Ring of Fury","Grinning Jar","Mark of the Bloom"],"acts_visited":["Exordium","TheCity","TheBeyond"],"potions_floor_usage":[16,16,27,33,50],"damage_taken":[{"damage":5,"enemies":"Cultist","floor":1,"turns":4},{"damage":0,"enemies":"Jaw Worm","floor":2,"turns":1},{"damage":6,"enemies":"2 Louse","floor":4,"turns":3},{"damage":17,"enemies":"Exordium Thugs","floor":5,"turns":4},{"damage":2,"enemies":"3 Louse","floor":8,"turns":2},{"damage":1,"enemies":"2 Fungi Beasts","floor":10,"turns":3},{"damage":0,"enemies":"Exordium Thugs","floor":11,"turns":3},{"damage":14,"enemies":"Exordium Wildlife","floor":14,"turns":4},{"damage":0,"enemies":"Slime Boss","floor":16,"turns":6},{"damage":33,"enemies":"2 Thieves","floor":18,"turns":4},{"damage":1,"enemies":"Chosen","floor":22,"turns":3},{"damage":0,"enemies":"Masked Bandits","floor":24,"turns":2},{"damage":0,"enemies":"3 Cultists","floor":25,"turns":4},{"damage":34,"enemies":"Replay:Snechameleon","floor":27,"turns":7},{"damage":0,"enemies":"Snecko","floor":29,"turns":4},{"damage":23,"enemies":"Centurion and Healer","floor":30,"turns":5},{"damage":6,"enemies":"Cultist and Chosen","floor":31,"turns":3},{"damage":9,"enemies":"Pondfish","floor":33,"turns":7},{"damage":11,"enemies":"Orb Walker","floor":35,"turns":2},{"damage":18,"enemies":"3 Shapes","floor":36,"turns":4},{"damage":14,"enemies":"Spire Growth","floor":38,"turns":4},{"damage":16,"enemies":"4 Shapes","floor":45,"turns":4},{"damage":4,"enemies":"Jaw Worm Horde","floor":48,"turns":2},{"damage":12,"enemies":"Awakened One","floor":50,"turns":6}],"seed_played":"-3110542495683455393","potions_obtained":[{"floor":2,"key":"Strength Potion"},{"floor":5,"key":"hermit:BlackBile"},{"floor":8,"key":"Fire Potion"},{"floor":10,"key":"hermit:Eclipse"},{"floor":27,"key":"Languid Potion"},{"floor":30,"key":"Reflective Coating"},{"floor":33,"key":"LiquidBronze"},{"floor":36,"key":"Reflective Coating"},{"floor":48,"key":"Weak Potion"}],"is_trial":false,"path_per_floor":["M","M","?","M","M","R","?","M","T","M","M","R","$","M","R_BF","B",null,"M","?","?","?","M","R","?","M","T","E","R","M","M","M","R","B",null,"M","M","$","M","$","R","?","?","T","$","M","R","?","M","R","B",null],"character_chosen":"HERMIT","items_purchased":["hermit:Glare+1","hermit:DeadOrAlive","ReplayTheSpireMod:CursedCoin","hermit:BigShot","hermit:EyeOfTheStorm","hermit:GoldenBullet","Replay:Towering Pillar of Hats","theSenshi:FeatherClipsRelic","TheAbacus","hermit:Grudge"],"campfire_rested":3,"item_purchase_floors":[13,13,13,37,37,37,37,37,37,39],"current_hp_per_floor":[70,70,70,64,47,69,69,67,67,66,66,66,66,52,52,52,84,51,51,51,51,50,82,82,82,82,48,80,80,57,51,51,107,107,96,78,78,70,70,70,70,97,97,97,87,87,87,107,107,107],"gold":65,"neow_bonus":"RANDOM_COMMON_RELIC","is_daily":false,"chose_seed":false,"campfire_upgraded":5,"win_rate":0.0,"timestamp":1610209756,"path_taken":["M","M","?","M","?","R","?","?","T","M","M","R","$","M","R_BF","BOSS","M","?","?","?","?","R","?","M","T","E","R","M","M","M","R","BOSS","M","M","$","M","$","R","?","?","T","$","M","R","?","M","R","BOSS"],"items_purchased_type":["Card","Card","Relic","Card","Card","Card","Relic","Relic","Relic","Card"],"build_version":"2020-12-22","purchased_purges":1,"victory":true,"max_hp_per_floor":[75,75,75,75,75,75,75,75,75,75,75,75,75,75,75,75,107,107,107,107,107,107,107,107,107,107,107,107,107,107,107,107,107,107,107,107,107,107,107,107,107,107,107,107,107,107,107,107,107,107],"card_choices":[{"not_picked":["hermit:BodyArmor","hermit:Desperado"],"picked":"hermit:Shortfuse","floor":1},{"not_picked":["hermit:Feint","hermit:Horror"],"picked":"hermit:Glare","floor":2},{"not_picked":["hermit:Adapt","hermit:Gestalt"],"picked":"hermit:Ricochet","floor":4},{"not_picked":["hermit:Roulette","hermit:WideOpen"],"picked":"hermit:Headshot","floor":5},{"not_picked":["hermit:Vantage","hermit:Headshot"],"picked":"hermit:ItchyTrigger","floor":8},{"not_picked":["hermit:Snipe","hermit:Scavenge"],"picked":"hermit:TakeCover","floor":10},{"not_picked":["hermit:Manifest","hermit:FullyLoaded"],"picked":"hermit:HighCaliber","floor":11},{"not_picked":["hermit:Brawl","hermit:Desperado"],"picked":"hermit:Midnight","floor":14},{"not_picked":["hermit:HeroicBravado","hermit:Adapt"],"picked":"hermit:RoundhouseKick","floor":16},{"not_picked":["hermit:HoleUp","hermit:Showdown"],"picked":"hermit:LuckOfTheDraw+1","floor":18},{"not_picked":["hermit:Coalescence","hermit:Glare"],"picked":"hermit:Ricochet+1","floor":22},{"not_picked":["hermit:Brawl","hermit:LowProfile"],"picked":"hermit:Desperado+1","floor":24},{"not_picked":["hermit:Coalescence","hermit:LuckOfTheDraw+1"],"picked":"hermit:WideOpen","floor":25},{"not_picked":["hermit:TrackingShot","hermit:Maintenance"],"picked":"hermit:Deadeye","floor":27},{"not_picked":["hermit:Roulette","hermit:CalledShot"],"picked":"hermit:HoleUp","floor":29},{"not_picked":["hermit:Desperado","hermit:Manifest"],"picked":"hermit:Roulette+1","floor":30},{"not_picked":["hermit:Dive","hermit:ItchyTrigger"],"picked":"hermit:ShadowCloak","floor":31},{"not_picked":["hermit:OverwhelmingPower","hermit:DeadOrAlive"],"picked":"hermit:HighNoon","floor":33},{"not_picked":["hermit:Headshot","hermit:Manifest"],"picked":"hermit:PistolWhip+1","floor":35},{"not_picked":["hermit:Midnight","hermit:HoleUp"],"picked":"hermit:Dive","floor":36},{"not_picked":["hermit:LowProfile+1","hermit:Headshot"],"picked":"hermit:Roulette","floor":38},{"not_picked":["Panacea","expansioncontent:Chronoboost"],"picked":"Flash of Steel","floor":41},{"not_picked":["hermit:LowProfile+1","hermit:Glare+1"],"picked":"hermit:BigShot+1","floor":45},{"not_picked":["hermit:PistolWhip+1","hermit:Dive"],"picked":"hermit:Misfire","floor":48}],"player_experience":6580,"relics_obtained":[{"floor":9,"key":"Chameleon Ring"},{"floor":15,"key":"Vajra"},{"floor":20,"key":"ReplayTheSpireMod:Ring of Collecting"},{"floor":20,"key":"Ring of Misfortune"},{"floor":24,"key":"Red Mask"},{"floor":26,"key":"StoneCalendar"},{"floor":26,"key":"Ring of Panic"},{"floor":27,"key":"The Courier"},{"floor":43,"key":"Ring of Fury"},{"floor":43,"key":"Grinning Jar"}],"event_choices":[{"damage_healed":0,"gold_gain":275,"player_choice":"Desecrate","damage_taken":0,"max_hp_gain":0,"max_hp_loss":0,"event_name":"Golden Shrine","floor":3,"gold_loss":0,"cards_obtained":["Regret"]},{"damage_healed":0,"gold_gain":0,"player_choice":"Cursed","damage_taken":0,"max_hp_gain":0,"max_hp_loss":0,"event_name":"Wheel of Change","floor":7,"gold_loss":0,"cards_obtained":["Decay"]},{"cards_removed":["hermit:LuckOfTheDraw"],"damage_healed":0,"gold_gain":0,"player_choice":"Give","damage_taken":0,"max_hp_gain":0,"max_hp_loss":0,"event_name":"betterNote:BetterNote","floor":19,"gold_loss":0,"cards_obtained":["Defend_W"]},{"damage_healed":0,"gold_gain":0,"player_choice":"Simplicity","damage_taken":0,"max_hp_gain":0,"max_hp_loss":0,"event_name":"Back to Basics","floor":21,"gold_loss":0,"cards_upgraded":["hermit:Strike_Hermit","hermit:Strike_Hermit","hermit:Strike_Hermit","hermit:Strike_Hermit","hermit:Defend_Hermit","hermit:Defend_Hermit","hermit:Defend_Hermit","hermit:Defend_Hermit"]},{"damage_healed":0,"gold_gain":0,"player_choice":"Fought Bandits","damage_taken":0,"max_hp_gain":0,"max_hp_loss":0,"event_name":"Masked Bandits","floor":24,"gold_loss":0},{"damage_healed":0,"gold_gain":0,"player_choice":"Memory 1","damage_taken":0,"max_hp_gain":0,"max_hp_loss":0,"event_name":"SensoryStone","floor":41,"gold_loss":0},{"damage_healed":27,"gold_gain":0,"player_choice":"Writhe","damage_taken":0,"max_hp_gain":0,"max_hp_loss":0,"event_name":"Winding Halls","floor":42,"gold_loss":0,"cards_obtained":["Writhe"]},{"damage_healed":0,"gold_gain":0,"player_choice":"Upgrade","damage_taken":0,"relics_obtained":["Mark of the Bloom"],"max_hp_gain":0,"max_hp_loss":0,"event_name":"MindBloom","floor":47,"gold_loss":0,"cards_upgraded":["hermit:Strike_Hermit","hermit:Strike_Hermit","hermit:Strike_Hermit","hermit:Strike_Hermit","hermit:Defend_Hermit","hermit:Defend_Hermit","hermit:Defend_Hermit","hermit:Defend_Hermit","hermit:Snapshot","hermit:Covet","hermit:Shortfuse","hermit:Ricochet","hermit:ItchyTrigger","hermit:TakeCover","hermit:HighCaliber","hermit:DeadOrAlive","hermit:Midnight","hermit:RoundhouseKick","hermit:WideOpen","hermit:Deadeye","hermit:HoleUp","hermit:ShadowCloak","hermit:Dive","hermit:BigShot","hermit:EyeOfTheStorm","hermit:Roulette","hermit:Grudge","Flash of Steel","Pot Of Greed","Pot Of Greed","Pot Of Greed","Pot Of Greed"]}],"is_beta":false,"boss_relics":[{"not_picked":["Cursed Key","Ectoplasm"],"picked":"hermit:DentedPlate"},{"not_picked":["Astrolabe","Kintsugi"],"picked":"energizedSpire:OgreHead"}],"items_purged_floors":[13],"is_endless":false,"potions_floor_spawned":[2,5,8,10,27,30,33,36,38,48],"ascension_level":0}}