{"host":"og6lam4kt3nibbw0","time":1610210473,"event":{"mods":["AchievementEnabler","BaseMod","Colored Map","DeckTracker","Highlight Path","Keyboard Shortcuts","Minty Spire (QoL Compilation)","Permanent Neow","Quick Restart","StSLib","SuperFastMode"],"gold_per_floor":[109,126,126,126,145,145,145,165,191,191,71,71,90,104,104,104,104],"floor_reached":16,"playtime":308,"items_purged":[],"score":184,"play_id":"fd687d1b-ea68-41ae-a6d3-3bd97f212a6f","local_time":"20210110014113","is_ascension_mode":true,"campfire_choices":[{"data":"Chaos","floor":6.0,"key":"SMITH"},{"floor":10.0,"key":"REST"},{"data":"Sunder","floor":12.0,"key":"SMITH"},{"data":"Static Discharge","floor":15.0,"key":"SMITH"}],"circlet_count":0,"master_deck":["AscendersBane","Strike_B","Strike_B","Strike_B","Defend_B","Defend_B","Defend_B","Defend_B","Zap","Dualcast","Electrodynamics","Darkness","Genetic Algorithm","Chaos+1","Chill","Sunder+1","Static Discharge+1","Leap","Compile Driver"],"relics":["Cracked Core","Golden Idol","Omamori"],"acts_visited":["Exordium"],"potions_floor_usage":[16,16],"damage_taken":[{"damage":12.0,"enemies":"Jaw Worm","floor":1.0,"turns":3.0},{"damage":5.0,"enemies":"Small Slimes","floor":2.0,"turns":4.0},{"damage":1.0,"enemies":"Cultist","floor":5.0,"turns":3.0},{"damage":12.0,"enemies":"Red Slaver","floor":8.0,"turns":3.0},{"damage":6.0,"enemies":"3 Louse","floor":13.0,"turns":3.0},{"damage":0.0,"enemies":"2 Fungi Beasts","floor":14.0,"turns":3.0},{"damage":25,"enemies":"The Guardian","floor":16,"turns":5}],"seed_played":"-7719459754748369685","potions_obtained":[{"floor":1.0,"key":"SpeedPotion"},{"floor":5.0,"key":"AttackPotion"},{"floor":8.0,"key":"Block Potion"},{"floor":14.0,"key":"AttackPotion"}],"is_trial":false,"path_per_floor":["M","M","?","?","M","R","?","M","T","R","$","R","M","M","R","B"],"character_chosen":"DEFECT","items_purchased":["Sunder","Static Discharge"],"campfire_rested":1,"item_purchase_floors":[11,11],"current_hp_per_floor":[34,29,29,22,21,21,21,9,9,28,28,28,22,22,22,0,0],"gold":104,"neow_bonus":"THREE_RARE_CARDS","is_daily":false,"chose_seed":false,"campfire_upgraded":3,"win_rate":0.0,"timestamp":1610210473,"path_taken":["M","M","?","?","M","R","?","?","T","R","?","R","M","?","R","BOSS"],"items_purchased_type":["Card","Card"],"build_version":"2020-12-22","purchased_purges":0,"victory":false,"max_hp_per_floor":[71,71,71,71,71,71,64,64,64,64,64,64,64,64,64,64,64],"card_choices":[{"not_picked":["Creative AI","Buffer"],"picked":"Electrodynamics","floor":0.0},{"not_picked":["Auto Shields","Gash"],"picked":"Darkness","floor":1.0},{"not_picked":["Skim","Darkness"],"picked":"Genetic Algorithm","floor":2.0},{"not_picked":["Scrape","Rebound"],"picked":"Chaos","floor":5.0},{"not_picked":["Chaos","Recycle"],"picked":"Chill","floor":8.0},{"not_picked":["Reprogram","Beam Cell"],"picked":"Leap","floor":13.0},{"not_picked":["Redo","Chill"],"picked":"Compile Driver","floor":14.0}],"player_experience":836839,"relics_obtained":[{"floor":9.0,"key":"Omamori"}],"event_choices":[{"damage_healed":0.0,"max_hp_gain":0.0,"max_hp_loss":0.0,"gold_gain":0.0,"event_name":"Liars Game","player_choice":"Ignored","floor":3.0,"gold_loss":0.0,"damage_taken":0.0},{"cards_removed":["Strike_B"],"damage_healed":0.0,"max_hp_gain":0.0,"max_hp_loss":0.0,"gold_gain":0.0,"event_name":"Golden Wing","player_choice":"Card Removal","floor":4.0,"gold_loss":0.0,"damage_taken":7.0},{"damage_healed":0.0,"max_hp_gain":0.0,"max_hp_loss":7.0,"gold_gain":0.0,"event_name":"Golden Idol","player_choice":"Lose Max HP","floor":7.0,"gold_loss":0.0,"damage_taken":0.0,"relics_obtained":["Golden Idol"]}],"is_beta":false,"boss_relics":[],"items_purged_floors":[],"is_endless":false,"potions_floor_spawned":[1,5,8,14],"killed_by":"The Guardian","ascension_level":20}}