{"host":"1a3cjta80tad0aqj","time":1610189826,"event":{"mods":["2.2 Compatiblity","AchievementEnabler","BaseMod","Colored Map","DeckTracker","KOR Keyword Fix","Keyboard Shortcuts","Minty Spire (QoL Compilation)","Permanent Neow","Quick Restart","Random Character Button","StSLib","SuperFastMode","everything is the same but u backflip on backflip"],"gold_per_floor":[112,37,47,47,65,100,100,110,110,124,134,151,51,86,86,188,188,203,78,78,78,78,78,96,96,96,96,115,151,1,1,1,99,99,112,131,144,72,72,122,122,122],"floor_reached":41,"playtime":1940,"items_purged":["Defend_P","Strike_P","Defend_P","Strike_P"],"score":403,"play_id":"cbd8050e-c0de-48da-8af2-ffbc347bd289","local_time":"20210109195706","is_ascension_mode":false,"campfire_choices":[{"data":"Eruption","floor":7.0,"key":"SMITH"},{"data":"BattleHymn","floor":15.0,"key":"SMITH"},{"data":"Blasphemy","floor":23,"key":"SMITH"},{"data":"Wallop","floor":25,"key":"SMITH"},{"data":"SashWhip","floor":27,"key":"SMITH"},{"floor":32,"key":"REST"}],"circlet_count":0,"master_deck":["Defend_P","Defend_P","Eruption+1","Vigilance","BattleHymn+1","SashWhip+1","ClearTheMind","TalkToTheHand","Wallop+1","Blasphemy+1","Wish","ForeignInfluence","Halt","WheelKick+1","FlurryOfBlows","Tantrum+1"],"relics":["Cursed Key"],"acts_visited":["Exordium","TheCity","TheBeyond"],"potions_floor_usage":[33],"damage_taken":[{"damage":0.0,"enemies":"Jaw Worm","floor":1.0,"turns":4.0},{"damage":0.0,"enemies":"Cultist","floor":3.0,"turns":2.0},{"damage":0.0,"enemies":"2 Louse","floor":5.0,"turns":2.0},{"damage":5.0,"enemies":"3 Sentries","floor":6.0,"turns":6.0},{"damage":12.0,"enemies":"Exordium Thugs","floor":8.0,"turns":4.0},{"damage":0.0,"enemies":"Exordium Wildlife","floor":10.0,"turns":2.0},{"damage":0.0,"enemies":"Blue Slaver","floor":11.0,"turns":3.0},{"damage":0.0,"enemies":"2 Fungi Beasts","floor":12.0,"turns":2.0},{"damage":6.0,"enemies":"Gremlin Nob","floor":14.0,"turns":3.0},{"damage":16.0,"enemies":"Hexaghost","floor":16.0,"turns":8.0},{"damage":11,"enemies":"Spheric Guardian","floor":18,"turns":4},{"damage":15,"enemies":"2 Thieves","floor":24,"turns":3},{"damage":4,"enemies":"Centurion and Healer","floor":28,"turns":3},{"damage":7,"enemies":"3 Cultists","floor":29,"turns":3},{"damage":15,"enemies":"Collector","floor":33,"turns":5},{"damage":33,"enemies":"3 Darklings","floor":35,"turns":3},{"damage":2,"enemies":"Orb Walker","floor":36,"turns":3},{"damage":19,"enemies":"4 Shapes","floor":37,"turns":5},{"damage":3,"enemies":"Mind Bloom Boss Battle","floor":40,"turns":5},{"damage":100010,"enemies":"Spire Growth","floor":41,"turns":3}],"seed_played":"123786513828148","potions_obtained":[{"floor":1.0,"key":"GamblersBrew"},{"floor":6.0,"key":"EssenceOfSteel"},{"floor":10.0,"key":"Block Potion"},{"floor":11.0,"key":"EssenceOfSteel"},{"floor":16.0,"key":"SteroidPotion"},{"floor":24,"key":"Explosive Potion"},{"floor":28,"key":"StancePotion"},{"floor":33,"key":"SkillPotion"}],"is_trial":false,"path_per_floor":["M","$","M","?","M","E","R","M","T","M","M","M","$","E","R","B",null,"M","$","?","T","$","R","M","R","T","R","M","M","$","T","R","B",null,"M","M","M","$","?","?","M"],"character_chosen":"WATCHER","items_purchased":["Regen Potion"],"campfire_rested":1,"item_purchase_floors":[38],"current_hp_per_floor":[72,72,72,72,72,67,67,55,55,55,55,55,55,49,49,33,72,61,61,61,61,61,61,46,46,46,46,42,35,35,35,56,41,72,39,37,18,18,18,15,0,0],"gold":122,"neow_bonus":"BOSS_RELIC","is_daily":false,"chose_seed":true,"campfire_upgraded":5,"win_rate":0.0,"timestamp":1610189826,"path_taken":["M","$","M","?","M","E","R","M","T","?","M","M","$","E","R","BOSS","M","$","?","?","?","R","M","R","T","R","M","M","$","?","R","BOSS","M","M","M","$","?","?","M"],"items_purchased_type":["Potion"],"build_version":"2020-12-22","purchased_purges":4,"victory":false,"max_hp_per_floor":[72,72,72,72,72,72,72,72,72,72,72,72,72,72,72,72,72,72,72,72,72,72,72,72,72,72,72,72,72,72,72,72,72,72,72,72,72,72,72,72,72,72],"card_choices":[{"not_picked":["WindmillStrike","Sanctity","FlyingSleeves"],"picked":"SKIP","floor":1.0},{"not_picked":["Evaluate","EmptyMind","Consecrate"],"picked":"SKIP","floor":3.0},{"not_picked":["CrushJoints","Nirvana"],"picked":"BattleHymn","floor":5.0},{"not_picked":["Consecrate","ThirdEye"],"picked":"SashWhip","floor":6.0},{"not_picked":["WheelKick","ThirdEye"],"picked":"ClearTheMind","floor":8.0},{"not_picked":["Crescendo","WindmillStrike","Swivel"],"picked":"SKIP","floor":10.0},{"not_picked":["PathToVictory","Evaluate"],"picked":"TalkToTheHand","floor":11.0},{"not_picked":["TalkToTheHand","Ragnarok"],"picked":"Wallop","floor":12.0},{"not_picked":["EmptyFist","SashWhip","FlyingSleeves"],"picked":"SKIP","floor":14.0},{"not_picked":["Scrawl","Omniscience"],"picked":"Blasphemy","floor":16.0},{"not_picked":["Prostrate","FlyingSleeves+1","SashWhip"],"picked":"SKIP","floor":18},{"not_picked":["EmptyBody","Wireheading"],"picked":"Halt","floor":24},{"not_picked":["SignatureMove","ThirdEye+1"],"picked":"WheelKick+1","floor":28},{"not_picked":["Halt","Wish"],"picked":"FlurryOfBlows","floor":29},{"not_picked":["EmptyBody","EmptyMind+1","CutThroughFate"],"picked":"SKIP","floor":35},{"not_picked":["Meditate","ThirdEye+1","Consecrate+1"],"picked":"SKIP","floor":36},{"not_picked":["WreathOfFlame","FlurryOfBlows+1"],"picked":"Tantrum+1","floor":37}],"player_experience":244713,"relics_obtained":[],"event_choices":[{"damage_healed":0.0,"max_hp_gain":0.0,"max_hp_loss":0.0,"gold_gain":0.0,"event_name":"Match and Keep!","player_choice":"0 cards matched","floor":4.0,"gold_loss":0.0,"damage_taken":0.0,"cards_obtained":[]},{"damage_healed":0,"gold_gain":0,"cards_transformed":["Strike_P","Strike_P"],"player_choice":"Became Test Subject","damage_taken":0,"max_hp_gain":0,"max_hp_loss":0,"event_name":"Drug Dealer","floor":20,"gold_loss":0,"cards_obtained":["Wish","ForeignInfluence"]},{"damage_healed":0,"gold_gain":0,"player_choice":"Ignored","damage_taken":0,"max_hp_gain":0,"max_hp_loss":0,"event_name":"Mysterious Sphere","floor":39,"gold_loss":0},{"damage_healed":0,"gold_gain":0,"player_choice":"Fight","damage_taken":0,"max_hp_gain":0,"max_hp_loss":0,"event_name":"MindBloom","floor":40,"gold_loss":0}],"is_beta":false,"boss_relics":[{"not_picked":[]},{"not_picked":[]}],"items_purged_floors":[2,13,19,30],"is_endless":false,"potions_floor_spawned":[1,6,10,11,16,24,28,33,37],"killed_by":"Spire Growth","ascension_level":0}}