{"host":"ds1yr10zonoc6w4a","time":1610150559,"event":{"mods":["BaseMod","Better Match","Better Third Choice","BetterRewards","Minty Spire (QoL Compilation)","StSLib","The Animator"],"gold_per_floor":[114,114,114,126,126,152,152,184,184,194,210,210,245,395,395,484,484,526,526,43,55,105,139,139,139,139,139,168,43,76,0,0,76,76,103,114,114,114,130,130,155,155,155],"floor_reached":42,"playtime":15180,"items_purged":["animator:Strike","animator:Defend","animator:Strike"],"score":1280,"play_id":"612dde94-c997-44c9-9f59-184e22124feb","local_time":"20210108170239","is_ascension_mode":true,"campfire_choices":[{"data":"animator:Emilia","floor":7,"key":"SMITH"},{"data":"animator:ElricAlphonse","floor":12,"key":"SMITH"},{"data":"animator:Aisha","floor":15,"key":"SMITH"},{"floor":24,"key":"RECALL"},{"data":"animator:Laby","floor":32,"key":"SMITH"},{"data":"animator:Kaijin","floor":40,"key":"SMITH"}],"circlet_count":0,"master_deck":["AscendersBane","animator:Strike_FullmetalAlchemist+1","animator:Defend+1","animator:Defend+1","animator:ElricEdward","animator:ElricAlphonse+1","animator:Emilia+1","animator:Urushihara","animator:Caster","animator:Chung","animator:Megumin+9","animator:Benimaru","animator:Chung","animator:Boros","animator:Sloth","animator:Tatsumaki+1","animator:MaesHughes+1","animator:Scar","animator:YuiTsuruno","animator:Gluttony","animator:Aisha+1","Doubt","animator:Saitama","animator:Pride","animator:ElricAlphonse","animator:Ain","animator:HinaKagiyama","animator:Curse_Dizziness","animator:Aisha","animator:RoyMustang","animator:Laby+1","animator:Envy","animator:RinTohsaka","animator:Kaijin+1","animator:HigakiRinne","animator:Rimuru","animator:Geryuganshoop"],"relics":["animator:LivingPicture","animator:TheMissingPiece","animator:PurgingStone","Potion Belt","Orrery","Incense Burner","Blood Vial","Dead Branch","War Paint","SlaversCollar","Strange Spoon","Happy Flower","Darkstone Periapt","White Beast Statue","MealTicket","Letter Opener","animator:CursedBlade","Toy Ornithopter"],"acts_visited":["Exordium","TheCity","TheBeyond"],"potions_floor_usage":[16,16,18,21,23,28,30,35,36,39,39,41],"damage_taken":[{"damage":7,"enemies":"Jaw Worm","floor":1,"turns":4},{"damage":9,"enemies":"Small Slimes","floor":4,"turns":3},{"damage":2,"enemies":"Lagavulin","floor":6,"turns":6},{"damage":0,"enemies":"2 Louse","floor":8,"turns":2},{"damage":7,"enemies":"Gremlin Gang","floor":10,"turns":6},{"damage":4,"enemies":"3 Louse","floor":11,"turns":3},{"damage":1,"enemies":"Gremlin Nob","floor":13,"turns":4},{"damage":2,"enemies":"Hexaghost","floor":16,"turns":7},{"damage":18,"enemies":"Spheric Guardian","floor":18,"turns":7},{"damage":11,"enemies":"3 Byrds","floor":21,"turns":4},{"damage":10,"enemies":"Slavers","floor":23,"turns":6},{"damage":0,"enemies":"Book of Stabbing","floor":28,"turns":4},{"damage":38,"enemies":"Gremlin Leader","floor":30,"turns":7},{"damage":37,"enemies":"Collector","floor":33,"turns":7},{"damage":6,"enemies":"3 Darklings","floor":35,"turns":4},{"damage":3,"enemies":"Orb Walker","floor":36,"turns":4},{"damage":0,"enemies":"Jaw Worm Horde","floor":39,"turns":2},{"damage":49,"enemies":"Reptomancer","floor":41,"turns":4},{"damage":39,"enemies":"3 Darklings","floor":42,"turns":3}],"seed_played":"3574216451392552615","potions_obtained":[{"floor":6,"key":"BlessingOfTheForge"},{"floor":8,"key":"PowerPotion"},{"floor":11,"key":"Weak Potion"},{"floor":16,"key":"PowerPotion"},{"floor":18,"key":"Weak Potion"},{"floor":23,"key":"ColorlessPotion"},{"floor":28,"key":"DuplicationPotion"},{"floor":30,"key":"Dexterity Potion"},{"floor":33,"key":"Block Potion"},{"floor":35,"key":"Fruit Juice"},{"floor":36,"key":"DistilledChaos"},{"floor":39,"key":"Regen Potion"},{"floor":41,"key":"SteroidPotion"}],"is_trial":false,"path_per_floor":["M","?","?","M","?","E","R","M","T","M","M","R","E","?","R","B",null,"M","?","$","M","?","E","R","T","T","?","E","$","E","$","R","B",null,"M","M","?","?","M","R","E","M"],"character_chosen":"THE_ANIMATOR","items_purchased":["animator:Emilia","animator:Urushihara","animator:Caster","animator:Chung","animator:Megumin","animator:Benimaru","Potion Belt","Orrery","animator:ElricAlphonse","Strange Spoon","Happy Flower","animator:Laby"],"campfire_rested":0,"item_purchase_floors":[0,0,0,0,0,0,0,0,20,20,20,31],"current_hp_per_floor":[40,40,40,32,13,17,17,19,19,20,19,19,29,29,29,35,56,45,45,45,46,46,48,48,48,48,54,63,69,39,54,54,29,61,61,70,58,58,64,64,35,0,0],"gold":155,"neow_bonus":"","is_daily":false,"chose_seed":false,"campfire_upgraded":5,"win_rate":0.0,"timestamp":1610150559,"path_taken":["M","?","?","M","?","E","R","?","T","M","M","R","E","?","R","BOSS","M","?","$","M","?","E","R","?","T","?","E","$","E","?","R","BOSS","M","?","?","?","M","R","E","M"],"items_purchased_type":["Card","Card","Card","Card","Card","Card","Relic","Relic","Card","Relic","Relic","Card"],"build_version":"2020-12-22","purchased_purges":3,"victory":false,"max_hp_per_floor":[61,61,61,62,62,62,62,62,62,62,63,63,63,63,63,63,63,63,63,63,63,63,63,63,63,63,69,69,69,71,71,71,71,71,71,76,76,76,76,76,77,77,77],"card_choices":[{"not_picked":["animator:Alexander","animator:DolaStephanie"],"picked":"animator:Chung","floor":0},{"not_picked":["animator:DolaStephanie","animator:FielNirvalen"],"picked":"animator:Boros","floor":0},{"not_picked":["animator:Illya","animator:NagisaMomoe"],"picked":"animator:Sloth","floor":0},{"not_picked":["animator:Raven","animator:Darkness"],"picked":"animator:Tatsumaki","floor":1},{"not_picked":["animator:Mitsurugi","animator:Tatsumaki"],"picked":"animator:MaesHughes","floor":4},{"not_picked":["animator:Rider","animator:NagisaMomoe","animator:Guy"],"picked":"SKIP","floor":6},{"not_picked":["animator:Sloth","animator:WinryRockbell"],"picked":"animator:Scar","floor":8},{"not_picked":["animator:NagisaMomoe","animator:KyokoSakura"],"picked":"animator:YuiTsuruno","floor":10},{"not_picked":["animator:Lu","animator:YuiTsuruno"],"picked":"animator:Gluttony","floor":11},{"not_picked":["animator:Melzalgald","animator:Verdia"],"picked":"animator:Aisha","floor":13},{"not_picked":["animator:Wiz","animator:Boros"],"picked":"animator:Saitama","floor":16},{"not_picked":["animator:Sloth","animator:ElricEdward"],"picked":"animator:Pride","floor":18},{"not_picked":["animator:Laby","animator:Darkness","animator:Raven"],"picked":"SKIP","floor":21},{"not_picked":["animator:Guy","animator:DolaRiku"],"picked":"animator:Ain","floor":23},{"not_picked":["animator:DolaRiku","animator:Fredrika"],"picked":"animator:Aisha","floor":28},{"not_picked":["animator:Pride","animator:Scar"],"picked":"animator:RoyMustang","floor":30},{"not_picked":["animator:Elesis","animator:Sora"],"picked":"animator:Envy","floor":33},{"not_picked":["animator:SakuraMatou","animator:Rider"],"picked":"animator:RinTohsaka","floor":35},{"not_picked":["animator:Ain","animator:Aisha"],"picked":"animator:Kaijin","floor":36},{"not_picked":["animator:Alexander","animator:KyokoSakura"],"picked":"animator:Rimuru","floor":39},{"not_picked":["animator:SilverFang","animator:Tatsumaki"],"picked":"animator:Geryuganshoop","floor":41}],"player_experience":697024,"relics_obtained":[{"floor":6,"key":"Blood Vial"},{"floor":9,"key":"Dead Branch"},{"floor":13,"key":"War Paint"},{"floor":23,"key":"Darkstone Periapt"},{"floor":26,"key":"White Beast Statue"},{"floor":28,"key":"MealTicket"},{"floor":30,"key":"Letter Opener"},{"floor":41,"key":"Toy Ornithopter"}],"event_choices":[{"cards_removed":["animator:Strike"],"damage_healed":0,"gold_gain":0,"player_choice":"Forget","damage_taken":0,"max_hp_gain":0,"max_hp_loss":0,"event_name":"Living Wall","floor":2,"gold_loss":0},{"damage_healed":0,"gold_gain":0,"player_choice":"Ignored","damage_taken":0,"max_hp_gain":0,"max_hp_loss":0,"event_name":"Golden Idol","floor":3,"gold_loss":0},{"damage_healed":32,"gold_gain":0,"player_choice":"Upgrade","damage_taken":19,"max_hp_gain":0,"max_hp_loss":62,"event_name":"betterThird:BetterShining","floor":5,"gold_loss":0,"cards_upgraded":["animator:MaesHughes","animator:Tatsumaki"]},{"damage_healed":0,"gold_gain":150,"player_choice":"AGREE","damage_taken":245,"max_hp_gain":0,"max_hp_loss":0,"event_name":"betterThird:BetterSerpent","floor":14,"gold_loss":0},{"damage_healed":0,"gold_gain":0,"player_choice":"Ignored","damage_taken":0,"max_hp_gain":0,"max_hp_loss":0,"event_name":"Vampires","floor":19,"gold_loss":0},{"damage_healed":0,"gold_gain":50,"player_choice":"Steal","damage_taken":0,"max_hp_gain":0,"max_hp_loss":0,"event_name":"betterThird:BetterNest","floor":22,"gold_loss":0},{"damage_healed":0,"gold_gain":0,"player_choice":"Embrace Madness","damage_taken":12,"max_hp_gain":0,"max_hp_loss":0,"event_name":"Winding Halls","floor":37,"gold_loss":0,"cards_obtained":["animator:HigakiRinne"]},{"cards_removed":["animator:Defend_FullmetalAlchemist"],"damage_healed":0,"gold_gain":0,"player_choice":"Removed Skill","damage_taken":0,"max_hp_gain":0,"max_hp_loss":0,"event_name":"Falling","floor":38,"gold_loss":0}],"is_beta":false,"boss_relics":[{"not_picked":["Empty Cage","Calling Bell"],"picked":"SlaversCollar"},{"not_picked":["Velvet Choker","Runic Dome"],"picked":"animator:CursedBlade"}],"items_purged_floors":[0,20,29],"is_endless":false,"potions_floor_spawned":[6,8,11,16,18,23,28,30,33,35,36,39,41],"killed_by":"3 Darklings","ascension_level":17}}