{"host":"rylkjufw9dlhr07b","time":1610222410,"event":{"mods":["AchievementEnabler","BaseMod","Better Note","BetterRewards","Hubris","Minty Spire (QoL Compilation)","Quick Restart","Replay The Spire","StSLib"],"gold_per_floor":[119,119,294,12,25,25,60,84,84,84,103,103,103,117,117,240,240,263,263,263,263,277,277,291,291,291,323,532,61,160,180,180,279,279,292,292,307,307,327,355,355,486,486,486,265,277,83,183,183,183],"floor_reached":51,"playtime":2781,"items_purged":["Doubt","Injury"],"score":958,"play_id":"658234ce-fc6c-4368-9f45-5cfc484f2984","local_time":"20210109210010","is_ascension_mode":true,"campfire_choices":[{"data":"Zap","floor":6.0,"key":"SMITH"},{"floor":13.0,"key":"REST"},{"floor":15.0,"key":"REST"},{"data":"Dualcast","floor":23.0,"key":"SMITH"},{"data":"ReplayTheSpireMod:Calculation Training","floor":32.0,"key":"SMITH"},{"floor":41,"key":"REST"},{"data":"ReplayTheSpireMod:Calculation Training","floor":49,"key":"SMITH"}],"circlet_count":0,"master_deck":["AscendersBane","Defend_B+1","Defend_B+1","Defend_B+1","Defend_B+1","Zap+1","Dualcast+1","Leap","FIFO Queue","Melter+1","Loop","Glacier","BootSequence","Cold Snap","Leap","All For One","Beam Cell+1","Conserve Battery","Beam Cell+1","Bite","Bite","Bite","Bite","Bite","Static Discharge+1","Rebound","FTL","Chaos","ReplayTheSpireMod:Calculation Training+1","Core Surge","Coolheaded","Secret Technique","hubris:Ukulele","Sweeping Beam","Pot Of Greed","Pot Of Greed","Pot Of Greed","Barrage","ReplayTheSpireMod:Calculation Training+1","Pot Of Greed","ReplayTheSpireMod:Calculation Training+1","Force Field","Ball Lightning","Consume","Blizzard","Ball Lightning"],"relics":["FrozenCore","Bloody Idol","Juzu Bracelet","ReplayTheSpireMod:Ninjato","Letter Opener","hubris:Icosahedron","Inserter","MutagenicStrength","Regal Pillow","Shuriken","Solar Panel","Grinning Jar","Replay:Bottled Flurry","White Beast Statue","Replay:Mystery Machine"],"acts_visited":["Exordium","TheCity","TheBeyond"],"potions_floor_usage":[39,40,42,42],"damage_taken":[{"damage":0.0,"enemies":"2 Louse","floor":1.0,"turns":3.0},{"damage":7.0,"enemies":"Jaw Worm","floor":5.0,"turns":3.0},{"damage":28.0,"enemies":"Gremlin Nob","floor":7.0,"turns":5.0},{"damage":6.0,"enemies":"Cultist","floor":8.0,"turns":5.0},{"damage":0.0,"enemies":"3 Louse","floor":11.0,"turns":1.0},{"damage":2.0,"enemies":"2 Fungi Beasts","floor":14.0,"turns":3.0},{"damage":9.0,"enemies":"The Guardian","floor":16.0,"turns":15.0},{"damage":30.0,"enemies":"3 Byrds","floor":18.0,"turns":6.0},{"damage":0.0,"enemies":"Spheric Guardian","floor":22.0,"turns":2.0},{"damage":12.0,"enemies":"Snake Plant","floor":24.0,"turns":1.0},{"damage":27.0,"enemies":"Slavers","floor":27.0,"turns":6.0},{"damage":17.0,"enemies":"Shelled Parasite and Fungi","floor":31.0,"turns":5.0},{"damage":44.0,"enemies":"Collector","floor":33.0,"turns":11.0},{"damage":14.0,"enemies":"3 Darklings","floor":35.0,"turns":6.0},{"damage":1.0,"enemies":"3 Shapes","floor":37.0,"turns":8.0},{"damage":28,"enemies":"Transient","floor":39,"turns":5},{"damage":42,"enemies":"Giant Head","floor":40,"turns":8},{"damage":32,"enemies":"Reptomancer","floor":42,"turns":8},{"damage":0,"enemies":"Jaw Worm Horde","floor":46,"turns":3},{"damage":38,"enemies":"Replay:Hell Engine","floor":50,"turns":13}],"seed_played":"6816431206201188888","potions_obtained":[{"floor":7.0,"key":"GamblersBrew"},{"floor":8.0,"key":"Explosive Potion"},{"floor":16.0,"key":"Milkshake"},{"floor":22.0,"key":"Strength Potion"},{"floor":27.0,"key":"FearPotion"},{"floor":37.0,"key":"Strength Potion"},{"floor":38.0,"key":"Flashbang"},{"floor":39,"key":"BlessingOfTheForge"},{"floor":40,"key":"EssenceOfSteel"},{"floor":46,"key":"SpeedPotion"}],"is_trial":false,"path_per_floor":["M","?","?","$","M","R","E","M","T","?","M","?","R","M","R","B",null,"M","?","?","?","M","R","M","?","T","E","?","$","?","M","R","B",null,"M","?","M","?","M","E","R","E","T","?","$","M","$","?","R","B",null],"character_chosen":"DEFECT","items_purchased":["Juzu Bracelet","Melter+1","Solar Panel","FTL","Chaos","Replay:Mystery Machine","Force Field","Consume","Blizzard","Ball Lightning"],"campfire_rested":3,"item_purchase_floors":[4,4,29,29,29,45,45,47,47,47],"current_hp_per_floor":[68,68,68,68,61,61,33,27,27,27,27,27,49,47,69,60,71,41,41,41,41,46,46,39,39,39,33,25,25,30,30,30,33,47,52,52,52,52,37,18,48,45,45,45,45,52,52,52,52,36],"gold":183,"neow_bonus":"THREE_CARDS","is_daily":false,"chose_seed":false,"campfire_upgraded":4,"win_rate":0.0,"timestamp":1610222410,"path_taken":["M","?","?","?","M","R","E","M","T","?","M","?","R","M","R","BOSS","M","?","?","?","M","R","M","?","T","E","?","$","?","M","R","BOSS","M","?","M","?","M","E","R","E","T","?","?","M","$","?","R","BOSS"],"items_purchased_type":["Relic","Card","Relic","Card","Card","Relic","Card","Card","Card","Card"],"build_version":"2020-12-22","purchased_purges":2,"victory":true,"max_hp_per_floor":[75,75,75,75,75,75,75,75,75,75,75,75,75,75,75,75,75,75,75,75,75,75,75,75,52,52,52,52,52,52,52,52,52,52,52,52,52,52,52,52,52,52,52,52,52,52,52,52,52,52],"card_choices":[{"not_picked":["Recycle","Sweeping Beam"],"picked":"Leap","floor":0.0},{"not_picked":["Steam","Coolheaded"],"picked":"FIFO Queue","floor":1.0},{"not_picked":["Panic Button","Sweeping Beam"],"picked":"Loop","floor":5.0},{"not_picked":["Rebound","Redo"],"picked":"Glacier","floor":7.0},{"not_picked":["Turbo","Hologram"],"picked":"BootSequence","floor":8.0},{"not_picked":["Recycle","Go for the Eyes"],"picked":"Cold Snap","floor":11.0},{"not_picked":["Gash","Turbo"],"picked":"Leap","floor":14.0},{"not_picked":["Machine Learning","hubris:SpecializedCircuitry"],"picked":"All For One","floor":16.0},{"not_picked":["Coolheaded","Heatsinks"],"picked":"Beam Cell+1","floor":18.0},{"not_picked":["Turbo","Gash+1"],"picked":"Conserve Battery","floor":22.0},{"not_picked":["BasicCrystalCard","Blizzard"],"picked":"Beam Cell+1","floor":24.0},{"not_picked":["Compile Driver","Cold Snap"],"picked":"Static Discharge+1","floor":27.0},{"not_picked":["Hologram+1","Double Energy"],"picked":"Rebound","floor":28.0},{"not_picked":["Panic Button","BootSequence+1"],"picked":"ReplayTheSpireMod:Calculation Training","floor":31.0},{"not_picked":["All For One","Rainbow"],"picked":"Core Surge","floor":33.0},{"not_picked":["Sweeping Beam","Beam Cell"],"picked":"Coolheaded","floor":35.0},{"not_picked":["ReplayTheSpireMod:Trickstab","ReplayTheSpireMod:Uncanny Aura"],"picked":"Secret Technique","floor":36.0},{"not_picked":["Ball Lightning","Aggregate+1"],"picked":"hubris:Ukulele","floor":37.0},{"not_picked":["Reinforced Body","ReplayTheSpireMod:GoodbyeWorld"],"picked":"Sweeping Beam","floor":39},{"not_picked":["Compile Driver+1","Turbo"],"picked":"Barrage","floor":40},{"not_picked":["Steam+1","Loop+1"],"picked":"ReplayTheSpireMod:Calculation Training","floor":42},{"not_picked":["Steam","Gash+1"],"picked":"Ball Lightning","floor":46}],"player_experience":531360,"relics_obtained":[{"floor":7.0,"key":"ReplayTheSpireMod:Ninjato"},{"floor":9.0,"key":"Letter Opener"},{"floor":26.0,"key":"Regal Pillow"},{"floor":27.0,"key":"Shuriken"},{"floor":40,"key":"Grinning Jar"},{"floor":42,"key":"Replay:Bottled Flurry"},{"floor":43,"key":"White Beast Statue"}],"event_choices":[{"damage_healed":0.0,"max_hp_gain":0.0,"max_hp_loss":0.0,"gold_gain":0.0,"event_name":"Golden Idol","player_choice":"Take Wound","floor":2.0,"gold_loss":0.0,"damage_taken":0.0,"relics_obtained":["Golden Idol"],"cards_obtained":["Injury"]},{"damage_healed":0.0,"max_hp_gain":0.0,"max_hp_loss":0.0,"gold_gain":175.0,"event_name":"Liars Game","player_choice":"AGREE","floor":3.0,"gold_loss":0.0,"damage_taken":0.0,"cards_obtained":["Doubt"]},{"cards_removed":["Melter"],"damage_healed":0.0,"max_hp_gain":0.0,"max_hp_loss":0.0,"gold_gain":0.0,"event_name":"betterNote:BetterNote","player_choice":"Give","floor":10.0,"gold_loss":0.0,"damage_taken":0.0,"cards_obtained":["None"]},{"damage_healed":0.0,"max_hp_gain":0.0,"max_hp_loss":0.0,"gold_gain":0.0,"event_name":"Forgotten Altar","player_choice":"Gave Idol","floor":19.0,"relics_lost":["Golden Idol"],"gold_loss":0.0,"damage_taken":0.0,"relics_obtained":["Bloody Idol"]},{"damage_healed":0.0,"max_hp_gain":0.0,"max_hp_loss":0.0,"gold_gain":0.0,"event_name":"Back to Basics","player_choice":"Simplicity","floor":20.0,"gold_loss":0.0,"damage_taken":0.0,"cards_upgraded":["Strike_B","Strike_B","Strike_B","Strike_B","Defend_B","Defend_B","Defend_B","Defend_B"]},{"damage_healed":0.0,"max_hp_gain":0.0,"max_hp_loss":0.0,"gold_gain":0.0,"event_name":"Drug Dealer","player_choice":"Inject Mutagens","floor":21.0,"gold_loss":0.0,"damage_taken":0.0,"relics_obtained":["MutagenicStrength"]},{"damage_healed":0.0,"max_hp_gain":0.0,"max_hp_loss":23.0,"gold_gain":0.0,"event_name":"Vampires","player_choice":"Became a vampire","floor":25.0,"gold_loss":0.0,"damage_taken":0.0,"cards_obtained":["Bite","Bite","Bite","Bite","Bite"]},{"damage_healed":0.0,"max_hp_gain":0.0,"max_hp_loss":0.0,"gold_gain":99.0,"event_name":"Nest","player_choice":"Stole From Cult","floor":30.0,"gold_loss":0.0,"damage_taken":0.0},{"damage_healed":0.0,"max_hp_gain":0.0,"max_hp_loss":0.0,"gold_gain":0.0,"event_name":"SensoryStone","player_choice":"Memory 1","floor":36.0,"gold_loss":0.0,"damage_taken":0.0},{"damage_healed":0.0,"max_hp_gain":0.0,"max_hp_loss":0.0,"gold_gain":0.0,"event_name":"Lab","player_choice":"Got Potions","floor":38.0,"gold_loss":0.0,"damage_taken":0.0},{"damage_healed":0,"gold_gain":0,"player_choice":"Copied","damage_taken":0,"max_hp_gain":0,"max_hp_loss":0,"event_name":"Duplicator","floor":44,"gold_loss":0,"cards_obtained":["ReplayTheSpireMod:Calculation Training"]},{"damage_healed":0,"gold_gain":100,"player_choice":"Pray","damage_taken":0,"max_hp_gain":0,"max_hp_loss":0,"event_name":"Golden Shrine","floor":48,"gold_loss":0}],"is_beta":false,"boss_relics":[{"not_picked":["Ring of Chaos","Calling Bell"],"picked":"Inserter"},{"not_picked":["Tiny House","hubris:BlackHole"],"picked":"FrozenCore"}],"items_purged_floors":[4,29],"is_endless":false,"potions_floor_spawned":[7,8,16,22,27,37,39,40,46],"ascension_level":11}}