{"host":"b995t17pt6d05w8c","time":1610185739,"event":{"mods":["AchievementEnabler","BaseMod","Colored Map","Minty Spire (QoL Compilation)","SuperFastMode"],"gold_per_floor":[118,118,129,129,129,163,186,186,186,207,230,256,275,118,118,244,244,263,163,186,202,117,117,117,141,141,159,159,183,206,81,81,201,201,217,280,130,189,204,204,222,47,71,111,111,155,488,514,514,514],"floor_reached":51,"playtime":1923,"items_purged":["Strike_G","Strike_G","Strike_G","Defend_G","Strike_G"],"score":1592,"play_id":"5b819221-a268-4064-9de3-e18cb15fae7e","local_time":"20210109184859","is_ascension_mode":true,"campfire_choices":[{"floor":8.0,"key":"REST"},{"floor":15.0,"key":"REST"},{"data":"Well Laid Plans","floor":24.0,"key":"SMITH"},{"data":"Calculated Gamble","floor":28.0,"key":"SMITH"},{"data":"Tactician","floor":32,"key":"SMITH"},{"data":"Reflex","floor":40,"key":"SMITH"},{"data":"Grand Finale","floor":49,"key":"SMITH"}],"circlet_count":0,"master_deck":["Defend_G","Defend_G","Defend_G","Survivor","Neutralize","Dagger Throw","Reflex+1","Grand Finale+1","Tactician+1","Prepared","Flash of Steel","Malaise","Well Laid Plans+1","Calculated Gamble+1","Acrobatics","Backflip+1"],"relics":["Ring of the Snake","Ornamental Fan","InkBottle","Lantern","Empty Cage","Blood Vial","Sozu","Thread and Needle","The Specimen","Nunchaku","Pen Nib","Juzu Bracelet","Toy Ornithopter"],"acts_visited":["Exordium","TheCity","TheBeyond"],"potions_floor_usage":[],"damage_taken":[{"damage":0.0,"enemies":"2 Louse","floor":1.0,"turns":2.0},{"damage":0.0,"enemies":"Jaw Worm","floor":3.0,"turns":4.0},{"damage":45.0,"enemies":"Lagavulin","floor":6.0,"turns":10.0},{"damage":2.0,"enemies":"Cultist","floor":7.0,"turns":5.0},{"damage":10.0,"enemies":"Lots of Slimes","floor":10.0,"turns":9.0},{"damage":8.0,"enemies":"Exordium Thugs","floor":11.0,"turns":2.0},{"damage":8.0,"enemies":"Blue Slaver","floor":13.0,"turns":7.0},{"damage":0.0,"enemies":"Slime Boss","floor":16.0,"turns":9.0},{"damage":0.0,"enemies":"2 Thieves","floor":18.0,"turns":2.0},{"damage":2.0,"enemies":"3 Byrds","floor":20.0,"turns":6.0},{"damage":31.0,"enemies":"Snecko","floor":21.0,"turns":6.0},{"damage":0.0,"enemies":"Shelled Parasite and Fungi","floor":25.0,"turns":3.0},{"damage":0.0,"enemies":"3 Cultists","floor":27.0,"turns":2.0},{"damage":6.0,"enemies":"Snake Plant","floor":29.0,"turns":5.0},{"damage":1.0,"enemies":"Centurion and Healer","floor":30.0,"turns":3.0},{"damage":0,"enemies":"Collector","floor":33,"turns":3},{"damage":1,"enemies":"3 Shapes","floor":35,"turns":2},{"damage":0,"enemies":"Mind Bloom Boss Battle","floor":36,"turns":3},{"damage":3,"enemies":"2 Orb Walkers","floor":38,"turns":3},{"damage":0,"enemies":"Orb Walker","floor":39,"turns":2},{"damage":0,"enemies":"Jaw Worm Horde","floor":41,"turns":1},{"damage":0,"enemies":"Reptomancer","floor":44,"turns":1},{"damage":0,"enemies":"Giant Head","floor":46,"turns":2},{"damage":0,"enemies":"Nemesis","floor":48,"turns":1},{"damage":0,"enemies":"Time Eater","floor":50,"turns":6}],"seed_played":"8519318425808463624","potions_obtained":[{"floor":0.0,"key":"Ancient Potion"},{"floor":0.0,"key":"CunningPotion"},{"floor":0.0,"key":"GhostInAJar"},{"floor":1.0,"key":"DuplicationPotion"},{"floor":6.0,"key":"Swift Potion"},{"floor":11.0,"key":"PowerPotion"},{"floor":18.0,"key":"Regen Potion"},{"floor":20.0,"key":"Fruit Juice"},{"floor":29.0,"key":"GamblersBrew"}],"is_trial":false,"path_per_floor":["M","?","M","?","?","E","M","R","T","M","M","T","M","$","R","B",null,"M","$","M","M","?","?","R","M","T","M","R","M","M","$","R","B",null,"M","?","$","?","M","R","M","$","T","E","?","E","?","E","R","B",null],"character_chosen":"THE_SILENT","items_purchased":["Flash of Steel"],"campfire_rested":2,"item_purchase_floors":[14],"current_hp_per_floor":[63,63,63,68,68,23,21,41,41,31,23,23,15,15,35,35,61,61,61,59,33,33,33,33,35,35,37,37,33,34,34,34,36,65,66,68,68,67,69,69,71,71,71,73,70,70,70,70,70,70],"gold":514,"neow_bonus":"THREE_SMALL_POTIONS","is_daily":false,"chose_seed":false,"campfire_upgraded":5,"win_rate":0.0,"timestamp":1610185739,"path_taken":["M","?","M","?","?","E","M","R","T","M","M","?","M","$","R","BOSS","M","?","?","M","?","?","R","M","T","M","R","M","M","$","R","BOSS","M","?","$","?","M","R","M","$","T","E","?","E","?","E","R","BOSS"],"items_purchased_type":["Card"],"build_version":"2020-12-22","purchased_purges":5,"victory":true,"max_hp_per_floor":[70,70,70,75,69,69,69,69,69,69,69,69,69,69,69,69,69,69,69,69,74,74,74,74,74,74,74,74,74,74,74,74,74,74,74,74,74,74,74,74,74,74,74,74,70,70,70,70,70,70],"card_choices":[{"not_picked":["Bane","Dagger Spray"],"picked":"Dagger Throw","floor":1.0},{"not_picked":["Finisher","Dodge and Roll"],"picked":"Reflex","floor":3.0},{"not_picked":["Skewer","Blade Dance"],"picked":"Grand Finale","floor":6.0},{"not_picked":["Outmaneuver","Distraction","Blur"],"picked":"SKIP","floor":7.0},{"not_picked":["Infinite Blades","Underhanded Strike"],"picked":"Tactician","floor":10.0},{"not_picked":["PiercingWail","Poisoned Stab","Blade Dance"],"picked":"SKIP","floor":11.0},{"not_picked":["Slice","Poisoned Stab"],"picked":"Prepared","floor":13.0},{"not_picked":["Tools of the Trade","Phantasmal Killer"],"picked":"Malaise","floor":16.0},{"not_picked":["Dash","Endless Agony","Slice"],"picked":"SKIP","floor":18.0},{"not_picked":["Dagger Throw","Infinite Blades"],"picked":"Well Laid Plans","floor":20.0},{"not_picked":["PiercingWail","Prepared","Deadly Poison"],"picked":"SKIP","floor":21.0},{"not_picked":["Doppelganger","Crippling Poison"],"picked":"Calculated Gamble","floor":25.0},{"not_picked":["Deflect","Eviscerate+1","Outmaneuver+1"],"picked":"SKIP","floor":27.0},{"not_picked":["Sucker Punch+1","Skewer","Blade Dance"],"picked":"SKIP","floor":29.0},{"not_picked":["Expertise","Outmaneuver"],"picked":"Acrobatics","floor":30.0},{"not_picked":["Cloak And Dagger","Quick Slash","Bane"],"picked":"SKIP","floor":35},{"not_picked":["Sucker Punch+1","Bouncing Flask+1"],"picked":"Backflip+1","floor":38},{"not_picked":["Bane","Acrobatics+1","Terror"],"picked":"SKIP","floor":39},{"not_picked":["Dodge and Roll","PiercingWail","Cloak And Dagger"],"picked":"SKIP","floor":41},{"not_picked":["Tools of the Trade","Leg Sweep+1","Tactician"],"picked":"SKIP","floor":44},{"not_picked":["Tools of the Trade","Leg Sweep+1","Tactician"],"picked":"SKIP","floor":44},{"not_picked":["Acrobatics+1","Prepared+1","A Thousand Cuts"],"picked":"SKIP","floor":46},{"not_picked":["Cloak And Dagger","Deadly Poison+1","Accuracy+1"],"picked":"SKIP","floor":48}],"player_experience":63253,"relics_obtained":[{"floor":6.0,"key":"Ornamental Fan"},{"floor":9.0,"key":"InkBottle"},{"floor":12.0,"key":"Lantern"},{"floor":36,"key":"Thread and Needle"},{"floor":38,"key":"The Specimen"},{"floor":43,"key":"Nunchaku"},{"floor":44,"key":"Pen Nib"},{"floor":46,"key":"Juzu Bracelet"},{"floor":48,"key":"Toy Ornithopter"}],"event_choices":[{"damage_healed":0.0,"max_hp_gain":0.0,"max_hp_loss":0.0,"gold_gain":0.0,"event_name":"Liars Game","player_choice":"Ignored","floor":2.0,"gold_loss":0.0,"damage_taken":0.0},{"damage_healed":0.0,"max_hp_gain":5.0,"max_hp_loss":0.0,"gold_gain":0.0,"event_name":"Big Fish","player_choice":"Donut","floor":4.0,"gold_loss":0.0,"damage_taken":0.0},{"damage_healed":0.0,"max_hp_gain":0.0,"max_hp_loss":6.0,"gold_gain":0.0,"event_name":"Golden Idol","player_choice":"Lose Max HP","floor":5.0,"gold_loss":0.0,"damage_taken":0.0,"relics_obtained":["Golden Idol"]},{"damage_healed":0.0,"max_hp_gain":0.0,"max_hp_loss":0.0,"gold_gain":0.0,"event_name":"Addict","player_choice":"Obtained Relic","floor":22.0,"gold_loss":85.0,"damage_taken":0.0,"relics_obtained":["Blood Vial"]},{"damage_healed":0.0,"max_hp_gain":0.0,"max_hp_loss":0.0,"gold_gain":0.0,"event_name":"Vampires","player_choice":"Ignored","floor":23.0,"gold_loss":0.0,"damage_taken":0.0},{"damage_healed":0,"gold_gain":0,"player_choice":"Fight","damage_taken":0,"max_hp_gain":0,"max_hp_loss":0,"event_name":"MindBloom","floor":36,"gold_loss":0},{"damage_healed":0,"gold_gain":0,"player_choice":"Fight","damage_taken":0,"max_hp_gain":0,"max_hp_loss":0,"event_name":"Mysterious Sphere","floor":38,"gold_loss":0},{"damage_healed":0,"gold_gain":0,"player_choice":"Max HP","damage_taken":0,"max_hp_gain":0,"max_hp_loss":4,"event_name":"Winding Halls","floor":45,"gold_loss":0},{"damage_healed":0,"gold_gain":333,"player_choice":"Gave Idol","damage_taken":0,"max_hp_gain":0,"max_hp_loss":0,"event_name":"The Moai Head","floor":47,"relics_lost":["Golden Idol"],"gold_loss":0}],"is_beta":false,"boss_relics":[{"not_picked":["Fusion Hammer","Busted Crown"],"picked":"Empty Cage"},{"not_picked":["WristBlade","SacredBark"],"picked":"Sozu"}],"items_purged_floors":[14,19,31,37,42],"is_endless":false,"potions_floor_spawned":[1,3,6,11,18,20,29,33,35,38,41,44],"ascension_level":8}}