{"host":"c5452fuijzdtmpqe","time":1610155035,"event":{"mods":["Aspiration","BaseMod","Better Third Choice","BetterRewards","Colored Map","Colored Powertips","Downfall","Evolution","Googly Eyes","Highlight Path","Minty Spire (QoL Compilation)","Shop Mod","StSLib","SuperFastMode"],"gold_per_floor":[109,109,0,16,16,47,60,93,174,236,236,236,253,253,253,350,650,669,702,702,722,572,572,600,550,550,6,21,34,67,85,85,183,183,203,253,253,264,280,280,280,280,305,150,150,178,197,214,214,214,214,214,214,242,242],"floor_reached":56,"playtime":1696,"items_purged":["Enlightenment+1"],"score":1773,"play_id":"45db32db-11e7-46f5-a477-7004c834ebed","local_time":"20210108201715","is_ascension_mode":false,"campfire_choices":[{"floor":11,"key":"REST"},{"floor":15,"key":"RECALL"},{"data":"Slice","floor":23,"key":"SMITH"},{"data":"1","floor":32,"key":"LIFT"},{"data":"2","floor":40,"key":"LIFT"},{"data":"3","floor":42,"key":"LIFT"},{"floor":49,"key":"REST"},{"floor":52,"key":"REST"}],"circlet_count":0,"master_deck":["Quick Slash","Quick Slash","Quick Slash","Quick Slash","Quick Slash+1","Backflip+1","Backflip+1","Backflip+1","Backflip+1","Backflip+1","Survivor+1","Neutralize+1","Blade Dance+1","Slice+1","Slice+1","CurseOfTheBell","Neutralize+1","Blind","Backstab+1","Terror+1","Cloak And Dagger","Adrenaline","Blade Dance","Heel Hook+1","Backstab+1","Backstab+1","Endless Agony+1"],"relics":["Ring of the Snake","EVO:Axolotl","Lantern","TungstenRod","Smiling Mask","Happy Flower","Molten Egg 2","Pen Nib","Calling Bell","War Paint","Pear","Old Coin","Red Mask","Anchor","Strawberry","Gremlin Horn","aspiration:Nostalgia","Guardian:ModeShifter","Bronze Scales","Girya","Fusion Hammer","FossilizedHelix","Snake Skull","Membership Card","Dream Catcher","Toy Ornithopter"],"acts_visited":["Exordium","TheCity","TheBeyond","TheEnding"],"potions_floor_usage":[33,50,54,55],"damage_taken":[{"damage":0,"enemies":"2 Louse","floor":1,"turns":2},{"damage":0,"enemies":"Small Slimes","floor":4,"turns":1},{"damage":6,"enemies":"Gremlin Nob","floor":6,"turns":3},{"damage":0,"enemies":"Jaw Worm","floor":7,"turns":2},{"damage":3,"enemies":"3 Sentries","floor":8,"turns":7},{"damage":0,"enemies":"Lagavulin Event","floor":10,"turns":5},{"damage":0,"enemies":"Looter","floor":13,"turns":1},{"damage":8,"enemies":"The Guardian","floor":16,"turns":10},{"damage":0,"enemies":"Spheric Guardian","floor":18,"turns":1},{"damage":4,"enemies":"Masked Bandits","floor":19,"turns":4},{"damage":0,"enemies":"Chosen","floor":21,"turns":3},{"damage":0,"enemies":"Slavers","floor":24,"turns":4},{"damage":0,"enemies":"Snake Plant","floor":28,"turns":3},{"damage":0,"enemies":"Snecko","floor":29,"turns":3},{"damage":5,"enemies":"Gremlin Leader","floor":30,"turns":4},{"damage":0,"enemies":"Cultist and Chosen","floor":31,"turns":2},{"damage":26,"enemies":"Champ","floor":33,"turns":8},{"damage":0,"enemies":"3 Darklings","floor":35,"turns":3},{"damage":10,"enemies":"Mind Bloom Boss Battle","floor":36,"turns":4},{"damage":0,"enemies":"3 Shapes","floor":38,"turns":1},{"damage":0,"enemies":"Spire Growth","floor":39,"turns":2},{"damage":0,"enemies":"Giant Head","floor":46,"turns":4},{"damage":0,"enemies":"Jaw Worm Horde","floor":47,"turns":1},{"damage":0,"enemies":"3 Darklings","floor":48,"turns":1},{"damage":0,"enemies":"Donu and Deca","floor":50,"turns":6},{"damage":0,"enemies":"Shield and Spear","floor":54,"turns":2},{"damage":59,"enemies":"The Heart","floor":55,"turns":8}],"seed_played":"-5656056021482472568","potions_obtained":[{"floor":7,"key":"sneckomod:MuddlingPotion"},{"floor":8,"key":"Block Potion"},{"floor":10,"key":"BlessingOfTheForge"},{"floor":33,"key":"Fire Potion"},{"floor":47,"key":"Energy Potion"},{"floor":54,"key":"ColorlessPotion"}],"is_trial":false,"path_per_floor":["M","?","?","M","?","E","M","E","T","?","R","?","M","?","R","B",null,"M","?","?","M","$","R","E","$","T","$","M","M","E","M","R","B",null,"M","?","?","M","M","R","?","R","T","$","?","E","M","M","R","B",null,"R","$","E","B",null],"character_chosen":"THE_SILENT","items_purchased":["Vajra","Lantern","Anchor","Gremlin Horn","aspiration:Nostalgia","Bronze Scales","Membership Card"],"campfire_rested":3,"item_purchase_floors":[0,0,22,27,27,27,44],"current_hp_per_floor":[65,52,58,58,58,52,52,49,49,49,72,72,72,72,72,64,88,88,84,84,84,84,84,91,91,91,91,91,91,86,86,86,60,95,95,85,85,85,85,85,85,85,85,85,85,85,85,85,90,90,90,90,90,90,36],"gold":242,"neow_bonus":"","is_daily":false,"chose_seed":false,"campfire_upgraded":1,"win_rate":0.0,"timestamp":1610155035,"path_taken":["M","?","?","M","?","E","M","E","T","?","R","?","?","?","R","BOSS","M","?","?","?","?","R","E","$","T","$","M","M","E","M","R","BOSS","M","?","?","M","?","R","?","R","T","$","?","E","M","?","R","BOSS","R","$","E","BOSS"],"items_purchased_type":["Relic","Relic","Relic","Relic","Relic","Relic","Relic"],"build_version":"2020-12-22","purchased_purges":1,"victory":true,"max_hp_per_floor":[72,72,78,78,78,78,78,78,78,78,78,78,78,78,78,78,88,88,88,88,88,88,88,95,95,95,95,95,95,95,95,95,95,95,95,95,95,95,95,95,90,90,90,90,90,90,90,90,90,90,90,90,90,90,90],"card_choices":[{"not_picked":["Flying Knee","Blur"],"picked":"Blade Dance","floor":1},{"not_picked":["Flying Knee","Footwork"],"picked":"Slice","floor":4},{"not_picked":["Caltrops","Sucker Punch","Tactician"],"picked":"SKIP","floor":6},{"not_picked":["Reflex","Flying Knee","Backflip"],"picked":"SKIP","floor":7},{"not_picked":["Dodge and Roll","Calculated Gamble","Leg Sweep"],"picked":"SKIP","floor":8},{"not_picked":["Escape Plan","Caltrops"],"picked":"Slice+1","floor":13},{"not_picked":["Flying Knee+1","Dagger Throw+1","Dagger Spray+1"],"picked":"SKIP","floor":18},{"not_picked":["Reflex","Deadly Poison","Acrobatics"],"picked":"SKIP","floor":21},{"not_picked":["Outmaneuver","Unload+1"],"picked":"Backstab+1","floor":24},{"not_picked":["Backflip","Caltrops","Deadly Poison+1"],"picked":"SKIP","floor":28},{"not_picked":["Sucker Punch+1","Acrobatics","Deadly Poison"],"picked":"SKIP","floor":29},{"not_picked":["Choke+1","Sucker Punch+1"],"picked":"Terror+1","floor":30},{"not_picked":["Backflip","Concentrate"],"picked":"Cloak And Dagger","floor":31},{"not_picked":["Phantasmal Killer","Venomology"],"picked":"Adrenaline","floor":33},{"not_picked":["PiercingWail+1","Dagger Throw+1","Distraction"],"picked":"SKIP","floor":35},{"not_picked":["Sucker Punch+1","Distraction+1"],"picked":"Blade Dance","floor":36},{"not_picked":["Underhanded Strike+1","Dagger Spray+1"],"picked":"Heel Hook+1","floor":38},{"not_picked":["Adrenaline","Acrobatics+1"],"picked":"Backstab+1","floor":39},{"not_picked":["Outmaneuver","Prepared+1"],"picked":"Backstab+1","floor":46},{"not_picked":["Prepared","Deflect+1","Noxious Fumes"],"picked":"SKIP","floor":47},{"not_picked":["Bouncing Flask","Deadly Poison+1"],"picked":"Endless Agony+1","floor":48},{"not_picked":["Flying Knee+1","Quick Slash+1","Outmaneuver+1"],"picked":"SKIP","floor":54}],"player_experience":513650,"relics_obtained":[{"floor":6,"key":"Smiling Mask"},{"floor":8,"key":"Happy Flower"},{"floor":9,"key":"Molten Egg 2"},{"floor":17,"key":"War Paint"},{"floor":17,"key":"Pear"},{"floor":17,"key":"Old Coin"},{"floor":19,"key":"Red Mask"},{"floor":24,"key":"Strawberry"},{"floor":30,"key":"Girya"},{"floor":36,"key":"FossilizedHelix"},{"floor":43,"key":"Snake Skull"},{"floor":46,"key":"Dream Catcher"},{"floor":54,"key":"Toy Ornithopter"}],"event_choices":[{"damage_healed":65,"gold_gain":0,"player_choice":"Upgrade","damage_taken":14,"max_hp_gain":0,"max_hp_loss":72,"event_name":"betterThird:BetterShining","floor":2,"gold_loss":0,"cards_upgraded":["Quick Slash","Neutralize"]},{"damage_healed":0,"gold_gain":0,"player_choice":"RENOUNCE","damage_taken":109,"max_hp_gain":0,"max_hp_loss":0,"event_name":"betterThird:BetterSerpent","floor":3,"gold_loss":109,"cards_obtained":["Enlightenment"]},{"damage_healed":0,"gold_gain":30,"player_choice":"Searched \u00273\u0027 times","damage_taken":0,"relics_obtained":["Pen Nib"],"max_hp_gain":0,"max_hp_loss":0,"event_name":"Dead Adventurer","floor":10,"gold_loss":0},{"cards_removed":["Decay"],"damage_healed":0,"gold_gain":0,"player_choice":"Forget","damage_taken":0,"max_hp_gain":0,"max_hp_loss":0,"event_name":"Living Wall","floor":12,"gold_loss":0},{"damage_healed":0,"gold_gain":0,"player_choice":"Ignored","damage_taken":0,"max_hp_gain":0,"max_hp_loss":0,"event_name":"Golden Idol","floor":14,"gold_loss":0},{"damage_healed":0,"gold_gain":0,"player_choice":"Fought Bandits","damage_taken":0,"max_hp_gain":0,"max_hp_loss":0,"event_name":"Masked Bandits","floor":19,"gold_loss":0},{"damage_healed":0,"gold_gain":0,"player_choice":"2 cards matched","damage_taken":0,"max_hp_gain":0,"max_hp_loss":0,"event_name":"Match and Keep!","floor":20,"gold_loss":0,"cards_obtained":["Neutralize","Blind"]},{"damage_healed":0,"gold_gain":0,"player_choice":"Fight","damage_taken":0,"max_hp_gain":0,"max_hp_loss":0,"event_name":"MindBloom","floor":36,"gold_loss":0},{"damage_healed":0,"gold_gain":0,"player_choice":"Ignored","damage_taken":0,"max_hp_gain":0,"max_hp_loss":0,"event_name":"NoteForYourself","floor":37,"gold_loss":0},{"damage_healed":0,"gold_gain":0,"player_choice":"Max HP","damage_taken":0,"max_hp_gain":0,"max_hp_loss":5,"event_name":"Winding Halls","floor":41,"gold_loss":0},{"damage_healed":0,"gold_gain":0,"player_choice":"Ignored","damage_taken":0,"max_hp_gain":0,"max_hp_loss":0,"event_name":"Transmorgrifier","floor":45,"gold_loss":0}],"is_beta":false,"boss_relics":[{"not_picked":["Runic Pyramid","Astrolabe"],"picked":"Calling Bell"},{"not_picked":["HoveringKite","Busted Crown"],"picked":"Fusion Hammer"}],"items_purged_floors":[25],"is_endless":false,"potions_floor_spawned":[1,7,8,10,16,18,21,24,33,38,39,47,48,54],"ascension_level":0}}