{"host":"6jrnojxwearbrjzo","time":1610233670,"event":{"mods":["BaseMod","Colored Map","Conspire","Downfall","Highlight Path","Marisa£®ÏF”Í°°ƒß¿Ì…≥£©","Minty Spire (QoL Compilation)","Quick Restart","Replay The Spire","Shop Mod","Spicy Shops","StSLib","SuperFastMode","TestMod","The Construct","The Cursed","The Servant 0.9.4","Yuyuko","vexMod"],"gold_per_floor":[109,127,144,319,106,106,125,152,201,230,24,24,39,39,39,164,164,164,164],"floor_reached":18,"playtime":1467,"items_purged":["Doubt"],"score":170,"play_id":"d23bc8ba-c2dc-46fb-9ed6-1916c3d1d1fc","local_time":"20210110070750","is_ascension_mode":false,"campfire_choices":[{"data":"Fondling of Papilio","floor":6,"key":"SMITH"},{"data":"Open The Fan","floor":12,"key":"SMITH"},{"data":"Linger over Flower","floor":15,"key":"SMITH"}],"circlet_count":0,"master_deck":["Fantasy Butterflies","Fantasy Butterflies","Fantasy Butterflies","Fantasy Butterflies","Fantasy Butterflies","Dreamy Sakura","Dreamy Sakura","Dreamy Sakura","Dreamy Sakura","Dreamy Sakura","Deathly Ground","Faramita\u0027s Temptation","Open The Fan+1","Mini Ghostdom","End of Faramita","Writhe","Fondling of Papilio+1","Redemption of Death","Linger over Flower","Linger over Flower+1","Gather the Spring","Unfulfilling Attachment"],"relics":["Coronal","Yuyuko\u0027s fan","testmod-TestBox","testmod-TurbochargingSystem","NeowsBlessing","conspire:TreasureMap","testmod-ArcanaOfDestiny","Happy Flower","Strawberry","Bag of Preparation","Golden Idol","testmod-Prudence"],"acts_visited":["Exordium","TheCity"],"potions_floor_usage":[7,10],"damage_taken":[{"damage":1,"enemies":"Small Slimes","floor":1,"turns":1},{"damage":1,"enemies":"2 Louse","floor":2,"turns":1},{"damage":1,"enemies":"Cultist","floor":3,"turns":1},{"damage":70,"enemies":"Large Slime","floor":7,"turns":9},{"damage":43,"enemies":"3 Sentries","floor":8,"turns":6},{"damage":18,"enemies":"Lagavulin","floor":10,"turns":7},{"damage":14,"enemies":"2 Fungi Beasts","floor":13,"turns":2},{"damage":169,"enemies":"Slime Boss","floor":16,"turns":27},{"damage":74,"enemies":"Chosen","floor":18,"turns":8}],"seed_played":"354298560669809424","potions_obtained":[{"floor":2,"key":"Firefly"},{"floor":8,"key":"PowerPotion"},{"floor":16,"key":"Dexterity Potion"}],"is_trial":false,"path_per_floor":["M","M","M","?","$","R","M","E","T","E","$","R","M","?","R","B",null,"M"],"character_chosen":"YUYOKO","items_purchased":["conspire:TreasureMap","Fondling of Papilio","Redemption of Death","Bag of Preparation","Linger over Flower"],"campfire_rested":0,"item_purchase_floors":[5,5,5,11,11],"current_hp_per_floor":[39,39,38,38,38,38,23,3,3,46,46,46,33,22,22,1,47,0,0],"gold":164,"neow_bonus":"THREE_ENEMY_KILL","is_daily":false,"chose_seed":false,"campfire_upgraded":3,"win_rate":0.0,"timestamp":1610233670,"path_taken":["M","M","M","?","$","R","M","E","T","E","$","R","M","?","R","BOSS","M"],"items_purchased_type":["Relic","Card","Card","Relic","Card"],"build_version":"2020-12-22","purchased_purges":1,"victory":false,"max_hp_per_floor":[40,40,40,40,40,40,40,40,40,47,47,47,47,47,47,47,47,47,47],"card_choices":[{"not_picked":["Become Phantom","Elegance"],"picked":"Open The Fan","floor":1},{"not_picked":["Reverse The Screen","Dark Wind"],"picked":"Mini Ghostdom","floor":2},{"not_picked":["Unstable Ward","Become Phantom"],"picked":"End of Faramita","floor":3},{"not_picked":["Dying Butterflies","The Forgotten Winter"],"picked":"Linger over Flower","floor":7},{"not_picked":["Revive The Butterflies","Open The Fan","Phantom Village"],"picked":"SKIP","floor":8},{"not_picked":["City of Death","Elegance","Phantom Village"],"picked":"SKIP","floor":10},{"not_picked":["Dark Wind","Reverse The Screen"],"picked":"Gather the Spring","floor":13},{"not_picked":["Ghost Spot","Living to Die"],"picked":"Unfulfilling Attachment","floor":16}],"player_experience":59422,"relics_obtained":[{"floor":8,"key":"testmod-ArcanaOfDestiny"},{"floor":9,"key":"Happy Flower"},{"floor":10,"key":"Strawberry"}],"event_choices":[{"damage_healed":0,"gold_gain":175,"player_choice":"AGREE","damage_taken":0,"max_hp_gain":0,"max_hp_loss":0,"event_name":"Liars Game","floor":4,"gold_loss":0,"cards_obtained":["Doubt"]},{"damage_healed":0,"gold_gain":0,"player_choice":"Take Damage","damage_taken":11,"relics_obtained":["Golden Idol"],"max_hp_gain":0,"max_hp_loss":0,"event_name":"Golden Idol","floor":14,"gold_loss":0}],"is_beta":false,"boss_relics":[{"not_picked":["vexMod:BigBerry","vexMod:CursedCompass"],"picked":"testmod-Prudence"}],"items_purged_floors":[5],"is_endless":false,"potions_floor_spawned":[2,8,16],"killed_by":"Chosen","ascension_level":0}}