{"host":"tzyzz5n7hg2ni9q2","time":1610208510,"event":{"mods":["BaseMod","Minty Spire (QoL Compilation)","Quick Restart"],"gold_per_floor":[119,137,312,3,3,3,28,39,93,106,122,122,153,9,9,107,157,168,187,102,27,27,52,52,52,52,78,78,78,78,89,89,191,191,204,204,204,204,222,222,255,255,255,282,282,282,282,23,23,23,23,23,23,53,53,53],"floor_reached":55,"playtime":1828,"items_purged":["Doubt"],"score":930,"play_id":"d39bd2da-bfe6-4a1d-834b-1046f68e2bdd","local_time":"20210109170830","is_ascension_mode":true,"campfire_choices":[{"data":"Dualcast","floor":6.0,"key":"SMITH"},{"data":"Loop","floor":12.0,"key":"SMITH"},{"data":"Conserve Battery","floor":15.0,"key":"SMITH"},{"floor":24.0,"key":"REST"},{"floor":30.0,"key":"REST"},{"data":"Loop","floor":32.0,"key":"SMITH"},{"data":"Capacitor","floor":40.0,"key":"SMITH"},{"floor":42,"key":"REST"},{"floor":46,"key":"REST"},{"floor":49,"key":"RECALL"},{"data":"Coolheaded","floor":52,"key":"SMITH"}],"circlet_count":0,"master_deck":["Strike_B","Strike_B","Defend_B","Defend_B","Defend_B","Defend_B","Zap+1","Dualcast+1","Cold Snap+1","FTL","Loop+1","Ball Lightning","Streamline","Sweeping Beam","Conserve Battery+1","Reboot","Compile Driver","Loop+1","Necronomicurse","Go for the Eyes+1","Leap","Redo+1","All For One","Capacitor+1","Conserve Battery+1","FTL","Panache","Compile Driver","Coolheaded+1","Gash"],"relics":["Cracked Core","Happy Flower","Lantern","Oddly Smooth Stone","HornCleat","DataDisk","Tiny House","Bag of Marbles","Necronomicon","Kunai","Bottled Flame","Juzu Bracelet","Mummified Hand","SacredBark","Vajra","Question Card","Ancient Tea Set","Membership Card","MealTicket","Strawberry"],"acts_visited":["Exordium","TheCity","TheBeyond","TheEnding"],"potions_floor_usage":[41,54,55],"damage_taken":[{"damage":0.0,"enemies":"Small Slimes","floor":1.0,"turns":2.0},{"damage":0.0,"enemies":"2 Louse","floor":2.0,"turns":3.0},{"damage":27.0,"enemies":"Gremlin Nob","floor":7.0,"turns":4.0},{"damage":0.0,"enemies":"Cultist","floor":8.0,"turns":2.0},{"damage":0.0,"enemies":"3 Louse","floor":10.0,"turns":2.0},{"damage":0.0,"enemies":"Blue Slaver","floor":11.0,"turns":3.0},{"damage":2.0,"enemies":"3 Sentries","floor":13.0,"turns":4.0},{"damage":4.0,"enemies":"The Guardian","floor":16.0,"turns":10.0},{"damage":0.0,"enemies":"3 Byrds","floor":18.0,"turns":4.0},{"damage":13.0,"enemies":"Shell Parasite","floor":19.0,"turns":4.0},{"damage":12.0,"enemies":"Slavers","floor":23.0,"turns":3.0},{"damage":28.0,"enemies":"Gremlin Leader","floor":27.0,"turns":6.0},{"damage":2.0,"enemies":"Centurion and Healer","floor":31.0,"turns":5.0},{"damage":46.0,"enemies":"Champ","floor":33.0,"turns":11.0},{"damage":6.0,"enemies":"3 Darklings","floor":35.0,"turns":6.0},{"damage":7.0,"enemies":"3 Shapes","floor":39.0,"turns":2.0},{"damage":21,"enemies":"Giant Head","floor":41,"turns":8},{"damage":21,"enemies":"Reptomancer","floor":44,"turns":6},{"damage":50,"enemies":"Donu and Deca","floor":50,"turns":8},{"damage":78,"enemies":"Shield and Spear","floor":54,"turns":8},{"damage":31,"enemies":"The Heart","floor":55,"turns":2}],"seed_played":"-7019859682234942411","potions_obtained":[{"floor":2.0,"key":"PotionOfCapacity"},{"floor":7.0,"key":"Fire Potion"},{"floor":11.0,"key":"PotionOfCapacity"},{"floor":13.0,"key":"Fire Potion"},{"floor":17.0,"key":"Swift Potion"},{"floor":27.0,"key":"ColorlessPotion"},{"floor":31.0,"key":"CultistPotion"},{"floor":35.0,"key":"SkillPotion"},{"floor":54,"key":"Energy Potion"}],"is_trial":false,"path_per_floor":["M","M","?","$","?","R","E","M","T","M","M","R","E","$","R","B",null,"M","M","?","?","?","E","R","?","T","E","T","?","R","M","R","B",null,"M","?","?","?","M","R","E","R","T","E","?","R","?","$","R","B",null,"R","$","E","B"],"character_chosen":"DEFECT","items_purchased":["Lantern","FTL","DataDisk","Membership Card","Compile Driver","Coolheaded","MealTicket"],"campfire_rested":4,"item_purchase_floors":[4,4,14,48,48,48,48],"current_hp_per_floor":[68,68,68,68,68,68,41,41,41,41,41,41,39,39,39,35,70,70,57,57,57,41,29,53,79,79,51,51,36,61,59,59,13,67,61,61,61,61,54,54,33,58,58,37,37,61,61,61,61,11,64,64,79,8,0,0],"gold":53,"neow_bonus":"RANDOM_COMMON_RELIC","is_daily":false,"chose_seed":false,"campfire_upgraded":6,"win_rate":0.0,"timestamp":1610208510,"path_taken":["M","M","?","$","?","R","E","M","T","M","?","R","E","$","R","BOSS","M","M","?","?","?","E","R","?","T","E","?","?","R","M","R","BOSS","M","?","?","?","M","R","E","R","T","E","?","R","?","$","R","BOSS","R","$","E","BOSS"],"items_purchased_type":["Relic","Card","Relic","Relic","Card","Card","Relic"],"build_version":"2020-12-22","purchased_purges":1,"victory":false,"max_hp_per_floor":[75,75,75,75,75,75,75,75,75,75,75,75,75,75,75,75,80,80,80,80,80,80,80,80,80,80,80,80,85,85,85,85,85,85,85,85,85,85,85,85,85,85,85,85,81,81,81,81,81,81,81,81,81,88,88,88],"card_choices":[{"not_picked":["Redo","Stack"],"picked":"Cold Snap","floor":1.0},{"not_picked":["Recycle","Consume","Skim"],"picked":"SKIP","floor":2.0},{"not_picked":["Beam Cell","Double Energy"],"picked":"Loop","floor":7.0},{"not_picked":["Force Field","Hologram"],"picked":"Ball Lightning","floor":8.0},{"not_picked":["Double Energy","Darkness"],"picked":"Streamline","floor":10.0},{"not_picked":["Leap","Creative AI"],"picked":"Sweeping Beam","floor":11.0},{"not_picked":["Consume","Leap"],"picked":"Conserve Battery","floor":13.0},{"not_picked":["Fission","Buffer"],"picked":"Reboot","floor":16.0},{"not_picked":["Auto Shields","Gash"],"picked":"Compile Driver","floor":18.0},{"not_picked":["Coolheaded","Static Discharge"],"picked":"Loop","floor":19.0},{"not_picked":["Coolheaded","Hyperbeam"],"picked":"Go for the Eyes+1","floor":23.0},{"not_picked":["Scrape","Coolheaded"],"picked":"Leap","floor":27.0},{"not_picked":["Heatsinks","Stack+1"],"picked":"Redo+1","floor":31.0},{"not_picked":["Reboot","Hyperbeam"],"picked":"All For One","floor":33.0},{"not_picked":["Rip and Tear+1","Steam Power"],"picked":"Capacitor","floor":35.0},{"not_picked":["Cold Snap","Hologram+1"],"picked":"Conserve Battery+1","floor":39.0},{"not_picked":["Lockon","Cold Snap","Sweeping Beam+1"],"picked":"SKIP","floor":41},{"not_picked":["Melter","Gash","Self Repair"],"picked":"FTL","floor":44},{"not_picked":["PanicButton","The Bomb","Transmutation"],"picked":"Panache","floor":47},{"not_picked":["Go for the Eyes","Aggregate","Reinforced Body"],"picked":"Gash","floor":54}],"player_experience":256097,"relics_obtained":[{"floor":7.0,"key":"Oddly Smooth Stone"},{"floor":13.0,"key":"HornCleat"},{"floor":22.0,"key":"Necronomicon"},{"floor":23.0,"key":"Kunai"},{"floor":26.0,"key":"Bottled Flame"},{"floor":27.0,"key":"Juzu Bracelet"},{"floor":28.0,"key":"Mummified Hand"},{"floor":41,"key":"Vajra"},{"floor":43,"key":"Question Card"},{"floor":44,"key":"Ancient Tea Set"},{"floor":54,"key":"Strawberry"}],"event_choices":[{"damage_healed":0.0,"max_hp_gain":0.0,"max_hp_loss":0.0,"gold_gain":175.0,"event_name":"Liars Game","player_choice":"AGREE","floor":3.0,"gold_loss":0.0,"damage_taken":0.0,"cards_obtained":["Doubt"]},{"damage_healed":0.0,"max_hp_gain":0.0,"max_hp_loss":0.0,"gold_gain":0.0,"event_name":"Upgrade Shrine","player_choice":"Upgraded","floor":5.0,"gold_loss":0.0,"damage_taken":0.0,"cards_upgraded":["Zap"]},{"damage_healed":0.0,"max_hp_gain":0.0,"max_hp_loss":0.0,"gold_gain":0.0,"event_name":"Addict","player_choice":"Obtained Relic","floor":20.0,"gold_loss":85.0,"damage_taken":0.0,"relics_obtained":["Bag of Marbles"]},{"cards_removed":["Strike_B"],"damage_healed":0.0,"max_hp_gain":0.0,"max_hp_loss":0.0,"gold_gain":0.0,"event_name":"Beggar","player_choice":"Gave Gold","floor":21.0,"gold_loss":75.0,"damage_taken":0.0},{"damage_healed":0.0,"max_hp_gain":0.0,"max_hp_loss":0.0,"gold_gain":0.0,"event_name":"Cursed Tome","player_choice":"Obtained Book","floor":22.0,"gold_loss":0.0,"damage_taken":16.0},{"damage_healed":26.0,"max_hp_gain":0.0,"max_hp_loss":0.0,"gold_gain":0.0,"event_name":"The Library","player_choice":"Heal","floor":25.0,"gold_loss":0.0,"damage_taken":0.0},{"damage_healed":0.0,"max_hp_gain":5.0,"max_hp_loss":0.0,"gold_gain":0.0,"event_name":"Forgotten Altar","player_choice":"Shed Blood","floor":29.0,"gold_loss":0.0,"damage_taken":20.0},{"damage_healed":0.0,"max_hp_gain":0.0,"max_hp_loss":0.0,"gold_gain":0.0,"event_name":"SecretPortal","player_choice":"Ignored","floor":36.0,"gold_loss":0.0,"damage_taken":0.0},{"cards_removed":["Strike_B"],"damage_healed":0.0,"max_hp_gain":0.0,"max_hp_loss":0.0,"gold_gain":0.0,"event_name":"Falling","player_choice":"Removed Attack","floor":37.0,"gold_loss":0.0,"damage_taken":0.0},{"damage_healed":0.0,"max_hp_gain":0.0,"max_hp_loss":0.0,"gold_gain":0.0,"event_name":"Tomb of Lord Red Mask","player_choice":"Ignored","floor":38.0,"gold_loss":0.0,"damage_taken":0.0},{"damage_healed":0,"gold_gain":0,"player_choice":"Max HP","damage_taken":0,"max_hp_gain":0,"max_hp_loss":4,"event_name":"Winding Halls","floor":45,"gold_loss":0},{"damage_healed":0,"gold_gain":0,"player_choice":"Memory 1","damage_taken":0,"max_hp_gain":0,"max_hp_loss":0,"event_name":"SensoryStone","floor":47,"gold_loss":0}],"is_beta":false,"boss_relics":[{"not_picked":["Fusion Hammer","Philosopher\u0027s Stone"],"picked":"Tiny House"},{"not_picked":["Coffee Dripper","Snecko Eye"],"picked":"SacredBark"}],"items_purged_floors":[4],"is_endless":false,"potions_floor_spawned":[2,7,11,13,19,27,31,35,39,54],"killed_by":"The Heart","ascension_level":6}}