{"host":"b1nq0yziqa64sqqa","time":1610224664,"event":{"mods":["AchievementEnabler","BaseMod","Colored Map","Colored Powertips","Custom Start","Highlight Path","Minty Spire (QoL Compilation)","Quick Restart","StSLib","SuperFastMode"],"gold_per_floor":[433,495,507,546,581,593,644,690,702,748,797,853,908,956,977,1097,1109,1149,1187,1199,1240,1261,1311,1361,1409,1421,1464,1485,1539,1580,1628,1649,1775,1787,1813,1783,1831,1875,1901,1938,1989,2031,2069,2110,2157,2194,2206,2251,2263,2376,2388,2427,10,30,30,43,43,43,70,70,70,70,97,123,123,123,219,219,238,253,286,286,67,97,97,97,126,126,126,126,126,126],"floor_reached":81,"playtime":4531,"items_purged":[],"score":2451,"play_id":"4be41d9e-0cff-4938-bbd0-219a11b31f7f","local_time":"20210109223743","daily_mods":["Flight","DeadlyEvents","Elite Swarm"],"is_ascension_mode":true,"campfire_choices":[{"floor":6,"key":"REST"},{"floor":15,"key":"REST"},{"floor":28,"key":"REST"},{"floor":32,"key":"REST"},{"floor":47,"key":"REST"},{"data":"1","floor":49,"key":"LIFT"},{"floor":57,"key":"DIG"},{"data":"2","floor":58,"key":"LIFT"},{"data":"3","floor":61,"key":"LIFT"},{"floor":66,"key":"DIG"},{"floor":78,"key":"DIG"}],"circlet_count":7,"master_deck":["Vigilance+1","Defend_P+1","Defend_P+1","Eruption+1","Strike_P+1","FollowUp+1","CrushJoints+1","Tantrum+1","ConjureBlade+1","Judgement+1","Alpha+1","Devotion+1","Ragnarok+1","Blasphemy+1","Brilliance+1","Consecrate+1","Establishment+1","Crescendo+1","ClearTheMind+1","Collect+1","LikeWater+1","Omniscience+1","MasterReality+1","SpiritShield+1","WaveOfTheHand+1","Vault+1","Wish+1","CutThroughFate+1","Omniscience+1","BattleHymn+1","JustLucky+1","DevaForm+1","DeusExMachina+1","Sanctity+1","Sanctity+1"],"relics":["HolyWater","Membership Card","Juzu Bracelet","Frozen Egg 2","Molten Egg 2","Toxic Egg 2","PreservedInsect","Black Star","CeramicFish","Smiling Mask","The Courier","Old Coin","MawBank","CloakClasp","Toy Ornithopter","Incense Burner","Dream Catcher","Shuriken","War Paint","Ornamental Fan","StoneCalendar","Yang","Singing Bowl","Kunai","Regal Pillow","StrikeDummy","Lantern","CaptainsWheel","VioletLotus","HornCleat","Happy Flower","Whetstone","TeardropLocket","Bird Faced Urn","Eternal Feather","Bag of Marbles","White Beast Statue","Letter Opener","Calipers","Torii","Ancient Tea Set","Omamori","Orichalcum","Mercury Hourglass","InkBottle","Pear","Oddly Smooth Stone","Darkstone Periapt","Strawberry","Potion Belt","Question Card","Bottled Tornado","Centennial Puzzle","Tiny Chest","Turnip","Nunchaku","TungstenRod","FossilizedHelix","Vajra","Dead Branch","Girya","Thread and Needle","Empty Cage","Blue Candle","Art of War","Unceasing Top","Mummified Hand","Bag of Preparation","GoldenEye","Pen Nib","Matryoshka","Boot","Anchor","Meat on the Bone","Bronze Scales","Blood Vial","MealTicket","Pantograph","Damaru","Du-Vu Doll","DollysMirror","Sundial","Akabeko","Gremlin Horn","Gambling Chip","Shovel","Pocketwatch","Prayer Wheel","Mango","Ice Cream","Circlet","SlaversCollar","Red Mask","TheAbacus"],"acts_visited":["Exordium","TheCity","TheBeyond","Exordium","TheCity"],"potions_floor_usage":[16,27],"damage_taken":[{"damage":0,"enemies":"Small Slimes","floor":1,"turns":2},{"damage":0,"enemies":"Jaw Worm","floor":4,"turns":3},{"damage":0,"enemies":"2 Louse","floor":5,"turns":2},{"damage":2,"enemies":"3 Sentries","floor":7,"turns":3},{"damage":0,"enemies":"Gremlin Nob","floor":8,"turns":1},{"damage":0,"enemies":"Lagavulin","floor":10,"turns":4},{"damage":0,"enemies":"3 Sentries","floor":11,"turns":4},{"damage":0,"enemies":"Gremlin Nob","floor":12,"turns":2},{"damage":0,"enemies":"Lagavulin","floor":13,"turns":4},{"damage":0,"enemies":"Gremlin Nob","floor":14,"turns":1},{"damage":27,"enemies":"Hexaghost","floor":16,"turns":7},{"damage":1,"enemies":"3 Byrds","floor":18,"turns":4},{"damage":8,"enemies":"Chosen","floor":19,"turns":2},{"damage":3,"enemies":"Shelled Parasite and Fungi","floor":21,"turns":4},{"damage":0,"enemies":"Gremlin Leader","floor":23,"turns":2},{"damage":30,"enemies":"Slavers","floor":24,"turns":5},{"damage":8,"enemies":"Gremlin Leader","floor":25,"turns":4},{"damage":6,"enemies":"Book of Stabbing","floor":27,"turns":6},{"damage":16,"enemies":"Slavers","floor":29,"turns":6},{"damage":15,"enemies":"Gremlin Leader","floor":30,"turns":5},{"damage":8,"enemies":"Book of Stabbing","floor":31,"turns":5},{"damage":9,"enemies":"Collector","floor":33,"turns":7},{"damage":0,"enemies":"Orb Walker","floor":35,"turns":3},{"damage":0,"enemies":"Nemesis","floor":37,"turns":4},{"damage":0,"enemies":"Reptomancer","floor":38,"turns":5},{"damage":16,"enemies":"3 Shapes","floor":39,"turns":2},{"damage":0,"enemies":"Giant Head","floor":40,"turns":6},{"damage":0,"enemies":"Nemesis","floor":41,"turns":4},{"damage":1,"enemies":"Giant Head","floor":42,"turns":4},{"damage":7,"enemies":"Nemesis","floor":44,"turns":6},{"damage":1,"enemies":"Reptomancer","floor":45,"turns":4},{"damage":5,"enemies":"Nemesis","floor":46,"turns":5},{"damage":0,"enemies":"Giant Head","floor":48,"turns":4},{"damage":0,"enemies":"Donu and Deca","floor":50,"turns":4},{"damage":0,"enemies":"Cultist","floor":52,"turns":2},{"damage":0,"enemies":"2 Louse","floor":54,"turns":2},{"damage":0,"enemies":"Jaw Worm","floor":56,"turns":2},{"damage":0,"enemies":"Lagavulin","floor":59,"turns":3},{"damage":0,"enemies":"Gremlin Nob","floor":63,"turns":2},{"damage":0,"enemies":"Lagavulin","floor":64,"turns":2},{"damage":0,"enemies":"The Guardian","floor":67,"turns":3},{"damage":0,"enemies":"Spheric Guardian","floor":69,"turns":1},{"damage":0,"enemies":"2 Thieves","floor":70,"turns":1},{"damage":0,"enemies":"Masked Bandits","floor":71,"turns":1},{"damage":0,"enemies":"Slavers","floor":74,"turns":2},{"damage":0,"enemies":"Book of Stabbing","floor":75,"turns":3},{"damage":0,"enemies":"Slavers","floor":76,"turns":2},{"damage":0,"enemies":"Book of Stabbing","floor":77,"turns":3},{"damage":0,"enemies":"Gremlin Leader","floor":79,"turns":2},{"damage":0,"enemies":"Centurion and Healer","floor":80,"turns":3},{"damage":0,"enemies":"Book of Stabbing","floor":81,"turns":3}],"seed_played":"4956177618282892217","potions_obtained":[{"floor":7,"key":"DistilledChaos"},{"floor":8,"key":"SkillPotion"},{"floor":11,"key":"Dexterity Potion"},{"floor":12,"key":"FairyPotion"},{"floor":16,"key":"ColorlessPotion"},{"floor":24,"key":"BottledMiracle"},{"floor":27,"key":"Block Potion"},{"floor":30,"key":"Ambrosia"},{"floor":33,"key":"DuplicationPotion"},{"floor":41,"key":"Ancient Potion"},{"floor":44,"key":"SmokeBomb"}],"is_trial":true,"path_per_floor":["M","?","?","M","M","R","E","E","T","E","E","E","E","E","R","B",null,"M","M","?","M","?","E","E","E","T","E","R","E","E","E","R","B",null,"M","?","E","E","M","E","E","E","T","E","E","E","R","E","R","B",null,"M","$","M","$","M","R","R","E","T","R","?","E","E","?","R","B",null,"M","M","?","?","$","E","E","E","E","R","E","M","E"],"character_chosen":"WATCHER","items_purchased":["Blue Candle","Art of War","Unceasing Top","Mummified Hand","Bag of Preparation","GoldenEye","Pen Nib","Matryoshka","Boot","Anchor","Meat on the Bone","Bronze Scales","Blood Vial","MealTicket","Pantograph","Damaru","Du-Vu Doll","DollysMirror","Sundial","Akabeko","Gremlin Horn","Gambling Chip","Shovel","Pocketwatch","Prayer Wheel","Mango","Ice Cream","TheAbacus","Circlet"],"campfire_rested":5,"item_purchase_floors":[53,53,53,53,53,53,53,53,53,53,53,53,53,53,53,53,53,53,53,53,53,53,53,53,53,53,53,73,73],"current_hp_per_floor":[72,72,72,72,72,72,70,70,70,70,70,70,70,70,72,45,72,71,63,63,60,60,60,30,22,22,33,74,64,57,59,76,67,76,78,78,78,90,76,97,101,103,103,104,107,109,111,113,113,115,115,115,129,133,133,133,133,133,135,135,135,135,137,137,137,137,139,139,143,147,149,149,149,149,149,149,151,151,151,151,151,151],"gold":126,"neow_bonus":"","is_daily":false,"chose_seed":false,"campfire_upgraded":0,"win_rate":0.0,"timestamp":1610224663,"path_taken":["M","?","?","M","M","R","E","E","T","E","E","E","E","E","R","BOSS","M","M","?","M","?","E","E","E","T","E","R","E","E","E","R","BOSS","M","?","?","?","M","E","E","E","T","E","E","E","R","E","R","BOSS","M","$","M","$","M","R","R","E","T","R","?","E","E","?","R","BOSS","M","M","?","?","$","E","E","E","E","R","E","M","E"],"items_purchased_type":["Relic","Relic","Relic","Relic","Relic","Relic","Relic","Relic","Relic","Relic","Relic","Relic","Relic","Relic","Relic","Relic","Relic","Relic","Relic","Relic","Relic","Relic","Relic","Relic","Relic","Relic","Relic","Relic","Undefined"],"build_version":"2020-12-22","purchased_purges":0,"victory":false,"max_hp_per_floor":[72,72,72,72,72,72,72,72,72,72,72,72,72,72,72,72,72,72,72,72,72,72,72,72,72,72,74,74,74,76,76,76,76,76,78,78,78,90,92,101,101,103,103,105,107,109,111,113,113,115,115,115,129,133,133,133,133,133,135,135,135,135,137,137,137,137,139,139,143,147,149,149,149,149,149,149,151,151,151,151,151,151],"card_choices":[{"not_picked":["FlurryOfBlows+1","Protect+1"],"picked":"FollowUp+1","floor":1},{"not_picked":["Consecrate+1","FollowUp+1"],"picked":"CrushJoints+1","floor":4},{"not_picked":["ThirdEye+1","BowlingBash+1"],"picked":"Tantrum+1","floor":5},{"not_picked":["SpiritShield+1","Omniscience+1"],"picked":"ConjureBlade+1","floor":7},{"not_picked":["SpiritShield+1","DeusExMachina+1"],"picked":"Judgement+1","floor":8},{"not_picked":["Wish+1","DeusExMachina+1"],"picked":"Alpha+1","floor":10},{"not_picked":["Establishment+1","Omniscience+1"],"picked":"Devotion+1","floor":11},{"not_picked":["Establishment+1","LessonLearned+1"],"picked":"Ragnarok+1","floor":12},{"not_picked":["LessonLearned+1","Wish+1"],"picked":"Blasphemy+1","floor":13},{"not_picked":["Alpha+1","ConjureBlade+1"],"picked":"Brilliance+1","floor":14},{"not_picked":["FollowUp+1","CrushJoints+1"],"picked":"Consecrate+1","floor":15},{"not_picked":["Scrawl+1","SpiritShield+1"],"picked":"Establishment+1","floor":16},{"not_picked":["SignatureMove+1","Weave+1"],"picked":"Crescendo+1","floor":18},{"not_picked":["ThirdEye+1","TalkToTheHand+1"],"picked":"ClearTheMind+1","floor":19},{"not_picked":["Protect+1","Consecrate+1"],"picked":"Collect+1","floor":21},{"not_picked":["DevaForm+1","Blasphemy+1"],"picked":"Omniscience+1","floor":23},{"not_picked":["Omniscience+1","Ragnarok+1"],"picked":"MasterReality+1","floor":24},{"not_picked":["Scrawl+1","Blasphemy+1"],"picked":"SpiritShield+1","floor":25},{"not_picked":["Ragnarok+1","ConjureBlade+1","Blasphemy+1"],"picked":"Singing Bowl","floor":27},{"not_picked":["EmptyFist+1","PathToVictory+1"],"picked":"WaveOfTheHand+1","floor":28},{"not_picked":["Alpha+1","MasterReality+1"],"picked":"Vault+1","floor":29},{"not_picked":["ConjureBlade+1","SpiritShield+1","Ragnarok+1"],"picked":"Singing Bowl","floor":30},{"not_picked":["Scrawl+1","Alpha+1"],"picked":"Wish+1","floor":31},{"not_picked":["Fasting2+1","Wallop+1"],"picked":"CutThroughFate+1","floor":32},{"not_picked":["Judgement+1","LessonLearned+1"],"picked":"Omniscience+1","floor":33},{"not_picked":["FlyingSleeves+1","PathToVictory+1","Prostrate+1"],"picked":"Singing Bowl","floor":35},{"not_picked":["Alpha+1","Blasphemy+1"],"picked":"DevaForm+1","floor":37},{"not_picked":["MasterReality+1","Establishment+1","Alpha+1"],"picked":"Singing Bowl","floor":38},{"not_picked":["Prostrate+1","Protect+1","Pray+1"],"picked":"Singing Bowl","floor":39},{"not_picked":["Ragnarok+1","DevaForm+1","Omniscience+1"],"picked":"Singing Bowl","floor":40},{"not_picked":["DevaForm+1","Vault+1"],"picked":"DeusExMachina+1","floor":41},{"not_picked":["LessonLearned+1","Establishment+1","MasterReality+1","Alpha+1"],"picked":"Singing Bowl","floor":42},{"not_picked":["MasterReality+1","LessonLearned+1","Wish+1","ConjureBlade+1"],"picked":"Singing Bowl","floor":44},{"not_picked":["Brilliance+1","Devotion+1","Judgement+1","Ragnarok+1"],"picked":"Singing Bowl","floor":45},{"not_picked":["Omniscience+1","Vault+1","Ragnarok+1","SpiritShield+1"],"picked":"Singing Bowl","floor":46},{"not_picked":["Worship+1","Adaptation+1","FlurryOfBlows+1","EmptyFist+1"],"picked":"Singing Bowl","floor":47},{"not_picked":["Judgement+1","Ragnarok+1","DevaForm+1","Establishment+1"],"picked":"Singing Bowl","floor":48},{"not_picked":["Judgement+1","DeusExMachina+1","Brilliance+1","Alpha+1"],"picked":"Singing Bowl","floor":50},{"not_picked":["Study+1","Adaptation+1","EmptyFist+1"],"picked":"Sanctity+1","floor":52},{"not_picked":["CrushJoints+1","Prostrate+1","Fasting2+1","EmptyFist+1"],"picked":"Singing Bowl","floor":54},{"not_picked":["SashWhip+1","Vengeance+1","Consecrate+1","FollowUp+1"],"picked":"Singing Bowl","floor":54},{"not_picked":["FearNoEvil+1","FlyingSleeves+1","CrushJoints+1","JustLucky+1"],"picked":"SKIP","floor":56},{"not_picked":["Tantrum+1","PathToVictory+1","Fasting2+1","Halt+1"],"picked":"SKIP","floor":56},{"not_picked":["Ragnarok+1","Brilliance+1","Vault+1","Wish+1"],"picked":"Singing Bowl","floor":59},{"not_picked":["Blasphemy+1","DevaForm+1","Judgement+1","Establishment+1"],"picked":"Singing Bowl","floor":63},{"not_picked":["ConjureBlade+1","Wish+1","Establishment+1","Brilliance+1"],"picked":"SKIP","floor":64},{"not_picked":["Judgement+1","DeusExMachina+1","Establishment+1","Brilliance+1"],"picked":"Singing Bowl","floor":67},{"not_picked":["CrushJoints+1","TalkToTheHand+1","Prostrate+1","EmptyFist+1"],"picked":"Singing Bowl","floor":69},{"not_picked":["Halt+1","Prostrate+1","Wallop+1","BattleHymn+1"],"picked":"Singing Bowl","floor":69},{"not_picked":["FlurryOfBlows+1","SandsOfTime+1","FlyingSleeves+1","Halt+1"],"picked":"Singing Bowl","floor":70},{"not_picked":["WindmillStrike+1","ThirdEye+1","FlyingSleeves+1","Worship+1"],"picked":"Singing Bowl","floor":70},{"not_picked":["JustLucky+1","SashWhip+1","WindmillStrike+1","FollowUp+1"],"picked":"Singing Bowl","floor":71},{"not_picked":["SpiritShield+1","LessonLearned+1","Wish+1","DeusExMachina+1"],"picked":"SKIP","floor":74},{"not_picked":["Ragnarok+1","Devotion+1","LessonLearned+1","Alpha+1"],"picked":"SKIP","floor":75},{"not_picked":["Alpha+1","LessonLearned+1","DevaForm+1","Ragnarok+1"],"picked":"SKIP","floor":76},{"not_picked":["Ragnarok+1","SpiritShield+1","ConjureBlade+1","DevaForm+1"],"picked":"Singing Bowl","floor":77},{"not_picked":["Brilliance+1","LessonLearned+1","Vault+1","SpiritShield+1"],"picked":"SKIP","floor":79},{"not_picked":["CutThroughFate+1","BowlingBash+1","FearNoEvil+1","Evaluate+1"],"picked":"SKIP","floor":80},{"not_picked":["Weave+1","CutThroughFate+1","PathToVictory+1","FearNoEvil+1"],"picked":"SKIP","floor":80}],"player_experience":89471,"relics_obtained":[{"floor":7,"key":"CloakClasp"},{"floor":7,"key":"Toy Ornithopter"},{"floor":8,"key":"Incense Burner"},{"floor":8,"key":"Dream Catcher"},{"floor":9,"key":"Shuriken"},{"floor":10,"key":"War Paint"},{"floor":10,"key":"Ornamental Fan"},{"floor":11,"key":"StoneCalendar"},{"floor":11,"key":"Yang"},{"floor":12,"key":"Singing Bowl"},{"floor":12,"key":"Kunai"},{"floor":13,"key":"Regal Pillow"},{"floor":13,"key":"StrikeDummy"},{"floor":14,"key":"Lantern"},{"floor":14,"key":"CaptainsWheel"},{"floor":23,"key":"HornCleat"},{"floor":24,"key":"Happy Flower"},{"floor":24,"key":"Whetstone"},{"floor":25,"key":"TeardropLocket"},{"floor":25,"key":"Bird Faced Urn"},{"floor":26,"key":"Eternal Feather"},{"floor":27,"key":"Bag of Marbles"},{"floor":27,"key":"White Beast Statue"},{"floor":29,"key":"Letter Opener"},{"floor":29,"key":"Calipers"},{"floor":30,"key":"Torii"},{"floor":30,"key":"Ancient Tea Set"},{"floor":31,"key":"Omamori"},{"floor":31,"key":"Orichalcum"},{"floor":37,"key":"Mercury Hourglass"},{"floor":37,"key":"InkBottle"},{"floor":38,"key":"Pear"},{"floor":38,"key":"Oddly Smooth Stone"},{"floor":40,"key":"Darkstone Periapt"},{"floor":40,"key":"Strawberry"},{"floor":41,"key":"Potion Belt"},{"floor":41,"key":"Question Card"},{"floor":42,"key":"Bottled Tornado"},{"floor":42,"key":"Centennial Puzzle"},{"floor":43,"key":"Tiny Chest"},{"floor":44,"key":"Turnip"},{"floor":44,"key":"Nunchaku"},{"floor":45,"key":"TungstenRod"},{"floor":45,"key":"FossilizedHelix"},{"floor":46,"key":"Vajra"},{"floor":46,"key":"Dead Branch"},{"floor":48,"key":"Girya"},{"floor":48,"key":"Thread and Needle"},{"floor":57,"key":"Circlet"},{"floor":60,"key":"Circlet"},{"floor":60,"key":"Circlet"},{"floor":66,"key":"Circlet"},{"floor":71,"key":"Red Mask"},{"floor":78,"key":"Circlet"}],"event_choices":[{"damage_healed":0,"gold_gain":50,"player_choice":"Gained Gold","damage_taken":0,"max_hp_gain":0,"max_hp_loss":0,"event_name":"Golden Wing","floor":2,"gold_loss":0},{"damage_healed":0,"gold_gain":0,"player_choice":"Ignored","damage_taken":0,"max_hp_gain":0,"max_hp_loss":0,"event_name":"Shining Light","floor":3,"gold_loss":0},{"cards_removed":["Strike_P"],"damage_healed":0,"gold_gain":0,"player_choice":"Elegance","damage_taken":0,"max_hp_gain":0,"max_hp_loss":0,"event_name":"Back to Basics","floor":20,"gold_loss":0},{"damage_healed":0,"gold_gain":0,"player_choice":"Read","damage_taken":0,"max_hp_gain":0,"max_hp_loss":0,"event_name":"The Library","floor":22,"gold_loss":0,"cards_obtained":["LikeWater"]},{"damage_healed":0,"gold_gain":0,"cards_transformed":["Strike_P","Defend_P"],"player_choice":"Transformed Cards","damage_taken":0,"max_hp_gain":0,"max_hp_loss":0,"event_name":"Designer","floor":36,"gold_loss":60,"cards_obtained":["BattleHymn","JustLucky"]},{"damage_healed":0,"gold_gain":0,"player_choice":"Ignored","damage_taken":0,"max_hp_gain":0,"max_hp_loss":0,"event_name":"Shining Light","floor":62,"gold_loss":0},{"damage_healed":0,"gold_gain":0,"player_choice":"Ignored","damage_taken":0,"max_hp_gain":0,"max_hp_loss":0,"event_name":"Upgrade Shrine","floor":65,"gold_loss":0},{"damage_healed":0,"gold_gain":0,"player_choice":"Fought Bandits","damage_taken":0,"max_hp_gain":0,"max_hp_loss":0,"event_name":"Masked Bandits","floor":71,"gold_loss":0},{"damage_healed":0,"gold_gain":0,"player_choice":"Opened","damage_taken":0,"relics_obtained":["Circlet"],"max_hp_gain":0,"max_hp_loss":0,"event_name":"The Mausoleum","floor":72,"gold_loss":0,"cards_obtained":["Writhe"]}],"is_beta":false,"boss_relics":[{"not_picked":["Black Star","Busted Crown"],"picked":"VioletLotus"},{"not_picked":["Velvet Choker","Astrolabe"],"picked":"HolyWater"},{"not_picked":["Sozu","Tiny House"],"picked":"Empty Cage"},{"not_picked":["Snecko Eye","Fusion Hammer"],"picked":"SlaversCollar"}],"items_purged_floors":[],"is_endless":true,"potions_floor_spawned":[7,8,11,12,14,16,21,24,27,29,30,31,33,35,37,38,39,40,41,42,44,45,46,48,50,52,54,56,59,63,64,67,69,70,71,74,75,76,77,79,80],"killed_by":"Book of Stabbing","ascension_level":1}}