{"host":"8ohk72e3leaymhq4","time":1610198603,"event":{"mods":["ATMod(阿瑾Mod)","Act Like it!","Arknights The Spire","Aspiration","BaseMod","BetterRewards","Colored Powertips","Conspire","Downfall","FutureSeer","Gensokyo","Hallownest","Hubris","Hunter 猎人","KinomotoSakuraMod(木之本樱)","LagranYue(拉格朗・月)","Lobotomy","LobotomyExtend","Marisa（F雨　魔理沙）","Mimic Mod","Minty Spire (QoL Compilation)","Nova Terra(诺娃・泰拉)","Prisma Mod","Quarter Circle Forward PUNCH!","Relic Stats","Remilia（蕾米莉亚）","Replay The Spire","Reworked Bosses","Shop Mod","Spicy Shops","StSLib","Td1madao Mod","TestMod","The Administrix","The Bug Knight","The Construct","The Mystic","WarShipGirlsR/战舰少女R mod","Youmu（魂魄妖梦）","Yuri Mod","vexMod","【遗物卡牌】REMEMod","篝火指南"],"gold_per_floor":[116,128,144,134,134,134,169,185,254,279,15,15,42,59,59,160,160,171,26,26,26,26,26],"floor_reached":22,"playtime":1980,"items_purged":["Shame"],"score":227,"play_id":"e3d85101-f6b9-4250-98a4-3b9e18080800","local_time":"20210109212323","is_ascension_mode":false,"campfire_choices":[{"data":"HalloweenModCandy","floor":6,"key":"SMITH"},{"data":"HalloweenModCandy","floor":12,"key":"SMITH"},{"floor":15,"key":"DIG"}],"circlet_count":0,"master_deck":["mysticmod:Strike_Mystic","mysticmod:Strike_Mystic","mysticmod:Strike_Mystic","mysticmod:Defend_Mystic","mysticmod:Defend_Mystic","mysticmod:Defend_Mystic","mysticmod:Defend_Mystic","mysticmod:ArcaneDodge","mysticmod:ShockingGrasp","AT_DarkMatter","sneckomod:ImprovisedGuard","ShyLook","HalloweenModGhostCostume","UniverseFragment","HalloweenModCandy+1","HalloweenModCandy+1","mysticmod:Probe","QueenOfHatred","HalloweenModTrick","OldLady","HalloweenModTrick","DreamingCurrent","HalloweenModTrick","mysticmod:LightningBolt","HalloweenModTrick","MHz","HalloweenModTrick","HeroicMonk","HalloweenModTrick","SnowQueen","HalloweenModTrick"],"relics":["mysticmod:SpellBook","REME_ComplimentaryCards","AT_ATBox","testmod-TestBox","LagranYue:RandomDrawCardRelic","CogitoBucket","HalloweenModHalloween","Blue Candle","LetterFromLob","hubris:FoxTail","yuri:PortableGlitches","Toy Ornithopter","testmod-Register","hubris:BottledRain","FleshIdol","PreservedInsect","testmod-EnergyCheck","vexMod:Spyglass","MagicBullet_r"],"acts_visited":["Exordium","TheCity"],"potions_floor_usage":[16,20,20,20],"damage_taken":[{"damage":0,"enemies":"Jaw Worm","floor":1,"turns":4},{"damage":2,"enemies":"conspire:RoseBush","floor":2,"turns":4},{"damage":0,"enemies":"Small Slimes","floor":3,"turns":3},{"damage":17,"enemies":"Lagavulin","floor":7,"turns":12},{"damage":4,"enemies":"3 Louse","floor":8,"turns":2},{"damage":8,"enemies":"3 Sentries","floor":10,"turns":5},{"damage":50,"enemies":"Lagavulin","floor":13,"turns":6},{"damage":0,"enemies":"Exordium Thugs","floor":14,"turns":1},{"damage":73,"enemies":"The Guardian","floor":16,"turns":8},{"damage":17,"enemies":"3 Byrds","floor":18,"turns":2},{"damage":55,"enemies":"Chosen","floor":20,"turns":2},{"damage":4,"enemies":"Chosen","floor":22,"turns":1}],"seed_played":"-6067698084749230787","potions_obtained":[{"floor":3,"key":"Toxic Potion"},{"floor":7,"key":"Fire Potion"},{"floor":8,"key":"Guardian:BlockOnCardUsePotion"}],"is_trial":false,"path_per_floor":["M","M","M","?","?","R","E","M","T","E","$","R","E","M","R","B",null,"M","$","M","$","M"],"character_chosen":"MYSTIC_CLASS","items_purchased":["qcfpunch:Cattail","testmod-Register","mysticmod:LightningBolt","vexMod:Spyglass"],"campfire_rested":0,"item_purchase_floors":[11,11,11,19],"current_hp_per_floor":[77,75,77,77,77,77,64,60,60,60,60,60,51,55,55,51,77,60,60,1,1,0,0],"gold":26,"neow_bonus":"","is_daily":false,"chose_seed":false,"campfire_upgraded":2,"win_rate":0.0,"timestamp":1610198603,"path_taken":["M","M","M","?","?","R","E","?","T","E","$","R","E","M","R","BOSS","M","$","M","?","?"],"items_purchased_type":["Relic","Relic","Card","Relic"],"build_version":"2020-12-22","purchased_purges":1,"victory":false,"max_hp_per_floor":[77,77,77,77,77,77,77,77,77,77,77,77,77,77,77,77,77,77,77,1,1,1,1],"relic_stats":{"counters":[13,51],"Blue Candle":[0],"PreservedInsect":0,"obtain_stats":[{"AT_ATBox":0,"testmod-TestBox":0,"LagranYue:RandomDrawCardRelic":0,"MagicBullet_r":20,"testmod-Register":11,"Blue Candle":0,"mysticmod:SpellBook":0,"FleshIdol":14,"HalloweenModHalloween":0,"PreservedInsect":15,"vexMod:Spyglass":19,"CogitoBucket":0,"LetterFromLob":1,"qcfpunch:Cattail":11,"hubris:FoxTail":7,"yuri:PortableGlitches":9,"testmod-EnergyCheck":17,"Toy Ornithopter":10,"REME_ComplimentaryCards":0,"hubris:BottledRain":13},{"AT_ATBox":0,"testmod-TestBox":0,"LagranYue:RandomDrawCardRelic":0,"MagicBullet_r":12,"testmod-Register":6,"Blue Candle":0,"mysticmod:SpellBook":0,"FleshIdol":9,"HalloweenModHalloween":0,"PreservedInsect":9,"vexMod:Spyglass":11,"CogitoBucket":0,"LetterFromLob":1,"qcfpunch:Cattail":6,"hubris:FoxTail":4,"yuri:PortableGlitches":5,"testmod-EnergyCheck":10,"Toy Ornithopter":6,"REME_ComplimentaryCards":0,"hubris:BottledRain":7},{"AT_ATBox":0,"testmod-TestBox":0,"LagranYue:RandomDrawCardRelic":0,"MagicBullet_r":50,"testmod-Register":30,"Blue Candle":0,"mysticmod:SpellBook":0,"FleshIdol":38,"HalloweenModHalloween":0,"PreservedInsect":38,"vexMod:Spyglass":48,"CogitoBucket":0,"LetterFromLob":4,"qcfpunch:Cattail":30,"hubris:FoxTail":23,"yuri:PortableGlitches":25,"testmod-EnergyCheck":46,"Toy Ornithopter":30,"REME_ComplimentaryCards":0,"hubris:BottledRain":36}],"Toy Ornithopter":20},"card_choices":[{"not_picked":["Bloodbath","OSAHOGD"],"picked":"ShyLook","floor":1},{"not_picked":["HalloweenModCandy","HalloweenModTrick"],"picked":"HalloweenModGhostCostume","floor":1},{"not_picked":["CherryBlossoms","HeroicMonk"],"picked":"UniverseFragment","floor":2},{"not_picked":["HalloweenModGhostCostume","HalloweenModTrick"],"picked":"HalloweenModCandy","floor":2},{"not_picked":["HalloweenModGhostCostume","HalloweenModTrick"],"picked":"HalloweenModCandy","floor":3},{"not_picked":[],"picked":"mysticmod:Probe","floor":4},{"not_picked":["SpiderBud","OldLady"],"picked":"QueenOfHatred","floor":7},{"not_picked":["HalloweenModCandy","HalloweenModGhostCostume"],"picked":"HalloweenModTrick","floor":7},{"not_picked":["MeltingLove","SpiderBud"],"picked":"OldLady","floor":8},{"not_picked":["HalloweenModGhostCostume","HalloweenModCandy"],"picked":"HalloweenModTrick","floor":8},{"not_picked":["VoidDream","PunishingBird"],"picked":"DreamingCurrent","floor":10},{"not_picked":["HalloweenModCandy","HalloweenModGhostCostume"],"picked":"HalloweenModTrick","floor":10},{"not_picked":["HalloweenModCandy","HalloweenModGhostCostume"],"picked":"HalloweenModTrick","floor":13},{"not_picked":["Porccubus","WallGazer"],"picked":"MHz","floor":14},{"not_picked":["HalloweenModGhostCostume","HalloweenModCandy"],"picked":"HalloweenModTrick","floor":14},{"not_picked":["BeautyBeast","BigBadWolf"],"picked":"HeroicMonk","floor":16},{"not_picked":["HalloweenModGhostCostume","HalloweenModCandy"],"picked":"HalloweenModTrick","floor":16},{"not_picked":["CENSORED","OSAHOGD"],"picked":"SnowQueen","floor":18},{"not_picked":["HalloweenModGhostCostume","HalloweenModCandy+1"],"picked":"HalloweenModTrick","floor":18}],"player_experience":37393,"relics_obtained":[{"floor":1,"key":"LetterFromLob"},{"floor":7,"key":"hubris:FoxTail"},{"floor":9,"key":"yuri:PortableGlitches"},{"floor":10,"key":"Toy Ornithopter"},{"floor":13,"key":"hubris:BottledRain"},{"floor":15,"key":"PreservedInsect"}],"event_choices":[{"damage_healed":0,"gold_gain":0,"player_choice":"Bought 0 Potions","damage_taken":0,"max_hp_gain":0,"max_hp_loss":0,"event_name":"The Woman in Blue","floor":5,"gold_loss":0}],"is_beta":false,"boss_relics":[{"not_picked":["testmod-PortableAltar","vexMod:NewClearReactor"],"picked":"testmod-EnergyCheck"}],"items_purged_floors":[11],"is_endless":false,"potions_floor_spawned":[3,7,8,18],"killed_by":"Chosen","ascension_level":0}}