{"host":"h1l2j95f0ioyx0nx","time":1610193350,"event":{"mods":["AchievementEnabler","Arknights The Spire","Ascension Reborn","BaseMod","BetterRewards","Gold Saver","GungeonMod","Hermit","Lobotomy","Minty Spire (QoL Compilation)","Permanent Neow","Quick Restart","Shop Mod","Spicy Shops","StSLib","The Bug Knight","The Cursed","The Dragon Tamer","The Hierophant","The Jungle","The Poker Player","The Runesmith"],"gold_per_floor":[4040,3178,3178,3200,3217,3217,2235,2257,2257,2329,2329,2358,2387,2410,2410,2593,2593,2620,2637,2637,2657,2657,2657],"floor_reached":22,"playtime":2757,"items_purged":["Pain"],"score":353,"play_id":"4bbeaff6-565a-4e78-99cd-536dd4fcc3d5","local_time":"20210109205550","is_ascension_mode":true,"campfire_choices":[{"floor":6,"key":"RECALL"},{"floor":11,"key":"DIG"},{"floor":15,"key":"REST"}],"circlet_count":0,"master_deck":["DemoMod:Strike_Huntress+1","DemoMod:Strike_Huntress+1","DemoMod:Strike_Huntress+1","DemoMod:Defend_Huntress+1","DemoMod:Defend_Huntress+1","DemoMod:Defend_Huntress+1","DemoMod:Defend_Huntress+1","DemoMod:Roll+1","DemoMod:ManualReload+1","DemoMod:RustySidearm+1","DemoMod:CrossBow+1","CENSORED","DemoMod:Rummage","DemoMod:FightSabre","DemoMod:ChanceBullets+1","DemoMod:BattleInHaste","MHz","DemoMod:SniperShot","LongBird","DemoMod:TableSutra","DemoMod:BlankBullets","DemoMod:CombinedRifle","DemoMod:Desperate","Thinking Ahead","Scorched","Wellcheers","DemoMod:FullFirepower","MeatLantern","DemoMod:TripleGun","FairyFestival","DemoMod:Behold!","Funeral","SingingMachine","DemoMod:JK47","DemoMod:FeignSurrender","CherryBlossoms","DemoMod:CursedBullets"],"relics":["DemoMod:Dog","CogitoBucket","Lizard Tail","Membership Card","MerchantsRug","TheAbacus","Question Card","Sundial","Omamori","DemoMod:GnawedKey","DemoMod:LamentConfigurum","PreservedInsect","Shovel","DemoMod:RingOfEthereal","Vajra","Medical Kit","Girya","DemoMod:Bottle","Pear","Orichalcum","Theresia","DemoMod:Relodestone","Busted Crown","Letter Opener","DemoMod:GlassGuonStoneRelic"],"acts_visited":["Exordium","Exordium"],"potions_floor_usage":[18,21,21],"damage_taken":[{"damage":0,"enemies":"Cultist","floor":1,"turns":2},{"damage":2,"enemies":"Small Slimes","floor":4,"turns":4},{"damage":0,"enemies":"Jaw Worm","floor":5,"turns":2},{"damage":1,"enemies":"Exordium Thugs","floor":8,"turns":4},{"damage":51,"enemies":"Gremlin Gang","floor":12,"turns":5},{"damage":44,"enemies":"2 Fungi Beasts","floor":14,"turns":4},{"damage":0,"enemies":"Slime Boss","floor":16,"turns":4},{"damage":28,"enemies":"Shell Parasite","floor":18,"turns":4},{"damage":49,"enemies":"theJungle:MUSHROOMGANG","floor":19,"turns":3},{"damage":85,"enemies":"theJungle:Lyon","floor":21,"turns":6},{"damage":50,"enemies":"theJungle:2_Snecko_Cultists","floor":22,"turns":2}],"seed_played":"-4610246187366202558","potions_obtained":[{"floor":1,"key":"LiquidBronze"},{"floor":4,"key":"EssenceOfSteel"},{"floor":4,"key":"GamblersBrew"},{"floor":12,"key":"DemoMod:LeadSkinPotion"},{"floor":18,"key":"Ancient Potion"},{"floor":19,"key":"AttackPotion"},{"floor":21,"key":"SneckoOil"},{"floor":21,"key":"GamblersBrew"}],"is_trial":false,"path_per_floor":["M","$","?","M","M","R","$","M","T","?","R","M","T","M","R","B",null,"M","M","?","M","M"],"character_chosen":"HUNTRESS","items_purchased":["Membership Card","MerchantsRug","TheAbacus","Question Card","Sundial","Omamori","DemoMod:GnawedKey","DemoMod:FightSabre","DemoMod:ChanceBullets","DemoMod:BattleInHaste","PreservedInsect","Shovel","DemoMod:RingOfEthereal","Vajra","Medical Kit","DemoMod:BlankBullets","DemoMod:CombinedRifle","DemoMod:Desperate","Thinking Ahead"],"campfire_rested":1,"item_purchase_floors":[2,2,2,2,2,2,2,2,2,2,7,7,7,7,7,7,7,7,7],"current_hp_per_floor":[77,77,77,75,75,75,75,77,77,77,77,42,52,38,64,79,87,70,41,41,27,0,0],"gold":2657,"neow_bonus":"","is_daily":false,"chose_seed":false,"campfire_upgraded":0,"win_rate":0.0,"timestamp":1610193350,"path_taken":["M","$","?","M","M","R","$","M","T","?","R","?","?","?","R","BOSS","M","M","?","M","?"],"items_purchased_type":["Relic","Relic","Relic","Relic","Relic","Relic","Relic","Card","Card","Card","Relic","Relic","Relic","Relic","Relic","Card","Card","Card","Card"],"build_version":"2020-12-22","purchased_purges":1,"victory":false,"max_hp_per_floor":[77,77,77,77,77,77,77,77,77,77,77,77,87,87,87,87,87,87,87,87,87,87,87],"card_choices":[{"not_picked":["Scarecrow","MeatLantern"],"picked":"CENSORED","floor":1},{"not_picked":["DemoMod:Ejector","DemoMod:JK47+1"],"picked":"DemoMod:Rummage","floor":1},{"not_picked":["FairyFestival","Wellcheers"],"picked":"MHz","floor":4},{"not_picked":["DemoMod:SAA","DemoMod:TeaPot","DemoMod:FeignSurrender"],"picked":"DemoMod:SniperShot","floor":4},{"not_picked":["OSAHOGD","OldLady"],"picked":"LongBird","floor":5},{"not_picked":["DemoMod:CombinedRifle","DemoMod:RadGun","DemoMod:FortunesFavor"],"picked":"DemoMod:TableSutra","floor":5},{"not_picked":["FieryBird","QueenOfHatred"],"picked":"Scorched","floor":8},{"not_picked":["DemoMod:Ejector","DemoMod:AC15+1","DemoMod:MachoBrace","DemoMod:RadGun"],"picked":"SKIP","floor":8},{"not_picked":["DemoMod:Ejector","DemoMod:AC15+1","DemoMod:MachoBrace","DemoMod:RadGun"],"picked":"SKIP","floor":8},{"not_picked":["BeautyBeast","OSAHOGD"],"picked":"Wellcheers","floor":12},{"not_picked":["DemoMod:HardPowerCard+1","DemoMod:DoubleSwitch+1","DemoMod:GunShield+1"],"picked":"DemoMod:FullFirepower","floor":12},{"not_picked":["WallGazer","Murderer"],"picked":"MeatLantern","floor":14},{"not_picked":["DemoMod:Rummage","DemoMod:GunstockTap","DemoMod:AC15+1"],"picked":"DemoMod:TripleGun","floor":14},{"not_picked":["WallGazer","OldLady"],"picked":"FairyFestival","floor":16},{"not_picked":["DemoMod:ThirdPartyController","DemoMod:BlankBullets","DemoMod:BulletBore"],"picked":"DemoMod:Behold!","floor":16},{"not_picked":["OldLady","PunishingBird"],"picked":"Funeral","floor":18},{"not_picked":["DemoMod:FortunesFavor","DemoMod:JK47"],"picked":"SKIP","floor":18},{"not_picked":["PunishingBird","FieryBird"],"picked":"SingingMachine","floor":19},{"not_picked":["DemoMod:SkilledReload","DemoMod:ConditionalReflex"],"picked":"SKIP","floor":19},{"not_picked":["DemoMod:SkilledReload","DemoMod:ConditionalReflex"],"picked":"SKIP","floor":19},{"not_picked":["ShyLook","NakedNest"],"picked":"CherryBlossoms","floor":21},{"not_picked":["DemoMod:AC15"],"picked":"DemoMod:CursedBullets","floor":21}],"player_experience":171400,"relics_obtained":[{"floor":1,"key":"Lizard Tail"},{"floor":5,"key":"DemoMod:LamentConfigurum"},{"floor":9,"key":"Girya"},{"floor":11,"key":"DemoMod:Bottle"},{"floor":13,"key":"Pear"},{"floor":13,"key":"Orichalcum"},{"floor":16,"key":"DemoMod:Relodestone"}],"event_choices":[{"damage_healed":0,"gold_gain":0,"player_choice":"Grow","damage_taken":0,"max_hp_gain":0,"max_hp_loss":0,"event_name":"Living Wall","floor":3,"gold_loss":0,"cards_upgraded":["DemoMod:ChanceBullets"]},{"damage_healed":0,"gold_gain":60,"player_choice":"Gained Gold","damage_taken":0,"max_hp_gain":0,"max_hp_loss":0,"event_name":"Golden Wing","floor":10,"gold_loss":0},{"damage_healed":0,"gold_gain":0,"player_choice":"2 cards matched","damage_taken":0,"max_hp_gain":0,"max_hp_loss":0,"event_name":"Match and Keep!","floor":20,"gold_loss":0,"cards_obtained":["DemoMod:JK47","DemoMod:FeignSurrender"]}],"is_beta":false,"boss_relics":[{"not_picked":["Velvet Choker","Runesmith:UraniumAnvil"],"picked":"Busted Crown"}],"items_purged_floors":[2],"is_endless":false,"potions_floor_spawned":[4,5,16,21],"killed_by":"theJungle:2_Snecko_Cultists","ascension_level":0}}