{"host":"w7o06k3e8uel8euj","time":1610203043,"event":{"mods":["AchievementEnabler","BaseMod","Colored Powertips","Custom Start","DeckTracker","Keyboard Shortcuts","Minty Spire (QoL Compilation)","Quick Restart","Relic Stats","StSLib","SuperFastMode","everything is the same but u backflip on backflip"],"gold_per_floor":[112,112,62,62,62,62,62,62],"floor_reached":7,"playtime":91,"items_purged":[],"score":61,"play_id":"6a41a826-00ad-481c-a698-49d8179e21eb","local_time":"20210109233723","is_ascension_mode":true,"campfire_choices":[{"floor":6,"key":"DIG"}],"circlet_count":0,"master_deck":["AscendersBane","Strike_G","Strike_G+1","Strike_G","Strike_G","Strike_G","Defend_G","Defend_G","Defend_G+1","Defend_G","Defend_G","Survivor","Neutralize","Quick Slash"],"relics":["Ring of the Snake","Shovel","Ornamental Fan","Golden Idol","Oddly Smooth Stone"],"acts_visited":["Exordium"],"potions_floor_usage":[],"damage_taken":[{"damage":4,"enemies":"Small Slimes","floor":1,"turns":5},{"damage":14,"enemies":"Lagavulin","floor":7,"turns":6}],"seed_played":"-8724125419116634122","potions_obtained":[],"is_trial":false,"path_per_floor":["M","?","?","?","?","R","E"],"character_chosen":"THE_SILENT","items_purchased":[],"campfire_rested":0,"item_purchase_floors":[],"current_hp_per_floor":[59,41,41,24,10,10,0,0],"gold":62,"neow_bonus":"ONE_RARE_RELIC","is_daily":false,"chose_seed":false,"campfire_upgraded":0,"win_rate":0.0,"timestamp":1610203043,"path_taken":["M","?","?","?","?","R","E"],"items_purchased_type":[],"build_version":"2020-12-22","purchased_purges":0,"victory":false,"max_hp_per_floor":[70,70,70,70,70,70,70,70],"relic_stats":{"Shovel":1,"counters":[2,11],"Ornamental Fan":[4],"Golden Idol":0,"obtain_stats":[{"Shovel":0,"Ornamental Fan":2,"Golden Idol":4,"Oddly Smooth Stone":6,"Ring of the Snake":0},{"Shovel":0,"Ornamental Fan":1,"Golden Idol":1,"Oddly Smooth Stone":1,"Ring of the Snake":0},{"Shovel":0,"Ornamental Fan":5,"Golden Idol":5,"Oddly Smooth Stone":5,"Ring of the Snake":0}],"Ring of the Snake":[4]},"card_choices":[{"not_picked":["Noxious Fumes","Deflect"],"picked":"Quick Slash","floor":1}],"player_experience":582199,"relics_obtained":[{"floor":6,"key":"Oddly Smooth Stone"}],"event_choices":[{"damage_healed":0,"gold_gain":0,"player_choice":"Success","damage_taken":18,"relics_obtained":["Ornamental Fan"],"max_hp_gain":0,"max_hp_loss":0,"event_name":"Scrap Ooze","floor":2,"gold_loss":0},{"cards_removed":["Injury"],"damage_healed":0,"gold_gain":0,"player_choice":"Card Removal","damage_taken":0,"max_hp_gain":0,"max_hp_loss":0,"event_name":"The Cleric","floor":3,"gold_loss":50},{"damage_healed":0,"gold_gain":0,"player_choice":"Take Damage","damage_taken":17,"relics_obtained":["Golden Idol"],"max_hp_gain":0,"max_hp_loss":0,"event_name":"Golden Idol","floor":4,"gold_loss":0},{"damage_healed":0,"gold_gain":0,"player_choice":"Entered Light","damage_taken":14,"max_hp_gain":0,"max_hp_loss":0,"event_name":"Shining Light","floor":5,"gold_loss":0,"cards_upgraded":["Defend_G","Strike_G"]}],"is_beta":false,"boss_relics":[],"items_purged_floors":[],"is_endless":false,"potions_floor_spawned":[],"killed_by":"Lagavulin","ascension_level":13}}