{"host":"ylxam20yo7j5dy26","time":1610181209,"event":{"mods":["ATMod(°¢èªMod)","Act Like it!","BaseMod","Conspire","Defuse TimeMaze Blight","Downfall","Gensokyo","Hallownest","Hubris","Infinite Spire","Lobotomy","Marisa£¨ìFÓê¡¡Ä§ÀíÉ³£©","Minty Spire (QoL Compilation)","Quick Restart","Replay The Spire","Spicy Shops","StSLib","The Cursed","UnlockEverythingMod","vexMod","¡¾ÒÅÎï¿¨ÅÆ¡¿REMEMod"],"gold_per_floor":[109,123,123,222,59,59,69,79,79,79,79,79,29,69,69,201,867,955,955,988,1104,1104],"floor_reached":21,"playtime":2210,"items_purged":["Hallucinations"],"score":204,"play_id":"30dae2d7-0ef8-4d3e-b69a-693d0eb4af4c","local_time":"20210109163329","is_ascension_mode":false,"campfire_choices":[{"data":"REME_WheelOfFate","floor":6.0,"key":"SMITH"},{"floor":10.0,"key":"REST"},{"floor":12.0,"key":"REST"},{"data":"TheCursedMod:FleshFromBone","floor":15.0,"key":"SMITH"}],"circlet_count":0,"master_deck":["TheCursedMod:Strike_TheCursed","TheCursedMod:Strike_TheCursed","TheCursedMod:Strike_TheCursed","TheCursedMod:Defend_TheCursed","TheCursedMod:Defend_TheCursed","TheCursedMod:Defend_TheCursed","TheCursedMod:Defend_TheCursed","TheCursedMod:CursedWand","TheCursedMod:CleanUpWorkshop","TheCursedMod:Dregs","AT_CaressingTears","REME_WheelOfFate+1","TheCursedMod:FleshFromBone","Alriune","UniverseFragment","TheCursedMod:LuckyCharm","CrumblingArmor","TheCursedMod:CursedBoomerang","TheCursedMod:FleshFromBone+1","NothingThere","TheCursedMod:SurpriseAttack","conspire:SpireCoStock","BlackSwan","TheCursedMod:CursedArmor","SilentOrchestra","TheCursedMod:ParallelWorld","TheCursedMod:CircleOfCorruption+1","TheCursedMod:SpreadPlague","TheCursedMod:TroublousMinions"],"relics":["TheCursedMod:BlackMagic101","AT_ATBox","REME_ComplimentaryCards","CogitoBucket","Oddly Smooth Stone","Darkstone Periapt","ReplayTheSpireMod:CursedCoin","AT_TimeSand","vexMod:ConsolationPrize","Pen Nib","TheCursedMod:CrystalBall","vexMod:RockOfEvil"],"acts_visited":["Exordium","TheCity"],"potions_floor_usage":[],"damage_taken":[{"damage":21.0,"enemies":"Jaw Worm","floor":1.0,"turns":7.0},{"damage":15.0,"enemies":"Cultist","floor":2.0,"turns":4.0},{"damage":9.0,"enemies":"conspire:RoseBush","floor":4.0,"turns":5.0},{"damage":4.0,"enemies":"3 Louse","floor":7.0,"turns":3.0},{"damage":11.0,"enemies":"Exordium Thugs","floor":8.0,"turns":4.0},{"damage":8.0,"enemies":"Replay:BlueRogue","floor":14.0,"turns":7.0},{"damage":24.0,"enemies":"Hexaghost","floor":16.0,"turns":10.0},{"damage":52.0,"enemies":"Spheric Guardian","floor":18.0,"turns":4.0},{"damage":20,"enemies":"3 Byrds","floor":20,"turns":2},{"damage":27,"enemies":"3 Cultists","floor":21,"turns":3}],"seed_played":"7797490810909194236","potions_obtained":[{"floor":1.0,"key":"Toxic Potion"},{"floor":7.0,"key":"Ancient Potion"},{"floor":14.0,"key":"Explosive Potion"}],"is_trial":false,"path_per_floor":["M","M","?","M","$","R","M","M","T","R","?","R","?","E","R","B",null,"M","?","M","M"],"character_chosen":"THE_CURSED","items_purchased":["ReplayTheSpireMod:CursedCoin","AT_TimeSand"],"campfire_rested":2,"item_purchase_floors":[5,5],"current_hp_per_floor":[54,39,39,30,36,36,32,21,21,45,27,51,51,48,48,40,81,35,35,16,0,0],"gold":1104,"neow_bonus":"","is_daily":false,"chose_seed":false,"campfire_upgraded":2,"win_rate":0.0,"timestamp":1610181209,"path_taken":["M","M","?","M","$","R","?","M","T","R","?","R","?","E","R","BOSS","M","?","M","M"],"items_purchased_type":["Relic","Relic"],"build_version":"2020-12-22","purchased_purges":1,"victory":false,"max_hp_per_floor":[75,75,75,75,81,81,81,81,81,81,81,81,81,81,81,81,81,81,81,81,81,81],"card_choices":[{"not_picked":["TheCursedMod:Torture","TheCursedMod:SoulCrush"],"picked":"TheCursedMod:FleshFromBone","floor":1.0},{"not_picked":["ShyLook","Scorched"],"picked":"Alriune","floor":1.0},{"not_picked":["HappyTeddy","OSAHOGD"],"picked":"UniverseFragment","floor":2.0},{"not_picked":["TheCursedMod:RavingStaff","TheCursedMod:CircleOfFlame"],"picked":"TheCursedMod:LuckyCharm","floor":2.0},{"not_picked":["GreedKing","MHz"],"picked":"CrumblingArmor","floor":4.0},{"not_picked":["TheCursedMod:Stigma","TheCursedMod:SpreadPlague"],"picked":"TheCursedMod:CursedBoomerang","floor":4.0},{"not_picked":["TheCursedMod:Obscuration","TheCursedMod:CursedBoomerang"],"picked":"TheCursedMod:FleshFromBone","floor":7.0},{"not_picked":["OSAHOGD","Funeral"],"picked":"NothingThere","floor":8.0},{"not_picked":["TheCursedMod:ManaBullet","TheCursedMod:VitalStrike"],"picked":"TheCursedMod:SurpriseAttack","floor":8.0},{"not_picked":["Porccubus","Bloodbath"],"picked":"BlackSwan","floor":14.0},{"not_picked":["TheCursedMod:UltimatePain","TheCursedMod:ManaBullet"],"picked":"TheCursedMod:CursedArmor","floor":14.0},{"not_picked":["CherryBlossoms","Wellcheers"],"picked":"SilentOrchestra","floor":16.0},{"not_picked":["TheCursedMod:CursedRelics","TheCursedMod:DemonSword"],"picked":"TheCursedMod:ParallelWorld","floor":16.0},{"not_picked":["TheCursedMod:Stigma","TheCursedMod:SaltUponWound+1"],"picked":"TheCursedMod:CircleOfCorruption+1","floor":18},{"not_picked":["TheCursedMod:Obscuration+1","TheCursedMod:RavingStaff"],"picked":"TheCursedMod:TroublousMinions","floor":20}],"player_experience":109403,"relics_obtained":[{"floor":9.0,"key":"vexMod:ConsolationPrize"},{"floor":14.0,"key":"TheCursedMod:CrystalBall"}],"event_choices":[{"damage_healed":0.0,"max_hp_gain":0.0,"max_hp_loss":0.0,"gold_gain":0.0,"event_name":"WeMeetAgain","player_choice":"Gave Potion","floor":3.0,"gold_loss":0.0,"damage_taken":0.0,"relics_obtained":["Darkstone Periapt"]},{"damage_healed":0.0,"max_hp_gain":0.0,"max_hp_loss":0.0,"gold_gain":0.0,"event_name":"Scrap Ooze","player_choice":"Success","floor":11.0,"gold_loss":0.0,"damage_taken":18.0,"relics_obtained":["Pen Nib"]},{"damage_healed":0.0,"max_hp_gain":0.0,"max_hp_loss":0.0,"gold_gain":0.0,"event_name":"conspire:Investor","player_choice":"Invest 1","floor":13.0,"gold_loss":0.0,"damage_taken":0.0},{"damage_healed":0,"gold_gain":0,"cards_transformed":["TheCursedMod:Strike_TheCursed"],"player_choice":"Transformed","damage_taken":0,"max_hp_gain":0,"max_hp_loss":0,"event_name":"Transmorgrifier","floor":19,"gold_loss":0,"cards_obtained":["TheCursedMod:SpreadPlague"]}],"is_beta":false,"boss_relics":[{"not_picked":["conspire:RunicOctahedron","conspire:SpecialSausage"],"picked":"vexMod:RockOfEvil"}],"items_purged_floors":[5],"is_endless":false,"potions_floor_spawned":[1,7,14],"killed_by":"3 Cultists","ascension_level":0}}