{"host":"3q8x5nua6nulvkr6","time":1610170563,"event":{"mods":["Aspiration","BaseMod","Better Note","BetterRewards","Colored Map","Colored Powertips","Conspire","GifTheSpireLib","Hubris","Infinite Spire","Minty Spire (QoL Compilation)","Rare Cards Sparkle","Replay The Spire","StSLib","Stuff the Spire","Wandering Minibosses"],"gold_per_floor":[133,162,162,162,13,56,56,86,86,126,126,174,204,243,243,388,388,418,190,211,232,256,303,303,333,402,432,432,531,531,531,531,665,665,696,696,696,715,715,761,794,794,794,794,462,517,529,574,586,728,740,771,805,499,499,513,513,544,555,555,555,555,570,275,290,290,401,401,405,420,437,43,44,73,73,172,195,312,348,348,348,375,375,489,489,493,493,85,87,86,119,136,196,196,196,229,252,263,289,289,411,411,425,437,5,21,21,21,67,89,115,130,139,148,148,160,160,285,285,295,304,148,174,189,229,229,248,273,287,387,403,403,425,434,555,555,579,579,595,513,530,530,530,530,605,624,371,371,432,471,471,471,471],"floor_reached":152,"playtime":9506,"items_purged":["Protect","StuffTheSpire:Repulse+1","SpiritShield+1","Dash","Sucker Punch","Decay","ReplayTheSpireMod:??????????????????????+1"],"score":3633,"play_id":"c655c4ed-d4f3-4824-a4aa-3c74d46c1954","local_time":"20210109003602","daily_mods":["SealedDeck","Red Cards","Green Cards","Blue Cards","Purple Cards","Colorless Cards"],"is_ascension_mode":false,"campfire_choices":[{"data":"Body Slam","floor":11.0,"key":"SMITH"},{"data":"Feel No Pain","floor":15.0,"key":"SMITH"},{"data":"SpiritShield","floor":30.0,"key":"SMITH"},{"data":"StuffTheSpire:Incineration","floor":32.0,"key":"SMITH"},{"data":"ReplayTheSpireMod:Chaos Vortex","floor":44.0,"key":"SMITH"},{"data":"ReplayTheSpireMod:??????????????????????","floor":47.0,"key":"SMITH"},{"data":"infinitespire:OneForAll","floor":49.0,"key":"SMITH"},{"data":"Body Slam","floor":57.0,"key":"SMITH"},{"data":"StuffTheSpire:FreeRealEstate","floor":61.0,"key":"SMITH"},{"data":"Alpha","floor":66.0,"key":"SMITH"},{"data":"Sanctity","floor":75.0,"key":"SMITH"},{"data":"Warcry","floor":80.0,"key":"SMITH"},{"data":"Sanctity","floor":83.0,"key":"SMITH"},{"floor":95.0,"key":"REST"},{"data":"Impervious","floor":100.0,"key":"SMITH"},{"floor":108.0,"key":"REST"},{"data":"infinitespire:UltimateForm","floor":115.0,"key":"SMITH"},{"data":"StuffTheSpire:Incineration+1","floor":117.0,"key":"PURGE"},{"floor":126.0,"key":"REST"},{"floor":134.0,"key":"REST"},{"floor":142.0,"key":"REST"},{"floor":144.0,"key":"REST"},{"floor":148.0,"key":"REST"},{"floor":151.0,"key":"REST"}],"circlet_count":0,"master_deck":["StuffTheSpire:FreeRealEstate+1","infinitespire:OneForAll+1","Sanctity+1","Body Slam+1","Warcry+1","Alpha+1","Sanctity+1","ReplayTheSpireMod:Chaos Vortex+1","Genetic Algorithm+1","Prostrate+1","Prostrate+1","Body Slam+1","Impervious+1","Footwork+1","infinitespire:Fortify+1","Glacier+1","infinitespire:UltimateForm+1","Skim+1","Sanctity+1","ReplayTheSpireMod:Repulse+1"],"relics":["StuffTheSpire:OccultApparatus","Golden Idol","Anchor","StuffTheSpire:HeavyRock","hubris:BottledRain","Mirror","Replay:Wax Seal","Pantograph","Black Star","ReplayFunnel","Replay:Rubber Ducky","conspire:GiftBox","hubris:CrystalStatue","aspiration:RitualStick","hubris:Backtick","Calipers","Blue Doll","Bottled Flame","StuffTheSpire:Rhapsscallions","Pocketwatch","MawBank","Garlic","SacredBark","Orrery","Orichalcum","Regal Pillow","Akabeko","Pen Nib","Sling","Sling","Boot","Ooze Armor","hubris:EmptyBottle","White Beast Statue","Toxic Egg 2","infinitespire:BottledMercury","Dream Catcher","StuffTheSpire:Wildfire","hubris:MysteriousPyramids","StuffTheSpire:CocoNut","aspiration:Lifesprig","StuffTheSpire:Gunfinga","aspiration:ChemicalBlood","hubris:Towel","infinitespire:Beetle Shell","TheAbacus","Singing Bowl","Pear","CeramicFish","Strawberry","StuffTheSpire:SapphireSignet","Replay:Bandana","Busted Crown","Turnip","Replay:Baseball","Question Card","Happy Flower","Strange Spoon","PreservedInsect","Smiling Mask","Centennial Puzzle","aspiration:WatcherSkillbook","ReplayTheSpireMod:Shallot","infinitespire:WardingShard","Torii","Ancient Tea Set","hubris:ChampionShield"],"acts_visited":["Exordium","TheCity","TheBeyond","Exordium","TheCity","TheBeyond","Exordium","TheCity","TheBeyond"],"potions_floor_usage":[],"damage_taken":[{"damage":1.0,"enemies":"2 Louse","floor":1.0,"turns":4.0},{"damage":0.0,"enemies":"Jaw Worm","floor":2.0,"turns":4.0},{"damage":1.0,"enemies":"Gremlin Nob","floor":6.0,"turns":5.0},{"damage":0.0,"enemies":"Small Slimes","floor":8.0,"turns":3.0},{"damage":0.0,"enemies":"Gremlin Gang","floor":10.0,"turns":6.0},{"damage":0.0,"enemies":"3 Sentries","floor":12.0,"turns":5.0},{"damage":0.0,"enemies":"2 Fungi Beasts","floor":13.0,"turns":2.0},{"damage":3.0,"enemies":"Gremlin Nob","floor":14.0,"turns":4.0},{"damage":9.0,"enemies":"Fading Forest","floor":16.0,"turns":11.0},{"damage":0.0,"enemies":"Shell Parasite","floor":18.0,"turns":7.0},{"damage":0.0,"enemies":"Chosen","floor":20.0,"turns":4.0},{"damage":10.0,"enemies":"Snecko","floor":21.0,"turns":5.0},{"damage":5.0,"enemies":"3 Cultists","floor":22.0,"turns":4.0},{"damage":15.0,"enemies":"conspire:SneckoGhost","floor":23.0,"turns":7.0},{"damage":0.0,"enemies":"Centurion and Healer","floor":25.0,"turns":6.0},{"damage":0.0,"enemies":"Cultist and Chosen","floor":27.0,"turns":8.0},{"damage":4.0,"enemies":"Champ","floor":33.0,"turns":7.0},{"damage":0.0,"enemies":"3 Darklings","floor":35.0,"turns":5.0},{"damage":0.0,"enemies":"Orb Walker","floor":38.0,"turns":2.0},{"damage":0.0,"enemies":"R_Hoarder","floor":40.0,"turns":8.0},{"damage":0.0,"enemies":"Sphere and 2 Shapes","floor":41.0,"turns":6.0},{"damage":1.0,"enemies":"Nightmare","floor":46.0,"turns":11.0},{"damage":0.0,"enemies":"Writhing Mass","floor":48.0,"turns":6.0},{"damage":0.0,"enemies":"hubris:GrandSnecko","floor":50.0,"turns":9.0},{"damage":0.0,"enemies":"Jaw Worm","floor":52.0,"turns":1.0},{"damage":0.0,"enemies":"Small Slimes","floor":53.0,"turns":1.0},{"damage":0.0,"enemies":"Cultist","floor":56.0,"turns":2.0},{"damage":0.0,"enemies":"Gremlin Nob","floor":58.0,"turns":3.0},{"damage":0.0,"enemies":"3 Louse","floor":59.0,"turns":3.0},{"damage":0.0,"enemies":"Exordium Wildlife","floor":63.0,"turns":2.0},{"damage":0.0,"enemies":"Looter","floor":65.0,"turns":1.0},{"damage":0.0,"enemies":"Slime Boss","floor":67.0,"turns":5.0},{"damage":0.0,"enemies":"conspire:FuzzyDice","floor":69.0,"turns":3.0},{"damage":0.0,"enemies":"3 Byrds","floor":70.0,"turns":3.0},{"damage":0.0,"enemies":"Snake Plant","floor":71.0,"turns":2.0},{"damage":0.0,"enemies":"Snecko","floor":73.0,"turns":2.0},{"damage":1.0,"enemies":"Nightmare","floor":74.0,"turns":4.0},{"damage":0.0,"enemies":"Colosseum Slavers","floor":78.0,"turns":2.0},{"damage":0.0,"enemies":"Colosseum Nobs","floor":78.0,"turns":2.0},{"damage":0.0,"enemies":"Gremlin Leader","floor":79.0,"turns":2.0},{"damage":0.0,"enemies":"Book of Stabbing","floor":82.0,"turns":2.0},{"damage":2.0,"enemies":"Champ","floor":84.0,"turns":4.0},{"damage":0.0,"enemies":"3 Darklings","floor":86.0,"turns":2.0},{"damage":0.0,"enemies":"3 Shapes","floor":89.0,"turns":2.0},{"damage":0.0,"enemies":"Transient","floor":90.0,"turns":3.0},{"damage":0.0,"enemies":"R_Hoarder","floor":91.0,"turns":2.0},{"damage":0.0,"enemies":"4 Shapes","floor":92.0,"turns":3.0},{"damage":0.0,"enemies":"Reptomancer","floor":96.0,"turns":2.0},{"damage":0.0,"enemies":"Sphere and 2 Shapes","floor":97.0,"turns":2.0},{"damage":0.0,"enemies":"Transient","floor":98.0,"turns":5.0},{"damage":0.0,"enemies":"Maw","floor":99.0,"turns":2.0},{"damage":0.0,"enemies":"Awakened One","floor":101.0,"turns":5.0},{"damage":0.0,"enemies":"Small Slimes","floor":103.0,"turns":1.0},{"damage":0.0,"enemies":"Jaw Worm","floor":104.0,"turns":1.0},{"damage":0.0,"enemies":"2 Louse","floor":106.0,"turns":1.0},{"damage":0.0,"enemies":"3 Sentries","floor":109.0,"turns":2.0},{"damage":0.0,"enemies":"Blue Slaver","floor":110.0,"turns":1.0},{"damage":0.0,"enemies":"Exordium Wildlife","floor":112.0,"turns":1.0},{"damage":0.0,"enemies":"Exordium Thugs","floor":116.0,"turns":2.0},{"damage":0.0,"enemies":"Slime Boss","floor":118.0,"turns":2.0},{"damage":0.0,"enemies":"3 Byrds","floor":120.0,"turns":2.0},{"damage":0.0,"enemies":"Spheric Guardian","floor":123.0,"turns":1.0},{"damage":0.0,"enemies":"Snecko","floor":124.0,"turns":1.0},{"damage":0.0,"enemies":"Nightmare","floor":125.0,"turns":3.0},{"damage":0.0,"enemies":"Chosen and Byrds","floor":127.0,"turns":2.0},{"damage":0.0,"enemies":"Centurion and Healer","floor":129.0,"turns":2.0},{"damage":0.0,"enemies":"Sentry and Sphere","floor":131.0,"turns":2.0},{"damage":0.0,"enemies":"Snake Plant","floor":133.0,"turns":1.0},{"damage":0.0,"enemies":"Automaton","floor":135.0,"turns":2.0},{"damage":0.0,"enemies":"Orb Walker","floor":137.0,"turns":1.0},{"damage":6.0,"enemies":"3 Darklings","floor":139.0,"turns":2.0},{"damage":0.0,"enemies":"Writhing Mass","floor":141.0,"turns":2.0},{"damage":0.0,"enemies":"Maw","floor":146.0,"turns":2.0},{"damage":0.0,"enemies":"Mind Bloom Boss Battle","floor":149.0,"turns":1.0},{"damage":0.0,"enemies":"Reptomancer","floor":150.0,"turns":2.0},{"damage":0,"enemies":"infinitespire:LordOfFortification","floor":152,"turns":1}],"seed_played":"-8178246088118100324","potions_obtained":[{"floor":1.0,"key":"Reflective Coating"},{"floor":2.0,"key":"Strength Potion"},{"floor":6.0,"key":"Venom Potion"},{"floor":8.0,"key":"DuplicationPotion"},{"floor":16.0,"key":"conspire:TimeTravelPotion"},{"floor":21.0,"key":"Fire Potion"},{"floor":23.0,"key":"Fruit Juice"},{"floor":27.0,"key":"Weak Potion"},{"floor":73.0,"key":"AttackPotion"},{"floor":89.0,"key":"SteroidPotion"},{"floor":99.0,"key":"HeartOfIron"},{"floor":101.0,"key":"FearPotion"},{"floor":116.0,"key":"CultistPotion"}],"is_trial":true,"path_per_floor":["M","M","?","T","$","E","?","M","T","M","R","E","M","E","R","B",null,"M","$","M","M","M","E","?","M","T","M","?","?","R","?","R","B",null,"M","?","?","M","?","E","M","$","T","R","$","NM","R","M","R","B",null,"M","M","$","?","M","R","E","M","T","R","AVR","M","$","M","R","B",null,"M","M","M","$","M","NM","R","?","T","?","E","R","AVR","E","R","B",null,"M","?","$","M","M","E","M","?","T","R","E","M","M","M","R","B",null,"M","M","$","M","?","R","E","M","T","M","AVR","?","R","M","R_BF","B",null,"M","?","$","M","M","NM","R","M","T","M","?","M","AVR","M","R","B",null,"M","?","M","$","M","R","?","R","T","M","$","R","?","E","R","B"],"character_chosen":"IRONCLAD","items_purchased":["StuffTheSpire:HeavyRock","ReplayFunnel","Pocketwatch","Genetic Algorithm+1","Prostrate+1","Orrery","Orichalcum","Sling","Boot","hubris:EmptyBottle","White Beast Statue","infinitespire:Beetle Shell","TheAbacus","Turnip","Strange Spoon","ReplayTheSpireMod:Repulse+1","infinitespire:WardingShard"],"campfire_rested":8,"item_purchase_floors":[5,19,45,45,54,54,54,64,64,72,72,88,88,105,122,140,147],"current_hp_per_floor":[80,80,60,60,60,65,65,71,71,77,77,80,80,80,80,77,80,80,80,80,76,77,73,73,79,79,85,85,85,85,68,68,85,85,85,85,81,81,62,62,62,62,66,66,66,65,65,65,65,85,85,85,85,85,85,85,85,85,85,85,85,85,85,85,85,85,85,85,85,85,85,85,85,84,84,84,84,84,91,91,91,91,91,90,92,92,92,92,92,92,104,106,68,75,119,121,123,125,127,127,129,129,131,133,133,135,135,137,137,139,139,141,141,141,141,143,143,145,145,147,147,147,149,151,153,155,157,157,159,159,161,161,163,163,165,165,167,167,163,163,165,173,173,175,175,177,177,179,181,183,185,185,185],"gold":471,"neow_bonus":"","is_daily":false,"chose_seed":false,"campfire_upgraded":15,"win_rate":0.0,"timestamp":1610170562,"path_taken":["M","M","?","?","$","E","?","M","T","?","R","E","M","E","R","BOSS","M","$","M","M","?","E","?","M","T","?","?","?","R","?","R","BOSS","M","?","?","M","?","E","M","?","T","R","$","NM","R","?","R","BOSS","M","?","?","?","M","R","E","?","T","R","AVR","M","$","M","R","BOSS","M","M","M","$","M","NM","R","?","T","?","E","R","AVR","E","R","BOSS","M","?","$","M","M","E","M","?","T","R","E","M","M","M","R","BOSS","M","M","$","M","?","R","E","M","T","M","AVR","?","R","M","R_BF","BOSS","M","?","$","M","M","NM","R","?","T","M","?","?","AVR","M","R","BOSS","M","?","M","$","M","R","?","R","T","?","$","R","?","E","R","BOSS"],"items_purchased_type":["Relic","Relic","Relic","Card","Card","Relic","Relic","Relic","Relic","Relic","Relic","Relic","Relic","Relic","Relic","Card","Relic"],"build_version":"2020-12-22","purchased_purges":7,"victory":false,"max_hp_per_floor":[80,80,80,80,80,80,80,80,80,80,80,80,80,80,80,80,80,80,80,80,80,80,85,85,85,85,85,85,85,85,85,85,85,85,85,85,81,81,81,81,81,81,85,85,85,85,85,85,85,85,85,85,85,85,85,85,85,85,85,85,85,85,85,85,85,85,85,85,85,85,85,85,85,85,85,85,85,85,92,92,92,92,92,92,92,92,92,92,92,92,104,106,110,117,119,121,123,125,127,127,129,129,131,133,133,135,135,137,137,139,139,141,141,141,141,143,143,145,145,147,147,147,149,151,153,155,157,157,159,159,161,161,163,163,165,165,167,167,169,169,171,173,173,175,175,177,177,179,181,183,185,185,185],"card_choices":[{"not_picked":["FlurryOfBlows","TalkToTheHand","EmptyFist"],"picked":"SKIP","floor":1.0},{"not_picked":["Prepared","Redo","Crescendo"],"picked":"SKIP","floor":2.0},{"not_picked":["Run Through","StuffTheSpire:Injection"],"picked":"Warcry","floor":6.0},{"not_picked":["StuffTheSpire:LoadUp","Outmaneuver"],"picked":"StuffTheSpire:Repulse","floor":8.0},{"not_picked":["Bane","Abandon","Sweeping Beam"],"picked":"SKIP","floor":10.0},{"not_picked":["Run Through","Replay:Undeath\u0027s Touch","Havoc"],"picked":"SKIP","floor":12.0},{"not_picked":["Replay:Cycle","Replay:Sssssssssstrike"],"picked":"SpiritShield","floor":13.0},{"not_picked":["Flying Knee","Panic Button","FlyingSleeves"],"picked":"SKIP","floor":14.0},{"not_picked":["Flying Knee","Panic Button","FlyingSleeves"],"picked":"SKIP","floor":14.0},{"not_picked":["Mayhem","ReplayTheSpireMod:Necrogeddon"],"picked":"Alpha","floor":16.0},{"not_picked":["Replay:ManipulateFuture","Anger+1","True Grit+1"],"picked":"SKIP","floor":18.0},{"not_picked":["Inflame","Replay:AtTheReady","LikeWater"],"picked":"SKIP","floor":20.0},{"not_picked":["Steam+1","Evaluate","PathToVictory+1"],"picked":"SKIP","floor":21.0},{"not_picked":["ReplayTheSpireMod:Strike From Hell+1","Ball Lightning","Compile Driver"],"picked":"SKIP","floor":22.0},{"not_picked":["Headbutt","ReachHeaven+1"],"picked":"Sanctity","floor":23.0},{"not_picked":["Steam","Headbutt","Clash"],"picked":"SKIP","floor":25.0},{"not_picked":["Panacea","StuffTheSpire:Plugnplay","ReplayTheSpireMod:Dual Polarity"],"picked":"SKIP","floor":27.0},{"not_picked":["Purity+1","WindmillStrike","ReplayTheSpireMod:Tripwire"],"picked":"SKIP","floor":35.0},{"not_picked":["Reflex","Replay:Bootleg Shield Generator+1","Power Through"],"picked":"SKIP","floor":38.0},{"not_picked":["infinitespire:UltimateForm","infinitespire:FinalStrike"],"picked":"ReplayTheSpireMod:Chaos Vortex","floor":39.0},{"not_picked":["hubris:Insight","Leap","Perfected Strike+1"],"picked":"SKIP","floor":40.0},{"not_picked":["Bane","Halt","Flash of Steel+1"],"picked":"SKIP","floor":41.0},{"not_picked":["ReplayTheSpireMod:Black Plague","infinitespire:SealOfDarkness+"],"picked":"ReplayTheSpireMod:??????????????????????","floor":46.0},{"not_picked":["Outmaneuver","conspire:PoisonWeapons","Conserve Battery"],"picked":"SKIP","floor":46.0},{"not_picked":["Outmaneuver","conspire:PoisonWeapons","Conserve Battery"],"picked":"SKIP","floor":46.0},{"not_picked":["Consecrate","Meditate+1"],"picked":"Prostrate+1","floor":48.0},{"not_picked":["Dramatic Entrance","Reflex","conspire:ExplosiveBarrier"],"picked":"SKIP","floor":52.0},{"not_picked":["Wild Strike","Anger","Sword Boomerang"],"picked":"SKIP","floor":53.0},{"not_picked":["StuffTheSpire:Plugnplay","StuffTheSpire:NuclearReactor"],"picked":"Body Slam","floor":54.0},{"not_picked":["Worship","StuffTheSpire:BumpUp"],"picked":"Impervious","floor":54.0},{"not_picked":["Leap","Heavy Blade","EmptyFist"],"picked":"SKIP","floor":56.0},{"not_picked":["Purity","StuffTheSpire:Python","Underhanded Strike"],"picked":"SKIP","floor":58.0},{"not_picked":["Purity","StuffTheSpire:Python","Underhanded Strike"],"picked":"SKIP","floor":58.0},{"not_picked":["WindmillStrike","All Out Attack","Clothesline"],"picked":"SKIP","floor":59.0},{"not_picked":["Halt","Creative AI","Panic Button"],"picked":"SKIP","floor":63.0},{"not_picked":["infinitespire:OneForAll","Massacre","StuffTheSpire:Injection"],"picked":"SKIP","floor":65.0},{"not_picked":["StuffTheSpire:Slingshot","PathToVictory+1","StuffTheSpire:ClusterCrunch"],"picked":"SKIP","floor":69.0},{"not_picked":["ReplayTheSpireMod:Stacked","StuffTheSpire:Python","StuffTheSpire:Slingshot"],"picked":"SKIP","floor":70.0},{"not_picked":["Conserve Battery","BowlingBash","SandsOfTime"],"picked":"SKIP","floor":71.0},{"not_picked":["Hidden Blade","Venomology","Barrage"],"picked":"SKIP","floor":73.0},{"not_picked":["Anger","Poisoned Stab","hubris:Insight+1"],"picked":"SKIP","floor":74.0},{"not_picked":["Barrage+1","Bandage Up+1"],"picked":"Footwork+1","floor":79.0},{"not_picked":["Leg Sweep+1","Hologram+1","hubris:Insight+1"],"picked":"SKIP","floor":82.0},{"not_picked":["Dodge and Roll+1","Pommel Strike","Stack+1"],"picked":"SKIP","floor":86.0},{"not_picked":["Halt+1","Recycle+1","Barrage+1"],"picked":"SKIP","floor":89.0},{"not_picked":["Coolheaded+1","Conserve Battery+1","PanicButton+1"],"picked":"SKIP","floor":90.0},{"not_picked":["Cleave","CutThroughFate","Burst+1"],"picked":"Singing Bowl","floor":91.0},{"not_picked":["ReplayTheSpireMod:Tripwire+1","StuffTheSpire:Slingshot+1","FlyingSleeves+1"],"picked":"Singing Bowl","floor":92.0},{"not_picked":["ThirdEye+1","Poisoned Stab","Replay:Vibes+1"],"picked":"Singing Bowl","floor":93.0},{"not_picked":["Bloodletting+1","Clash+1","Blade Dance+1"],"picked":"Singing Bowl","floor":93.0},{"not_picked":["Beam Cell","StuffTheSpire:DoubleShiv+1","Barrage+1"],"picked":"Singing Bowl","floor":95.0},{"not_picked":["Genetic Algorithm+1","Acrobatics+1","Concentrate+1"],"picked":"Singing Bowl","floor":96.0},{"not_picked":["EmptyBody+1","Steam+1","Run Through+1"],"picked":"Singing Bowl","floor":97.0},{"not_picked":["Combust","StuffTheSpire:Injection","Prepared+1"],"picked":"Singing Bowl","floor":98.0},{"not_picked":["ReplayTheSpireMod:Speed Training+1","Redo+1","Darkness+1"],"picked":"Singing Bowl","floor":99.0},{"not_picked":["ReplayTheSpireMod:Necrosis+1","Doppelganger+1","Replay:Dark Deal+1"],"picked":"Singing Bowl","floor":101.0},{"not_picked":["Purity+1"],"picked":"Singing Bowl","floor":103.0},{"not_picked":["StuffTheSpire:ClusterCrunch"],"picked":"Singing Bowl","floor":104.0},{"not_picked":["StuffTheSpire:Injection"],"picked":"Singing Bowl","floor":106.0},{"not_picked":["Beam Cell"],"picked":"Singing Bowl","floor":108.0},{"not_picked":[],"picked":"Glacier+1","floor":109.0},{"not_picked":["Slice","Replay:ManipulateFuture+1"],"picked":"Singing Bowl","floor":110.0},{"not_picked":["Perseverance+1","FIFO Queue"],"picked":"Singing Bowl","floor":112.0},{"not_picked":["Limit Break+1","PathToVictory+1"],"picked":"Singing Bowl","floor":116.0},{"not_picked":["Sadistic Nature","StuffTheSpire:ForEach+1"],"picked":"Singing Bowl","floor":118.0},{"not_picked":["ReplayTheSpireMod:Muscle Training+1","Ghostly Armor+1"],"picked":"Singing Bowl","floor":120.0},{"not_picked":["Clothesline","StuffTheSpire:LoadUp+1"],"picked":"Singing Bowl","floor":123.0},{"not_picked":["Flex+1","Sneak Up+1"],"picked":"Singing Bowl","floor":124.0},{"not_picked":["Flying Knee+1","Sweeping Beam"],"picked":"Singing Bowl","floor":125.0},{"not_picked":["StuffTheSpire:Incineration","Fusion+1"],"picked":"Singing Bowl","floor":126.0},{"not_picked":["Headbutt","Dagger Spray"],"picked":"Singing Bowl","floor":127.0},{"not_picked":["Dagger Throw","Fluid Movement"],"picked":"Singing Bowl","floor":129.0},{"not_picked":["Protect+1","Caltrops"],"picked":"Singing Bowl","floor":131.0},{"not_picked":["Run Through","Mind Blast"],"picked":"Singing Bowl","floor":133.0},{"not_picked":["JustLucky+1"],"picked":"Sanctity+1","floor":134.0},{"not_picked":["Brutality","Poison Darts+1"],"picked":"Singing Bowl","floor":135.0},{"not_picked":["StuffTheSpire:RockThrow+1","Hidden Blade+1","ReplayTheSpireMod:Private Reserves+1"],"picked":"Singing Bowl","floor":137.0},{"not_picked":["Deflect+1","Bandage Up+1","Slice+1"],"picked":"Singing Bowl","floor":139.0},{"not_picked":["Clothesline","Sucker Punch","SandsOfTime+1"],"picked":"Singing Bowl","floor":141.0},{"not_picked":["JustLucky","Quick Slash+1","StuffTheSpire:Slingshot+1"],"picked":"Singing Bowl","floor":142.0},{"not_picked":["Pummel","Replay:ManipulateFuture+1","Dodge and Roll+1"],"picked":"Singing Bowl","floor":144.0},{"not_picked":["Ball Lightning","White Noise+1","Sweeping Beam"],"picked":"Singing Bowl","floor":146.0},{"not_picked":["Halt+1","Deadly Poison+1","Pommel Strike+1"],"picked":"Singing Bowl","floor":148.0},{"not_picked":["Iron Wave","Vault+1","Tactician+1"],"picked":"Singing Bowl","floor":149.0},{"not_picked":["Replay:BasicMightCard+1","ReplayTheSpireMod:Exploit Weakness+1","StuffTheSpire:RagingBull+1"],"picked":"Singing Bowl","floor":150.0},{"not_picked":["Meditate+1","StuffTheSpire:ClusterCrunch+1","Cleave"],"picked":"Singing Bowl","floor":151.0}],"player_experience":1032183,"relics_obtained":[{"floor":4.0,"key":"Anchor"},{"floor":6.0,"key":"hubris:BottledRain"},{"floor":9.0,"key":"Mirror"},{"floor":12.0,"key":"Replay:Wax Seal"},{"floor":14.0,"key":"Pantograph"},{"floor":23.0,"key":"Replay:Rubber Ducky"},{"floor":23.0,"key":"conspire:GiftBox"},{"floor":26.0,"key":"hubris:CrystalStatue"},{"floor":40.0,"key":"Blue Doll"},{"floor":40.0,"key":"Bottled Flame"},{"floor":43.0,"key":"StuffTheSpire:Rhapsscallions"},{"floor":46.0,"key":"MawBank"},{"floor":46.0,"key":"Garlic"},{"floor":58.0,"key":"Regal Pillow"},{"floor":58.0,"key":"Akabeko"},{"floor":60.0,"key":"Pen Nib"},{"floor":74.0,"key":"Toxic Egg 2"},{"floor":74.0,"key":"infinitespire:BottledMercury"},{"floor":77.0,"key":"Dream Catcher"},{"floor":78.0,"key":"StuffTheSpire:Wildfire"},{"floor":78.0,"key":"hubris:MysteriousPyramids"},{"floor":79.0,"key":"StuffTheSpire:CocoNut"},{"floor":79.0,"key":"aspiration:Lifesprig"},{"floor":82.0,"key":"StuffTheSpire:Gunfinga"},{"floor":82.0,"key":"aspiration:ChemicalBlood"},{"floor":91.0,"key":"Singing Bowl"},{"floor":91.0,"key":"Pear"},{"floor":93.0,"key":"CeramicFish"},{"floor":94.0,"key":"Strawberry"},{"floor":96.0,"key":"StuffTheSpire:SapphireSignet"},{"floor":96.0,"key":"Replay:Bandana"},{"floor":109.0,"key":"Replay:Baseball"},{"floor":109.0,"key":"Question Card"},{"floor":111.0,"key":"Happy Flower"},{"floor":125.0,"key":"PreservedInsect"},{"floor":125.0,"key":"Smiling Mask"},{"floor":128.0,"key":"Centennial Puzzle"},{"floor":145.0,"key":"ReplayTheSpireMod:Shallot"},{"floor":149.0,"key":"Torii"},{"floor":150.0,"key":"Ancient Tea Set"},{"floor":150.0,"key":"hubris:ChampionShield"}],"event_choices":[{"damage_healed":0.0,"max_hp_gain":0.0,"max_hp_loss":0.0,"gold_gain":0.0,"event_name":"Golden Idol","player_choice":"Take Damage","floor":3.0,"gold_loss":0.0,"damage_taken":20.0,"relics_obtained":["Golden Idol"]},{"damage_healed":0.0,"max_hp_gain":0.0,"max_hp_loss":0.0,"gold_gain":0.0,"event_name":"betterNote:BetterNote","player_choice":"Ignored","floor":7.0,"gold_loss":0.0,"damage_taken":0.0,"cards_obtained":["StuffTheSpire:ShieldGenerator"]},{"damage_healed":0.0,"max_hp_gain":0.0,"max_hp_loss":0.0,"gold_gain":0.0,"event_name":"Upgrade Shrine","player_choice":"Upgraded","floor":24.0,"gold_loss":0.0,"damage_taken":0.0,"cards_upgraded":["StuffTheSpire:Repulse"]},{"damage_healed":0.0,"max_hp_gain":0.0,"max_hp_loss":0.0,"gold_gain":99.0,"event_name":"Nest","player_choice":"Stole From Cult","floor":29.0,"gold_loss":0.0,"damage_taken":0.0},{"damage_healed":0.0,"max_hp_gain":0.0,"max_hp_loss":4.0,"gold_gain":0.0,"event_name":"Winding Halls","player_choice":"Max HP","floor":37.0,"gold_loss":0.0,"damage_taken":0.0},{"damage_healed":0.0,"max_hp_gain":0.0,"max_hp_loss":0.0,"gold_gain":0.0,"event_name":"betterNote:BetterNote","player_choice":"Ignored","floor":55.0,"gold_loss":0.0,"damage_taken":0.0,"cards_obtained":["StuffTheSpire:ShieldGenerator"]},{"damage_healed":0.0,"max_hp_gain":0.0,"max_hp_loss":0.0,"gold_gain":99.0,"event_name":"Nest","player_choice":"Stole From Cult","floor":76.0,"gold_loss":0.0,"damage_taken":0.0},{"damage_healed":0.0,"max_hp_gain":0.0,"max_hp_loss":0.0,"gold_gain":0.0,"event_name":"Colosseum","player_choice":"Fight","floor":78.0,"gold_loss":0.0,"damage_taken":0.0},{"damage_healed":0.0,"max_hp_gain":0.0,"max_hp_loss":0.0,"gold_gain":0.0,"event_name":"Colosseum","player_choice":"Fought Nobs","floor":78.0,"gold_loss":0.0,"damage_taken":0.0},{"damage_healed":0.0,"max_hp_gain":0.0,"max_hp_loss":0.0,"gold_gain":0.0,"event_name":"conspire:Investor","player_choice":"Leave","floor":107.0,"gold_loss":0.0,"damage_taken":0.0},{"damage_healed":0.0,"max_hp_gain":0.0,"max_hp_loss":0.0,"gold_gain":0.0,"event_name":"Wheel of Change","player_choice":"Cursed","floor":121.0,"gold_loss":0.0,"damage_taken":0.0,"cards_obtained":["Decay"]},{"damage_healed":0.0,"max_hp_gain":0.0,"max_hp_loss":0.0,"gold_gain":100.0,"event_name":"Golden Shrine","player_choice":"Pray","floor":130.0,"gold_loss":0.0,"damage_taken":0.0},{"damage_healed":0.0,"max_hp_gain":0.0,"max_hp_loss":0.0,"gold_gain":0.0,"event_name":"The Moai Head","player_choice":"Ignored","floor":138.0,"gold_loss":0.0,"damage_taken":0.0},{"damage_healed":0.0,"max_hp_gain":0.0,"max_hp_loss":0.0,"gold_gain":0.0,"event_name":"Match and Keep!","player_choice":"0 cards matched","floor":143.0,"gold_loss":0.0,"damage_taken":0.0,"cards_obtained":[]},{"damage_healed":0.0,"max_hp_gain":0.0,"max_hp_loss":0.0,"gold_gain":0.0,"event_name":"MindBloom","player_choice":"Fight","floor":149.0,"gold_loss":0.0,"damage_taken":0.0}],"is_beta":false,"boss_relics":[{"not_picked":["Busted Crown","Honey Jar"],"picked":"Black Star"},{"not_picked":["Fusion Hammer","Replay:Bronze Core"],"picked":"hubris:Backtick"},{"not_picked":["Calling Bell","aspiration:PoetsPen_weak"],"picked":"SacredBark"},{"not_picked":["Velvet Choker","aspiration:WatcherSkillbook"],"picked":"Ooze Armor"},{"not_picked":["Snecko Eye","ReplayTheSpireMod:Onyx Gauntlets","ChewingGum"]},{"not_picked":["StuffTheSpire:RunicHypercube","Honey Jar"],"picked":"Busted Crown"},{"not_picked":["Replay:Ancient Bell","Electric Blood","hubris:RunicObelisk"]},{"not_picked":["hubris:HollowSoul","aspiration:PoetsPen_weak"],"picked":"aspiration:WatcherSkillbook"}],"items_purged_floors":[19,81,88,105,113,132,140],"is_endless":true,"potions_floor_spawned":[1,2,6,8,14,16,18,21,23,27,33,38,50,52,53,58,63,67,70,71,73,74,78,78,79,82,84,86,89,90,91,92,96,97,98,99,101,103,104,106,109,110,112,116,118,120,123,124,125,127,129,131,133,135,137,139,141,146,149,150],"killed_by":"infinitespire:LordOfFortification","ascension_level":0}}