{"host":"2brg86hfzr3u5cix","time":1610163774,"event":{"mods":["AchievementEnabler","Ascension Unlocker","BaseMod","CapriCore","DeckTracker","Highlight Path","Keyboard Shortcuts","Minty Spire (QoL Compilation)","Permanent Neow","Relic Stats","StSLib","The Cursed","Twitch Utils","Uncapped","UnlockEverythingMod"],"gold_per_floor":[110,125,137,151,151,151,176,176,255,267,296,296,60,75,75,75,75],"floor_reached":16,"playtime":458,"items_purged":["Strike_P"],"score":224,"play_id":"e96e642e-3637-4e7c-a62a-a4d3b804c20c","local_time":"20210109124254","is_ascension_mode":true,"campfire_choices":[{"data":"Eruption","floor":6,"key":"SMITH"},{"floor":8,"key":"REST"},{"data":"CutThroughFate","floor":12,"key":"SMITH"},{"floor":15,"key":"REST"}],"circlet_count":0,"master_deck":["AscendersBane","Strike_P","Strike_P","Strike_P","Defend_P","Defend_P","Defend_P","Defend_P","Eruption+1","Vigilance","CutThroughFate+1","PathToVictory","Halt","Collect","EmptyFist","ForeignInfluence+1","Crescendo+1","DeusExMachina+1","EmptyBody+1"],"relics":["PureWater","NeowsBlessing","Peace Pipe","Toxic Egg 2","Bronze Scales"],"acts_visited":["Exordium"],"potions_floor_usage":[4,10,11],"damage_taken":[{"damage":0,"enemies":"Cultist","floor":1,"turns":1},{"damage":0,"enemies":"2 Louse","floor":2,"turns":1},{"damage":0,"enemies":"Jaw Worm","floor":3,"turns":1},{"damage":0,"enemies":"Large Slime","floor":4,"turns":4},{"damage":42,"enemies":"Lagavulin","floor":7,"turns":5},{"damage":6,"enemies":"Exordium Thugs","floor":10,"turns":3},{"damage":14,"enemies":"3 Sentries","floor":11,"turns":8},{"damage":0,"enemies":"2 Fungi Beasts","floor":14,"turns":1},{"damage":54,"enemies":"Slime Boss","floor":16,"turns":5}],"seed_played":"-4352692801261048708","potions_obtained":[{"floor":2,"key":"ColorlessPotion"},{"floor":7,"key":"DistilledChaos"},{"floor":10,"key":"DuplicationPotion"},{"floor":11,"key":"Strength Potion"}],"is_trial":false,"path_per_floor":["M","M","M","M","?","R","E","R","T","M","E","R","$","M","R","B"],"character_chosen":"WATCHER","items_purchased":["DeusExMachina+1"],"campfire_rested":2,"item_purchase_floors":[13],"current_hp_per_floor":[61,61,61,61,66,66,24,45,45,39,25,25,25,25,46,0,0],"gold":75,"neow_bonus":"THREE_ENEMY_KILL","is_daily":false,"chose_seed":false,"campfire_upgraded":2,"win_rate":0.0,"timestamp":1610163774,"path_taken":["M","?","M","?","?","R","E","R","T","M","E","R","$","M","R","BOSS"],"items_purchased_type":["Card"],"build_version":"2020-12-22","purchased_purges":1,"victory":false,"max_hp_per_floor":[68,68,68,68,73,73,73,73,73,73,73,73,73,73,73,73,73],"relic_stats":{"Peace Pipe":0,"counters":[9,29],"Bronze Scales":[6],"obtain_stats":[{"Peace Pipe":7,"NeowsBlessing":0,"Bronze Scales":11,"PureWater":0,"Toxic Egg 2":9},{"Peace Pipe":5,"NeowsBlessing":0,"Bronze Scales":7,"PureWater":0,"Toxic Egg 2":5},{"Peace Pipe":12,"NeowsBlessing":0,"Bronze Scales":23,"PureWater":0,"Toxic Egg 2":12}]},"card_choices":[{"not_picked":["ClearTheMind","Conclude"],"picked":"CutThroughFate","floor":1},{"not_picked":["Evaluate","Halt"],"picked":"PathToVictory","floor":2},{"not_picked":["Consecrate","BowlingBash"],"picked":"Halt","floor":3},{"not_picked":["BowlingBash","SashWhip"],"picked":"Collect","floor":4},{"not_picked":["Prostrate","EmptyMind"],"picked":"EmptyFist","floor":7},{"not_picked":["Pray+1","JustLucky"],"picked":"ForeignInfluence+1","floor":10},{"not_picked":["Brilliance","SignatureMove"],"picked":"Crescendo+1","floor":11},{"not_picked":["CutThroughFate","SashWhip"],"picked":"EmptyBody+1","floor":14}],"player_experience":334658,"relics_obtained":[{"floor":7,"key":"Peace Pipe"},{"floor":9,"key":"Toxic Egg 2"},{"floor":11,"key":"Bronze Scales"}],"event_choices":[{"damage_healed":0,"gold_gain":0,"player_choice":"Donut","damage_taken":0,"max_hp_gain":5,"max_hp_loss":0,"event_name":"Big Fish","floor":5,"gold_loss":0}],"is_beta":false,"boss_relics":[],"items_purged_floors":[13],"is_endless":false,"potions_floor_spawned":[2,7,10,11],"killed_by":"Slime Boss","ascension_level":20}}