{"host":"8dhn6p16jorj0i1s","time":1610212606,"event":{"mods":["BaseMod","Colored Map","DeckTracker","Minty Spire (QoL Compilation)","Permanent Neow","Quick Restart"],"gold_per_floor":[116,116,41,41,57,85,95,95,146,146,46,63,63,63,63,165,165,183,193,29,40,139,139,139,139,214,228,241,259,292,292,292,391,391,406,456,456,468,468,468],"floor_reached":39,"playtime":1753,"items_purged":["Strike_P","Defend_P"],"score":530,"play_id":"618562be-8745-476b-8db8-82fad6a6c627","local_time":"20210109181646","is_ascension_mode":true,"campfire_choices":[{"data":"Tantrum","floor":8.0,"key":"SMITH"},{"data":"Indignation","floor":10.0,"key":"SMITH"},{"data":"Vigilance","floor":13.0,"key":"SMITH"},{"data":"Brilliance","floor":15.0,"key":"SMITH"},{"floor":23.0,"key":"REST"},{"data":"Madness","floor":25.0,"key":"SMITH"},{"floor":32.0,"key":"REST"}],"circlet_count":0,"master_deck":["Strike_P","Strike_P","Strike_P","Defend_P","Defend_P","Eruption","Vigilance+1","FollowUp","Indignation+1","Tantrum+1","Brilliance+1","DeusExMachina","EmptyMind","Madness+1","FearNoEvil+1","Protect","Prostrate+1","Conclude","Prostrate","WreathOfFlame+1","Panacea","Scrawl","CurseOfTheBell"],"relics":["PureWater","NeowsBlessing","Nunchaku","Dream Catcher","Bag of Marbles","SlaversCollar","InkBottle","White Beast Statue","Calling Bell","Juzu Bracelet","HornCleat","Dead Branch","Mango"],"acts_visited":[],"potions_floor_usage":[],"damage_taken":[{"damage":0.0,"enemies":"2 Louse","floor":1.0,"turns":1.0},{"damage":0.0,"enemies":"Cultist","floor":5.0,"turns":1.0},{"damage":0.0,"enemies":"3 Sentries","floor":6.0,"turns":1.0},{"damage":0.0,"enemies":"Jaw Worm","floor":7.0,"turns":3.0},{"damage":10.0,"enemies":"Large Slime","floor":12.0,"turns":3.0},{"damage":20.0,"enemies":"The Guardian","floor":16.0,"turns":9.0},{"damage":20.0,"enemies":"2 Thieves","floor":18.0,"turns":2.0},{"damage":2.0,"enemies":"Shell Parasite","floor":19.0,"turns":2.0},{"damage":36.0,"enemies":"Snake Plant","floor":21.0,"turns":4.0},{"damage":0.0,"enemies":"Snecko","floor":27.0,"turns":2.0},{"damage":2.0,"enemies":"3 Cultists","floor":28.0,"turns":4.0},{"damage":0.0,"enemies":"Sentry and Sphere","floor":29.0,"turns":3.0},{"damage":10.0,"enemies":"Slavers","floor":30.0,"turns":2.0},{"damage":13.0,"enemies":"Champ","floor":33.0,"turns":6.0},{"damage":2.0,"enemies":"Orb Walker","floor":35.0,"turns":5.0},{"damage":0.0,"enemies":"Mind Bloom Boss Battle","floor":36.0,"turns":4.0},{"damage":12.0,"enemies":"3 Darklings","floor":38.0,"turns":3.0}],"seed_played":"-1862094921206143962","potions_obtained":[{"floor":1.0,"key":"DistilledChaos"},{"floor":5.0,"key":"Dexterity Potion"},{"floor":6.0,"key":"DistilledChaos"},{"floor":16.0,"key":"ColorlessPotion"},{"floor":18.0,"key":"Dexterity Potion"},{"floor":19.0,"key":"BottledMiracle"},{"floor":27.0,"key":"Explosive Potion"},{"floor":33.0,"key":"SmokeBomb"},{"floor":36.0,"key":"Explosive Potion"},{"floor":38.0,"key":"EssenceOfSteel"}],"is_trial":false,"path_per_floor":["M","?","$","?","M","E","M","R","T","R","$","M","R","?","R","B",null,"M","M","$","M","?","R","?","R","T","M","M","M","E","?","R","B",null,"M","?","?","M","$"],"character_chosen":"WATCHER","items_purchased":["EmptyMind","Madness"],"campfire_rested":2,"item_purchase_floors":[20,20],"current_hp_per_floor":[72,65,65,65,65,65,65,65,65,65,65,55,55,55,55,35,63,43,41,41,5,5,26,50,50,50,50,48,48,38,26,47,34,63,61,75,75,63,63,63],"gold":468,"neow_bonus":"THREE_ENEMY_KILL","is_daily":false,"chose_seed":false,"campfire_upgraded":5,"win_rate":0.0,"timestamp":1610212606,"path_taken":["M","?","$","?","?","E","M","R","T","R","?","M","R","?","R","BOSS","M","M","$","M","?","R","?","R","T","M","M","M","E","?","R","BOSS","M","?","?","M","$"],"items_purchased_type":["Card","Card"],"build_version":"2020-12-22","purchased_purges":2,"victory":false,"max_hp_per_floor":[72,72,72,72,72,72,72,72,72,72,72,72,72,72,72,72,72,72,72,72,72,72,72,72,72,72,72,72,72,72,72,72,72,72,72,86,82,82,82,82],"card_choices":[{"not_picked":["Worship","SashWhip"],"picked":"FollowUp","floor":1.0},{"not_picked":["SandsOfTime","Vengeance","PathToVictory"],"picked":"SKIP","floor":5.0},{"not_picked":["Adaptation","Swivel"],"picked":"Tantrum","floor":6.0},{"not_picked":["Nirvana","SashWhip","Prostrate"],"picked":"SKIP","floor":7.0},{"not_picked":["Fasting2","TalkToTheHand","SashWhip"],"picked":"SKIP","floor":12.0},{"not_picked":["Establishment","Brilliance"],"picked":"DeusExMachina","floor":16.0},{"not_picked":["Crescendo","SashWhip","Collect+1"],"picked":"SKIP","floor":18.0},{"not_picked":["FlyingSleeves","Tantrum","Sanctity"],"picked":"SKIP","floor":19.0},{"not_picked":["SashWhip","Evaluate"],"picked":"FearNoEvil+1","floor":21.0},{"not_picked":["Brilliance","CutThroughFate"],"picked":"Protect","floor":23.0},{"not_picked":["Study","Halt"],"picked":"Prostrate+1","floor":27.0},{"not_picked":["JustLucky+1","Crescendo"],"picked":"Conclude","floor":28.0},{"not_picked":["JustLucky","Ragnarok"],"picked":"Prostrate","floor":29.0},{"not_picked":["Adaptation","EmptyBody"],"picked":"WreathOfFlame+1","floor":30.0},{"not_picked":["Devotion","ConjureBlade"],"picked":"Scrawl","floor":33.0},{"not_picked":["Vengeance","EmptyBody","TalkToTheHand"],"picked":"SKIP","floor":35.0},{"not_picked":["EmptyFist+1","FlurryOfBlows","ReachHeaven"],"picked":"SKIP","floor":38.0}],"player_experience":396066,"relics_obtained":[{"floor":6.0,"key":"Dream Catcher"},{"floor":9.0,"key":"Bag of Marbles"},{"floor":26.0,"key":"InkBottle"},{"floor":30.0,"key":"White Beast Statue"},{"floor":34.0,"key":"Juzu Bracelet"},{"floor":34.0,"key":"HornCleat"},{"floor":34.0,"key":"Dead Branch"},{"floor":36.0,"key":"Mango"}],"event_choices":[{"damage_healed":0.0,"max_hp_gain":0.0,"max_hp_loss":0.0,"gold_gain":0.0,"event_name":"Scrap Ooze","player_choice":"Success","floor":2.0,"gold_loss":0.0,"damage_taken":7.0,"relics_obtained":["Nunchaku"]},{"damage_healed":0.0,"max_hp_gain":0.0,"max_hp_loss":0.0,"gold_gain":0.0,"event_name":"Match and Keep!","player_choice":"1 cards matched","floor":4.0,"gold_loss":0.0,"damage_taken":0.0,"cards_obtained":["Indignation"]},{"damage_healed":0.0,"max_hp_gain":0.0,"max_hp_loss":0.0,"gold_gain":0.0,"cards_transformed":["Defend_P"],"event_name":"Living Wall","player_choice":"Change","floor":14.0,"gold_loss":0.0,"damage_taken":0.0,"cards_obtained":["Brilliance"]},{"damage_healed":0.0,"max_hp_gain":0.0,"max_hp_loss":0.0,"gold_gain":99.0,"event_name":"Nest","player_choice":"Stole From Cult","floor":22.0,"gold_loss":0.0,"damage_taken":0.0},{"damage_healed":24.0,"max_hp_gain":0.0,"max_hp_loss":0.0,"gold_gain":0.0,"event_name":"The Library","player_choice":"Heal","floor":24.0,"gold_loss":0.0,"damage_taken":0.0},{"damage_healed":0.0,"max_hp_gain":0.0,"max_hp_loss":0.0,"gold_gain":0.0,"event_name":"Knowing Skull","player_choice":"CARD ","floor":31.0,"potions_obtained":[],"gold_loss":0.0,"damage_taken":12.0,"cards_obtained":["Panacea"]},{"damage_healed":0.0,"max_hp_gain":0.0,"max_hp_loss":0.0,"gold_gain":0.0,"event_name":"MindBloom","player_choice":"Fight","floor":36.0,"gold_loss":0.0,"damage_taken":0.0},{"damage_healed":0.0,"max_hp_gain":0.0,"max_hp_loss":4.0,"gold_gain":0.0,"event_name":"Winding Halls","player_choice":"Max HP","floor":37.0,"gold_loss":0.0,"damage_taken":0.0}],"is_beta":false,"boss_relics":[{"not_picked":["Runic Dome","Cursed Key"],"picked":"SlaversCollar"},{"not_picked":["Tiny House","Sozu"],"picked":"Calling Bell"}],"items_purged_floors":[3,11],"is_endless":false,"potions_floor_spawned":[1,5,6,16,18,19,27,33,35,36,38],"ascension_level":5}}