{"host":"roqztpbdbchtekes","time":1610190788,"event":{"mods":["A Magickal Journey","AchievementEnabler","BaseMod","Better Note","Better Third Choice","BetterRewards","Block Reminder","Colored Map","Colored Powertips","Curses Come First","DeckTracker","Minty Spire (QoL Compilation)","Relic Stats","Spicy Shops","StSLib"],"gold_per_floor":[111,111,111,111,37,69,69,100,125,163,189,201,225,128,128,227,227,245,245,245,20,33,33,81,106,106,121,121,131,131,147,147,251,251,266,266,279,292,292,292,341,355,355,375,392,392,426,438,438,438,438,438,11,42,42,42],"floor_reached":55,"playtime":2845,"items_purged":["Regret","Pain","Strike_R"],"score":971,"play_id":"51f6dda8-8ccb-4c05-b34a-cbbed388ea3c","local_time":"20210109121308","is_ascension_mode":true,"campfire_choices":[{"data":"Battle Trance","floor":7,"key":"SMITH"},{"data":"Shrug It Off","floor":12,"key":"SMITH"},{"data":"Flex","floor":15,"key":"SMITH"},{"data":"Offering","floor":23,"key":"SMITH"},{"data":"Dropkick","floor":32,"key":"SMITH"},{"data":"Double Tap","floor":40,"key":"SMITH"},{"data":"Pummel","floor":46,"key":"SMITH"},{"floor":49,"key":"RECALL"},{"data":"True Grit","floor":52,"key":"SMITH"}],"circlet_count":0,"master_deck":["Bash+1","Battle Trance+1","Dropkick+1","Shrug It Off+1","Clash","Flex+1","Offering+1","Clash+1","True Grit+1","Double Tap+1","Pummel+1","Havoc+1","Sword Boomerang","True Grit+1","Searing Blow","Anger","Sentinel","Heavy Blade+1","Flex+1","Madness+1","Madness","Parasite","Clash+1","Limit Break","Panacea"],"relics":["Burning Blood","NeowsBlessing","Strawberry","Nunchaku","Ornamental Fan","Unceasing Top","MawBank","Lantern","Coffee Dripper","MutagenicStrength","WarpedTongs","Blood Vial","Du-Vu Doll","Centennial Puzzle","betterThird:NestCultRelic","Pandora\u0027s Box","War Paint","Shuriken","Calipers","InkBottle"],"acts_visited":["Exordium","TheCity","TheBeyond","TheEnding"],"potions_floor_usage":[10,16,27,33,37,38,50,55,55,55,55,55],"damage_taken":[{"damage":0,"enemies":"Small Slimes","floor":1,"turns":1},{"damage":0,"enemies":"Gremlin Nob","floor":6,"turns":1},{"damage":0,"enemies":"Lagavulin","floor":8,"turns":1},{"damage":52,"enemies":"3 Sentries","floor":10,"turns":10},{"damage":5,"enemies":"2 Louse","floor":11,"turns":3},{"damage":13,"enemies":"Cultist","floor":13,"turns":3},{"damage":12,"enemies":"Slime Boss","floor":16,"turns":6},{"damage":7,"enemies":"2 Thieves","floor":18,"turns":3},{"damage":6,"enemies":"Spheric Guardian","floor":22,"turns":3},{"damage":6,"enemies":"Book of Stabbing","floor":25,"turns":2},{"damage":6,"enemies":"Snecko","floor":27,"turns":3},{"damage":6,"enemies":"Chosen and Byrds","floor":29,"turns":3},{"damage":6,"enemies":"Snake Plant","floor":31,"turns":2},{"damage":34,"enemies":"Collector","floor":33,"turns":4},{"damage":6,"enemies":"Orb Walker","floor":35,"turns":1},{"damage":4,"enemies":"3 Shapes","floor":37,"turns":4},{"damage":6,"enemies":"Spire Growth","floor":38,"turns":2},{"damage":6,"enemies":"Sphere and 2 Shapes","floor":42,"turns":2},{"damage":12,"enemies":"Writhing Mass","floor":44,"turns":3},{"damage":11,"enemies":"Jaw Worm Horde","floor":45,"turns":3},{"damage":0,"enemies":"Giant Head","floor":47,"turns":3},{"damage":5,"enemies":"3 Darklings","floor":48,"turns":2},{"damage":15,"enemies":"Awakened One","floor":50,"turns":4},{"damage":6,"enemies":"Shield and Spear","floor":54,"turns":2},{"damage":107,"enemies":"The Heart","floor":55,"turns":3}],"seed_played":"-6973543036811674009","potions_obtained":[{"floor":6,"key":"DistilledChaos"},{"floor":10,"key":"EssenceOfSteel"},{"floor":13,"key":"GamblersBrew"},{"floor":16,"key":"Fruit Juice"},{"floor":18,"key":"Fire Potion"},{"floor":22,"key":"SteroidPotion"},{"floor":29,"key":"PowerPotion"},{"floor":31,"key":"LiquidMemories"},{"floor":36,"key":"EssenceOfSteel"},{"floor":37,"key":"DistilledChaos"},{"floor":38,"key":"ElixirPotion"},{"floor":47,"key":"AttackPotion"},{"floor":54,"key":"EntropicBrew"}],"is_trial":false,"path_per_floor":["M","?","?","?","$","E","R","E","T","E","M","R","M","$","R","B",null,"M","?","?","$","M","R","T","E","T","M","?","M","?","M","R","B",null,"M","?","M","M","?","R","T","M","T","M","M","R","E","M","R","B",null,"R","$","E","B"],"character_chosen":"IRONCLAD","items_purchased":["Nunchaku","Flex","Calipers","Panacea"],"campfire_rested":0,"item_purchase_floors":[5,14,53,53],"current_hp_per_floor":[80,80,73,80,80,86,86,87,87,41,42,42,35,35,35,34,92,91,91,91,91,91,91,91,92,92,92,92,92,74,76,76,50,97,97,97,97,97,85,85,85,87,87,83,80,80,88,91,91,84,97,97,97,97,0,0],"gold":42,"neow_bonus":"THREE_ENEMY_KILL","is_daily":false,"chose_seed":false,"campfire_upgraded":8,"win_rate":0.0,"timestamp":1610190788,"path_taken":["M","?","?","?","?","E","R","E","T","E","M","R","M","$","R","BOSS","M","?","?","$","?","R","?","E","T","M","?","M","?","M","R","BOSS","M","?","M","?","?","R","?","M","T","M","M","R","E","M","R","BOSS","R","$","E","BOSS"],"items_purchased_type":["Relic","Card","Relic","Card"],"build_version":"2020-12-22","purchased_purges":3,"victory":false,"max_hp_per_floor":[80,80,80,87,87,87,87,87,87,87,87,87,87,87,87,92,92,92,92,92,92,92,92,92,92,92,92,92,92,97,97,97,97,97,97,97,97,97,97,97,97,97,97,97,97,97,97,97,97,97,97,97,97,97,97,97],"relic_stats":{"counters":[25,74],"War Paint":["Madness","Havoc"],"MawBank":60,"Burning Blood":131,"WarpedTongs":[45],"Blood Vial":17,"Nunchaku":[19],"Centennial Puzzle":[40],"Ornamental Fan":[156],"Shuriken":[7],"Pandora\u0027s Box":["Pummel","Havoc","Sword Boomerang","True Grit","Searing Blow","Anger","Sentinel"],"obtain_stats":[{"Lantern":10,"Calipers":53,"NeowsBlessing":0,"betterThird:NestCultRelic":28,"War Paint":43,"MawBank":9,"Burning Blood":0,"WarpedTongs":20,"Blood Vial":24,"Du-Vu Doll":25,"Nunchaku":5,"Centennial Puzzle":26,"Ornamental Fan":6,"Shuriken":47,"Strawberry":4,"MutagenicStrength":19,"Pandora\u0027s Box":34,"Coffee Dripper":17,"Unceasing Top":8,"InkBottle":54},{"Lantern":4,"Calipers":23,"NeowsBlessing":0,"betterThird:NestCultRelic":11,"War Paint":18,"MawBank":3,"Burning Blood":0,"WarpedTongs":8,"Blood Vial":9,"Du-Vu Doll":10,"Nunchaku":1,"Centennial Puzzle":10,"Ornamental Fan":2,"Shuriken":21,"Strawberry":1,"MutagenicStrength":8,"Pandora\u0027s Box":14,"Coffee Dripper":7,"Unceasing Top":3,"InkBottle":24},{"Lantern":13,"Calipers":69,"NeowsBlessing":0,"betterThird:NestCultRelic":36,"War Paint":54,"MawBank":3,"Burning Blood":0,"WarpedTongs":28,"Blood Vial":31,"Du-Vu Doll":33,"Nunchaku":1,"Centennial Puzzle":33,"Ornamental Fan":2,"Shuriken":63,"Strawberry":1,"MutagenicStrength":28,"Pandora\u0027s Box":45,"Coffee Dripper":25,"Unceasing Top":3,"InkBottle":71}],"Unceasing Top":[70],"InkBottle":[2]},"card_choices":[{"not_picked":["Clothesline","Clash"],"picked":"Battle Trance","floor":1},{"not_picked":["Iron Wave","True Grit","Wild Strike"],"picked":"SKIP","floor":6},{"not_picked":["Flex","Cleave"],"picked":"Dropkick","floor":8},{"not_picked":["Wild Strike","Warcry"],"picked":"Shrug It Off","floor":10},{"not_picked":["Iron Wave","Anger","Burning Pact"],"picked":"SKIP","floor":11},{"not_picked":["Feed","Combust"],"picked":"Clash","floor":13},{"not_picked":["Barricade","Bludgeon"],"picked":"Offering","floor":16},{"not_picked":["Thunderclap+1","Infernal Blade","Sentinel+1"],"picked":"SKIP","floor":18},{"not_picked":["Clothesline","Warcry"],"picked":"Clash+1","floor":22},{"not_picked":["Havoc","Perfected Strike","Headbutt"],"picked":"SKIP","floor":25},{"not_picked":["Reaper","Blood for Blood"],"picked":"True Grit+1","floor":27},{"not_picked":["Anger","Flex","Havoc+1"],"picked":"SKIP","floor":29},{"not_picked":["Anger","Warcry","Flex"],"picked":"SKIP","floor":31},{"not_picked":["Corruption","Demon Form"],"picked":"Double Tap","floor":33},{"not_picked":["Rupture+1","Shrug It Off"],"picked":"Heavy Blade+1","floor":35},{"not_picked":["Pommel Strike","Spot Weakness","Armaments+1"],"picked":"SKIP","floor":37},{"not_picked":["Armaments+1","Heavy Blade"],"picked":"Flex+1","floor":38},{"not_picked":["Havoc","Twin Strike+1","Intimidate"],"picked":"SKIP","floor":42},{"not_picked":["Pommel Strike+1","Spot Weakness"],"picked":"Clash+1","floor":44},{"not_picked":["Armaments","Pommel Strike+1","Flex"],"picked":"SKIP","floor":45},{"not_picked":["Body Slam","Anger+1"],"picked":"Limit Break","floor":47},{"not_picked":["Twin Strike+1","Body Slam","Heavy Blade+1"],"picked":"SKIP","floor":48},{"not_picked":["Fiend Fire","Clothesline+1","Anger+1"],"picked":"SKIP","floor":54}],"player_experience":270512,"relics_obtained":[{"floor":6,"key":"Ornamental Fan"},{"floor":8,"key":"Unceasing Top"},{"floor":9,"key":"MawBank"},{"floor":10,"key":"Lantern"},{"floor":24,"key":"Blood Vial"},{"floor":25,"key":"Du-Vu Doll"},{"floor":26,"key":"Centennial Puzzle"},{"floor":43,"key":"War Paint"},{"floor":47,"key":"Shuriken"},{"floor":54,"key":"InkBottle"}],"event_choices":[{"damage_healed":0,"gold_gain":0,"player_choice":"Grow","damage_taken":0,"max_hp_gain":0,"max_hp_loss":0,"event_name":"Living Wall","floor":2,"gold_loss":0,"cards_upgraded":["Bash"]},{"cards_removed":["Strike_R"],"damage_healed":0,"gold_gain":0,"player_choice":"Card Removal","damage_taken":7,"max_hp_gain":0,"max_hp_loss":0,"event_name":"Golden Wing","floor":3,"gold_loss":0},{"damage_healed":0,"gold_gain":0,"player_choice":"Box","damage_taken":0,"relics_obtained":["Strawberry"],"max_hp_gain":0,"max_hp_loss":0,"event_name":"Big Fish","floor":4,"gold_loss":0,"cards_obtained":["Regret"]},{"damage_healed":0,"gold_gain":0,"player_choice":"Inject Mutagens","damage_taken":0,"relics_obtained":["MutagenicStrength"],"max_hp_gain":0,"max_hp_loss":0,"event_name":"Drug Dealer","floor":19,"gold_loss":0},{"damage_healed":0,"gold_gain":0,"player_choice":"Rummage","damage_taken":0,"relics_obtained":["WarpedTongs"],"max_hp_gain":0,"max_hp_loss":0,"event_name":"Accursed Blacksmith","floor":20,"gold_loss":0,"cards_obtained":["Pain"]},{"damage_healed":0,"gold_gain":0,"player_choice":"Madness","damage_taken":0,"relics_obtained":["betterThird:NestCultRelic"],"max_hp_gain":0,"max_hp_loss":0,"event_name":"betterThird:BetterNest","floor":28,"gold_loss":0},{"damage_healed":0,"gold_gain":0,"player_choice":"Shed Blood","damage_taken":23,"max_hp_gain":5,"max_hp_loss":0,"event_name":"Forgotten Altar","floor":30,"gold_loss":0},{"damage_healed":0,"gold_gain":0,"player_choice":"Got Potions","damage_taken":0,"max_hp_gain":0,"max_hp_loss":0,"event_name":"Lab","floor":36,"gold_loss":0},{"damage_healed":0,"gold_gain":0,"player_choice":"Embrace Madness","damage_taken":12,"max_hp_gain":0,"max_hp_loss":0,"event_name":"Winding Halls","floor":39,"gold_loss":0,"cards_obtained":["Madness","Madness"]}],"is_beta":false,"boss_relics":[{"not_picked":["Ectoplasm","Runic Cube"],"picked":"Coffee Dripper"},{"not_picked":["Busted Crown","SlaversCollar"],"picked":"Pandora\u0027s Box"}],"items_purged_floors":[14,21,21],"is_endless":false,"potions_floor_spawned":[6,10,13,16,18,22,29,31,37,38,47,54],"killed_by":"The Heart","ascension_level":2}}