{"host":"8f5cu9y0fpol72qs","time":1610153345,"event":{"mods":["AlwaysNeverKeys","BaseMod","Colored Map","Colored Powertips","Curses Come First","Highlight Path","Key Reminder","Minty Spire (QoL Compilation)","StSLib"],"gold_per_floor":[110,122,139,159,177,205,205,234,234,234,260,260,278,337,337,416,416,416,386,159,74,74,74,74,74,74,74,74,74,74,74,74,74,74,74,74,74,74,74,74,74,74,74,74,74,74,74,74,74,74,74,74,3,3,3,3],"floor_reached":55,"playtime":4264,"items_purged":["Defend_P"],"score":1493,"play_id":"a831f8f1-8763-4675-bcf6-08ebf93a3795","local_time":"20210108164905","is_ascension_mode":true,"campfire_choices":[{"data":"Blasphemy","floor":7.0,"key":"SMITH"},{"floor":12.0,"key":"REST"},{"floor":15.0,"key":"REST"},{"data":"Devotion","floor":23.0,"key":"SMITH"},{"data":"Wireheading","floor":27.0,"key":"SMITH"},{"data":"Vault","floor":32.0,"key":"SMITH"},{"data":"LikeWater","floor":42.0,"key":"SMITH"},{"floor":44.0,"key":"REST"},{"data":"Scrawl","floor":46.0,"key":"SMITH"},{"floor":49.0,"key":"RECALL"},{"data":"TalkToTheHand","floor":52.0,"key":"SMITH"}],"circlet_count":0,"master_deck":["AscendersBane","Strike_P+1","Strike_P+1","Strike_P+1","Defend_P+1","Defend_P+1","Defend_P+1","Eruption+1","Vigilance","Protect+1","Vault+1","Consecrate","EmptyFist","Meditate","Blasphemy+1","CrushJoints","CutThroughFate","Devotion+1","Scrawl+1","Protect","Wireheading+1","CutThroughFate","SpiritShield","TalkToTheHand+1","Madness","Madness","WheelKick","LikeWater+1","WheelKick+1","Ragnarok"],"relics":["HolyWater","Happy Flower","Unceasing Top","HornCleat","Pen Nib","Vajra","Ectoplasm","Damaru","Incense Burner","Akabeko","Red Mask","Blood Vial","Boot","Mummified Hand","TeardropLocket","White Beast Statue","Bronze Scales","Blue Candle"],"acts_visited":["Exordium","TheCity","TheBeyond","TheEnding"],"potions_floor_usage":[55,55],"damage_taken":[{"damage":1.0,"enemies":"Cultist","floor":1.0,"turns":5.0},{"damage":8.0,"enemies":"Small Slimes","floor":2.0,"turns":4.0},{"damage":0.0,"enemies":"Jaw Worm","floor":3.0,"turns":4.0},{"damage":6.0,"enemies":"Looter","floor":4.0,"turns":4.0},{"damage":10.0,"enemies":"Large Slime","floor":5.0,"turns":7.0},{"damage":0.0,"enemies":"3 Sentries","floor":6.0,"turns":3.0},{"damage":20.0,"enemies":"Lagavulin","floor":8.0,"turns":8.0},{"damage":6.0,"enemies":"3 Louse","floor":13.0,"turns":5.0},{"damage":7.0,"enemies":"3 Sentries","floor":14.0,"turns":7.0},{"damage":17.0,"enemies":"Hexaghost","floor":16.0,"turns":7.0},{"damage":0.0,"enemies":"Shell Parasite","floor":18.0,"turns":4.0},{"damage":0.0,"enemies":"2 Thieves","floor":19.0,"turns":4.0},{"damage":0.0,"enemies":"Snecko","floor":22.0,"turns":3.0},{"damage":0.0,"enemies":"Gremlin Leader","floor":24.0,"turns":5.0},{"damage":13.0,"enemies":"Masked Bandits","floor":25.0,"turns":4.0},{"damage":0.0,"enemies":"3 Cultists","floor":28.0,"turns":4.0},{"damage":0.0,"enemies":"Slavers","floor":29.0,"turns":5.0},{"damage":2.0,"enemies":"Automaton","floor":33.0,"turns":7.0},{"damage":6.0,"enemies":"3 Shapes","floor":35.0,"turns":4.0},{"damage":8.0,"enemies":"Orb Walker","floor":37.0,"turns":2.0},{"damage":12.0,"enemies":"Maw","floor":39.0,"turns":6.0},{"damage":0.0,"enemies":"Giant Head","floor":40.0,"turns":5.0},{"damage":14.0,"enemies":"4 Shapes","floor":41.0,"turns":4.0},{"damage":0.0,"enemies":"Nemesis","floor":45.0,"turns":7.0},{"damage":0.0,"enemies":"Reptomancer","floor":47.0,"turns":6.0},{"damage":0.0,"enemies":"3 Darklings","floor":48.0,"turns":2.0},{"damage":12.0,"enemies":"Awakened One","floor":50.0,"turns":12.0},{"damage":12.0,"enemies":"Shield and Spear","floor":54.0,"turns":4.0},{"damage":63,"enemies":"The Heart","floor":55,"turns":3}],"seed_played":"8429119508810112996","potions_obtained":[{"floor":2.0,"key":"LiquidBronze"},{"floor":3.0,"key":"ColorlessPotion"},{"floor":4.0,"key":"EntropicBrew"},{"floor":16.0,"key":"Weak Potion"},{"floor":33.0,"key":"PowerPotion"},{"floor":37.0,"key":"StancePotion"},{"floor":41.0,"key":"Fruit Juice"},{"floor":47.0,"key":"Fire Potion"}],"is_trial":false,"path_per_floor":["M","M","M","M","M","E","R","E","T","?","T","R","M","?","R","B",null,"M","M","$","?","M","R","E","?","T","R","M","E","T","?","R","B",null,"M","?","M","?","M","E","M","R","T","R","E","R","E","M","R","B",null,"R","$","E","B"],"character_chosen":"WATCHER","items_purchased":["Damaru","DuplicationPotion"],"campfire_rested":3,"item_purchase_floors":[20,53],"current_hp_per_floor":[64,56,56,50,40,40,40,20,20,6,6,27,21,14,35,18,59,59,59,59,59,59,59,59,46,46,46,48,50,50,50,50,50,67,63,54,48,48,38,40,33,33,33,56,58,58,60,62,62,52,71,71,71,61,0,0],"gold":3,"neow_bonus":"UPGRADE_CARD","is_daily":false,"chose_seed":false,"campfire_upgraded":7,"win_rate":0.0,"timestamp":1610153345,"path_taken":["M","M","M","M","?","E","R","E","T","?","?","R","M","?","R","BOSS","M","M","$","?","M","R","E","?","T","R","M","E","?","?","R","BOSS","M","?","M","?","M","E","M","R","T","R","E","R","E","M","R","BOSS","R","$","E","BOSS"],"items_purchased_type":["Relic","Potion"],"build_version":"2020-12-22","purchased_purges":1,"victory":false,"max_hp_per_floor":[72,72,72,72,72,72,72,72,72,72,72,72,72,72,72,72,72,72,72,72,72,72,72,72,72,72,72,72,72,72,72,72,72,72,72,72,72,72,72,72,77,77,77,77,77,77,77,77,77,77,77,77,77,77,77,77],"card_choices":[{"not_picked":["PathToVictory","EmptyFist"],"picked":"Protect","floor":1.0},{"not_picked":["EmptyBody","Fasting2"],"picked":"Vault","floor":2.0},{"not_picked":["JustLucky","Evaluate"],"picked":"Consecrate","floor":3.0},{"not_picked":["JustLucky","ThirdEye"],"picked":"EmptyFist","floor":4.0},{"not_picked":["EmptyFist","Swivel"],"picked":"Meditate","floor":5.0},{"not_picked":["EmptyFist","ThirdEye"],"picked":"Blasphemy","floor":6.0},{"not_picked":["EmptyBody","Crescendo"],"picked":"CrushJoints","floor":8.0},{"not_picked":["Consecrate","Crescendo"],"picked":"CutThroughFate","floor":13.0},{"not_picked":["ForeignInfluence","FlurryOfBlows"],"picked":"Devotion","floor":14.0},{"not_picked":["Judgement","DeusExMachina"],"picked":"Scrawl","floor":16.0},{"not_picked":["FlyingSleeves","Crescendo"],"picked":"Protect","floor":18.0},{"not_picked":["Pray","Meditate","SashWhip"],"picked":"SKIP","floor":19.0},{"not_picked":["Protect","CrushJoints"],"picked":"Wireheading","floor":22.0},{"not_picked":["Nirvana","FlyingSleeves+1","Prostrate"],"picked":"SKIP","floor":24.0},{"not_picked":["WindmillStrike","Consecrate","SashWhip"],"picked":"SKIP","floor":28.0},{"not_picked":["Meditate","DeusExMachina"],"picked":"CutThroughFate","floor":29.0},{"not_picked":["ConjureBlade","Judgement"],"picked":"SpiritShield","floor":33.0},{"not_picked":["Sanctity","MentalFortress"],"picked":"TalkToTheHand","floor":35.0},{"not_picked":["SashWhip","EmptyFist+1","DeceiveReality+1"],"picked":"SKIP","floor":37.0},{"not_picked":["PathToVictory","Crescendo"],"picked":"WheelKick","floor":39.0},{"not_picked":["Judgement","SashWhip","ThirdEye"],"picked":"SKIP","floor":40.0},{"not_picked":["Halt","CrushJoints"],"picked":"LikeWater","floor":41.0},{"not_picked":["Wireheading","EmptyFist","Indignation+1"],"picked":"SKIP","floor":45.0},{"not_picked":["Crescendo","SpiritShield"],"picked":"WheelKick+1","floor":47.0},{"not_picked":["Protect","PathToVictory","Halt"],"picked":"SKIP","floor":48.0},{"not_picked":["CarveReality","Nirvana"],"picked":"Ragnarok","floor":54.0}],"player_experience":808584,"relics_obtained":[{"floor":6.0,"key":"Happy Flower"},{"floor":8.0,"key":"Unceasing Top"},{"floor":9.0,"key":"HornCleat"},{"floor":11.0,"key":"Pen Nib"},{"floor":14.0,"key":"Vajra"},{"floor":24.0,"key":"Akabeko"},{"floor":25.0,"key":"Red Mask"},{"floor":26.0,"key":"Blood Vial"},{"floor":29.0,"key":"Boot"},{"floor":30.0,"key":"Mummified Hand"},{"floor":40.0,"key":"TeardropLocket"},{"floor":45.0,"key":"White Beast Statue"},{"floor":47.0,"key":"Bronze Scales"},{"floor":54.0,"key":"Blue Candle"}],"event_choices":[{"damage_healed":0.0,"max_hp_gain":0.0,"max_hp_loss":0.0,"gold_gain":0.0,"event_name":"Shining Light","player_choice":"Entered Light","floor":10.0,"gold_loss":0.0,"damage_taken":14.0,"cards_upgraded":["Defend_P","Protect"]},{"damage_healed":0.0,"max_hp_gain":0.0,"max_hp_loss":0.0,"gold_gain":0.0,"event_name":"Dead Adventurer","player_choice":"Searched \u00272\u0027 times","floor":14.0,"gold_loss":0.0,"damage_taken":0.0},{"damage_healed":0.0,"max_hp_gain":0.0,"max_hp_loss":0.0,"gold_gain":0.0,"event_name":"Addict","player_choice":"Obtained Relic","floor":21.0,"gold_loss":85.0,"damage_taken":0.0,"relics_obtained":["Incense Burner"]},{"damage_healed":0.0,"max_hp_gain":0.0,"max_hp_loss":0.0,"gold_gain":0.0,"event_name":"Masked Bandits","player_choice":"Fought Bandits","floor":25.0,"gold_loss":0.0,"damage_taken":0.0},{"damage_healed":0.0,"max_hp_gain":0.0,"max_hp_loss":0.0,"gold_gain":0.0,"event_name":"Back to Basics","player_choice":"Simplicity","floor":31.0,"gold_loss":0.0,"damage_taken":0.0,"cards_upgraded":["Strike_P","Strike_P","Strike_P","Strike_P","Defend_P","Defend_P"]},{"damage_healed":0.0,"max_hp_gain":0.0,"max_hp_loss":0.0,"gold_gain":0.0,"event_name":"Winding Halls","player_choice":"Embrace Madness","floor":36.0,"gold_loss":0.0,"damage_taken":9.0,"cards_obtained":["Madness","Madness"]},{"cards_removed":["Strike_P"],"damage_healed":0.0,"max_hp_gain":0.0,"max_hp_loss":0.0,"gold_gain":0.0,"event_name":"Falling","player_choice":"Removed Attack","floor":38.0,"gold_loss":0.0,"damage_taken":0.0}],"is_beta":false,"boss_relics":[{"not_picked":["Black Star","Fusion Hammer"],"picked":"Ectoplasm"},{"not_picked":["Busted Crown","Runic Pyramid"],"picked":"HolyWater"}],"items_purged_floors":[20],"is_endless":false,"potions_floor_spawned":[2,3,4,16,24,33,37,41,47,48,54],"killed_by":"The Heart","ascension_level":13}}