{"host":"ygfasg9u7olr7skw","time":1610214765,"event":{"mods":["AchievementEnabler","BaseMod","Better Note","Better Vampires","Colored Powertips","Minty Spire (QoL Compilation)","Replay The Spire","Spicy Shops","StSLib","The IronCluck"],"gold_per_floor":[109,109,109,120,132,132,167,184,233,245,245,245,45,58,58,157,157,171,171,171,96,111,140,239,239,265,265,36,53,72,72,72,176,176,195,205,205,5,22,22,22,56,56,56,56,74,74,90,90,90,90],"floor_reached":50,"playtime":3286,"items_purged":["Strike_G","Parasite","Venomology"],"score":490,"play_id":"4c949f40-a2bb-42c6-8e97-ebef8e324c54","local_time":"20210109125245","is_ascension_mode":false,"campfire_choices":[{"data":"Poisoned Stab","floor":6.0,"key":"SMITH"},{"floor":12.0,"key":"REST"},{"data":"Draining Mist","floor":15.0,"key":"SMITH"},{"data":"Bane","floor":15.0,"key":"SMITH"},{"floor":25.0,"key":"REST"},{"data":"Poisoned Stab","floor":27.0,"key":"SMITH"},{"data":"Blade Dance","floor":27.0,"key":"SMITH"},{"floor":32.0,"key":"REST"},{"floor":41.0,"key":"REST"},{"floor":44.0,"key":"REST"},{"floor":47,"key":"REST"},{"floor":49,"key":"DIG"}],"circlet_count":0,"master_deck":["Strike_G+1","Strike_G+1","Strike_G","Defend_G","Defend_G+1","Defend_G","Defend_G","Defend_G","Survivor","Neutralize","Poisoned Stab+1","Draining Mist+1","Envenom+1","Poisoned Stab+1","Bane+1","Quick Slash+1","Deadly Poison","Bane","Deadly Poison+1","Writhe"],"relics":["Ring of the Snake","Iron Hammer","Bronze Scales","Lantern","Replay:Arrowhead","SlaversCollar","Pondfish Scales","ReplayTheSpireMod:Lightbulb","ReplayTheSpireMod:CursedCoin","Replay:Wax Seal","Whetstone","Pet Ghost","HornCleat","Shovel","PreservedInsect"],"acts_visited":["Exordium","TheCity","TheBeyond"],"potions_floor_usage":[50,50],"damage_taken":[{"damage":0.0,"enemies":"2 Louse","floor":1.0,"turns":3.0},{"damage":0.0,"enemies":"Jaw Worm","floor":4.0,"turns":2.0},{"damage":0.0,"enemies":"Cultist","floor":5.0,"turns":3.0},{"damage":13.0,"enemies":"3 Sentries","floor":7.0,"turns":9.0},{"damage":4.0,"enemies":"Large Slime","floor":8.0,"turns":4.0},{"damage":0.0,"enemies":"Exordium Wildlife","floor":10.0,"turns":3.0},{"damage":1.0,"enemies":"Blue Slaver","floor":14.0,"turns":2.0},{"damage":22.0,"enemies":"Hexaghost","floor":16.0,"turns":6.0},{"damage":0.0,"enemies":"Chosen","floor":18.0,"turns":3.0},{"damage":2.0,"enemies":"3 Byrds","floor":22.0,"turns":3.0},{"damage":27.0,"enemies":"Slavers","floor":23.0,"turns":5.0},{"damage":1.0,"enemies":"Snake Plant","floor":29.0,"turns":3.0},{"damage":18.0,"enemies":"Cultist and Chosen","floor":30.0,"turns":5.0},{"damage":27.0,"enemies":"Automaton","floor":33.0,"turns":9.0},{"damage":10.0,"enemies":"Orb Walker","floor":35.0,"turns":3.0},{"damage":16.0,"enemies":"3 Darklings","floor":36.0,"turns":6.0},{"damage":20.0,"enemies":"Maw","floor":39.0,"turns":9.0},{"damage":12.0,"enemies":"R_Hoarder","floor":42.0,"turns":7.0},{"damage":22,"enemies":"Writhing Mass","floor":46,"turns":5},{"damage":10,"enemies":"Transient","floor":48,"turns":5},{"damage":75,"enemies":"Donu and Deca","floor":50,"turns":7}],"seed_played":"-6602734946867335393","potions_obtained":[{"floor":1.0,"key":"Dexterity Potion"},{"floor":7.0,"key":"CultistPotion"},{"floor":8.0,"key":"SpeedPotion"},{"floor":18.0,"key":"FearPotion"},{"floor":30.0,"key":"Explosive Potion"},{"floor":39.0,"key":"EssenceOfSteel"},{"floor":46,"key":"SneckoOil"}],"is_trial":false,"path_per_floor":["M","?","T","M","M","R","E","M","T","M","?","R","$","M","R","B",null,"M","?","?","$","M","E","?","R","T","R","$","M","M","$","R","B",null,"M","M","?","$","M","?","R","E","T","R","?","M","R","M","R","B"],"character_chosen":"THE_SILENT","items_purchased":["Replay:Arrowhead","Poisoned Stab","ReplayTheSpireMod:CursedCoin","Replay:Wax Seal","Whetstone","Deadly Poison","Bane","Pet Ghost"],"campfire_rested":6,"item_purchase_floors":[13,13,28,28,28,28,28,38],"current_hp_per_floor":[77,77,77,77,77,77,64,60,60,60,45,68,68,67,67,45,77,77,77,77,77,75,48,48,71,71,71,71,70,52,52,74,47,74,64,48,48,48,28,47,69,57,57,74,74,52,74,64,64,0,0],"gold":90,"neow_bonus":"TEN_PERCENT_HP_BONUS","is_daily":false,"chose_seed":false,"campfire_upgraded":5,"win_rate":0.0,"timestamp":1610214765,"path_taken":["M","?","?","M","M","R","E","?","T","M","?","R","?","M","R","BOSS","M","?","?","$","?","E","?","R","T","R","$","M","M","?","R","BOSS","M","M","?","$","?","?","R","E","T","R","?","M","R","M","R","BOSS"],"items_purchased_type":["Relic","Card","Relic","Relic","Relic","Card","Card","Relic"],"build_version":"2020-12-22","purchased_purges":3,"victory":false,"max_hp_per_floor":[77,77,77,77,77,77,77,77,77,77,77,77,77,77,77,77,77,77,77,77,77,77,77,77,77,77,77,74,74,74,74,74,74,74,74,74,74,74,74,74,74,74,74,74,74,74,74,74,74,74,74],"card_choices":[{"not_picked":["Catalyst","Hidden Blade"],"picked":"Blade Dance","floor":1.0},{"not_picked":["Skewer","Deflect","Prepared"],"picked":"SKIP","floor":4.0},{"not_picked":["Riddle With Holes","Quick Slash"],"picked":"Poisoned Stab","floor":5.0},{"not_picked":["Escape Plan","Calculated Gamble","Hidden Blade"],"picked":"SKIP","floor":7.0},{"not_picked":["PiercingWail","Riddle With Holes"],"picked":"Draining Mist","floor":8.0},{"not_picked":["Draining Mist","Distraction"],"picked":"Envenom","floor":10.0},{"not_picked":["Endless Agony","Deflect"],"picked":"Bane","floor":14.0},{"not_picked":["Quick Slash+1","Reflex","Skewer"],"picked":"SKIP","floor":18.0},{"not_picked":["Well Laid Plans","Deflect","Dagger Throw"],"picked":"SKIP","floor":22.0},{"not_picked":["Burst","Caltrops","Dagger Spray"],"picked":"SKIP","floor":23.0},{"not_picked":["Infinite Blades","Blade Dance","Quick Slash+1"],"picked":"SKIP","floor":29.0},{"not_picked":["Outmaneuver","Dagger Throw+1"],"picked":"Deadly Poison+1","floor":30.0},{"not_picked":["Prepared","Well Laid Plans","Underhanded Strike+1"],"picked":"SKIP","floor":35.0},{"not_picked":["Eviscerate","Blade Dance+1","Escape Plan"],"picked":"SKIP","floor":36.0},{"not_picked":["Eviscerate","Blade Dance+1","Escape Plan"],"picked":"SKIP","floor":36.0},{"not_picked":["Quick Slash+1","Underhanded Strike","Fluid Movement+1"],"picked":"SKIP","floor":39.0},{"not_picked":["Outmaneuver+1","Heel Hook","Deflect+1"],"picked":"SKIP","floor":42.0},{"not_picked":["PiercingWail+1","Sucker Punch","Atom Bomb"],"picked":"SKIP","floor":46},{"not_picked":["Backflip","Blade Dance+1","Cloak And Dagger"],"picked":"SKIP","floor":48}],"player_experience":232186,"relics_obtained":[{"floor":3.0,"key":"Iron Hammer"},{"floor":7.0,"key":"Bronze Scales"},{"floor":9.0,"key":"Lantern"},{"floor":23.0,"key":"Pondfish Scales"},{"floor":26.0,"key":"ReplayTheSpireMod:Lightbulb"},{"floor":42.0,"key":"HornCleat"},{"floor":43.0,"key":"Shovel"},{"floor":49,"key":"PreservedInsect"}],"event_choices":[{"damage_healed":0.0,"max_hp_gain":0.0,"max_hp_loss":0.0,"gold_gain":0.0,"event_name":"Shining Light","player_choice":"Entered Light","floor":11.0,"gold_loss":0.0,"damage_taken":15.0,"cards_upgraded":["Envenom","Strike_G"]},{"cards_removed":["Strike_G"],"damage_healed":0.0,"max_hp_gain":0.0,"max_hp_loss":0.0,"gold_gain":0.0,"event_name":"betterNote:BetterNote","player_choice":"Give","floor":19.0,"gold_loss":0.0,"damage_taken":0.0,"cards_obtained":["Strike_G"]},{"damage_healed":0.0,"max_hp_gain":0.0,"max_hp_loss":0.0,"gold_gain":0.0,"cards_transformed":["Strike_G"],"event_name":"Transmorgrifier","player_choice":"Transformed","floor":20.0,"gold_loss":0.0,"damage_taken":0.0,"cards_obtained":["Quick Slash"]},{"damage_healed":0.0,"max_hp_gain":0.0,"max_hp_loss":0.0,"gold_gain":99.0,"event_name":"Nest","player_choice":"Stole From Cult","floor":24.0,"gold_loss":0.0,"damage_taken":0.0},{"damage_healed":0.0,"max_hp_gain":0.0,"max_hp_loss":0.0,"gold_gain":0.0,"cards_transformed":["Blade Dance"],"event_name":"Transmorgrifier","player_choice":"Transformed","floor":37.0,"gold_loss":0.0,"damage_taken":0.0,"cards_obtained":["Venomology"]},{"damage_healed":19.0,"max_hp_gain":0.0,"max_hp_loss":0.0,"gold_gain":0.0,"event_name":"Winding Halls","player_choice":"Writhe","floor":40.0,"gold_loss":0.0,"damage_taken":0.0,"cards_obtained":["Writhe"]},{"damage_healed":0,"gold_gain":0,"player_choice":"Ignored","damage_taken":0,"max_hp_gain":0,"max_hp_loss":0,"event_name":"Mysterious Sphere","floor":45,"gold_loss":0}],"is_beta":false,"boss_relics":[{"not_picked":["Replay:Bronze Core","Pandora\u0027s Box"],"picked":"SlaversCollar"},{"not_picked":["Runic Pyramid","Replay:Grab Bag","Painkiller Herb"]}],"items_purged_floors":[21,28,38],"is_endless":false,"potions_floor_spawned":[1,7,8,18,23,30,35,39,46],"killed_by":"Donu and Deca","ascension_level":0}}