{"host":"wkcoec525dnrk4jw","time":1610186087,"event":{"mods":["BaseMod","Conspire","Lobotomy","Minty Spire (QoL Compilation)","Quick Restart","Replay The Spire","Shop Mod","StSLib","TestMod","The Bug Knight","The Cursed","[IsaacMod]ÒÔÈö¼âËþ","vexMod","¡¾ÒÅÎï¿¨ÅÆ¡¿REMEMod"],"gold_per_floor":[108,108,117,68,86,118,118,118,140,140,150,150,184,207,207,334,334,357,380,15,314,326,326,358,358,380,380,479,550,592,607,607,607,607],"floor_reached":33,"playtime":1145,"items_purged":["ReplayTheSpireMod:Restless Dread"],"score":505,"play_id":"e16d79ae-bde8-4ce4-96a6-19c8ad6353bb","local_time":"20210109175447","is_ascension_mode":true,"campfire_choices":[{"data":"ReplayTheSpireMod:Omega Cannon","floor":8,"key":"SMITH"},{"data":"Hyperbeam","floor":10,"key":"SMITH"},{"floor":15,"key":"REST"},{"data":"Time Bomb","floor":23,"key":"SMITH"},{"floor":25,"key":"REST"},{"floor":32,"key":"DIG"}],"circlet_count":0,"master_deck":["Strike_B","Strike_B","Strike_B","Strike_B","Defend_B","Defend_B","Defend_B","Defend_B","Dualcast","Hyperbeam+1","ReplayTheSpireMod:Omega Cannon+1","REME_DataAnalysis","Double Energy","Conserve Battery","Panic Button","REME_Whirling","Doom and Gloom","Echo Form","Time Bomb","Panic Button","FIFO Queue","Darkness","testmod-WeaknessCounterattack","Time Bomb+1","Ball Lightning","CommonCold","FIFO Queue","Barrage"],"relics":["Cracked Core","HushsDoor","testmod-TestBox","REME_ComplimentaryCards","testmod-Charity","DoctorsRemote","StoneCalendar","REME_PuzzleBoxRelic","Golden Idol","Mummified Hand","vexMod:EndlessSickness","BargainBundle","Pen Nib","Anchor","Blue Doll","ReplayTheSpireMod:Ring of Collecting","Ring of Misfortune","Divine Protection","Oddly Smooth Stone","testmod-D¨¦j¨¤vu"],"acts_visited":["TheCity"],"potions_floor_usage":[16,24,33,33,33],"damage_taken":[{"damage":6,"enemies":"Cultist","floor":1,"turns":3},{"damage":0,"enemies":"Jaw Worm","floor":3,"turns":1},{"damage":0,"enemies":"Small Slimes","floor":5,"turns":2},{"damage":0,"enemies":"Gremlin Nob","floor":6,"turns":2},{"damage":6,"enemies":"2 Fungi Beasts","floor":11,"turns":3},{"damage":10,"enemies":"Lagavulin","floor":13,"turns":3},{"damage":0,"enemies":"Blue Slaver","floor":14,"turns":2},{"damage":33,"enemies":"Hexaghost","floor":16,"turns":5},{"damage":18,"enemies":"Shell Parasite","floor":18,"turns":3},{"damage":0,"enemies":"2 Thieves","floor":19,"turns":2},{"damage":1,"enemies":"3 Cultists","floor":22,"turns":3},{"damage":27,"enemies":"Slavers","floor":24,"turns":3},{"damage":0,"enemies":"Gremlin Leader","floor":30,"turns":3},{"damage":0,"enemies":"Cultist and Chosen","floor":31,"turns":2},{"damage":95,"enemies":"Champ","floor":33,"turns":7}],"seed_played":"968811791777649034","potions_obtained":[{"floor":1,"key":"AttackPotion"},{"floor":5,"key":"Languid Potion"},{"floor":11,"key":"DistilledChaos"},{"floor":18,"key":"SteroidPotion"},{"floor":31,"key":"PowerPotion"}],"is_trial":false,"path_per_floor":["M","T","M","$","M","E","?","R","T","R","M","?","E","M","R","B",null,"M","M","$","?","M","R","E","R","T","?","?","T","E","M","R","B"],"character_chosen":"DEFECT","items_purchased":["Conserve Battery","BargainBundle","FIFO Queue","Darkness","testmod-WeaknessCounterattack","Pen Nib","conspire:TimeTravelPotion"],"campfire_rested":2,"item_purchase_floors":[4,20,20,20,20,20,20],"current_hp_per_floor":[63,63,64,64,65,66,66,66,67,67,62,42,33,34,58,26,70,53,55,55,56,56,56,30,57,58,58,59,60,61,62,62,0,0],"gold":607,"neow_bonus":"THREE_RARE_CARDS","is_daily":false,"chose_seed":false,"campfire_upgraded":3,"win_rate":0.0,"timestamp":1610186087,"path_taken":["M","?","?","$","M","E","?","R","T","R","M","?","E","M","R","BOSS","M","M","$","?","M","R","E","R","T","?","?","?","E","M","R","BOSS"],"items_purchased_type":["Card","Relic","Card","Card","Card","Relic","Potion"],"build_version":"2020-12-22","purchased_purges":1,"victory":false,"max_hp_per_floor":[76,76,77,77,78,79,79,79,80,80,81,81,82,83,83,84,84,85,87,87,88,89,89,90,90,91,91,92,93,94,95,95,95,95],"card_choices":[{"not_picked":["Seek","ReplayTheSpireMod:Fabricate Wheel"],"picked":"ReplayTheSpireMod:Omega Cannon","floor":0},{"not_picked":["Barrage","Beam Cell"],"picked":"REME_DataAnalysis","floor":1},{"not_picked":["ReplayGash","Reprogram"],"picked":"Double Energy","floor":3},{"not_picked":["Hologram","Go for the Eyes"],"picked":"Panic Button","floor":5},{"not_picked":["BasicCrystalCard","Chaos"],"picked":"REME_Whirling","floor":6},{"not_picked":["Crystallizer","Compile Driver","Coolheaded"],"picked":"SKIP","floor":11},{"not_picked":["Panic Button","ReplayTheSpireMod:Dual Polarity"],"picked":"Doom and Gloom","floor":13},{"not_picked":["Redo","ReplayGash","Distribution"],"picked":"SKIP","floor":14},{"not_picked":["Fission","Thunder Strike"],"picked":"Echo Form","floor":16},{"not_picked":["Leap","Doom and Gloom"],"picked":"Time Bomb","floor":18},{"not_picked":["BasicCrystalCard","Go for the Eyes+1"],"picked":"Panic Button","floor":19},{"not_picked":["Steam","Darkness"],"picked":"Time Bomb","floor":22},{"not_picked":["Barrage+1","Sweeping Beam"],"picked":"Ball Lightning","floor":24},{"not_picked":["Skim","ReplayTheSpireMod:Reroute Power+1"],"picked":"FIFO Queue","floor":30},{"not_picked":["Recycle","Gash+1"],"picked":"Barrage","floor":31}],"player_experience":214901,"relics_obtained":[{"floor":2,"key":"StoneCalendar"},{"floor":6,"key":"REME_PuzzleBoxRelic"},{"floor":13,"key":"Mummified Hand"},{"floor":24,"key":"Anchor"},{"floor":26,"key":"Blue Doll"},{"floor":27,"key":"ReplayTheSpireMod:Ring of Challenge"},{"floor":27,"key":"ReplayTheSpireMod:Ring of Collecting"},{"floor":29,"key":"Ring of Misfortune"},{"floor":29,"key":"Divine Protection"},{"floor":30,"key":"Oddly Smooth Stone"},{"floor":32,"key":"testmod-D¨¦j¨¤vu"}],"event_choices":[{"damage_healed":0,"gold_gain":0,"player_choice":"Take Damage","damage_taken":20,"relics_obtained":["Golden Idol"],"max_hp_gain":0,"max_hp_loss":0,"event_name":"Golden Idol","floor":12,"gold_loss":0},{"damage_healed":0,"gold_gain":100,"player_choice":"Sell","damage_taken":0,"max_hp_gain":0,"max_hp_loss":0,"event_name":"¶÷ÂåË¹µÄÅÌ×Ó","floor":28,"relics_lost":["ReplayTheSpireMod:Ring of Challenge"],"gold_loss":0}],"is_beta":false,"boss_relics":[{"not_picked":["REME_DemonsWealth","testmod-IncinerationGenerator"],"picked":"vexMod:EndlessSickness"},{"not_picked":[]}],"items_purged_floors":[20],"is_endless":false,"potions_floor_spawned":[1,5,11,13,14,18,22,31],"killed_by":"Champ","ascension_level":8}}