{"host":"4lxzgdqpvzyot39g","time":1610225125,"event":{"mods":["100% Spire Juice","Abigail Mod","Act Like it!","Aspiration","BaseMod","Beaked The Cultist","Better Altar","Better Match","Better Note","Better Sensory Stone","Better Skull","Better Third Choice","CCEM","Colored Map","Colored Powertips","Conspire","Dark Map","Displayed Cursed Tome","Dota2Spire","Energized Spire","Fox Events","Friendly Minions","Gensokyo","GifTheSpireLib","Halation","Hallownest","Hermit","Highlight Path","Hubris","Infinite Spire","Jedi Mod","JesterMod","Mari Mod (Legacy)","Mari\u0027s V1 Patch","MarisaÅiñ∂âJÅ@ñÇóùçπÅj","Minty Spire (QoL Compilation)","Prisma Mod","Quarter Circle Forward PUNCH!","Relic Filter","Replay The Spire","Robot Space Explorer","SCP261 Mod","Small Relic Pack","Spicy Shops","Spikes Relics","StSLib","Stuff the Spire","The Alterego","The Blue Laboratory","The Bug Knight","The Cursed","The Fake Hero","The Servant 0.9.4","The Wild Card","Trackpad","Waifu the Spire","WarShipGirlsR/??è≠èóR mod","vexMod","Åy?ï®?îvÅzREMEMod"],"gold_per_floor":[523,53,53,76,76,76,94,137,137,137,137,173,173,193,193,317,317,346,365,73,93,117,161,189,189,214,252,252,301,301,326,326,452,452,508,508,569,632,280,339,339,339,418,418,491,99,99,135,135,140,140,140,1,41,46],"floor_reached":56,"playtime":4206,"items_purged":["luka_mod:Surrender","luka_mod:Wait","luka_mod:FlailWildly","luka_mod:Guard"],"score":3045,"play_id":"2460ec8f-2018-433d-b469-50865e9d5d97","local_time":"20210109154525","is_ascension_mode":true,"campfire_choices":[{"data":"luka_mod:NotVerySharp","floor":6.0,"key":"SMITH"},{"data":"luka_mod:Request","floor":10.0,"key":"SMITH"},{"data":"luka_mod:StrikeLukaThree","floor":13.0,"key":"SMITH"},{"data":"luka_mod:SpoilerForm","floor":15.0,"key":"SMITH"},{"data":"luka_mod:Request","floor":25.0,"key":"SMITH"},{"data":"luka_mod:Sensitive","floor":28.0,"key":"SMITH"},{"data":"luka_mod:Calm","floor":32.0,"key":"SMITH"},{"floor":41.0,"key":"RECALL"},{"data":"luka_mod:Gnome","floor":44.0,"key":"SMITH"},{"data":"luka_mod:StrikeLukaOne","floor":47,"key":"SMITH"},{"data":"luka_mod:StrikeLukaFour","floor":49,"key":"SMITH"},{"data":"luka_mod:Salamander","floor":52,"key":"SMITH"}],"circlet_count":0,"master_deck":["AscendersBane","luka_mod:StrikeLukaOne+1","luka_mod:StrikeLukaTwo","luka_mod:StrikeLukaThree+1","luka_mod:StrikeLukaFour+1","luka_mod:StrikeLukaFive","luka_mod:StrikeLukaSix","luka_mod:Salt","luka_mod:Meditation","hermit:Scavenge","luka_mod:SpoilerForm+1","luka_mod:NotVerySharp+1","luka_mod:Request+1","luka_mod:Sensitive+1","luka_mod:Request+1","luka_mod:Gnome+1","luka_mod:Salamander+1","luka_mod:Calm+1","luka_mod:Determination+1","luka_mod:Ilias","luka_mod:Sylph+1"],"relics":["luka_mod:KeepsakeRing","REME_ComplimentaryCards","aspiration:DSix","trackpad:ToughGloves","Golden Idol","halation:StarCompass","Dota2Spire:EyeOfSkadi","Dota2Spire:ArcaneBoots","hubris:TerracottaHorce","PreservedInsect","Mango","Dota2Spire:LotusOrb","ReplayFunnel","infinitespire:EvilPickle","qcfpunch:Dark_Gi","Replay:Bottled Snecko","Medical Kit","REME_CardOfGreed","trackpad:IceCube","vexMod:FocusSash","StuffTheSpire:ForceGauntlet","ReplayTheSpireMod:TigerMarble","Regal Pillow","trackpad:SappingStone","StuffTheSpire:HeavyRock","qcfpunch:School_Backpack","vexMod:BarristanHead"],"acts_visited":["Exordium","TheCity","Gensokyo:Gensokyoest","TheEnding"],"potions_floor_usage":[55],"damage_taken":[{"damage":21.0,"enemies":"Jaw Worm","floor":1.0,"turns":4.0},{"damage":0.0,"enemies":"conspire:RoseBush","floor":4.0,"turns":2.0},{"damage":4.0,"enemies":"Small Slimes","floor":7.0,"turns":3.0},{"damage":37.0,"enemies":"Gremlin Nob","floor":8.0,"turns":6.0},{"damage":0.0,"enemies":"Lagavulin","floor":12.0,"turns":3.0},{"damage":10.0,"enemies":"Red Slaver","floor":14.0,"turns":4.0},{"damage":7.0,"enemies":"Hexaghost","floor":16.0,"turns":3.0},{"damage":18.0,"enemies":"Shell Parasite","floor":18.0,"turns":3.0},{"damage":10.0,"enemies":"conspire:FuzzyDice","floor":19.0,"turns":2.0},{"damage":37.0,"enemies":"Shelled Parasite and Fungi","floor":21.0,"turns":3.0},{"damage":0.0,"enemies":"Sentry and Sphere","floor":22.0,"turns":3.0},{"damage":30.0,"enemies":"Slavers","floor":23.0,"turns":4.0},{"damage":23.0,"enemies":"Snake Plant","floor":24.0,"turns":3.0},{"damage":26.0,"enemies":"Book of Stabbing","floor":27.0,"turns":4.0},{"damage":8.0,"enemies":"Slavers","floor":29.0,"turns":3.0},{"damage":0.0,"enemies":"Cultist and Chosen","floor":31.0,"turns":5.0},{"damage":3.0,"enemies":"Pondfish","floor":33.0,"turns":5.0},{"damage":0.0,"enemies":"Gensokyo:3_Bats","floor":35.0,"turns":2.0},{"damage":0.0,"enemies":"Gensokyo:AncientGuardian","floor":37.0,"turns":2.0},{"damage":0.0,"enemies":"Gensokyo:3_Boulders","floor":38.0,"turns":2.0},{"damage":0.0,"enemies":"Gensokyo:Doremy","floor":40.0,"turns":2.0},{"damage":23,"enemies":"Gensokyo:Marisa","floor":45,"turns":3},{"damage":0,"enemies":"Gensokyo:AtlasGolem","floor":48,"turns":1},{"damage":0,"enemies":"Gensokyo:Scarlet_Devils","floor":50,"turns":1},{"damage":0,"enemies":"Shield and Spear","floor":54,"turns":1},{"damage":0,"enemies":"The Heart","floor":55,"turns":4}],"seed_played":"6899189363319876329","potions_obtained":[{"floor":4.0,"key":"ColorlessPotion"},{"floor":7.0,"key":"BlessingOfTheForge"},{"floor":8.0,"key":"Adrenaline Potion"},{"floor":18.0,"key":"ColorlessPotion"},{"floor":21.0,"key":"BlessingOfTheForge"},{"floor":38.0,"key":"Explosive Potion"},{"floor":48,"key":"FearPotion"},{"floor":54,"key":"Swift Potion"}],"is_trial":false,"path_per_floor":["M","$","?","M","?","R","M","E","T","R","?","E","R","M","R","B",null,"M","M","$","M","M","E","M","R","T","E","R","E","?","M","R","B",null,"M","?","M","M","COS","E","R","?","T","R","E","$","R","M","R","B",null,"R","$","E","B",null],"character_chosen":"LUKA_CLASS","items_purchased":["trackpad:ToughGloves","luka_mod:SpoilerForm","PreservedInsect","Regal Pillow","trackpad:SappingStone","qcfpunch:School_Backpack"],"campfire_rested":0,"item_purchase_floors":[2,2,20,46,46,53],"current_hp_per_floor":[27,27,17,17,17,17,13,38,38,38,38,38,38,45,45,45,45,45,35,35,20,42,48,36,36,36,59,59,59,59,59,59,56,39,39,39,39,39,39,39,39,19,19,19,34,34,34,39,39,39,39,39,39,39,39],"gold":46,"neow_bonus":"DSIX","is_daily":false,"chose_seed":false,"campfire_upgraded":11,"win_rate":0.0,"timestamp":1610225125,"path_taken":["M","$","?","M","?","R","M","E","T","R","?","E","R","?","R","BOSS","M","M","$","M","M","E","M","R","T","E","R","E","?","M","R","BOSS","M","?","M","?","COS","E","R","?","T","R","E","$","R","?","R","BOSS","R","$","E","BOSS"],"items_purchased_type":["Relic","Card","Relic","Relic","Relic","Relic"],"build_version":"2020-12-22","purchased_purges":4,"victory":true,"max_hp_per_floor":[40,40,40,40,40,40,40,45,45,45,45,45,45,45,45,45,45,45,45,45,45,45,59,59,59,59,59,59,59,59,59,59,59,39,39,39,39,39,39,39,39,39,39,39,39,39,39,39,39,39,39,39,39,39,39],"card_choices":[{"not_picked":["luka_mod:WindSlash","luka_mod:GuardedStrike","luka_mod:ThunderThrust"],"picked":"SKIP","floor":1.0},{"not_picked":["luka_mod:BladeOfHowlingWind","luka_mod:SereneDemonSword"],"picked":"luka_mod:NotVerySharp","floor":4.0},{"not_picked":["luka_mod:Overexert","luka_mod:NeverSurrender","luka_mod:Struggle"],"picked":"SKIP","floor":7.0},{"not_picked":["luka_mod:EarthRumblingDecapitation","luka_mod:WaterSlash"],"picked":"luka_mod:Request","floor":8.0},{"not_picked":["luka_mod:BladeOfRagingFire","luka_mod:AngryLuka","luka_mod:GuardTraining"],"picked":"SKIP","floor":12.0},{"not_picked":["luka_mod:GuardedStrike","luka_mod:Struggle","luka_mod:RestrictedStrike"],"picked":"SKIP","floor":14.0},{"not_picked":["luka_mod:AlicesFist","luka_mod:NinefoldRakshasa"],"picked":"luka_mod:Sensitive","floor":16.0},{"not_picked":["luka_mod:Struggle","luka_mod:BladeOfHowlingWind","luka_mod:IliasesJudgement"],"picked":"SKIP","floor":18.0},{"not_picked":["luka_mod:Struggle","luka_mod:TouchFluffyTail","luka_mod:HeroicStrike"],"picked":"SKIP","floor":19.0},{"not_picked":["luka_mod:DemonDecapitation","luka_mod:AlicesGuard","luka_mod:Calm"],"picked":"SKIP","floor":21.0},{"not_picked":["luka_mod:Calm","luka_mod:DemonSkullBeheading+1"],"picked":"luka_mod:Request","floor":22.0},{"not_picked":["luka_mod:ThunderThrust+1","luka_mod:SereneDemonSword","luka_mod:DeathSwordChaosStar"],"picked":"SKIP","floor":23.0},{"not_picked":["luka_mod:LightningSwordFlash","luka_mod:NotVerySharp"],"picked":"luka_mod:Gnome","floor":24.0},{"not_picked":["luka_mod:EndlessGuard","luka_mod:NotVerySharp"],"picked":"luka_mod:Salamander","floor":27.0},{"not_picked":["luka_mod:StressRelief","luka_mod:HeavenlyDemonRevival","luka_mod:Calm"],"picked":"SKIP","floor":29.0},{"not_picked":["luka_mod:BladeOfSolidEarth","luka_mod:ThunderThrust"],"picked":"luka_mod:Determination+1","floor":31.0},{"not_picked":["luka_mod:Daystar","luka_mod:AlicesFist"],"picked":"luka_mod:Ilias","floor":33.0},{"not_picked":["luka_mod:Optimistic","luka_mod:SmallBody","luka_mod:IliasesJudgement"],"picked":"SKIP","floor":35.0},{"not_picked":["luka_mod:Optimistic","luka_mod:IliasesJudgement"],"picked":"luka_mod:SmallBody","floor":35.0},{"not_picked":["luka_mod:Feel","luka_mod:FlashKill"],"picked":"luka_mod:Sylph+1","floor":37.0},{"not_picked":["luka_mod:HeavenlyDemonRevival","luka_mod:ThunderThrust","luka_mod:SereneDemonSword"],"picked":"SKIP","floor":38.0},{"not_picked":["luka_mod:Calm","luka_mod:Overexert+1","luka_mod:WaterSlash"],"picked":"SKIP","floor":40.0},{"not_picked":["luka_mod:LightningSwordFlash","luka_mod:SereneDemonSword","luka_mod:PeacePreach+1"],"picked":"SKIP","floor":45},{"not_picked":["luka_mod:OiAlice","luka_mod:BladeOfHowlingWind+1","luka_mod:FireSlash"],"picked":"SKIP","floor":48},{"not_picked":["Abandon","REME_SingleHolding","Pommel Strike"],"picked":"SKIP","floor":54},{"not_picked":["luka_mod:EarthRumblingDecapitation","luka_mod:Determination","luka_mod:RestrictedStrike"],"picked":"SKIP","floor":54}],"player_experience":887869,"relics_obtained":[{"floor":8.0,"key":"Dota2Spire:EyeOfSkadi"},{"floor":12.0,"key":"Dota2Spire:ArcaneBoots"},{"floor":23.0,"key":"Mango"},{"floor":27.0,"key":"Dota2Spire:LotusOrb"},{"floor":29.0,"key":"ReplayFunnel"},{"floor":40.0,"key":"trackpad:IceCube"},{"floor":43.0,"key":"StuffTheSpire:ForceGauntlet"},{"floor":45,"key":"ReplayTheSpireMod:TigerMarble"},{"floor":54,"key":"vexMod:BarristanHead"}],"event_choices":[{"damage_healed":0.0,"max_hp_gain":0.0,"max_hp_loss":0.0,"gold_gain":0.0,"event_name":"Golden Idol","player_choice":"Take Damage","floor":3.0,"gold_loss":0.0,"damage_taken":10.0,"relics_obtained":["Golden Idol"]},{"cards_removed":["luka_mod:Edging"],"damage_healed":0.0,"max_hp_gain":0.0,"max_hp_loss":0.0,"gold_gain":0.0,"event_name":"Bonfire Elementals","player_choice":"Offered Basic","floor":11.0,"gold_loss":0.0,"damage_taken":0.0}],"is_beta":false,"boss_relics":[{"not_picked":["qcfpunch:Crimson_Sash","CCEMRelics:GreenEgg"],"picked":"hubris:TerracottaHorce"},{"not_picked":["halation:MonkeysPaw","jedi:endoplasm"],"picked":"qcfpunch:Dark_Gi"}],"items_purged_floors":[2,2,20,46],"is_endless":false,"potions_floor_spawned":[4,7,8,18,21,22,24,38,48,54],"ascension_level":17}}