{"host":"6h0diz2ap0m56grs","time":1610158379,"event":{"mods":["2.2 Compatiblity","BaseMod","Colored Map","Marisa????????","Minty Spire (QoL Compilation)","Quick Restart","Replay The Spire","Shop Mod","StSLib","The Servant 0.9.4"],"gold_per_floor":[110,126,126,49,124,157,157,190,272,300,300,362,362,550,550,645,645,821,680,680,794,515,587,705,733,780,867,867,993,1029,1041,1041,1146,1146,1146],"floor_reached":34,"playtime":1128,"items_purged":[],"score":828,"play_id":"53be4f1f-71a6-43d2-9ec6-e4f1d3993f84","local_time":"20210108201259","daily_mods":["SealedDeck","Heirloom","Time Dilation","Flight"],"is_ascension_mode":true,"campfire_choices":[{"data":"MilkyWay","floor":7,"key":"SMITH"},{"data":"MilkyWay","floor":11,"key":"SMITH"},{"data":"MilkyWay","floor":13,"key":"SMITH"},{"data":"MachineGunSpark","floor":15,"key":"SMITH"},{"floor":32,"key":"REST"}],"circlet_count":0,"master_deck":["SporeBomb","GalacticHalo","PowerUp+1","PulseMagic","UnstableBomb","UnstableBomb","UnstableBomb","PowerUp+1","MilkyWay+1","MilkyWay+1","MachineGunSpark+1","Robbery","MilkyWay+1","6A","6A","TreasureHunter","MachineGunSpark+1","MilkyWay+1","Pot Of Greed","Pot Of Greed","Pot Of Greed"],"relics":["BewitchedHakkero","replay:Trail_Library","Unceasing Top","Bag of Marbles","SproutingBranch","HornCleat","Centennial Puzzle","Fusion Hammer","Sozu","Runic Pyramid","Juzu Bracelet","MerchantsRug","Bag of Preparation","DollysMirror","InkBottle","StoneCalendar","Replay:WaspNest","Smiling Mask","Red Mask","Boot","Eternal Feather"],"acts_visited":["Exordium","TheCity"],"potions_floor_usage":[],"damage_taken":[{"damage":0,"enemies":"Small Slimes","floor":1,"turns":1},{"damage":0,"enemies":"2 Louse","floor":2,"turns":1},{"damage":0,"enemies":"Gremlin Nob","floor":6,"turns":2},{"damage":0,"enemies":"Lagavulin","floor":8,"turns":3},{"damage":0,"enemies":"Gremlin Nob","floor":10,"turns":2},{"damage":0,"enemies":"3 Sentries","floor":12,"turns":4},{"damage":22,"enemies":"Lagavulin","floor":14,"turns":6},{"damage":0,"enemies":"Fading Forest","floor":16,"turns":8},{"damage":3,"enemies":"Chosen","floor":18,"turns":3},{"damage":0,"enemies":"2 Thieves","floor":21,"turns":3},{"damage":0,"enemies":"Book of Stabbing","floor":23,"turns":2},{"damage":0,"enemies":"3 Cultists","floor":24,"turns":3},{"damage":0,"enemies":"Gremlin Leader","floor":25,"turns":2},{"damage":0,"enemies":"Masked Bandits","floor":27,"turns":2},{"damage":0,"enemies":"Book of Stabbing","floor":29,"turns":3},{"damage":0,"enemies":"Cultist and Chosen","floor":31,"turns":1},{"damage":0,"enemies":"Champ","floor":33,"turns":2}],"seed_played":"3576599665906340310","potions_obtained":[{"floor":1,"key":"Strength Potion"},{"floor":10,"key":"LiquidMemories"},{"floor":14,"key":"Energy Potion"}],"is_trial":true,"path_per_floor":["M","M","?","$","?","E","R","E","T","E","R","E","R","E","R","B",null,"M","$","?","M","$","E","M","E","T","?","?","E","$","M","R","B",null],"character_chosen":"MARISA","items_purchased":["MachineGunSpark","Juzu Bracelet","MerchantsRug","Bag of Preparation","DollysMirror"],"campfire_rested":1,"item_purchase_floors":[4,19,19,22,22],"current_hp_per_floor":[75,75,75,75,68,68,68,68,78,83,83,85,85,64,64,85,85,85,85,69,78,78,83,90,90,90,90,90,90,90,90,90,90,90,90],"gold":1146,"neow_bonus":"","is_daily":false,"chose_seed":false,"campfire_upgraded":4,"win_rate":0.0,"timestamp":1610158379,"path_taken":["M","M","?","$","?","E","R","E","T","E","R","E","R","E","R","BOSS","M","$","?","M","$","E","M","E","T","?","?","E","$","M","R","BOSS"],"items_purchased_type":["Card","Relic","Relic","Relic","Relic"],"build_version":"2020-12-22","purchased_purges":0,"victory":false,"max_hp_per_floor":[75,75,75,75,75,75,75,75,85,85,85,85,85,85,85,85,85,85,85,90,90,90,90,90,90,90,90,90,90,90,90,90,90,90,90],"card_choices":[{"not_picked":["MagicChant","EarthLightRay","EnergyFlow"],"picked":"SKIP","floor":1},{"not_picked":["PowerUp","WitchOfGreed","GrandCross"],"picked":"SKIP","floor":2},{"not_picked":["EnergyFlow","PulseMagic","MysteriousBeam"],"picked":"SKIP","floor":6},{"not_picked":["EnergyRecoil","IllusionStar"],"picked":"Robbery","floor":8},{"not_picked":["PropBag","NonDirectionalLaser"],"picked":"MilkyWay","floor":10},{"not_picked":["PulseMagic","MeteoricShower"],"picked":"6A","floor":12},{"not_picked":["WitchLeyline","MagicChant"],"picked":"TreasureHunter","floor":14},{"not_picked":["WitchLeyline","UnstableBomb","ManaConvection+1"],"picked":"SKIP","floor":18},{"not_picked":["Singularity+1","WitchOfGreed","ShootingEcho"],"picked":"SKIP","floor":21},{"not_picked":["ChargingUp+1","SuperPerseids","PropBag"],"picked":"SKIP","floor":23},{"not_picked":["MysteriousBeam+1","ShootingEcho","Acceleration"],"picked":"SKIP","floor":24},{"not_picked":["GravityBeat+1","GalacticHalo"],"picked":"MilkyWay+1","floor":25},{"not_picked":["MachineGunSpark","DragonMeteor","Occultation"],"picked":"SKIP","floor":29},{"not_picked":["ShootingEcho+1","GravityBeat+1","AsteroidBelt"],"picked":"SKIP","floor":31}],"player_experience":134566,"relics_obtained":[{"floor":6,"key":"Bag of Marbles"},{"floor":8,"key":"SproutingBranch"},{"floor":9,"key":"Pear"},{"floor":10,"key":"HornCleat"},{"floor":12,"key":"Centennial Puzzle"},{"floor":14,"key":"War Paint"},{"floor":23,"key":"InkBottle"},{"floor":23,"key":"StoneCalendar"},{"floor":25,"key":"Replay:WaspNest"},{"floor":25,"key":"Smiling Mask"},{"floor":26,"key":"Grinning Jar"},{"floor":27,"key":"Red Mask"},{"floor":29,"key":"Boot"},{"floor":29,"key":"Eternal Feather"}],"event_choices":[{"damage_healed":0,"gold_gain":0,"player_choice":"Ignored","damage_taken":0,"max_hp_gain":0,"max_hp_loss":0,"event_name":"Golden Wing","floor":3,"gold_loss":0},{"damage_healed":0,"gold_gain":75,"player_choice":"Touch","damage_taken":7,"max_hp_gain":0,"max_hp_loss":0,"event_name":"FaceTrader","floor":5,"gold_loss":0},{"damage_healed":0,"gold_gain":0,"player_choice":"Shed Blood","damage_taken":21,"max_hp_gain":5,"max_hp_loss":0,"event_name":"Forgotten Altar","floor":20,"gold_loss":0},{"damage_healed":0,"gold_gain":0,"player_choice":"Fought Bandits","damage_taken":0,"max_hp_gain":0,"max_hp_loss":0,"event_name":"Masked Bandits","floor":27,"gold_loss":0}],"is_beta":false,"boss_relics":[{"not_picked":["Runic Dome","Tiny House"],"picked":"Replay:Grab Bag"},{"not_picked":["Velvet Choker","ChewingGum"],"picked":"Fusion Hammer"},{"not_picked":["Abe\u0027s Treasure","Painkiller Herb"],"picked":"Sozu"},{"not_picked":["Snecko Heart","Empty Cage"],"picked":"Runic Pyramid"},{"not_picked":["Astrolabe","Ring of Chaos"],"picked":"BewitchedHakkero"}],"items_purged_floors":[],"is_endless":false,"potions_floor_spawned":[1,10,14,18,27,31],"ascension_level":1}}