{"host":"2n2g1vowfllvjtvi","time":1610220849,"event":{"mods":["AchievementEnabler","BaseMod","Custom Start","GifTheSpireLib","Keyboard Shortcuts","Minty Spire (QoL Compilation)","Quick Restart","Rare Cards Sparkle","StSLib","SuperFastMode"],"gold_per_floor":[112,124,124,124,124,124,149,149,149,182,107,107,107,132,132,234,234,251,271,284,284,3,3,32,32,57,67,77,105,105,116,116,220,220,220],"floor_reached":34,"playtime":484,"items_purged":["Strike_R","Strike_R"],"score":556,"play_id":"30086083-1f82-41d5-92e6-4df39974a0a0","local_time":"20210110043409","is_ascension_mode":true,"campfire_choices":[{"data":"Wild Strike","floor":6.0,"key":"SMITH"},{"data":"Bash","floor":8.0,"key":"SMITH"},{"data":"Shockwave","floor":13.0,"key":"SMITH"},{"data":"Battle Trance","floor":15.0,"key":"SMITH"},{"data":"Offering","floor":25.0,"key":"SMITH"},{"floor":32.0,"key":"REST"}],"circlet_count":0,"master_deck":["Strike_R","Strike_R","Defend_R","Defend_R","Defend_R","Defend_R+1","Bash+1","Wild Strike+1","Hemokinesis+1","Battle Trance+1","Shockwave+1","Fiend Fire","Offering+1","Rupture","Ghostly Armor+1","Bloodletting+1","Reckless Charge+1","Blood for Blood+1","Blood for Blood+1"],"relics":["Burning Blood","NeowsBlessing","Regal Pillow","Shovel","Ornamental Fan","Mango","Molten Egg 2","Runic Cube","Membership Card","Darkstone Periapt","Centennial Puzzle","Bag of Preparation"],"acts_visited":["Exordium","TheCity"],"potions_floor_usage":[],"damage_taken":[{"damage":0.0,"enemies":"2 Louse","floor":1.0,"turns":1.0},{"damage":0.0,"enemies":"Jaw Worm","floor":2.0,"turns":1.0},{"damage":0.0,"enemies":"3 Sentries","floor":7.0,"turns":1.0},{"damage":5.0,"enemies":"Gremlin Nob","floor":10.0,"turns":3.0},{"damage":20.0,"enemies":"Lagavulin","floor":14.0,"turns":5.0},{"damage":46.0,"enemies":"Hexaghost","floor":16.0,"turns":6.0},{"damage":15.0,"enemies":"3 Byrds","floor":18.0,"turns":3.0},{"damage":20.0,"enemies":"Shell Parasite","floor":19.0,"turns":5.0},{"damage":6.0,"enemies":"Snecko","floor":20.0,"turns":3.0},{"damage":29.0,"enemies":"Book of Stabbing","floor":24.0,"turns":3.0},{"damage":5.0,"enemies":"Centurion and Healer","floor":27.0,"turns":1.0},{"damage":5.0,"enemies":"Cultist and Chosen","floor":28.0,"turns":4.0},{"damage":11.0,"enemies":"Gremlin Leader","floor":29.0,"turns":2.0},{"damage":13.0,"enemies":"Shelled Parasite and Fungi","floor":31.0,"turns":3.0},{"damage":13.0,"enemies":"Collector","floor":33.0,"turns":2.0}],"seed_played":"5592998763474019595","potions_obtained":[{"floor":2.0,"key":"Dexterity Potion"},{"floor":10.0,"key":"LiquidBronze"},{"floor":19.0,"key":"Energy Potion"},{"floor":27.0,"key":"PowerPotion"},{"floor":33.0,"key":"FearPotion"}],"is_trial":false,"path_per_floor":["M","M","?","?","?","R","E","R","T","E","$","?","R","E","R","B",null,"M","M","M","?","$","?","E","R","T","M","M","E","?","M","R","B",null],"character_chosen":"IRONCLAD","items_purchased":["Membership Card","Bloodletting","Reckless Charge+1"],"campfire_rested":1,"item_purchase_floors":[22,22,22],"current_hp_per_floor":[80,80,64,61,61,61,67,67,67,82,82,82,82,68,68,28,94,85,71,71,71,71,71,48,48,48,49,50,45,26,19,63,56,56,56],"gold":220,"neow_bonus":"THREE_ENEMY_KILL","is_daily":false,"chose_seed":false,"campfire_upgraded":5,"win_rate":0.0,"timestamp":1610220849,"path_taken":["M","M","?","?","?","R","E","R","T","E","$","?","R","E","R","BOSS","M","M","?","?","$","?","E","R","T","?","M","E","?","M","R","BOSS"],"items_purchased_type":["Relic","Card","Card"],"build_version":"2020-12-22","purchased_purges":2,"victory":false,"max_hp_per_floor":[80,80,80,80,80,80,80,80,80,94,94,94,94,94,94,94,94,94,94,94,94,94,94,94,94,94,94,94,94,99,99,99,99,99,99],"card_choices":[{"not_picked":["Headbutt","Shrug It Off"],"picked":"Wild Strike","floor":1.0},{"not_picked":["Havoc","Anger"],"picked":"Hemokinesis","floor":2.0},{"not_picked":["Warcry","Anger","Clothesline"],"picked":"SKIP","floor":7.0},{"not_picked":["Bloodletting","Barricade"],"picked":"Battle Trance","floor":10.0},{"not_picked":["Perfected Strike+1","Armaments","Wild Strike+1"],"picked":"SKIP","floor":14.0},{"not_picked":["Limit Break","Fiend Fire+1"],"picked":"Offering","floor":16.0},{"not_picked":["Hemokinesis+1","Pommel Strike+1"],"picked":"Rupture","floor":18.0},{"not_picked":["Cleave+1","Shrug It Off","Sword Boomerang+1"],"picked":"SKIP","floor":19.0},{"not_picked":["Sever Soul+1","True Grit"],"picked":"Ghostly Armor+1","floor":20.0},{"not_picked":["Pummel+1","Armaments+1","Heavy Blade+1"],"picked":"SKIP","floor":24.0},{"not_picked":["Clothesline+1","Headbutt+1"],"picked":"Blood for Blood+1","floor":27.0},{"not_picked":["Whirlwind+1","Wild Strike+1","Twin Strike+1"],"picked":"SKIP","floor":28.0},{"not_picked":["Hemokinesis+1","Sword Boomerang+1"],"picked":"Blood for Blood+1","floor":29.0},{"not_picked":["Intimidate","Heavy Blade+1","Iron Wave+1"],"picked":"SKIP","floor":31.0}],"player_experience":216207,"relics_obtained":[{"floor":7.0,"key":"Shovel"},{"floor":9.0,"key":"Ornamental Fan"},{"floor":10.0,"key":"Mango"},{"floor":14.0,"key":"Molten Egg 2"},{"floor":24.0,"key":"Darkstone Periapt"},{"floor":26.0,"key":"Centennial Puzzle"},{"floor":29.0,"key":"Bag of Preparation"}],"event_choices":[{"damage_healed":0.0,"max_hp_gain":0.0,"max_hp_loss":0.0,"gold_gain":0.0,"event_name":"Shining Light","player_choice":"Entered Light","floor":3.0,"gold_loss":0.0,"damage_taken":16.0,"cards_upgraded":["Hemokinesis","Defend_R"]},{"damage_healed":0.0,"max_hp_gain":0.0,"max_hp_loss":0.0,"gold_gain":0.0,"event_name":"Scrap Ooze","player_choice":"Success","floor":4.0,"gold_loss":0.0,"damage_taken":3.0,"relics_obtained":["Regal Pillow"]},{"cards_removed":["Strike_R"],"damage_healed":0.0,"max_hp_gain":0.0,"max_hp_loss":0.0,"gold_gain":0.0,"event_name":"Living Wall","player_choice":"Forget","floor":5.0,"gold_loss":0.0,"damage_taken":0.0},{"damage_healed":0.0,"max_hp_gain":0.0,"max_hp_loss":0.0,"gold_gain":0.0,"event_name":"Match and Keep!","player_choice":"2 cards matched","floor":12.0,"gold_loss":0.0,"damage_taken":0.0,"cards_obtained":["Shockwave","Fiend Fire"]},{"damage_healed":0.0,"max_hp_gain":0.0,"max_hp_loss":0.0,"gold_gain":0.0,"event_name":"The Mausoleum","player_choice":"Ignored","floor":21.0,"gold_loss":0.0,"damage_taken":0.0},{"damage_healed":0.0,"max_hp_gain":0.0,"max_hp_loss":0.0,"gold_gain":0.0,"event_name":"Accursed Blacksmith","player_choice":"Forge","floor":23.0,"gold_loss":0.0,"damage_taken":0.0,"cards_upgraded":["Bloodletting"]},{"damage_healed":0.0,"max_hp_gain":5.0,"max_hp_loss":0.0,"gold_gain":0.0,"event_name":"Forgotten Altar","player_choice":"Shed Blood","floor":30.0,"gold_loss":0.0,"damage_taken":24.0}],"is_beta":false,"boss_relics":[{"not_picked":["SlaversCollar","Ectoplasm"],"picked":"Runic Cube"}],"items_purged_floors":[11,22],"is_endless":false,"potions_floor_spawned":[2,10,19,27,31,33],"ascension_level":1}}