{"host":"ahe97mou057ugdu8","time":1610160752,"event":{"mods":["BaseMod","Better Vampires","BetterRewards","Colored Map","Colored Powertips","Conspire","Custom Start","Halation","Highlight Path","Infinite Spire","Marisa????????","Minty Spire (QoL Compilation)","Prisma Mod","READ ME - Guardian Mod","READ ME - Snecko Mod","Remilia??????","Shop Mod","StSLib","The Animator","The Bladedancer","The Construct","The Cursed","The Disciple","The Exalted","The Factory","The Jungle","The Necromancer","The Runesmith","The Senshi","The Servant 0.9.4","The Spell Scribe","The Witch"],"gold_per_floor":[111,111,111,36,46,79,79,113,113,130,146,172,209,66,66,178,178,178],"floor_reached":17,"playtime":1945,"items_purged":["Runesmith:Repurpose"],"score":198,"play_id":"69b87691-5877-46f5-b917-6c4e3e530353","local_time":"20210108215232","daily_mods":["Draft","Vintage","Elite Swarm"],"is_ascension_mode":false,"campfire_choices":[{"data":"Runesmith:Grindstone","floor":7,"key":"SMITH"},{"data":"Runesmith:CreatorForm","floor":15,"key":"SMITH"}],"circlet_count":0,"master_deck":["Runesmith:HammerThrow+1","Runesmith:RuneHurl+1","Runesmith:HeatExchange","Runesmith:RuneHurl","Runesmith:Repurpose+1","Runesmith:Firestorm","Runesmith:Firestorm","Runesmith:ChiselStab+1","Runesmith:NegativeSpace","Runesmith:HeatedChisel","Runesmith:Grindstone+1","Runesmith:EarthShield","Runesmith:Grindstone+1","Runesmith:Repurpose","Runesmith:GrandSlam","Runesmith:CreatorForm+1","Runesmith:CraftPrismatica"],"relics":["Runesmith:BrokenRuby","Bird Faced Urn","theSenshi:SuperSailorFukuRelic","Mercury Hourglass","Whetstone","Bromod:ArcaneGuardian","halation:IllGainedPizza","Oddly Smooth Stone","Art of War","ScarletDevilRocket","Lantern","Bromod:ArcaneGrace"],"acts_visited":["Exordium","TheCity"],"potions_floor_usage":[],"damage_taken":[{"damage":0,"enemies":"Jaw Worm","floor":1,"turns":7},{"damage":0,"enemies":"2 Louse","floor":5,"turns":5},{"damage":18,"enemies":"Gremlin Nob","floor":6,"turns":5},{"damage":0,"enemies":"Lagavulin","floor":8,"turns":9},{"damage":0,"enemies":"Cultist","floor":10,"turns":3},{"damage":0,"enemies":"Exordium Thugs","floor":11,"turns":4},{"damage":12,"enemies":"Gremlin Nob","floor":13,"turns":5},{"damage":15,"enemies":"The Guardian","floor":16,"turns":6}],"seed_played":"-2817565988525869221","potions_obtained":[{"floor":1,"key":"PowerPotion"},{"floor":8,"key":"FearPotion"},{"floor":11,"key":"Block Potion"}],"is_trial":true,"path_per_floor":["M","?","?","$","M","E","R","E","T","M","M","T","E","$","R","B",null],"character_chosen":"RUNESMITH_CLASS","items_purchased":["Lantern"],"campfire_rested":0,"item_purchase_floors":[14],"current_hp_per_floor":[70,56,56,56,60,46,46,50,50,52,54,54,42,42,42,33,70,70],"gold":178,"neow_bonus":"","is_daily":false,"chose_seed":false,"campfire_upgraded":2,"win_rate":0.0,"timestamp":1610160752,"path_taken":["M","?","?","$","M","E","R","E","T","?","M","?","E","$","R","BOSS"],"items_purchased_type":["Relic"],"build_version":"2020-12-22","purchased_purges":1,"victory":false,"max_hp_per_floor":[70,70,70,70,70,70,70,70,70,70,70,70,70,70,70,70,70,70],"card_choices":[{"not_picked":["Runesmith:ShiftingStrike","Runesmith:Discharge"],"picked":"Runesmith:HammerThrow","floor":0},{"not_picked":["Runesmith:ChaoticBlast","Runesmith:HeatedChisel"],"picked":"Runesmith:RuneHurl","floor":0},{"not_picked":["Runesmith:CraftSpiculum","Runesmith:UnstableHammer"],"picked":"Runesmith:HeatExchange","floor":0},{"not_picked":["Runesmith:MakeshiftArmor","Runesmith:Prism"],"picked":"Runesmith:Repurpose","floor":0},{"not_picked":["Runesmith:ChiselStab","Runesmith:StaticCage"],"picked":"Runesmith:RuneHurl","floor":0},{"not_picked":["Runesmith:ShiftingStrike","Runesmith:CraftMagma"],"picked":"Runesmith:Repurpose","floor":0},{"not_picked":["Runesmith:Repurpose","Runesmith:HeatExchange"],"picked":"Runesmith:Firestorm","floor":0},{"not_picked":["Runesmith:ShiftingStrike","Runesmith:HeatExchange"],"picked":"Runesmith:Firestorm","floor":0},{"not_picked":["Runesmith:StaticCage","Runesmith:OneForEveryone"],"picked":"Runesmith:ChiselStab","floor":0},{"not_picked":["Runesmith:EnergizedChisel","Runesmith:ShiftingStrike"],"picked":"Runesmith:NegativeSpace","floor":0},{"not_picked":["Runesmith:EnergizedChisel","Runesmith:MakeshiftArmor"],"picked":"Runesmith:HeatedChisel","floor":0},{"not_picked":["Runesmith:Prism","Runesmith:StaticCage"],"picked":"Runesmith:Grindstone","floor":0},{"not_picked":["Runesmith:Discharge","Runesmith:Overpower"],"picked":"Runesmith:EarthShield","floor":0},{"not_picked":["Runesmith:EarthShield","Runesmith:CraftMagma"],"picked":"Runesmith:Grindstone","floor":0},{"not_picked":["Runesmith:ElementalConversion","Runesmith:HammerThrow"],"picked":"Runesmith:Repurpose","floor":0},{"not_picked":["Runesmith:ArcReactor","Runesmith:ReplicatingBarrier"],"picked":"Runesmith:GrandSlam","floor":6},{"not_picked":["Runesmith:Duplicate","Runesmith:DuctTape"],"picked":"Runesmith:CreatorForm","floor":8},{"not_picked":["Runesmith:GrandSlam","Runesmith:Supernova","Runesmith:LastStand"],"picked":"SKIP","floor":13},{"not_picked":["Runesmith:GrandSlam","Runesmith:LastStand"],"picked":"Runesmith:CraftPrismatica","floor":16}],"player_experience":14148,"relics_obtained":[{"floor":1,"key":"Bird Faced Urn"},{"floor":5,"key":"theSenshi:SuperSailorFukuRelic"},{"floor":6,"key":"Mercury Hourglass"},{"floor":8,"key":"Whetstone"},{"floor":9,"key":"Bromod:ArcaneGuardian"},{"floor":10,"key":"halation:IllGainedPizza"},{"floor":11,"key":"Oddly Smooth Stone"},{"floor":12,"key":"Art of War"},{"floor":13,"key":"ScarletDevilRocket"}],"event_choices":[{"damage_healed":0,"gold_gain":0,"player_choice":"Entered Light","damage_taken":14,"max_hp_gain":0,"max_hp_loss":0,"event_name":"Shining Light","floor":2,"gold_loss":0,"cards_upgraded":["Runesmith:RuneHurl","Runesmith:Repurpose"]},{"damage_healed":0,"gold_gain":0,"player_choice":"Forge","damage_taken":0,"max_hp_gain":0,"max_hp_loss":0,"event_name":"Accursed Blacksmith","floor":3,"gold_loss":0,"cards_upgraded":["Runesmith:Grindstone"]}],"is_beta":false,"boss_relics":[{"not_picked":["halation:ForbiddenBikini","Fusion Hammer"],"picked":"Bromod:ArcaneGrace"}],"items_purged_floors":[4],"is_endless":false,"potions_floor_spawned":[1,8,11,13,16],"ascension_level":0}}