{"host":"mhmeo7g9gd98ttwb","time":1610199564,"event":{"mods":["BaseMod","Card Forge","Colored Map","Minty Spire (QoL Compilation)","StSLib"],"gold_per_floor":[3112,2766,2784,2801,2817,2844,2878,2736,2736,2736,2769,2781,2781,2435,2435,2536,2536,2551,2564,2564,2580,2580,2615,2615,2627,2927,2927,2940,2940,2940,2959,2959,3059,3059,3070,3090,3140,3152,3152,3177,3177,3210,3233,2680,2693,2709,2207,2237,2237,2237,2237,2237,1614,1639,1639],"floor_reached":56,"playtime":7098,"items_purged":[],"score":1902,"play_id":"92f35e19-062c-4326-9111-7258dd755f23","local_time":"20210109133924","is_ascension_mode":false,"campfire_choices":[{"floor":10.0,"key":"RECALL"},{"floor":15.0,"key":"REST"},{"floor":24.0,"key":"REST"},{"data":"1","floor":27.0,"key":"LIFT"},{"data":"2","floor":29.0,"key":"LIFT"},{"data":"3","floor":32.0,"key":"LIFT"},{"floor":49,"key":"DIG"},{"floor":52,"key":"DIG"}],"circlet_count":0,"master_deck":["Strike_R+1","Strike_R+1","Strike_R+1","Strike_R+1","Defend_R+1","Defend_R+1","Defend_R+1","Bash+1","Barricade+1","Battle Trance+1","Bludgeon+1","Body Slam+1","Burning Pact+1","Cleave+1","Corruption+1","Dark Embrace+1","Demon Form+1","Disarm+1","Entrench+1","Feel No Pain+1","Flex+1","Ghostly Armor+1","Headbutt+1","Impervious+1","Infernal Blade+1","Inflame+1","Intimidate+1","Limit Break+1","Metallicize+1","Pommel Strike+1","Power Through+1","Pummel+1","Rage+1","Rampage+1","Reaper+1","Second Wind+1","Seeing Red+1","Sentinel+1","Shockwave+1","Shrug It Off+1","Spot Weakness+1","Sword Boomerang+1","True Grit+1","Twin Strike+1","Uppercut+1","Warcry+1","Whirlwind+1","White Noise+1","Chrysalis+1","Dark Shackles+1","Discovery+1","Dramatic Entrance+1","Master of Strategy+1","Jack Of All Trades+1","Metamorphosis+1","Panacea+1","Secret Technique+1","Secret Weapon+1","Shrug It Off+1","Swift Strike+1","Thinking Ahead+1","Sword Boomerang+1","Feel No Pain+1","Flex+1","Disarm+1","Thunderclap+1","Anger+1","Dual Wield+1","Twin Strike+1","Berserk+1","Perfected Strike+1","Exhume+1","Twin Strike+1","Whirlwind+1","Dual Wield+1","Ghostly Armor+1","Exhume+1","Pummel+1","Reckless Charge+1","Cleave+1","Feel No Pain+1","Impervious+1","Feel No Pain+1","Entrench+1","Armaments+1","Cleave+1","Juggernaut+1","Sadistic Nature+1","Feel No Pain+1"],"relics":["Burning Blood","Hammer of Thor","Seething Fire","Anvil of the Gods","Blood Vial","Dead Branch","Anchor","HornCleat","CaptainsWheel","TungstenRod","Vajra","Molten Egg 2","Toxic Egg 2","Frozen Egg 2","Self Forming Clay","WingedGreaves","Lantern","Calipers","Boot","Shuriken","Bronze Scales","HandDrill","Philosopher\u0027s Stone","Ice Cream","Bag of Marbles","Girya","Old Coin","Black Star","Bird Faced Urn","Thread and Needle","Potion Belt","Pocketwatch","Omamori","PreservedInsect","Mummified Hand","Toy Ornithopter","Oddly Smooth Stone","Chemical X","Champion Belt","Gremlin Horn","Shovel","Charon\u0027s Ashes","Paper Frog","Bag of Preparation","Medical Kit","SacredBark","Letter Opener"],"acts_visited":["Exordium","TheCity","TheBeyond","TheEnding"],"potions_floor_usage":[37,46,55,55,55],"damage_taken":[{"damage":0.0,"enemies":"Cultist","floor":1.0,"turns":3.0},{"damage":0.0,"enemies":"Jaw Worm","floor":3.0,"turns":2.0},{"damage":0.0,"enemies":"2 Louse","floor":4.0,"turns":1.0},{"damage":0.0,"enemies":"Exordium Thugs","floor":5.0,"turns":3.0},{"damage":0.0,"enemies":"Lagavulin","floor":6.0,"turns":3.0},{"damage":0.0,"enemies":"Gremlin Nob","floor":7.0,"turns":2.0},{"damage":0.0,"enemies":"Lagavulin","floor":11.0,"turns":6.0},{"damage":0.0,"enemies":"Blue Slaver","floor":12.0,"turns":3.0},{"damage":71.0,"enemies":"Hexaghost","floor":16.0,"turns":6.0},{"damage":0.0,"enemies":"2 Thieves","floor":18.0,"turns":3.0},{"damage":0.0,"enemies":"Spheric Guardian","floor":19.0,"turns":2.0},{"damage":0.0,"enemies":"Snecko","floor":21.0,"turns":3.0},{"damage":0.0,"enemies":"Book of Stabbing","floor":23.0,"turns":3.0},{"damage":0.0,"enemies":"Chosen and Byrds","floor":25.0,"turns":2.0},{"damage":0.0,"enemies":"Snake Plant","floor":28.0,"turns":2.0},{"damage":0.0,"enemies":"Cultist and Chosen","floor":31.0,"turns":1.0},{"damage":0.0,"enemies":"Automaton","floor":33.0,"turns":5.0},{"damage":0.0,"enemies":"Orb Walker","floor":35.0,"turns":1.0},{"damage":0.0,"enemies":"3 Shapes","floor":36.0,"turns":1.0},{"damage":1,"enemies":"2 Orb Walkers","floor":37,"turns":2},{"damage":2,"enemies":"Transient","floor":38,"turns":5},{"damage":0,"enemies":"Reptomancer","floor":40,"turns":2},{"damage":0,"enemies":"Nemesis","floor":42,"turns":3},{"damage":0,"enemies":"Writhing Mass","floor":45,"turns":2},{"damage":0,"enemies":"4 Shapes","floor":46,"turns":2},{"damage":0,"enemies":"Giant Head","floor":48,"turns":4},{"damage":5,"enemies":"Awakened One","floor":50,"turns":4},{"damage":2,"enemies":"Shield and Spear","floor":54,"turns":1},{"damage":0,"enemies":"The Heart","floor":55,"turns":5}],"seed_played":"8431362931821202012","potions_obtained":[{"floor":4.0,"key":"SneckoOil"},{"floor":7.0,"key":"SkillPotion"},{"floor":11.0,"key":"Fruit Juice"},{"floor":16.0,"key":"SteroidPotion"},{"floor":23.0,"key":"DistilledChaos"},{"floor":37,"key":"ElixirPotion"},{"floor":45,"key":"HeartOfIron"},{"floor":46,"key":"Swift Potion"}],"is_trial":false,"path_per_floor":["M","$","M","M","M","E","E","?","T","R","E","M","?","$","R","B",null,"M","M","?","M","?","E","R","M","T","R","M","R","?","M","R","B",null,"M","M","?","M","?","E","?","E","T","$","M","M","$","E","R","B",null,"R","$","E","B",null],"character_chosen":"IRONCLAD","items_purchased":["Swift Strike+1","Thinking Ahead+1","Sword Boomerang+1","Feel No Pain+1","Bronze Scales","HandDrill","Block Potion","PreservedInsect","Mummified Hand","Feel No Pain+1","Entrench+1","SteroidPotion","Toy Ornithopter","Oddly Smooth Stone","Chemical X","SkillPotion","Bag of Preparation","Medical Kit","Sadistic Nature+1","Feel No Pain+1","EssenceOfSteel"],"campfire_rested":2,"item_purchase_floors":[2,2,2,2,14,14,14,44,44,44,44,44,47,47,47,47,53,53,53,53,53],"current_hp_per_floor":[280,280,280,280,280,280,280,280,280,280,285,285,283,283,285,220,285,285,285,285,285,285,285,285,285,285,285,285,285,285,285,285,285,285,285,285,285,285,285,285,285,285,285,285,285,285,285,285,285,285,285,285,285,285,285],"gold":1639,"neow_bonus":"RANDOM_COMMON_RELIC","is_daily":false,"chose_seed":false,"campfire_upgraded":0,"win_rate":0.0,"timestamp":1610199564,"path_taken":["M","$","?","M","M","E","E","?","T","R","E","?","?","$","R","BOSS","M","M","?","?","?","E","R","?","T","R","M","R","?","M","R","BOSS","M","M","?","M","?","E","?","E","T","$","M","M","?","E","R","BOSS","R","$","E","BOSS"],"items_purchased_type":["Card","Card","Card","Card","Relic","Relic","Potion","Relic","Relic","Card","Card","Potion","Relic","Relic","Relic","Potion","Relic","Relic","Card","Card","Potion"],"build_version":"2020-12-22","purchased_purges":0,"victory":true,"max_hp_per_floor":[280,280,280,280,280,280,280,280,280,280,285,285,285,285,285,285,285,285,285,285,285,285,285,285,285,285,285,285,285,285,285,285,285,285,285,285,285,285,285,285,285,285,285,285,285,285,285,285,285,285,285,285,285,285,285],"card_choices":[{"not_picked":["Wild Strike+1","Body Slam+1"],"picked":"Shrug It Off+1","floor":1.0},{"not_picked":["Warcry+1","Sentinel+1"],"picked":"Flex+1","floor":3.0},{"not_picked":["Wild Strike+1","Armaments+1","Heavy Blade+1"],"picked":"SKIP","floor":4.0},{"not_picked":["Battle Trance+1","Pommel Strike+1"],"picked":"Disarm+1","floor":5.0},{"not_picked":["Shrug It Off+1","Perfected Strike+1"],"picked":"Thunderclap+1","floor":6.0},{"not_picked":["Shrug It Off+1","Pommel Strike+1"],"picked":"Anger+1","floor":7.0},{"not_picked":["Combust+1","Perfected Strike+1"],"picked":"Dual Wield+1","floor":11.0},{"not_picked":["Anger+1","Metallicize+1"],"picked":"Twin Strike+1","floor":12.0},{"not_picked":["Barricade+1","Corruption+1"],"picked":"Berserk+1","floor":16.0},{"not_picked":["Rupture+1","Clothesline+1","Headbutt+1"],"picked":"SKIP","floor":18.0},{"not_picked":["Anger+1","Rage+1"],"picked":"Perfected Strike+1","floor":19.0},{"not_picked":["Warcry+1","Berserk+1","Thunderclap+1"],"picked":"SKIP","floor":21.0},{"not_picked":["Fiend Fire+1","Power Through+1"],"picked":"Twin Strike+1","floor":23.0},{"not_picked":["Heavy Blade+1","Shrug It Off+1"],"picked":"Whirlwind+1","floor":25.0},{"not_picked":["True Grit+1","Clash+1","Heavy Blade+1"],"picked":"SKIP","floor":28.0},{"not_picked":["Fiend Fire+1","Pommel Strike+1"],"picked":"Ghostly Armor+1","floor":31.0},{"not_picked":["Fiend Fire+1","Bludgeon+1"],"picked":"Exhume+1","floor":33.0},{"not_picked":["Bloodletting+1","Ghostly Armor+1","Headbutt+1"],"picked":"SKIP","floor":35.0},{"not_picked":["Armaments+1","Twin Strike+1"],"picked":"Pummel+1","floor":36.0},{"not_picked":["Dual Wield+1","Metallicize+1"],"picked":"Reckless Charge+1","floor":37},{"not_picked":["Pommel Strike+1","Havoc+1"],"picked":"Cleave+1","floor":38},{"not_picked":["Cleave+1","Havoc+1"],"picked":"Feel No Pain+1","floor":40},{"not_picked":["Blood for Blood+1","Sword Boomerang+1"],"picked":"Impervious+1","floor":42},{"not_picked":["Havoc+1","Iron Wave+1"],"picked":"Armaments+1","floor":45},{"not_picked":["Flex+1","True Grit+1"],"picked":"Cleave+1","floor":46},{"not_picked":["Spot Weakness+1","Sentinel+1"],"picked":"Juggernaut+1","floor":48},{"not_picked":["Wild Strike+1","Warcry+1","Iron Wave+1"],"picked":"SKIP","floor":54}],"player_experience":156565,"relics_obtained":[{"floor":6.0,"key":"Self Forming Clay"},{"floor":7.0,"key":"Lantern"},{"floor":11.0,"key":"Boot"},{"floor":23.0,"key":"Bag of Marbles"},{"floor":26.0,"key":"Old Coin"},{"floor":37,"key":"Bird Faced Urn"},{"floor":40,"key":"Thread and Needle"},{"floor":42,"key":"Potion Belt"},{"floor":42,"key":"Pocketwatch"},{"floor":43,"key":"Omamori"},{"floor":48,"key":"Champion Belt"},{"floor":48,"key":"Gremlin Horn"},{"floor":49,"key":"Charon\u0027s Ashes"},{"floor":52,"key":"Paper Frog"},{"floor":54,"key":"Letter Opener"}],"event_choices":[{"damage_healed":0.0,"max_hp_gain":0.0,"max_hp_loss":0.0,"gold_gain":0.0,"event_name":"WeMeetAgain","player_choice":"Paid Gold","floor":8.0,"gold_loss":142.0,"damage_taken":0.0,"relics_obtained":["Calipers"]},{"damage_healed":0.0,"max_hp_gain":0.0,"max_hp_loss":0.0,"gold_gain":0.0,"event_name":"Scrap Ooze","player_choice":"Success","floor":13.0,"gold_loss":0.0,"damage_taken":3.0,"relics_obtained":["Shuriken"]},{"cards_removed":["Defend_R"],"damage_healed":0.0,"max_hp_gain":0.0,"max_hp_loss":0.0,"gold_gain":0.0,"event_name":"Wheel of Change","player_choice":"Card Removal","floor":20.0,"gold_loss":0.0,"damage_taken":0.0},{"damage_healed":0.0,"max_hp_gain":0.0,"max_hp_loss":0.0,"gold_gain":0.0,"cards_transformed":["Strike_R"],"event_name":"Transmorgrifier","player_choice":"Transformed","floor":22.0,"gold_loss":0.0,"damage_taken":0.0,"cards_obtained":["Exhume"]},{"damage_healed":0.0,"max_hp_gain":0.0,"max_hp_loss":0.0,"gold_gain":0.0,"event_name":"Match and Keep!","player_choice":"2 cards matched","floor":30.0,"gold_loss":0.0,"damage_taken":0.0,"cards_obtained":["Reaper","Dual Wield"]},{"damage_healed":0,"gold_gain":0,"player_choice":"Fight","damage_taken":0,"max_hp_gain":0,"max_hp_loss":0,"event_name":"Mysterious Sphere","floor":37,"gold_loss":0},{"damage_healed":0,"gold_gain":0,"player_choice":"Ignored","damage_taken":0,"max_hp_gain":0,"max_hp_loss":0,"event_name":"Tomb of Lord Red Mask","floor":39,"gold_loss":0},{"cards_removed":["Reaper"],"damage_healed":0,"gold_gain":0,"player_choice":"Removed Attack","damage_taken":0,"max_hp_gain":0,"max_hp_loss":0,"event_name":"Falling","floor":41,"gold_loss":0}],"is_beta":false,"boss_relics":[{"not_picked":["Tiny House","Velvet Choker"],"picked":"Philosopher\u0027s Stone"},{"not_picked":["Runic Dome","Cursed Key"],"picked":"Black Star"}],"items_purged_floors":[],"is_endless":false,"potions_floor_spawned":[4,7,11,16,19,23,33,36,37,45,46,48],"ascension_level":0}}