{"host":"an6uhul3yec8m0jh","time":1610189941,"event":{"mods":["ATMod(阿瑾Mod)","Act Like it!","BaseMod","Colored Map","Colored Powertips","Gensokyo","Highlight Path","Minty Spire (QoL Compilation)","MostiFishMod","Pale of the Ancients","Quick Restart","StSLib","TestMod","UnlockEverythingMod","Waifu the Spire","noobMod"],"gold_per_floor":[112,132,146,166,184,184,11,0,53,2,2,27,41,259,259,633,633,644,483,363,363,374,374,400,531,543,567,36,48,60,85,97,182,194,575,587,599,611,623,665,677,717,753,797,809,1221,1233,1309,1321,1358,1455,1481,1534,1546,654,654,771,771,59,59,159],"floor_reached":62,"playtime":3502,"items_purged":["Defend_P","Doubt","Strike_P"],"score":3453,"play_id":"3fc7368a-86e3-4a10-8fb1-12bfebb324e6","local_time":"20210109185901","is_ascension_mode":true,"campfire_choices":[{"floor":6.0,"key":"REST"},{"data":"MostiFishMod:PathToVictory","floor":15.0,"key":"SMITH"},{"data":"MostiFishMod:Minus+1","floor":23.0,"key":"SMITH"},{"data":"MostiFishMod:Minus+2","floor":29.0,"key":"SMITH"},{"data":"MostiFishMod:Minus+3","floor":32.0,"key":"SMITH"},{"data":"MostiFishMod:KamiSmash","floor":45,"key":"SMITH"},{"data":"Devotion","floor":47,"key":"SMITH"},{"floor":49,"key":"RECALL"},{"data":"testmod-TaurusBlackCat","floor":56,"key":"SMITH"},{"data":"Gensokyo:GreaterSplit","floor":58,"key":"SMITH"}],"circlet_count":0,"master_deck":["AscendersBane","Strike_P","Strike_P","Strike_P","Defend_P","Defend_P","Eruption","Vigilance","AT_MachinaRedman+1","Crescendo+1","CutThroughFate","ClearTheMind","MostiFishMod:LegendTransform","MostiFishMod:Dust","MostiFishMod:Minus+4","Tantrum","MostiFishMod:PathToVictory+1","DevaForm","FearNoEvil","MostiFishMod:Nomercy","Devotion+1","MostiFishMod:PathToVictory","Adaptation","TalkToTheHand","Wish","Gensokyo:GreaterSplit+1","DeusExMachina","MostiFishMod:KamiSmash+1","MostiFishMod:Moonprays","MostiFishMod:StarWish","Adaptation","testmod-TaurusBlackCat+1"],"relics":["PureWater","ice","AT_ATBox","HaiYi:Twilight","testmod-Fanaticism","AT_SeraphEmbrace","SynthV:TestCard","testmod-Antiphasic","AT_BellowingDragoncrestRing","Pen Nib","CloakClasp","PatriotShield","Gensokyo:SpiderMask","MawBank","testmod-Hope","BirthdayGift-Icosahedron","OrangePellets","Gensokyo:ConquerorOfFear","Vajra","Philosopher\u0027s Stone","Juzu Bracelet","Gensokyo:EmptyGrave","testmod-Maize","PreservedInsect","TeardropLocket","War Paint","testmod-Alchemist","Damaru","paleoftheancients:Timepiece","paleoftheancients:KeyRelic","Anchor","Letter Opener","DaveBox","Ying","AT_TheCollector","AT_DeathDance","paleoftheancients:SoulOfTheVixen","Medical Kit","Mummified Hand","testmod-AssaultLearning"],"acts_visited":["Gensokyo:Gensokyo","Gensokyo:Gensokyoer","Gensokyo:Gensokyoest","paleoftheancients:PaleOfTheAncients"],"potions_floor_usage":[50],"damage_taken":[{"damage":6.0,"enemies":"Gensokyo:3_Fairies","floor":1.0,"turns":6.0},{"damage":17.0,"enemies":"Gensokyo:Gryphon","floor":2.0,"turns":4.0},{"damage":15.0,"enemies":"Gensokyo:Python","floor":3.0,"turns":5.0},{"damage":25.0,"enemies":"Gensokyo:3_Kodama","floor":4.0,"turns":5.0},{"damage":0.0,"enemies":"Gensokyo:VengefulSpirit","floor":5.0,"turns":2.0},{"damage":18.0,"enemies":"Gensokyo:Aya","floor":12.0,"turns":5.0},{"damage":0.0,"enemies":"Gensokyo:Gryphon_and_Rabbit","floor":13.0,"turns":6.0},{"damage":0.0,"enemies":"Gensokyo:LivingMonolith","floor":14.0,"turns":3.0},{"damage":13.0,"enemies":"Gensokyo:Yukari","floor":16.0,"turns":5.0},{"damage":0.0,"enemies":"Gensokyo:2_Gloops","floor":18.0,"turns":5.0},{"damage":0.0,"enemies":"Gensokyo:Chomper","floor":22.0,"turns":3.0},{"damage":0.0,"enemies":"Gensokyo:Reisen","floor":24.0,"turns":2.0},{"damage":1.0,"enemies":"Gensokyo:Slime_Group","floor":25.0,"turns":2.0},{"damage":0.0,"enemies":"Gensokyo:Swordslinger","floor":27.0,"turns":1.0},{"damage":0.0,"enemies":"Gensokyo:Wraith","floor":31.0,"turns":3.0},{"damage":0.0,"enemies":"Gensokyo:Eternal_Rivals","floor":33.0,"turns":2.0},{"damage":0,"enemies":"Gensokyo:3_Boulders","floor":35,"turns":2},{"damage":0,"enemies":"Gensokyo:Kasen","floor":40,"turns":2},{"damage":0,"enemies":"Gensokyo:Marisa","floor":42,"turns":2},{"damage":0,"enemies":"Gensokyo:Doremy","floor":44,"turns":2},{"damage":0,"enemies":"Gensokyo:AncientGuardian","floor":48,"turns":1},{"damage":0,"enemies":"Gensokyo:Shinki","floor":50,"turns":3},{"damage":0,"enemies":"Gensokyo:Scarlet_Devils","floor":51,"turns":2},{"damage":0,"enemies":"Gensokyo:Scarlet_Devils","floor":52,"turns":1},{"damage":0,"enemies":"Gensokyo:Scarlet_Devils","floor":53,"turns":1},{"damage":0,"enemies":"Gensokyo:Scarlet_Devils","floor":57,"turns":1},{"damage":0,"enemies":"paleoftheancients:N","floor":61,"turns":2}],"seed_played":"1334629541486156267","potions_obtained":[{"floor":5.0,"key":"Energy Potion"},{"floor":13.0,"key":"Strength Potion"},{"floor":16.0,"key":"PowerPotion"},{"floor":18.0,"key":"testmod-TestPotion"},{"floor":22.0,"key":"testmod-TestPotion"},{"floor":27.0,"key":"Swift Potion"},{"floor":48,"key":"Energy Potion"},{"floor":53,"key":"Strength Potion"}],"is_trial":false,"path_per_floor":["M","M","M","M","M","R","COS","?","T","$","?","E","M","M","R","B",null,"M","$","?","?","M","R","E","M","T","M","COS","R","?","M","R","B",null,"M","?","?","?","T","E","?","E","T","E","R","?","R","M","R","B","B","M","M","?","$","R","M","R","$","?","B",null],"character_chosen":"WATCHER","items_purchased":["Halt","MostiFishMod:Nomercy","AT_TheCollector","testmod-TaurusBlackCat","AT_DeathDance","Medical Kit","Mummified Hand","testmod-AssaultLearning"],"campfire_rested":1,"item_purchase_floors":[10,19,55,55,55,59,59,59],"current_hp_per_floor":[55,41,30,8,8,28,28,33,33,33,33,15,15,15,15,6,53,53,53,53,53,53,53,53,52,52,52,52,52,52,68,68,68,68,68,62,31,31,62,62,50,62,62,62,62,62,62,62,62,62,62,62,62,62,62,62,62,62,62,62,62],"gold":159,"neow_bonus":"RANDOM_COMMON_RELIC","is_daily":false,"chose_seed":false,"campfire_upgraded":8,"win_rate":0.0,"timestamp":1610189941,"path_taken":["M","M","M","?","M","R","COS","?","T","?","?","E","M","M","R","BOSS","M","$","?","?","M","R","E","M","T","M","COS","R","?","M","R","BOSS","M","?","?","?","?","E","?","E","T","E","R","?","R","M","R","BOSS","BOSS","M","M","?","$","R","M","R","$","?","BOSS"],"items_purchased_type":["Card","Card","Relic","Card","Relic","Relic","Relic","Relic"],"build_version":"2020-12-22","purchased_purges":3,"victory":true,"max_hp_per_floor":[68,68,68,68,68,68,68,68,68,68,68,68,68,68,68,68,68,68,68,68,68,68,68,68,68,68,68,68,68,68,68,68,68,68,68,62,62,62,62,62,62,62,62,62,62,62,62,62,62,62,62,62,62,62,62,62,62,62,62,62,62],"card_choices":[{"not_picked":["Evaluate","EmptyFist"],"picked":"Crescendo","floor":1.0},{"not_picked":["Protect","Prostrate","FlurryOfBlows","PathToVictory"],"picked":"CutThroughFate","floor":2.0},{"not_picked":["ThirdEye","Pray","Crescendo","CrushJoints"],"picked":"ClearTheMind","floor":3.0},{"not_picked":["Prostrate","Perseverance","AT_RealFormLess","LikeWater"],"picked":"MostiFishMod:LegendTransform","floor":4.0},{"not_picked":["InnerPeace","FlurryOfBlows","ThirdEye","Crescendo"],"picked":"MostiFishMod:Dust","floor":5.0},{"not_picked":["FlyingSleeves","Prostrate","TalkToTheHand","MostiFishMod:Nomercy"],"picked":"Tantrum","floor":12.0},{"not_picked":["WindmillStrike","ClearTheMind","SashWhip","BowlingBash"],"picked":"MostiFishMod:PathToVictory","floor":13.0},{"not_picked":["JustLucky","EmptyFist","CrushJoints","BowlingBash","Prostrate"],"picked":"SKIP","floor":14.0},{"not_picked":["MasterReality","MostiFishMod:Moonprays","MostiFishMod:KamiSmash","MostiFishMod:Unraveling"],"picked":"DevaForm","floor":16.0},{"not_picked":["FollowUp","JustLucky","Perseverance","Evaluate"],"picked":"FearNoEvil","floor":18.0},{"not_picked":["Protect+1","Crescendo","Wireheading","SashWhip","BowlingBash"],"picked":"SKIP","floor":22.0},{"not_picked":["FlurryOfBlows","SandsOfTime","Sanctity+1","Alpha","FollowUp"],"picked":"SKIP","floor":24.0},{"not_picked":["LikeWater","Consecrate","Weave","ThirdEye"],"picked":"MostiFishMod:PathToVictory","floor":25.0},{"not_picked":["Crescendo","Protect","ClearTheMind","ThirdEye"],"picked":"Adaptation","floor":27.0},{"not_picked":["EmptyBody","CutThroughFate","Crescendo","MentalFortress"],"picked":"TalkToTheHand","floor":31.0},{"not_picked":["Establishment","MostiFishMod:Dust","AT_IrregularMenstruation","MostiFishMod:Adaptation"],"picked":"Wish","floor":33.0},{"not_picked":["FlurryOfBlows+1","BattleHymn","AT_OneInchPunch","MostiFishMod:LegendTransform","PathToVictory"],"picked":"SKIP","floor":35},{"not_picked":["DevaForm","AT_MachinaRedman","MostiFishMod:DisColor","Brilliance"],"picked":"DeusExMachina","floor":40},{"not_picked":["EmptyFist","SashWhip+1","MostiFishMod:FlowState","AT_RealFormLess"],"picked":"MostiFishMod:KamiSmash","floor":40},{"not_picked":["CutThroughFate+1","CrushJoints","Collect","Prostrate"],"picked":"MostiFishMod:Moonprays","floor":42},{"not_picked":["Collect","TalkToTheHand+1","FollowUp","Nirvana"],"picked":"MostiFishMod:StarWish","floor":44},{"not_picked":["BattleHymn","ThirdEye","PathToVictory","Prostrate+1","Halt"],"picked":"SKIP","floor":48},{"not_picked":["Consecrate+1","CutThroughFate","SashWhip","AT_DivineConfetti","Prostrate+1"],"picked":"SKIP","floor":52},{"not_picked":["AT_OneInchPunch","BattleHymn","Evaluate","MostiFishMod:Clarity"],"picked":"Adaptation","floor":53},{"not_picked":["JustLucky","Perseverance","EmptyFist","EmptyBody","Halt"],"picked":"SKIP","floor":57}],"player_experience":217407,"relics_obtained":[{"floor":1.0,"key":"SynthV:TestCard"},{"floor":9.0,"key":"testmod-Antiphasic"},{"floor":12.0,"key":"AT_BellowingDragoncrestRing"},{"floor":24.0,"key":"MawBank"},{"floor":26.0,"key":"testmod-Hope"},{"floor":31.0,"key":"Gensokyo:ConquerorOfFear"},{"floor":40,"key":"PreservedInsect"},{"floor":42,"key":"TeardropLocket"},{"floor":43,"key":"War Paint"},{"floor":44,"key":"Damaru"},{"floor":57,"key":"paleoftheancients:SoulOfTheVixen"}],"event_choices":[{"damage_healed":0,"gold_gain":400,"player_choice":"Sell","damage_taken":0,"max_hp_gain":0,"max_hp_loss":0,"event_name":"恩洛斯的盘子","floor":46,"relics_lost":["testmod-TestBox"],"gold_loss":0},{"damage_healed":0,"gold_gain":0,"player_choice":"Swap Relic","damage_taken":0,"relics_obtained":["DaveBox"],"max_hp_gain":0,"max_hp_loss":0,"event_name":"给自己的盒子","floor":54,"relics_lost":["DaveBox"],"gold_loss":0}],"is_beta":false,"boss_relics":[{"not_picked":["Astrolabe","testmod-SaigiyounoYou"],"picked":"PatriotShield"},{"not_picked":["TakeMeEscape","NightmareShop"],"picked":"Philosopher\u0027s Stone"}],"items_purged_floors":[19,55,59],"is_endless":false,"potions_floor_spawned":[5,13,16,18,22,27,35,48,53],"ascension_level":20}}