{"host":"t3nmszc7fx0d6552","time":1610202565,"event":{"mods":["AchievementEnabler","BaseMod","Colored Map","Minty Spire (QoL Compilation)","Permanent Neow","StSLib","SuperFastMode"],"gold_per_floor":[118,118,134,146,158,185,185,224,224,224,254,6,6,6,6,92,92,119,146,146,169,169,169,212,212,212],"floor_reached":25,"playtime":985,"items_purged":["Pain"],"score":454,"play_id":"e40eb4b7-871c-4371-9d9f-8a01abfeed0a","local_time":"20210109232925","is_ascension_mode":true,"campfire_choices":[{"data":"Dash","floor":7,"key":"SMITH"},{"data":"Backflip","floor":10,"key":"SMITH"},{"data":"Leg Sweep","floor":13,"key":"SMITH"},{"data":"Blade Dance","floor":15,"key":"SMITH"},{"data":"Ghostly","floor":23,"key":"SMITH"}],"circlet_count":0,"master_deck":["AscendersBane","Strike_G","Strike_G","Strike_G+1","Strike_G","Defend_G","Defend_G+1","Defend_G","Defend_G","Defend_G","Survivor","Neutralize","Dagger Spray","Blade Dance+1","PiercingWail","Dash+1","Backflip+1","Leg Sweep+1","Die Die Die+1","Deadly Poison+1","Ghostly","Ghostly+1","Ghostly","Blade Dance","Escape Plan"],"relics":["WristBlade","WarpedTongs","Matryoshka","CeramicFish","MealTicket","Molten Egg 2","Toolbox","Runic Pyramid","Paper Crane"],"acts_visited":["Exordium","TheCity"],"potions_floor_usage":[6,18,24],"damage_taken":[{"damage":4,"enemies":"Small Slimes","floor":1,"turns":5},{"damage":2,"enemies":"Cultist","floor":3,"turns":5},{"damage":4,"enemies":"Jaw Worm","floor":4,"turns":2},{"damage":5,"enemies":"3 Louse","floor":5,"turns":4},{"damage":13,"enemies":"3 Sentries","floor":6,"turns":5},{"damage":20,"enemies":"Gremlin Nob","floor":8,"turns":4},{"damage":4,"enemies":"Hexaghost","floor":16,"turns":11},{"damage":10,"enemies":"3 Byrds","floor":18,"turns":5},{"damage":2,"enemies":"2 Thieves","floor":21,"turns":3},{"damage":16,"enemies":"Gremlin Leader","floor":24,"turns":10},{"damage":21,"enemies":"Cultist and Chosen","floor":25,"turns":5}],"seed_played":"3183831309704216335","potions_obtained":[{"floor":4,"key":"Energy Potion"},{"floor":5,"key":"Regen Potion"},{"floor":8,"key":"PowerPotion"},{"floor":21,"key":"Poison Potion"}],"is_trial":false,"path_per_floor":["M","?","M","M","M","E","R","E","T","R","?","$","R","?","R","B",null,"M","?","?","M","?","R","E","M"],"character_chosen":"THE_SILENT","items_purchased":["Toolbox"],"campfire_rested":0,"item_purchase_floors":[12],"current_hp_per_floor":[55,55,53,49,44,45,45,25,25,25,25,40,40,20,20,16,54,44,33,33,31,31,31,15,0,0],"gold":212,"neow_bonus":"BOSS_RELIC","is_daily":false,"chose_seed":false,"campfire_upgraded":5,"win_rate":0.0,"timestamp":1610202565,"path_taken":["M","?","M","?","M","E","R","E","T","R","?","$","R","?","R","BOSS","M","?","?","?","?","R","E","M"],"items_purchased_type":["Relic"],"build_version":"2020-12-22","purchased_purges":1,"victory":false,"max_hp_per_floor":[66,66,66,66,66,66,66,66,66,66,66,66,66,66,66,66,66,66,33,33,33,33,33,33,33,33],"card_choices":[{"not_picked":["Backflip","Outmaneuver"],"picked":"Dagger Spray","floor":1},{"not_picked":["Dagger Spray","Concentrate"],"picked":"Blade Dance","floor":3},{"not_picked":["Acrobatics","Terror"],"picked":"PiercingWail","floor":4},{"not_picked":["Catalyst","Flying Knee"],"picked":"Dash","floor":5},{"not_picked":["Dash","Distraction"],"picked":"Backflip","floor":6},{"not_picked":["Underhanded Strike","Distraction"],"picked":"Leg Sweep","floor":8},{"not_picked":["Corpse Explosion","Grand Finale+1"],"picked":"Die Die Die+1","floor":16},{"not_picked":["Dagger Throw+1","Sucker Punch+1"],"picked":"Deadly Poison+1","floor":18},{"not_picked":["Backstab+1","Bane+1"],"picked":"Blade Dance","floor":21},{"not_picked":["Deflect","Flying Knee+1"],"picked":"Escape Plan","floor":24}],"player_experience":1369481,"relics_obtained":[{"floor":6,"key":"Matryoshka"},{"floor":8,"key":"CeramicFish"},{"floor":9,"key":"MealTicket"},{"floor":9,"key":"Molten Egg 2"},{"floor":24,"key":"Paper Crane"}],"event_choices":[{"damage_healed":0,"gold_gain":0,"player_choice":"Rummage","damage_taken":0,"relics_obtained":["WarpedTongs"],"max_hp_gain":0,"max_hp_loss":0,"event_name":"Accursed Blacksmith","floor":2,"gold_loss":0,"cards_obtained":["Pain"]},{"damage_healed":0,"gold_gain":30,"player_choice":"Searched \u00271\u0027 times","damage_taken":0,"max_hp_gain":0,"max_hp_loss":0,"event_name":"Dead Adventurer","floor":11,"gold_loss":0},{"damage_healed":0,"gold_gain":0,"player_choice":"Entered Light","damage_taken":20,"max_hp_gain":0,"max_hp_loss":0,"event_name":"Shining Light","floor":14,"gold_loss":0,"cards_upgraded":["Strike_G","Defend_G"]},{"damage_healed":0,"gold_gain":0,"player_choice":"Became a Ghost","damage_taken":0,"max_hp_gain":0,"max_hp_loss":33,"event_name":"Ghosts","floor":19,"gold_loss":0,"cards_obtained":["Ghostly","Ghostly","Ghostly"]},{"damage_healed":0,"gold_gain":0,"player_choice":"Ignored","damage_taken":0,"max_hp_gain":0,"max_hp_loss":0,"event_name":"Vampires","floor":20,"gold_loss":0},{"cards_removed":["Strike_G"],"damage_healed":0,"gold_gain":0,"player_choice":"Offered Basic","damage_taken":0,"max_hp_gain":0,"max_hp_loss":0,"event_name":"Bonfire Elementals","floor":22,"gold_loss":0}],"is_beta":false,"boss_relics":[{"not_picked":["Calling Bell","Busted Crown"],"picked":"Runic Pyramid"}],"items_purged_floors":[12],"is_endless":false,"potions_floor_spawned":[4,5,8,16,21],"killed_by":"Cultist and Chosen","ascension_level":20}}