{"host":"cs4mnqnj3e1ejebq","time":1610191202,"event":{"mods":["BaseMod","Hermit","Minty Spire (QoL Compilation)","StSLib","The Runesmith"],"gold_per_floor":[115,115,115,115,37,81,81,120,120,143,182,182,182,202,202,323,323,339,355,355,376,7,7,7,7,57,57,57,57,57],"floor_reached":29,"playtime":596,"items_purged":["Strike_R"],"score":402,"play_id":"1e13ca33-a15f-4654-af26-a871d7956428","local_time":"20210109202002","is_ascension_mode":true,"campfire_choices":[{"data":"Rampage","floor":13,"key":"SMITH"},{"floor":15,"key":"REST"},{"floor":23,"key":"REST"},{"data":"Inflame","floor":27,"key":"SMITH"}],"circlet_count":0,"master_deck":["Defend_R+1","Defend_R+1","Defend_R","Defend_R","Bash+1","Flex","Inflame+1","Inflame","Rampage+1","Reaper","Seeing Red"],"relics":["Burning Blood","NeowsBlessing","Golden Idol","Potion Belt","Regal Pillow","Boot","Happy Flower","Empty Cage","Sundial","Pocketwatch","Nunchaku","Enchiridion"],"acts_visited":["Exordium","TheCity"],"potions_floor_usage":[16,29,29],"damage_taken":[{"damage":0,"enemies":"Jaw Worm","floor":1,"turns":1},{"damage":0,"enemies":"Gremlin Nob","floor":6,"turns":1},{"damage":0,"enemies":"3 Sentries","floor":8,"turns":2},{"damage":9,"enemies":"2 Louse","floor":10,"turns":3},{"damage":37,"enemies":"Gremlin Nob","floor":11,"turns":4},{"damage":1,"enemies":"Small Slimes","floor":14,"turns":3},{"damage":20,"enemies":"Hexaghost","floor":16,"turns":8},{"damage":11,"enemies":"Chosen","floor":18,"turns":4},{"damage":23,"enemies":"Spheric Guardian","floor":19,"turns":4},{"damage":58,"enemies":"Cultist and Chosen","floor":21,"turns":8},{"damage":40,"enemies":"Book of Stabbing","floor":29,"turns":4}],"seed_played":"-8725449526729514127","potions_obtained":[{"floor":6,"key":"PowerPotion"},{"floor":8,"key":"DuplicationPotion"},{"floor":11,"key":"DistilledChaos"},{"floor":16,"key":"CultistPotion"},{"floor":19,"key":"GamblersBrew"}],"is_trial":false,"path_per_floor":["M","?","?","?","$","E","?","E","T","M","E","?","R","M","R","B",null,"M","M","?","M","$","R","$","$","T","R","?","E"],"character_chosen":"IRONCLAD","items_purchased":["Inflame","Pocketwatch"],"campfire_rested":2,"item_purchase_floors":[5,22],"current_hp_per_floor":[78,58,51,35,35,41,41,47,47,44,13,13,13,18,57,43,71,80,63,63,17,17,56,56,56,56,56,40,0,0],"gold":57,"neow_bonus":"THREE_ENEMY_KILL","is_daily":false,"chose_seed":false,"campfire_upgraded":2,"win_rate":0.0,"timestamp":1610191202,"path_taken":["M","?","?","?","?","E","?","E","T","?","E","?","R","M","R","BOSS","M","?","?","M","$","R","?","$","T","R","?","E"],"items_purchased_type":["Card","Relic"],"build_version":"2020-12-22","purchased_purges":1,"victory":false,"max_hp_per_floor":[80,80,80,80,80,80,80,80,80,80,80,80,80,80,80,80,80,80,80,80,80,80,80,80,80,80,80,80,80,80],"card_choices":[{"not_picked":["Clash","Shrug It Off"],"picked":"Flex","floor":1},{"not_picked":["Impervious","Combust"],"picked":"Inflame","floor":6},{"not_picked":["Body Slam","Cleave","Perfected Strike"],"picked":"SKIP","floor":8},{"not_picked":["Blood for Blood","Thunderclap"],"picked":"Rampage","floor":10},{"not_picked":["Body Slam","Iron Wave","Combust"],"picked":"SKIP","floor":11},{"not_picked":["Rampage","Combust","Headbutt"],"picked":"SKIP","floor":14},{"not_picked":["Impervious","Fiend Fire"],"picked":"Reaper","floor":16},{"not_picked":["Body Slam","Feel No Pain+1","Havoc"],"picked":"SKIP","floor":18},{"not_picked":["Sword Boomerang","True Grit"],"picked":"Seeing Red","floor":19},{"not_picked":["Body Slam","Havoc","Clash+1"],"picked":"SKIP","floor":21}],"player_experience":213733,"relics_obtained":[{"floor":6,"key":"Potion Belt"},{"floor":8,"key":"Regal Pillow"},{"floor":9,"key":"Boot"},{"floor":11,"key":"Happy Flower"},{"floor":20,"key":"Sundial"},{"floor":26,"key":"Nunchaku"},{"floor":28,"key":"Enchiridion"}],"event_choices":[{"damage_healed":0,"gold_gain":0,"player_choice":"Take Damage","damage_taken":20,"relics_obtained":["Golden Idol"],"max_hp_gain":0,"max_hp_loss":0,"event_name":"Golden Idol","floor":2,"gold_loss":0},{"cards_removed":["Strike_R"],"damage_healed":0,"gold_gain":0,"player_choice":"Card Removal","damage_taken":7,"max_hp_gain":0,"max_hp_loss":0,"event_name":"Golden Wing","floor":3,"gold_loss":0},{"damage_healed":0,"gold_gain":0,"player_choice":"Entered Light","damage_taken":16,"max_hp_gain":0,"max_hp_loss":0,"event_name":"Shining Light","floor":4,"gold_loss":0,"cards_upgraded":["Defend_R","Defend_R"]},{"damage_healed":0,"gold_gain":0,"player_choice":"Forge","damage_taken":0,"max_hp_gain":0,"max_hp_loss":0,"event_name":"Accursed Blacksmith","floor":7,"gold_loss":0,"cards_upgraded":["Bash"]},{"cards_removed":["Strike_R"],"damage_healed":0,"gold_gain":0,"player_choice":"Purged","damage_taken":0,"max_hp_gain":0,"max_hp_loss":0,"event_name":"Purifier","floor":12,"gold_loss":0},{"damage_healed":0,"gold_gain":0,"player_choice":"Relic","damage_taken":0,"max_hp_gain":0,"max_hp_loss":0,"event_name":"Wheel of Change","floor":20,"gold_loss":0},{"damage_healed":0,"gold_gain":0,"player_choice":"Obtained Book","damage_taken":16,"max_hp_gain":0,"max_hp_loss":0,"event_name":"Cursed Tome","floor":28,"gold_loss":0}],"is_beta":false,"boss_relics":[{"not_picked":["Fusion Hammer","SacredBark"],"picked":"Empty Cage"}],"items_purged_floors":[22],"is_endless":false,"potions_floor_spawned":[6,8,11,16,19],"killed_by":"Book of Stabbing","ascension_level":8}}