{"host":"ynimr9ugvc6f046i","time":1610162850,"event":{"mods":["2.2 Compatiblity","BaseMod","Colored Map","DeckTracker","Highlight Path","Keyboard Shortcuts","Minty Spire (QoL Compilation)","Permanent Neow","Quick Restart","StSLib","SuperFastMode"],"gold_per_floor":[109,109,126,139,150,181,181,206,206,206,356,194,213,242,242,317,317,330,341,341,256,268,300,300,324,372,401,414,414,447,470,470,554,554,582,607,626,910,698,729,729,761,787,801,801,817,817,827,827,827,827,827,827,129,159,159],"floor_reached":57,"playtime":944,"items_purged":["Doubt","Regret","Blur+1"],"score":3569,"play_id":"822701d5-4d40-440a-a09d-e3e8d988b2a2","local_time":"20210109122730","is_ascension_mode":true,"campfire_choices":[{"data":"Grand Finale","floor":7.0,"key":"SMITH"},{"data":"Acrobatics","floor":10.0,"key":"SMITH"},{"data":"Well Laid Plans","floor":15.0,"key":"SMITH"},{"data":"Blur","floor":29,"key":"SMITH"},{"data":"Calculated Gamble","floor":32,"key":"SMITH"},{"data":"Tactician","floor":41,"key":"SMITH"},{"data":"Grand Finale","floor":45,"key":"SMITH"},{"floor":47,"key":"RECALL"},{"data":"After Image","floor":49,"key":"SMITH"},{"data":"Escape Plan","floor":53,"key":"SMITH"}],"circlet_count":0,"master_deck":["Grand Finale+1","Escape Plan+1","Acrobatics+1","Well Laid Plans+1","After Image+1","Reflex+1","Calculated Gamble+1","Grand Finale+1","Calculated Gamble+1","Tactician+1"],"relics":["Ring of the Snake","Happy Flower","Tough Bandages","Pantograph","Mummified Hand","Black Star","CeramicFish","Kunai","Strawberry","Potion Belt","Red Mask","Centennial Puzzle","Anchor","SacredBark","Bird Faced Urn","The Courier","Eternal Feather","Letter Opener","PreservedInsect","Bronze Scales","Calipers","Turnip","Blood Vial","Pen Nib"],"acts_visited":["Exordium","TheCity","TheBeyond","TheEnding"],"potions_floor_usage":[16,56,56,56],"damage_taken":[{"damage":0.0,"enemies":"2 Louse","floor":1.0,"turns":1.0},{"damage":0.0,"enemies":"Small Slimes","floor":3.0,"turns":1.0},{"damage":0.0,"enemies":"Jaw Worm","floor":4.0,"turns":1.0},{"damage":0.0,"enemies":"Looter","floor":5.0,"turns":1.0},{"damage":0.0,"enemies":"Gremlin Nob","floor":6.0,"turns":1.0},{"damage":0.0,"enemies":"3 Sentries","floor":8.0,"turns":1.0},{"damage":0.0,"enemies":"Blue Slaver","floor":13.0,"turns":1.0},{"damage":0.0,"enemies":"Lagavulin","floor":14.0,"turns":1.0},{"damage":0,"enemies":"The Guardian","floor":16,"turns":2},{"damage":0,"enemies":"2 Thieves","floor":18,"turns":1},{"damage":0,"enemies":"Spheric Guardian","floor":19,"turns":1},{"damage":0,"enemies":"Snecko","floor":22,"turns":1},{"damage":0,"enemies":"Slavers","floor":23,"turns":1},{"damage":0,"enemies":"Sentry and Sphere","floor":25,"turns":1},{"damage":0,"enemies":"Masked Bandits","floor":27,"turns":1},{"damage":0,"enemies":"Chosen and Byrds","floor":28,"turns":1},{"damage":0,"enemies":"Gremlin Leader","floor":30,"turns":1},{"damage":0,"enemies":"Snake Plant","floor":31,"turns":1},{"damage":0,"enemies":"Champ","floor":33,"turns":1},{"damage":0,"enemies":"Orb Walker","floor":35,"turns":1},{"damage":0,"enemies":"Mind Bloom Boss Battle","floor":36,"turns":1},{"damage":0,"enemies":"3 Darklings","floor":37,"turns":1},{"damage":0,"enemies":"Reptomancer","floor":40,"turns":1},{"damage":0,"enemies":"Nemesis","floor":42,"turns":1},{"damage":0,"enemies":"Sphere and 2 Shapes","floor":44,"turns":1},{"damage":0,"enemies":"Transient","floor":46,"turns":1},{"damage":0,"enemies":"Maw","floor":48,"turns":1},{"damage":0,"enemies":"Awakened One","floor":50,"turns":2},{"damage":0,"enemies":"Donu and Deca","floor":51,"turns":1},{"damage":0,"enemies":"Shield and Spear","floor":55,"turns":1},{"damage":0,"enemies":"The Heart","floor":56,"turns":4}],"seed_played":"-8872113438327230345","potions_obtained":[{"floor":3.0,"key":"SpeedPotion"},{"floor":4.0,"key":"SneckoOil"},{"floor":5.0,"key":"Block Potion"},{"floor":19,"key":"GhostInAJar"},{"floor":33,"key":"EssenceOfSteel"},{"floor":36,"key":"SpeedPotion"},{"floor":37,"key":"GamblersBrew"}],"is_trial":false,"path_per_floor":["M","?","M","M","M","E","R","E","T","R","?","$","M","E","R","B",null,"M","M","?","?","M","E","?","M","T","?","M","R","E","M","R","B",null,"M","?","M","?","$","E","R","E","T","M","R","M","R","M","R","B","B",null,"R","$","E","B",null],"character_chosen":"THE_SILENT","items_purchased":["Well Laid Plans","GhostInAJar","Bronze Scales","Calipers","Turnip"],"campfire_rested":0,"item_purchase_floors":[12,39,54,54,54],"current_hp_per_floor":[65,65,65,65,65,65,65,65,65,65,65,65,65,65,65,72,72,72,72,72,72,72,79,79,79,79,79,79,79,79,79,79,79,79,79,79,79,79,79,79,79,79,79,79,79,79,79,79,79,79,79,79,79,79,79,79],"gold":159,"neow_bonus":"TEN_PERCENT_HP_BONUS","is_daily":false,"chose_seed":false,"campfire_upgraded":9,"win_rate":0.0,"timestamp":1610162850,"path_taken":["M","?","M","M","M","E","R","E","T","R","?","$","M","E","R","BOSS","M","M","?","?","M","E","?","?","T","?","M","R","E","M","R","BOSS","M","?","M","?","$","E","R","E","T","M","R","?","R","M","R","BOSS","BOSS","R","$","E","BOSS"],"items_purchased_type":["Card","Potion","Relic","Relic","Relic"],"build_version":"2020-12-22","purchased_purges":3,"victory":true,"max_hp_per_floor":[72,72,72,72,72,72,72,72,72,72,72,72,72,72,72,72,72,72,72,72,72,72,79,79,79,79,79,79,79,79,79,79,79,79,79,79,79,79,79,79,79,79,79,79,79,79,79,79,79,79,79,79,79,79,79,79],"card_choices":[{"not_picked":["Blade Dance","Leg Sweep","Skewer"],"picked":"SKIP","floor":1.0},{"not_picked":["Prepared","Quick Slash"],"picked":"Escape Plan","floor":3.0},{"not_picked":["Distraction","Underhanded Strike","Deadly Poison"],"picked":"SKIP","floor":4.0},{"not_picked":["Poisoned Stab","Backflip","Dagger Spray"],"picked":"SKIP","floor":5.0},{"not_picked":["Deadly Poison","Caltrops"],"picked":"Acrobatics","floor":6.0},{"not_picked":["Heel Hook","Blade Dance","Deadly Poison"],"picked":"SKIP","floor":8.0},{"not_picked":["PiercingWail","Finisher","Corpse Explosion"],"picked":"SKIP","floor":13.0},{"not_picked":["Sucker Punch","All Out Attack","Escape Plan"],"picked":"SKIP","floor":14.0},{"not_picked":["Grand Finale","Envenom"],"picked":"After Image","floor":16},{"not_picked":["Crippling Poison","Cloak And Dagger"],"picked":"Reflex+1","floor":18},{"not_picked":["Masterful Stab","Sucker Punch","Acrobatics"],"picked":"SKIP","floor":19},{"not_picked":["PiercingWail+1","Eviscerate","Terror"],"picked":"SKIP","floor":22},{"not_picked":["Dagger Throw","Bouncing Flask","Storm of Steel"],"picked":"SKIP","floor":23},{"not_picked":["Dodge and Roll","PiercingWail"],"picked":"Blur","floor":25},{"not_picked":["Dagger Throw","Poisoned Stab","Bouncing Flask"],"picked":"SKIP","floor":28},{"not_picked":["Eviscerate","Envenom","Caltrops"],"picked":"SKIP","floor":30},{"not_picked":["Well Laid Plans","Outmaneuver"],"picked":"Calculated Gamble","floor":31},{"not_picked":["Venomology","Bullet Time"],"picked":"Grand Finale","floor":33},{"not_picked":["Infinite Blades","Footwork"],"picked":"Calculated Gamble+1","floor":35},{"not_picked":["PiercingWail","All Out Attack+1"],"picked":"Tactician","floor":37},{"not_picked":["Heel Hook","Concentrate","Dagger Spray"],"picked":"SKIP","floor":40},{"not_picked":["Flechettes","Escape Plan","Expertise+1"],"picked":"SKIP","floor":42},{"not_picked":["Deadly Poison","Calculated Gamble","PiercingWail"],"picked":"SKIP","floor":44},{"not_picked":["Expertise","Bouncing Flask+1","Accuracy+1"],"picked":"SKIP","floor":46},{"not_picked":["Expertise","Bouncing Flask+1","Accuracy+1"],"picked":"SKIP","floor":46},{"not_picked":["Eviscerate+1","Escape Plan+1","Outmaneuver"],"picked":"SKIP","floor":48},{"not_picked":["Poisoned Stab","Expertise","Blade Dance+1"],"picked":"SKIP","floor":55}],"player_experience":374479,"relics_obtained":[{"floor":6.0,"key":"Happy Flower"},{"floor":8.0,"key":"Tough Bandages"},{"floor":9.0,"key":"Pantograph"},{"floor":14.0,"key":"Mummified Hand"},{"floor":23,"key":"Kunai"},{"floor":23,"key":"Strawberry"},{"floor":26,"key":"Potion Belt"},{"floor":27,"key":"Red Mask"},{"floor":30,"key":"Centennial Puzzle"},{"floor":30,"key":"Anchor"},{"floor":36,"key":"Bird Faced Urn"},{"floor":40,"key":"The Courier"},{"floor":40,"key":"Eternal Feather"},{"floor":42,"key":"Letter Opener"},{"floor":42,"key":"PreservedInsect"},{"floor":55,"key":"Blood Vial"},{"floor":55,"key":"Pen Nib"}],"event_choices":[{"damage_healed":0.0,"max_hp_gain":0.0,"max_hp_loss":0.0,"gold_gain":0.0,"event_name":"The Cleric","player_choice":"Leave","floor":2.0,"gold_loss":0.0,"damage_taken":0.0},{"damage_healed":0.0,"max_hp_gain":0.0,"max_hp_loss":0.0,"gold_gain":150.0,"event_name":"Liars Game","player_choice":"AGREE","floor":11.0,"gold_loss":0.0,"damage_taken":0.0,"cards_obtained":["Doubt"]},{"damage_healed":0,"gold_gain":0,"player_choice":"Ignored","damage_taken":0,"max_hp_gain":0,"max_hp_loss":0,"event_name":"Vampires","floor":20,"gold_loss":0},{"damage_healed":0,"gold_gain":0,"player_choice":"Obtained Relic","damage_taken":0,"relics_obtained":["CeramicFish"],"max_hp_gain":0,"max_hp_loss":0,"event_name":"Addict","floor":21,"gold_loss":85},{"damage_healed":0,"gold_gain":0,"player_choice":"Ignored","damage_taken":0,"max_hp_gain":0,"max_hp_loss":0,"event_name":"The Mausoleum","floor":24,"gold_loss":0},{"damage_healed":0,"gold_gain":0,"player_choice":"Fought Bandits","damage_taken":0,"max_hp_gain":0,"max_hp_loss":0,"event_name":"Masked Bandits","floor":27,"gold_loss":0},{"damage_healed":0,"gold_gain":0,"player_choice":"Fight","damage_taken":0,"max_hp_gain":0,"max_hp_loss":0,"event_name":"MindBloom","floor":36,"gold_loss":0},{"damage_healed":0,"gold_gain":275,"player_choice":"Desecrate","damage_taken":0,"max_hp_gain":0,"max_hp_loss":0,"event_name":"Golden Shrine","floor":38,"gold_loss":0,"cards_obtained":["Regret"]}],"is_beta":false,"boss_relics":[{"not_picked":["Runic Dome","WristBlade"],"picked":"Black Star"},{"not_picked":["Coffee Dripper","Fusion Hammer"],"picked":"SacredBark"}],"items_purged_floors":[12,39,54],"is_endless":false,"potions_floor_spawned":[3,4,5,19,22,25,33,36,37,40,42,48],"ascension_level":20}}