{"host":"tjicewryrzew529r","time":1610208381,"event":{"mods":["AchievementEnabler","BaseMod","Block Reminder","Colored Map","Downfall","Highlight Path","Minty Spire (QoL Compilation)","StSLib"],"gold_per_floor":[99,118,134,144,31,31,31,61,74,92,125,225,150,161,178,282,282,282,294,309,329,63,75,75,118,118,137,168,187,187,229,257,361,361,361,372,387,169,197,197,222,249,249,261,296,314,314,314,314],"floor_reached":47,"playtime":4505,"items_purged":["champ:Strike","champ:Strike","champ:Defend"],"score":601,"play_id":"90604e6d-81f6-45b0-86ac-9177ed2f5877","local_time":"20210110000621","is_ascension_mode":true,"campfire_choices":[{"data":"champ:Taunt","floor":1.0,"key":"SMITH"},{"data":"champ:GutPunch","floor":6.0,"key":"SMITH"},{"data":"champ:Improvising","floor":13.0,"key":"SMITH"},{"data":"champ:DancingMaster","floor":18.0,"key":"SMITH"},{"data":"champ:VampiricStrike","floor":26.0,"key":"SMITH"},{"floor":30.0,"key":"REST"},{"data":"champ:SwordThrow","floor":35.0,"key":"SMITH"},{"data":"champ:MurderStrike","floor":40,"key":"SMITH"},{"data":"champ:PerfectForm","floor":43,"key":"SMITH"}],"circlet_count":0,"master_deck":["champ:Strike","champ:Strike","champ:Defend","champ:Defend","champ:Defend","champ:Execute","champ:Taunt+1","champ:RecklessLeap","champ:BringItOn","champ:TornadoPunch","champ:GutPunch+1","champ:FalseCounter+1","champ:Improvising+1","champ:ArenaPreparation+1","champ:CrookedStrike","champ:ViciousMockery+1","champ:Aggression+1","champ:DancingMaster+1","champ:Lariat+1","champ:VampiricStrike+1","champ:Haymaker+1","champ:DeathBlow","champ:ArenaPreparation+1","champ:SwordThrow+1","champ:MurderStrike+1","champ:HeartStrike","champ:HoldFirm+1","Parasite","champ:PerfectForm+1"],"relics":["champ:ChampionCrown","Toxic Egg 2","Kunai","downfall:CloakOfManyFaces","CultistMask","FaceOfCleric","NlothsMask","GremlinMask","SsserpentHead","downfall:HeartBlessingGreen","SlaversCollar","Lee\u0027s Waffle","CeramicFish","Darkstone Periapt","The Courier","Runic Pyramid","Nunchaku","Bronze Scales"],"acts_visited":["Exordium","TheCity","TheBeyond"],"potions_floor_usage":[39,42],"damage_taken":[{"damage":7.0,"enemies":"Cultist","floor":2.0,"turns":4.0},{"damage":23.0,"enemies":"Small Slimes","floor":3.0,"turns":3.0},{"damage":15.0,"enemies":"Jaw Worm","floor":4.0,"turns":3.0},{"damage":20.0,"enemies":"downfall:FleeingMerchant","floor":5.0,"turns":4.0},{"damage":32.0,"enemies":"Red Slaver","floor":9.0,"turns":3.0},{"damage":20.0,"enemies":"Large Slime","floor":10.0,"turns":4.0},{"damage":23.0,"enemies":"Lagavulin","floor":11.0,"turns":6.0},{"damage":50.0,"enemies":"downfall:FaceTrader","floor":12.0,"turns":7.0},{"damage":25.0,"enemies":"Blue Slaver","floor":14.0,"turns":2.0},{"damage":17.0,"enemies":"Lots of Slimes","floor":15.0,"turns":4.0},{"damage":59.0,"enemies":"downfall:Watcher","floor":16.0,"turns":9.0},{"damage":14.0,"enemies":"Chosen","floor":19.0,"turns":5.0},{"damage":89.0,"enemies":"Spheric Guardian","floor":20.0,"turns":5.0},{"damage":47.0,"enemies":"Snake Plant","floor":21.0,"turns":4.0},{"damage":55.0,"enemies":"downfall:FleeingMerchant","floor":22.0,"turns":4.0},{"damage":63.0,"enemies":"Centurion and Healer","floor":23.0,"turns":6.0},{"damage":100.0,"enemies":"Slavers","floor":25.0,"turns":6.0},{"damage":75.0,"enemies":"Cultist and Chosen","floor":27.0,"turns":7.0},{"damage":74.0,"enemies":"Gremlin Leader","floor":28.0,"turns":8.0},{"damage":49.0,"enemies":"Shelled Parasite and Fungi","floor":29.0,"turns":5.0},{"damage":67.0,"enemies":"Book of Stabbing","floor":31.0,"turns":6.0},{"damage":78.0,"enemies":"Centurion and Healer","floor":32.0,"turns":5.0},{"damage":133.0,"enemies":"downfall:Defect","floor":33.0,"turns":7.0},{"damage":46.0,"enemies":"Orb Walker","floor":36.0,"turns":4.0},{"damage":20.0,"enemies":"3 Shapes","floor":37.0,"turns":3.0},{"damage":70.0,"enemies":"downfall:FleeingMerchant","floor":38.0,"turns":4.0},{"damage":38,"enemies":"Writhing Mass","floor":39,"turns":8},{"damage":87,"enemies":"4 Shapes","floor":42,"turns":8},{"damage":62,"enemies":"Maw","floor":44,"turns":8},{"damage":76,"enemies":"Reptomancer","floor":45,"turns":7},{"damage":106,"enemies":"Transient","floor":46,"turns":5},{"damage":0,"enemies":"Writhing Mass","floor":47,"turns":1}],"seed_played":"-1045683126833012604","potions_obtained":[{"floor":4.0,"key":"SpeedPotion"},{"floor":9.0,"key":"SteroidPotion"},{"floor":14.0,"key":"SkillPotion"},{"floor":15.0,"key":"SkillPotion"},{"floor":16.0,"key":"SpeedPotion"},{"floor":20.0,"key":"Dexterity Potion"},{"floor":25.0,"key":"Ancient Potion"},{"floor":33.0,"key":"Ancient Potion"},{"floor":42,"key":"Fruit Juice"},{"floor":46,"key":"GamblersBrew"}],"is_trial":false,"path_per_floor":["R","M","M","M","$","R","T","?","M","M","E","?","R","M","M","B",null,"R","M","M","M","$","M","T","E","R","M","E","M","R","E","M","B",null,"R","M","M","$","M","R","T","M","R","M","E","M","M"],"character_chosen":"THE_CHAMP","items_purchased":["champ:GutPunch","Lee\u0027s Waffle","champ:HoldFirm+1"],"campfire_rested":1,"item_purchase_floors":[5,22,38],"current_hp_per_floor":[99,97,97,97,97,97,97,97,93,93,85,78,78,79,71,53,102,102,103,85,81,113,112,112,115,115,81,87,67,102,114,120,121,121,121,120,111,124,126,126,126,99,99,122,123,57,57,57,57],"gold":314,"neow_bonus":"TEN_PERCENT_HP_BONUS","is_daily":false,"chose_seed":false,"campfire_upgraded":8,"win_rate":0.0,"timestamp":1610208381,"path_taken":["R","M","M","M","$","R","T","?","M","M","E","?","R","M","M","BOSS","R","M","M","M","$","M","T","E","R","M","E","M","R","E","M","BOSS","R","M","M","$","M","R","T","M","R","M","E","M","M"],"items_purchased_type":["Card","Relic","Card"],"build_version":"2020-12-22","purchased_purges":3,"victory":false,"max_hp_per_floor":[99,99,99,99,99,99,99,99,99,99,99,99,99,100,101,102,102,102,103,104,105,113,114,114,115,115,116,117,118,118,119,120,121,121,121,122,123,124,131,131,131,137,137,138,139,140,140,140,140],"card_choices":[{"not_picked":["champ:CrookedStrike","champ:RapidStrikes"],"picked":"champ:RecklessLeap","floor":2.0},{"not_picked":["champ:AdrenalArmor","champ:Backstep"],"picked":"champ:BringItOn","floor":3.0},{"not_picked":["champ:StanceDance","champ:GladiatorStyle"],"picked":"champ:TornadoPunch","floor":4.0},{"not_picked":["champ:RisingSlash","champ:ShieldSigil","champ:GladiatorsShout"],"picked":"SKIP","floor":5.0},{"not_picked":["champ:GladiatorsShout+1","champ:CrookedStrike"],"picked":"champ:FalseCounter+1","floor":9.0},{"not_picked":["champ:BringItOn+1","champ:FaceSlap"],"picked":"champ:Improvising","floor":10.0},{"not_picked":["champ:RisingSlash","champ:BladeFlurry"],"picked":"champ:ArenaPreparation+1","floor":11.0},{"not_picked":["champ:GladiatorsShout+1","champ:PerfectedStrike"],"picked":"champ:CrookedStrike","floor":12.0},{"not_picked":["champ:DefensiveShout+1","champ:AdrenalArmor+1"],"picked":"champ:ViciousMockery+1","floor":14.0},{"not_picked":["champ:Lariat+1","champ:ShieldSigil+1"],"picked":"champ:Aggression+1","floor":15.0},{"not_picked":["champ:LastStand","champ:Improvising"],"picked":"champ:DancingMaster","floor":16.0},{"not_picked":["champ:BerserkerStyle","champ:DefensiveShout+1","champ:BringItOn+1"],"picked":"SKIP","floor":19.0},{"not_picked":["champ:BerserkerStyle","champ:DefensiveShout+1","champ:BringItOn+1"],"picked":"SKIP","floor":19.0},{"not_picked":["champ:TornadoPunch+1","champ:Haymaker+1"],"picked":"champ:Lariat+1","floor":20.0},{"not_picked":["champ:BerserkersShout+1","champ:CalledShot","champ:Circumvent+1"],"picked":"SKIP","floor":21.0},{"not_picked":["champ:SkillfulDodge+1","champ:StanceDance+1"],"picked":"champ:VampiricStrike","floor":22.0},{"not_picked":["champ:BringItOn+1","champ:BerserkersShout+1","champ:EndlessRage+1"],"picked":"SKIP","floor":23.0},{"not_picked":["champ:EndlessRage+1","champ:Circumvent+1"],"picked":"champ:Haymaker+1","floor":25.0},{"not_picked":["champ:FocusedDefense+1","champ:FightOn"],"picked":"champ:DeathBlow","floor":27.0},{"not_picked":["champ:GladiatorStyle","champ:ShieldWall","champ:TornadoPunch"],"picked":"SKIP","floor":28.0},{"not_picked":["champ:ShieldWall","champ:StanceDance+1","champ:FlashCut"],"picked":"SKIP","floor":29.0},{"not_picked":["champ:PreciseThrust","champ:ShieldSigil+1"],"picked":"champ:ArenaPreparation+1","floor":31.0},{"not_picked":["champ:Haymaker","champ:TornadoPunch"],"picked":"champ:SwordThrow","floor":32.0},{"not_picked":["champ:SwordThrow","champ:Devastate"],"picked":"champ:MurderStrike","floor":33.0},{"not_picked":["champ:BladeFlurry+1","champ:TornadoPunch+1","champ:GladiatorsShout+1"],"picked":"SKIP","floor":36.0},{"not_picked":["champ:GladiatorsShout+1","champ:BringItOn+1","champ:ViciousMockery+1"],"picked":"SKIP","floor":37.0},{"not_picked":["champ:FanOfKnives","champ:BerserkersShout+1"],"picked":"champ:HeartStrike","floor":38.0},{"not_picked":["champ:Backstep+1","champ:PerfectedStrike","champ:ShieldSigil+1"],"picked":"SKIP","floor":39},{"not_picked":["champ:FlashCut","champ:FocusedDefense+1"],"picked":"champ:PerfectForm","floor":42},{"not_picked":["champ:CalledShot","champ:FalseCounter+1","champ:FocusedGladiator+1"],"picked":"SKIP","floor":44},{"not_picked":["champ:Aggression+1","champ:PerfectedStrike+1","champ:FaceSlap+1"],"picked":"SKIP","floor":45},{"not_picked":["champ:Riposte+1","champ:BladeFlurry+1","champ:BringItOn+1"],"picked":"SKIP","floor":46}],"player_experience":435087,"relics_obtained":[{"floor":7.0,"key":"Toxic Egg 2"},{"floor":11.0,"key":"Kunai"},{"floor":12.0,"key":"downfall:CloakOfManyFaces"},{"floor":25.0,"key":"CeramicFish"},{"floor":28.0,"key":"Darkstone Periapt"},{"floor":31.0,"key":"The Courier"},{"floor":41,"key":"Nunchaku"},{"floor":45,"key":"Bronze Scales"}],"event_choices":[],"is_beta":false,"boss_relics":[{"not_picked":["Philosopher\u0027s Stone","Cursed Key"],"picked":"SlaversCollar"},{"not_picked":["SacredBark","Calling Bell"],"picked":"Runic Pyramid"}],"items_purged_floors":[5,22,38],"is_endless":false,"potions_floor_spawned":[4,9,14,15,16,19,20,21,25,28,32,33,36,42,46],"killed_by":"Writhing Mass","ascension_level":1}}