{"host":"3y2rtlgteqp2nuo3","time":1610207986,"event":{"mods":["2.2 Compatiblity","AchievementEnabler","BaseMod","Colored Map","DeckTracker","Highlight Path","Keyboard Shortcuts","Minty Spire (QoL Compilation)","Permanent Neow","Quick Restart","StSLib","SuperFastMode","everything is the same but u backflip on backflip"],"gold_per_floor":[116,41,316,25,59,105,80,119,144,195,195,195,195,234,234,331,331,368,386,93,93,8,8,8],"floor_reached":23,"playtime":403,"items_purged":["Strike_B","Regret","Strike_B"],"score":403,"play_id":"d2299614-0e0c-466f-a09e-33b4c367935e","local_time":"20210110005946","is_ascension_mode":true,"campfire_choices":[{"data":"Beam Cell","floor":11.0,"key":"SMITH"},{"data":"Sunder","floor":13.0,"key":"SMITH"},{"floor":15.0,"key":"REST"}],"circlet_count":0,"master_deck":["AscendersBane","Strike_B","Strike_B","Defend_B","Defend_B","Defend_B","Defend_B","Zap+1","Dualcast","Chill","HandOfGreed","Creative AI","Sunder+1","Ball Lightning","Recycle","Beam Cell+1","BootSequence","Core Surge","CurseOfTheBell","Coolheaded","Capacitor","Consume"],"relics":["Cracked Core","NeowsBlessing","Art of War","Dream Catcher","Smiling Mask","Calling Bell","Akabeko","InkBottle","Unceasing Top","Ancient Tea Set","DataDisk"],"acts_visited":["Exordium","TheCity"],"potions_floor_usage":[],"damage_taken":[{"damage":0.0,"enemies":"Jaw Worm","floor":1.0,"turns":1.0},{"damage":0.0,"enemies":"Cultist","floor":5.0,"turns":1.0},{"damage":0.0,"enemies":"Lagavulin","floor":6.0,"turns":2.0},{"damage":3.0,"enemies":"Small Slimes","floor":8.0,"turns":3.0},{"damage":28.0,"enemies":"Gremlin Nob","floor":10.0,"turns":5.0},{"damage":11.0,"enemies":"Looter","floor":14.0,"turns":2.0},{"damage":2.0,"enemies":"Slime Boss","floor":16.0,"turns":8.0},{"damage":18.0,"enemies":"Spheric Guardian","floor":18.0,"turns":4.0},{"damage":20.0,"enemies":"3 Byrds","floor":19.0,"turns":5.0},{"damage":0.0,"enemies":"Snake Plant","floor":21.0,"turns":1.0},{"damage":32,"enemies":"Book of Stabbing","floor":23,"turns":4}],"seed_played":"-7090103186270232602","potions_obtained":[{"floor":5.0,"key":"SmokeBomb"},{"floor":6.0,"key":"Strength Potion"}],"is_trial":false,"path_per_floor":["M","$","?","$","M","E","$","M","T","E","R","?","R","M","R","B",null,"M","M","$","M","?","E"],"character_chosen":"DEFECT","items_purchased":["HandOfGreed","Ball Lightning","Consume","Ancient Tea Set"],"campfire_rested":1,"item_purchase_floors":[4,7,20,20],"current_hp_per_floor":[64,64,64,64,64,64,64,61,61,33,33,33,33,22,43,41,64,46,26,26,26,26,0,0],"gold":8,"neow_bonus":"THREE_ENEMY_KILL","is_daily":false,"chose_seed":false,"campfire_upgraded":2,"win_rate":0.0,"timestamp":1610207986,"path_taken":["M","$","?","$","M","E","$","?","T","E","R","?","R","M","R","BOSS","M","?","$","M","?","E"],"items_purchased_type":["Card","Card","Card","Relic"],"build_version":"2020-12-22","purchased_purges":3,"victory":false,"max_hp_per_floor":[71,71,71,71,71,71,71,71,71,71,71,71,71,71,71,71,71,71,71,71,71,71,71,71],"card_choices":[{"not_picked":["Hologram","Stack"],"picked":"Chill","floor":1.0},{"not_picked":["Gash","Chaos"],"picked":"Creative AI","floor":5.0},{"not_picked":["Cold Snap","Double Energy"],"picked":"Sunder","floor":6.0},{"not_picked":["Force Field","Melter"],"picked":"Recycle","floor":8.0},{"not_picked":["Ball Lightning","Compile Driver"],"picked":"Beam Cell","floor":10.0},{"not_picked":["Sweeping Beam","Ball Lightning","Darkness"],"picked":"SKIP","floor":14.0},{"not_picked":["Conserve Battery","Steam"],"picked":"BootSequence","floor":15.0},{"not_picked":["Fission","Reboot"],"picked":"Core Surge","floor":16.0},{"not_picked":["Turbo","Redo"],"picked":"Coolheaded","floor":18.0},{"not_picked":["Ball Lightning","Consume"],"picked":"Capacitor","floor":19.0}],"player_experience":660579,"relics_obtained":[{"floor":6.0,"key":"Art of War"},{"floor":9.0,"key":"Dream Catcher"},{"floor":10.0,"key":"Smiling Mask"},{"floor":17.0,"key":"Akabeko"},{"floor":17.0,"key":"InkBottle"},{"floor":17.0,"key":"Unceasing Top"}],"event_choices":[{"damage_healed":0.0,"max_hp_gain":0.0,"max_hp_loss":0.0,"gold_gain":275.0,"event_name":"Golden Shrine","player_choice":"Desecrate","floor":3.0,"gold_loss":0.0,"damage_taken":0.0,"cards_obtained":["Regret"]},{"damage_healed":0.0,"max_hp_gain":0.0,"max_hp_loss":0.0,"gold_gain":0.0,"event_name":"Upgrade Shrine","player_choice":"Upgraded","floor":12.0,"gold_loss":0.0,"damage_taken":0.0,"cards_upgraded":["Zap"]},{"damage_healed":0.0,"max_hp_gain":0.0,"max_hp_loss":0.0,"gold_gain":0.0,"event_name":"Addict","player_choice":"Obtained Relic","floor":22.0,"gold_loss":85.0,"damage_taken":0.0,"relics_obtained":["DataDisk"]}],"is_beta":false,"boss_relics":[{"not_picked":["Sozu","Busted Crown"],"picked":"Calling Bell"}],"items_purged_floors":[2,4,20],"is_endless":false,"potions_floor_spawned":[5,6,8,19],"killed_by":"Book of Stabbing","ascension_level":16}}