{"host":"3h5qf14xt40jhha0","time":1610175313,"event":{"mods":["AlwaysNeverKeys","BaseMod","Colored Powertips","Minty Spire (QoL Compilation)","Permanent Neow","Relic Stats","StSLib"],"gold_per_floor":[110,23,23,23,38,38,69,83,83,83,8,8,42,42,42,137,137,157,182,97,16,16,16,36,69,139,139,179,179,218,143,143,242,242,258,258,44,69,1068,1109,1123,1164,1237,1277,1277,1290,442,467,467,467,467,467,467,8,43,43],"floor_reached":57,"playtime":3195,"items_purged":["Strike_G","Defend_G","Defend_G"],"score":3064,"play_id":"bfa794eb-d713-4ed6-9445-3ca1310a4d92","local_time":"20210109015513","is_ascension_mode":true,"campfire_choices":[{"data":"Blade Dance","floor":6,"key":"SMITH"},{"data":"Blade Dance","floor":12,"key":"SMITH"},{"data":"Accuracy","floor":15,"key":"SMITH"},{"data":"Blade Dance","floor":23,"key":"SMITH"},{"data":"Envenom","floor":29,"key":"SMITH"},{"data":"Neutralize","floor":32,"key":"SMITH"},{"floor":49,"key":"RECALL"},{"data":"Blade Dance","floor":53,"key":"SMITH"}],"circlet_count":0,"master_deck":["AscendersBane","Defend_G+1","Defend_G","Survivor","Neutralize+1","Blade Dance+1","Accuracy+1","Blade Dance+1","Blade Dance+1","Envenom+1","After Image","Finisher+1","Blade Dance+1","Leg Sweep","Dodge and Roll+1","Dodge and Roll+1","Blade Dance","Venomology+1","Calculated Gamble","Cloak And Dagger","Backflip","Accuracy","Terror","PiercingWail","After Image","Blur","Terror"],"relics":["SlaversCollar","Bag of Preparation","HornCleat","Bronze Scales","Sundial","Question Card","Golden Idol","Empty Cage","Boot","Omamori","Toy Ornithopter","Red Mask","Coffee Dripper","Anchor","Vajra","Orichalcum","The Courier","Tingsha","PreservedInsect","TungstenRod","TheAbacus","Akabeko","War Paint","Paper Crane","Frozen Eye","Oddly Smooth Stone"],"acts_visited":["Exordium","TheCity","TheBeyond","TheEnding"],"potions_floor_usage":[13,24,33,35,38,40,42,44,48,48,50,51,55,56,56],"damage_taken":[{"damage":2,"enemies":"Small Slimes","floor":1,"turns":4},{"damage":6,"enemies":"Cultist","floor":5,"turns":5},{"damage":15,"enemies":"3 Sentries","floor":7,"turns":7},{"damage":0,"enemies":"Jaw Worm","floor":8,"turns":3},{"damage":2,"enemies":"Lagavulin","floor":13,"turns":4},{"damage":6,"enemies":"Slime Boss","floor":16,"turns":5},{"damage":9,"enemies":"Spheric Guardian","floor":18,"turns":5},{"damage":0,"enemies":"Chosen","floor":19,"turns":2},{"damage":4,"enemies":"Shelled Parasite and Fungi","floor":24,"turns":4},{"damage":8,"enemies":"Book of Stabbing","floor":25,"turns":5},{"damage":0,"enemies":"Gremlin Leader","floor":28,"turns":6},{"damage":7,"enemies":"Masked Bandits","floor":30,"turns":4},{"damage":4,"enemies":"Automaton","floor":33,"turns":5},{"damage":2,"enemies":"3 Shapes","floor":35,"turns":2},{"damage":0,"enemies":"3 Darklings","floor":38,"turns":4},{"damage":0,"enemies":"Reptomancer","floor":40,"turns":5},{"damage":0,"enemies":"Jaw Worm Horde","floor":41,"turns":3},{"damage":0,"enemies":"Nemesis","floor":42,"turns":4},{"damage":0,"enemies":"Reptomancer","floor":44,"turns":3},{"damage":0,"enemies":"4 Shapes","floor":46,"turns":8},{"damage":1,"enemies":"Transient","floor":48,"turns":6},{"damage":16,"enemies":"Time Eater","floor":50,"turns":8},{"damage":16,"enemies":"Awakened One","floor":51,"turns":13},{"damage":0,"enemies":"Shield and Spear","floor":55,"turns":6},{"damage":13,"enemies":"The Heart","floor":56,"turns":9}],"seed_played":"-4000442528494778152","potions_obtained":[{"floor":5,"key":"SkillPotion"},{"floor":7,"key":"Weak Potion"},{"floor":19,"key":"Explosive Potion"},{"floor":30,"key":"PowerPotion"},{"floor":33,"key":"Energy Potion"},{"floor":48,"key":"DistilledChaos"}],"is_trial":false,"path_per_floor":["M","?","$","T","M","R","E","M","T","?","$","R","E","?","R","B",null,"M","M","?","$","?","R","M","E","T","?","E","R","?","?","R","B",null,"M","?","$","M","?","E","M","E","T","E","?","M","$","M","R","B","B",null,"R","$","E","B",null],"character_chosen":"THE_SILENT","items_purchased":["Leg Sweep","Cloak And Dagger","Anchor","PreservedInsect","TungstenRod","Terror","TheAbacus","Akabeko","War Paint","Paper Crane","Frozen Eye"],"campfire_rested":0,"item_purchase_floors":[21,37,37,47,47,47,47,47,47,54,54],"current_hp_per_floor":[57,57,57,57,51,51,36,36,36,29,29,29,27,27,27,21,50,41,41,41,41,41,41,37,29,29,29,29,29,22,22,22,23,51,54,54,54,59,59,60,60,60,60,60,60,60,60,59,59,44,33,53,53,53,58,60],"gold":43,"neow_bonus":"BOSS_RELIC","is_daily":false,"chose_seed":false,"campfire_upgraded":7,"win_rate":0.0,"timestamp":1610175313,"path_taken":["M","?","$","?","M","R","E","?","T","?","$","R","E","?","R","BOSS","M","M","?","$","?","R","M","E","T","?","E","R","?","?","R","BOSS","M","?","$","?","?","E","M","E","T","E","?","M","$","?","R","BOSS","BOSS","R","$","E","BOSS"],"items_purchased_type":["Card","Card","Relic","Relic","Relic","Card","Relic","Relic","Relic","Relic","Relic"],"build_version":"2020-12-22","purchased_purges":3,"victory":true,"max_hp_per_floor":[66,66,66,66,66,66,66,66,66,66,66,66,66,60,60,60,60,60,60,60,60,60,60,60,60,60,60,60,60,60,60,60,60,60,60,60,60,60,60,60,60,60,60,60,60,60,60,60,60,60,60,60,60,60,60,60],"relic_stats":{"counters":[25,130],"Golden Idol":183,"Tingsha":[36],"PreservedInsect":77,"Bag of Preparation":[48],"Orichalcum":[12],"War Paint":["Defend_G","Venomology"],"Question Card":17,"Boot":[82],"TheAbacus":[54],"Sundial":[14],"Bronze Scales":[418],"obtain_stats":[{"Vajra":40,"Bag of Preparation":2,"Empty Cage":17,"Boot":20,"Frozen Eye":54,"HornCleat":4,"TheAbacus":47,"Sundial":9,"Red Mask":30,"Ring of the Snake":0,"Golden Idol":14,"Oddly Smooth Stone":55,"Tingsha":44,"The Courier":43,"PreservedInsect":47,"Omamori":25,"Orichalcum":42,"War Paint":47,"Paper Crane":54,"Question Card":13,"Akabeko":47,"SlaversCollar":0,"Anchor":37,"Bronze Scales":7,"Coffee Dripper":34,"Toy Ornithopter":28,"TungstenRod":47},{"Vajra":16,"Bag of Preparation":1,"Empty Cage":6,"Boot":8,"Frozen Eye":23,"HornCleat":1,"TheAbacus":20,"Sundial":4,"Red Mask":12,"Ring of the Snake":0,"Golden Idol":5,"Oddly Smooth Stone":24,"Tingsha":19,"The Courier":18,"PreservedInsect":20,"Omamori":10,"Orichalcum":18,"War Paint":20,"Paper Crane":23,"Question Card":5,"Akabeko":20,"SlaversCollar":0,"Anchor":14,"Bronze Scales":3,"Coffee Dripper":13,"Toy Ornithopter":11,"TungstenRod":20},{"Vajra":70,"Bag of Preparation":4,"Empty Cage":28,"Boot":35,"Frozen Eye":115,"HornCleat":4,"TheAbacus":88,"Sundial":19,"Red Mask":54,"Ring of the Snake":0,"Golden Idol":23,"Oddly Smooth Stone":121,"Tingsha":80,"The Courier":77,"PreservedInsect":88,"Omamori":44,"Orichalcum":77,"War Paint":88,"Paper Crane":115,"Question Card":23,"Akabeko":88,"SlaversCollar":0,"Anchor":61,"Bronze Scales":16,"Coffee Dripper":59,"Toy Ornithopter":50,"TungstenRod":88}],"Toy Ornithopter":34,"TungstenRod":17},"card_choices":[{"not_picked":["Slice","Expertise"],"picked":"Blade Dance","floor":1},{"not_picked":["Deadly Poison","Crippling Poison"],"picked":"Accuracy","floor":5},{"not_picked":["Finisher","Bane"],"picked":"Blade Dance","floor":7},{"not_picked":["Masterful Stab","Dodge and Roll"],"picked":"Blade Dance","floor":8},{"not_picked":["Prepared","Quick Slash"],"picked":"Envenom","floor":13},{"not_picked":["Adrenaline","Tools of the Trade","Bullet Time"],"picked":"After Image","floor":16},{"not_picked":["Dagger Throw","Dagger Spray","Expertise"],"picked":"Finisher","floor":18},{"not_picked":["Slice","Bouncing Flask","Infinite Blades"],"picked":"Blade Dance","floor":19},{"not_picked":["Deadly Poison","Distraction","Poisoned Stab"],"picked":"Dodge and Roll+1","floor":24},{"not_picked":["Choke","Slice","Tools of the Trade"],"picked":"Dodge and Roll+1","floor":25},{"not_picked":["Flechettes","Dagger Spray","Setup","Prepared"],"picked":"SKIP","floor":28},{"not_picked":["Dagger Spray+1","Slice","Well Laid Plans"],"picked":"Blade Dance","floor":30},{"not_picked":["A Thousand Cuts","Glass Knife","Storm of Steel"],"picked":"Venomology","floor":33},{"not_picked":["Underhanded Strike","Bane","Dagger Throw"],"picked":"Calculated Gamble","floor":35},{"not_picked":["Deflect","Underhanded Strike","Crippling Poison"],"picked":"Backflip","floor":38},{"not_picked":["Dodge and Roll","Heel Hook","Endless Agony"],"picked":"Accuracy","floor":40},{"not_picked":["Endless Agony","Dagger Throw+1","Bane+1"],"picked":"Terror","floor":41},{"not_picked":["Dagger Throw","Riddle With Holes","Prepared"],"picked":"PiercingWail","floor":42},{"not_picked":["Blade Dance","Flying Knee","Deflect"],"picked":"After Image","floor":44},{"not_picked":["Dodge and Roll","Bouncing Flask","Well Laid Plans"],"picked":"Blur","floor":46},{"not_picked":["Flying Knee","Quick Slash+1","Dagger Spray","Infinite Blades+1"],"picked":"SKIP","floor":48},{"not_picked":["Finisher","Dagger Throw","Outmaneuver","Dagger Spray"],"picked":"SKIP","floor":55}],"player_experience":1279098,"relics_obtained":[{"floor":4,"key":"HornCleat"},{"floor":7,"key":"Bronze Scales"},{"floor":9,"key":"Sundial"},{"floor":13,"key":"Question Card"},{"floor":25,"key":"Omamori"},{"floor":28,"key":"Toy Ornithopter"},{"floor":30,"key":"Red Mask"},{"floor":40,"key":"Vajra"},{"floor":42,"key":"Orichalcum"},{"floor":43,"key":"The Courier"},{"floor":44,"key":"Tingsha"},{"floor":55,"key":"Oddly Smooth Stone"}],"event_choices":[{"damage_healed":0,"gold_gain":0,"player_choice":"Paid Gold","damage_taken":0,"relics_obtained":["Bag of Preparation"],"max_hp_gain":0,"max_hp_loss":0,"event_name":"WeMeetAgain","floor":2,"gold_loss":87},{"cards_removed":["Strike_G"],"damage_healed":0,"gold_gain":0,"player_choice":"Card Removal","damage_taken":7,"max_hp_gain":0,"max_hp_loss":0,"event_name":"Golden Wing","floor":10,"gold_loss":0},{"damage_healed":0,"gold_gain":0,"player_choice":"Lose Max HP","damage_taken":0,"relics_obtained":["Golden Idol"],"max_hp_gain":0,"max_hp_loss":6,"event_name":"Golden Idol","floor":14,"gold_loss":0},{"damage_healed":0,"gold_gain":0,"player_choice":"Obtained Relic","damage_taken":0,"relics_obtained":["Boot"],"max_hp_gain":0,"max_hp_loss":0,"event_name":"Addict","floor":20,"gold_loss":85},{"damage_healed":0,"gold_gain":0,"player_choice":"Ignored","damage_taken":0,"max_hp_gain":0,"max_hp_loss":0,"event_name":"The Mausoleum","floor":22,"gold_loss":0},{"damage_healed":0,"gold_gain":0,"player_choice":"Ignored","damage_taken":0,"max_hp_gain":0,"max_hp_loss":0,"event_name":"Ghosts","floor":27,"gold_loss":0},{"damage_healed":0,"gold_gain":0,"player_choice":"Fought Bandits","damage_taken":0,"max_hp_gain":0,"max_hp_loss":0,"event_name":"Masked Bandits","floor":30,"gold_loss":0},{"cards_removed":["Strike_G"],"damage_healed":0,"gold_gain":0,"player_choice":"Gave Gold","damage_taken":0,"max_hp_gain":0,"max_hp_loss":0,"event_name":"Beggar","floor":31,"gold_loss":75},{"damage_healed":0,"gold_gain":0,"player_choice":"Upgraded","damage_taken":0,"max_hp_gain":0,"max_hp_loss":0,"event_name":"Upgrade Shrine","floor":36,"gold_loss":0,"cards_upgraded":["Finisher"]},{"damage_healed":0,"gold_gain":999,"player_choice":"Gold","damage_taken":0,"max_hp_gain":0,"max_hp_loss":0,"event_name":"MindBloom","floor":39,"gold_loss":0,"cards_obtained":["Normality","Normality"]},{"cards_removed":["Defend_G"],"damage_healed":0,"gold_gain":0,"player_choice":"Purged","damage_taken":0,"max_hp_gain":0,"max_hp_loss":0,"event_name":"Purifier","floor":45,"gold_loss":0}],"is_beta":false,"boss_relics":[{"not_picked":["Fusion Hammer","Tiny House"],"picked":"Empty Cage"},{"not_picked":["Black Star","HoveringKite"],"picked":"Coffee Dripper"}],"items_purged_floors":[11,47,54],"is_endless":false,"potions_floor_spawned":[5,7,19,30,33,35,40,46,48],"ascension_level":20}}