{"host":"qojc688juf5ijsln","time":1610161775,"event":{"mods":["AchievementEnabler","BaseMod","BetterRewards","Colored Powertips","Highlight Path","Minty Spire (QoL Compilation)","Quick Restart","Shop Mod","StSLib"],"gold_per_floor":[115,135,85,85,104,442,466,466,466,497,497,521,521,546,546,677,677,691,706,725,725,725,725,725,725],"floor_reached":24,"playtime":1534,"items_purged":["Strike_B"],"score":218,"play_id":"2b82257a-21e7-4569-87b9-295560045d0b","local_time":"20210109110935","is_ascension_mode":true,"campfire_choices":[{"floor":8.0,"key":"REST"},{"floor":11.0,"key":"REST"},{"data":"Loop","floor":15.0,"key":"SMITH"},{"data":"Redo","floor":23,"key":"SMITH"}],"circlet_count":0,"master_deck":["Strike_B","Defend_B","Defend_B","Defend_B","Defend_B","Zap","Dualcast","Capacitor","Blizzard","Redo+1","Loop+1","Redo","Redo","Machine Learning","Blizzard","Coolheaded","Writhe"],"relics":["FrozenCore","Calipers","Incense Burner","Golden Idol","Old Coin","Mummified Hand","Meat on the Bone","Anchor"],"acts_visited":["Exordium","TheCity"],"potions_floor_usage":[20],"damage_taken":[{"damage":1.0,"enemies":"Jaw Worm","floor":1.0,"turns":3.0},{"damage":0.0,"enemies":"Small Slimes","floor":2.0,"turns":3.0},{"damage":2.0,"enemies":"2 Louse","floor":5.0,"turns":2.0},{"damage":33.0,"enemies":"Lagavulin","floor":6.0,"turns":9.0},{"damage":5.0,"enemies":"Lots of Slimes","floor":7.0,"turns":4.0},{"damage":37.0,"enemies":"Gremlin Nob","floor":10.0,"turns":6.0},{"damage":8.0,"enemies":"Red Slaver","floor":12.0,"turns":3.0},{"damage":12.0,"enemies":"3 Louse","floor":14.0,"turns":3.0},{"damage":12.0,"enemies":"The Guardian","floor":16.0,"turns":8.0},{"damage":7.0,"enemies":"Chosen","floor":18.0,"turns":11.0},{"damage":6.0,"enemies":"Spheric Guardian","floor":19.0,"turns":5.0},{"damage":18,"enemies":"Cultist and Chosen","floor":20,"turns":8},{"damage":48,"enemies":"Gremlin Leader","floor":24,"turns":4}],"seed_played":"-666432690158963895","potions_obtained":[{"floor":2.0,"key":"PotionOfCapacity"},{"floor":5.0,"key":"FearPotion"},{"floor":6.0,"key":"PowerPotion"},{"floor":12.0,"key":"FocusPotion"},{"floor":14.0,"key":"PowerPotion"},{"floor":18.0,"key":"Ancient Potion"},{"floor":19.0,"key":"LiquidBronze"}],"is_trial":false,"path_per_floor":["M","M","?","?","M","E","M","R","T","E","R","M","?","M","R","B",null,"M","M","M","T","?","R","E"],"character_chosen":"DEFECT","items_purchased":["Capacitor","Blizzard"],"campfire_rested":2,"item_purchase_floors":[0,0],"current_hp_per_floor":[74,74,74,69,67,34,29,49,49,12,32,36,36,36,36,36,69,62,56,38,38,38,38,0,0],"gold":725,"neow_bonus":"","is_daily":false,"chose_seed":false,"campfire_upgraded":2,"win_rate":0.0,"timestamp":1610161775,"path_taken":["M","M","?","?","M","E","M","R","T","E","R","M","?","M","R","BOSS","M","?","M","?","?","R","E"],"items_purchased_type":["Card","Card"],"build_version":"2020-12-22","purchased_purges":1,"victory":false,"max_hp_per_floor":[75,75,75,69,69,69,69,69,69,69,69,69,69,69,69,69,69,69,69,69,69,69,69,69,69],"card_choices":[{"not_picked":["Sweeping Beam","Gash"],"picked":"Redo","floor":1.0},{"not_picked":["Chill","Steam"],"picked":"Loop","floor":2.0},{"not_picked":["Meteor Strike","Streamline"],"picked":"Redo","floor":5.0},{"not_picked":["Conserve Battery","Rebound","Leap"],"picked":"SKIP","floor":6.0},{"not_picked":["Stack","Steam Power"],"picked":"Redo","floor":7.0},{"not_picked":["All For One","Barrage","Buffer"],"picked":"SKIP","floor":10.0},{"not_picked":["Scrape","Chaos","Stack"],"picked":"SKIP","floor":12.0},{"not_picked":["Compile Driver","Undo","Stack"],"picked":"SKIP","floor":14.0},{"not_picked":["Reboot","Rainbow"],"picked":"Machine Learning","floor":16.0},{"not_picked":["Reinforced Body","Turbo+1"],"picked":"Blizzard","floor":18.0},{"not_picked":["Tempest","Conserve Battery","Turbo+1"],"picked":"SKIP","floor":19.0},{"not_picked":["Hologram","Blizzard"],"picked":"Coolheaded","floor":20}],"player_experience":120002,"relics_obtained":[{"floor":6.0,"key":"Old Coin"},{"floor":9.0,"key":"Mummified Hand"},{"floor":10.0,"key":"Meat on the Bone"}],"event_choices":[{"cards_removed":["Strike_B"],"damage_healed":0.0,"max_hp_gain":0.0,"max_hp_loss":0.0,"gold_gain":0.0,"event_name":"The Cleric","player_choice":"Card Removal","floor":3.0,"gold_loss":50.0,"damage_taken":0.0},{"damage_healed":0.0,"max_hp_gain":0.0,"max_hp_loss":6.0,"gold_gain":0.0,"event_name":"Golden Idol","player_choice":"Lose Max HP","floor":4.0,"gold_loss":0.0,"damage_taken":0.0,"relics_obtained":["Golden Idol"]},{"cards_removed":["Strike_B"],"damage_healed":0.0,"max_hp_gain":0.0,"max_hp_loss":0.0,"gold_gain":0.0,"event_name":"Purifier","player_choice":"Purged","floor":13.0,"gold_loss":0.0,"damage_taken":0.0},{"damage_healed":0,"gold_gain":0,"player_choice":"Opened","damage_taken":0,"relics_obtained":["Anchor"],"max_hp_gain":0,"max_hp_loss":0,"event_name":"The Mausoleum","floor":22,"gold_loss":0,"cards_obtained":["Writhe"]}],"is_beta":false,"boss_relics":[{"not_picked":["Tiny House","Astrolabe"],"picked":"FrozenCore"}],"items_purged_floors":[0],"is_endless":false,"potions_floor_spawned":[2,5,6,12,14,18,19],"killed_by":"Gremlin Leader","ascension_level":1}}