{"host":"6vv0uythevi5qk1w","time":1610172219,"event":{"mods":["ATMod(°¢èªMod)","Act Like it!","BaseMod","Gensokyo","Minty Spire (QoL Compilation)","Replay The Spire","StSLib"],"gold_per_floor":[116,16,32,89,89,122,139,171,171,171,171,186,196,214,4,16,16,138,138,175,190,190,202,53,78,182,182,182,186,186,217,9,9,9,141,141,196,196,196,196,20,50,50,82,150,150,192,192,228,267,267,605,605,605,197,264,320],"floor_reached":58,"playtime":5773,"items_purged":["Gensokyo:AllTheWorldsEvil"],"score":2165,"play_id":"bf315ee2-1492-4574-a6bd-4ee3fc19860f","local_time":"20210109140339","is_ascension_mode":true,"campfire_choices":[{"floor":17.0,"key":"DIG"},{"data":"AT_RealFormLess","floor":27.0,"key":"SMITH"},{"data":"Wraith Form v2","floor":30.0,"key":"SMITH"},{"floor":34.0,"key":"RECALL"},{"data":"MasterReality","floor":43.0,"key":"SMITH"},{"data":"ReplayTheSpireMod:Omega Cannon","floor":43.0,"key":"SMITH"},{"data":"Scrawl","floor":46.0,"key":"SMITH"},{"data":"Buffer","floor":46.0,"key":"SMITH"},{"data":"Biased Cognition","floor":48.0,"key":"SMITH"},{"data":"Zap","floor":48.0,"key":"SMITH"},{"data":"Defend_B","floor":51.0,"key":"SMITH"},{"data":"Defend_B","floor":51.0,"key":"SMITH"},{"floor":54.0,"key":"REST"}],"circlet_count":0,"master_deck":["AscendersBane","Defend_B+1","Zap+1","AT_RealFormLess+1","ReplayTheSpireMod:Omega Cannon+1","Scrawl+1","Chill","Wraith Form v2+1","Voices","Acrobatics+1","MasterReality+1","ReplayReversal+1","CommonCold","Buffer+1","Gensokyo:LifeSpringInfinity+1","Blizzard+1","Havoc+1","Biased Cognition+1","Heatsinks+1","Go for the Eyes+1","Consume","Master of Strategy","Storm","BootSequence"],"relics":["AT_ATBox","Replay:Drink Me","Gremlin Horn","AT_ImmortalShieldbow","Bronze Scales","StoneCalendar","Blue Candle","PrismaticShard","Ancient Tea Set","Cursed Key","Thread and Needle","AT_RedNoBalance","Art of War","Replay:Bandana","Molten Egg 2","OrangePellets","Gensokyo:ChorusOfJoy","Calling Bell","Boot","Replay:PocketPolymizer","ReplayTheSpireMod:Ninjato","Gensokyo:TheCrow","TheAbacus","Replay:Arrowhead","AT_TimeSand","AT_RedTearstoneRing","ReplayTheSpireMod:TigerMarble","Mirror"],"acts_visited":["Exordium","Gensokyo:Gensokyo","Gensokyo:Gensokyoer","TheEnding"],"potions_floor_usage":[57,57],"damage_taken":[{"damage":0.0,"enemies":"Gensokyo:Gryphon","floor":1.0,"turns":3.0},{"damage":15.0,"enemies":"Gensokyo:Python","floor":3.0,"turns":4.0},{"damage":0.0,"enemies":"Gensokyo:Cirno","floor":6.0,"turns":4.0},{"damage":0.0,"enemies":"Gensokyo:2_Kodama","floor":7.0,"turns":1.0},{"damage":2.0,"enemies":"Gensokyo:Aya","floor":8.0,"turns":5.0},{"damage":22.0,"enemies":"Gensokyo:2_Rabbits","floor":12.0,"turns":5.0},{"damage":4.0,"enemies":"Gensokyo:CorruptedTreant","floor":13.0,"turns":5.0},{"damage":7.0,"enemies":"Gensokyo:Kitsune","floor":14.0,"turns":3.0},{"damage":7.0,"enemies":"Gensokyo:3_Kodama","floor":16.0,"turns":3.0},{"damage":18.0,"enemies":"Gensokyo:Reimu","floor":18.0,"turns":8.0},{"damage":35.0,"enemies":"Gensokyo:AngelMirror","floor":20.0,"turns":4.0},{"damage":30.0,"enemies":"Gensokyo:CosmicMonolith","floor":21.0,"turns":4.0},{"damage":15.0,"enemies":"Gensokyo:Slime_Group","floor":23.0,"turns":3.0},{"damage":0.0,"enemies":"Gensokyo:Reisen","floor":25.0,"turns":2.0},{"damage":0.0,"enemies":"Gensokyo:Chomper_and_Gloop","floor":26.0,"turns":3.0},{"damage":1.0,"enemies":"Gensokyo:Koishi","floor":29.0,"turns":3.0},{"damage":0.0,"enemies":"Gensokyo:3_Gloops","floor":31.0,"turns":2.0},{"damage":0.0,"enemies":"Gensokyo:Eiki","floor":35.0,"turns":7.0},{"damage":0.0,"enemies":"Gensokyo:3_Bats","floor":37.0,"turns":2.0},{"damage":2.0,"enemies":"Gensokyo:Kasen","floor":42.0,"turns":5.0},{"damage":15.0,"enemies":"Gensokyo:Kasen","floor":44.0,"turns":6.0},{"damage":0.0,"enemies":"Gensokyo:AncientGuardian","floor":47.0,"turns":3.0},{"damage":2.0,"enemies":"Gensokyo:Doremy","floor":49.0,"turns":4.0},{"damage":0.0,"enemies":"Gensokyo:SeedOfUnknown","floor":50.0,"turns":3.0},{"damage":2.0,"enemies":"Gensokyo:Scarlet_Devils","floor":52.0,"turns":3.0},{"damage":0,"enemies":"Shield and Spear","floor":56,"turns":2},{"damage":1,"enemies":"The Heart","floor":57,"turns":4}],"seed_played":"8646973104987663055","potions_obtained":[{"floor":4.0,"key":"Languid Potion"},{"floor":6.0,"key":"PowerPotion"},{"floor":13.0,"key":"Regen Potion"},{"floor":14.0,"key":"Explosive Potion"},{"floor":21.0,"key":"SteroidPotion"},{"floor":23.0,"key":"SteroidPotion"},{"floor":31.0,"key":"LiquidMemories"},{"floor":49.0,"key":"SkillPotion"}],"is_trial":false,"path_per_floor":["M","?","M","?","?","E","M","E","T","PTL","PTL","M","M","M","COS","M","R","B",null,"M","M","?","M","$","E","M","R","T","E","R","M","COS","?","R","B",null,"M","T","$","?","COS","E","R","?","T","R","M","R","E","M","R","B",null,"R","$","E","B",null],"character_chosen":"DEFECT","items_purchased":["Art of War","Master of Strategy","Storm","BootSequence"],"campfire_rested":1,"item_purchase_floors":[24,55,55,55],"current_hp_per_floor":[57,57,42,20,20,20,20,18,18,18,18,8,15,20,20,39,39,36,52,35,11,11,14,14,26,26,26,26,25,25,26,26,26,26,26,46,26,26,26,26,26,24,24,24,24,24,24,24,22,22,22,20,45,53,53,53,52],"gold":320,"neow_bonus":"BOSS_RELIC","is_daily":false,"chose_seed":false,"campfire_upgraded":10,"win_rate":0.0,"timestamp":1610172219,"path_taken":["M","?","M","?","?","E","M","E","T","PTL","PTL","M","M","M","COS","M","R","BOSS","M","?","?","M","?","E","M","R","T","E","M","M","COS","?","R","BOSS","M","?","?","?","COS","E","R","?","T","R","M","R","E","M","R","BOSS","R","$","E","BOSS"],"items_purchased_type":["Relic","Card","Card","Card"],"build_version":"2020-12-22","purchased_purges":1,"victory":true,"max_hp_per_floor":[57,57,57,57,57,57,57,57,57,57,57,57,57,57,57,57,57,57,57,57,57,53,53,53,53,53,53,53,53,53,53,53,53,53,53,53,53,53,53,53,53,53,53,53,53,53,53,53,53,53,53,53,53,53,53,53,53],"card_choices":[{"not_picked":["Cold Snap","BasicCrystalCard","Genetic Algorithm"],"picked":"SKIP","floor":1.0},{"not_picked":["Gash","AT_ThunderBolt","Compile Driver"],"picked":"SKIP","floor":3.0},{"not_picked":["BasicCrystalCard","Stack"],"picked":"ReplayTheSpireMod:Omega Cannon","floor":6.0},{"not_picked":["Ball Lightning","Fusion","Compile Driver"],"picked":"SKIP","floor":7.0},{"not_picked":["Chaos","AT_HeatAcrobatics","Rainbow"],"picked":"SKIP","floor":8.0},{"not_picked":["Sweeping Beam","Coolheaded","Leap"],"picked":"SKIP","floor":12.0},{"not_picked":["Streamline","Rip and Tear","Double Energy"],"picked":"SKIP","floor":13.0},{"not_picked":["Sunder","Sweeping Beam","BasicCrystalCard"],"picked":"SKIP","floor":14.0},{"not_picked":["Body Slam","Streamline","Steam Power"],"picked":"SKIP","floor":16.0},{"not_picked":["Offering","Chrysalis"],"picked":"Scrawl","floor":18.0},{"not_picked":["Sweeping Beam","Bane","Wild Strike"],"picked":"SKIP","floor":20.0},{"not_picked":["Blade Dance","Rebound"],"picked":"Chill","floor":21.0},{"not_picked":["Outmaneuver","Burning Pact","Consume"],"picked":"SKIP","floor":23.0},{"not_picked":["FlurryOfBlows","Cold Snap"],"picked":"Wraith Form v2","floor":25.0},{"not_picked":["Inflame","FollowUp+1","Acrobatics"],"picked":"SKIP","floor":26.0},{"not_picked":["Meditate","Poisoned Stab+1"],"picked":"Acrobatics+1","floor":31.0},{"not_picked":["ReplayTheSpireMod:Brewmster","All For One+1"],"picked":"MasterReality","floor":35.0},{"not_picked":["ReplayTheSpireMod:Tripwire+1","Steam"],"picked":"ReplayReversal+1","floor":37.0},{"not_picked":["Good Instincts","Hidden Blade+1","Wallop+1"],"picked":"SKIP","floor":42.0},{"not_picked":["Gensokyo:UnlikelyAid+1","Gensokyo:DreamlikeParadise+1"],"picked":"Gensokyo:LifeSpringInfinity+1","floor":44.0},{"not_picked":["Panic Button+1","Bouncing Flask+1"],"picked":"Havoc+1","floor":47.0},{"not_picked":["PiercingWail","SpiritShield","Steam"],"picked":"SKIP","floor":49.0},{"not_picked":["Combust","Steam"],"picked":"Heatsinks+1","floor":50.0},{"not_picked":["Body Slam+1","Carnage+1","ReplayTheSpireMod:Uncanny Aura"],"picked":"SKIP","floor":56}],"player_experience":348989,"relics_obtained":[{"floor":4.0,"key":"AT_ImmortalShieldbow"},{"floor":6.0,"key":"Bronze Scales"},{"floor":8.0,"key":"StoneCalendar"},{"floor":9.0,"key":"Blue Candle"},{"floor":17.0,"key":"Ancient Tea Set"},{"floor":25.0,"key":"Replay:Bandana"},{"floor":28.0,"key":"Molten Egg 2"},{"floor":36.0,"key":"Boot"},{"floor":36.0,"key":"Replay:PocketPolymizer"},{"floor":36.0,"key":"ReplayTheSpireMod:Ninjato"},{"floor":42.0,"key":"Replay:Arrowhead"},{"floor":45.0,"key":"AT_TimeSand"},{"floor":49.0,"key":"ReplayTheSpireMod:TigerMarble"},{"floor":56,"key":"Mirror"}],"event_choices":[],"is_beta":false,"boss_relics":[{"not_picked":["Ring of Chaos","Pandora\u0027s Box"],"picked":"Cursed Key"},{"not_picked":["ReplayTheSpireMod:DimensionalGlitch","Runic Dome"],"picked":"Calling Bell"}],"items_purged_floors":[55],"is_endless":false,"potions_floor_spawned":[6,8,13,14,18,21,23,29,31,42,49],"ascension_level":11}}