{"host":"dyggtcpod2kd5hqt","time":1610167837,"event":{"mods":["2.2 Compatiblity","AchievementEnabler","BaseMod","Bestiary","Block Reminder","Colored Map","Colored Powertips","Minty Spire (QoL Compilation)","Quick Restart","Rare Cards Sparkle","Relic Stats","Unknown Chances"],"gold_per_floor":[110,185,185,161,180,205,205,231,231,241,251,96,124,124,124,124,124],"floor_reached":16,"playtime":2713,"items_purged":[],"score":207,"play_id":"0e9aee67-9d9e-46cc-bdc7-b3fdc6a9f2de","local_time":"20210108235037","is_ascension_mode":true,"campfire_choices":[{"data":"Defragment","floor":7,"key":"SMITH"},{"floor":15,"key":"REST"}],"circlet_count":0,"master_deck":["Strike_B","Strike_B","Strike_B","Defend_B","Defend_B","Defend_B","Defend_B","Zap","Dualcast","Defragment+1","Sweeping Beam","Sunder","Gash","Streamline","Beam Cell","Conserve Battery","Storm+1","Panacea","Reprogram","Thunder Strike"],"relics":["Cracked Core","NeowsBlessing","Calipers","PreservedInsect","Gremlin Horn","Frozen Egg 2","Singing Bowl"],"acts_visited":["Exordium"],"potions_floor_usage":[16],"damage_taken":[{"damage":0,"enemies":"Small Slimes","floor":1,"turns":1},{"damage":0,"enemies":"Jaw Worm","floor":5,"turns":1},{"damage":0,"enemies":"Lagavulin","floor":6,"turns":1},{"damage":8,"enemies":"Gremlin Nob","floor":8,"turns":3},{"damage":0,"enemies":"Cultist","floor":10,"turns":2},{"damage":22,"enemies":"Exordium Wildlife","floor":11,"turns":3},{"damage":12,"enemies":"3 Sentries","floor":13,"turns":4},{"damage":53,"enemies":"Hexaghost","floor":16,"turns":7}],"seed_played":"1030587316553756430","potions_obtained":[{"floor":1,"key":"EssenceOfDarkness"},{"floor":13,"key":"Regen Potion"}],"is_trial":false,"path_per_floor":["M","?","?","$","M","E","R","E","T","M","M","$","E","?","R","B"],"character_chosen":"DEFECT","items_purchased":["Sweeping Beam","Storm+1","Panacea"],"campfire_rested":1,"item_purchase_floors":[4,12,12],"current_hp_per_floor":[68,57,57,57,57,57,57,49,49,49,27,27,15,15,37,0,0],"gold":124,"neow_bonus":"THREE_ENEMY_KILL","is_daily":false,"chose_seed":false,"campfire_upgraded":1,"win_rate":0.0,"timestamp":1610167837,"path_taken":["M","?","?","$","M","E","R","E","T","M","?","$","E","?","R","BOSS"],"items_purchased_type":["Card","Card","Card"],"build_version":"2020-12-22","purchased_purges":0,"victory":false,"max_hp_per_floor":[75,75,75,75,75,75,75,75,75,75,75,75,75,75,75,75,75],"relic_stats":{"Gremlin Horn":[3,3],"Singing Bowl":0,"counters":[8,22],"PreservedInsect":55,"obtain_stats":[{"Calipers":3,"NeowsBlessing":0,"Gremlin Horn":8,"Singing Bowl":13,"PreservedInsect":6,"Frozen Egg 2":9,"Cracked Core":0},{"Calipers":1,"NeowsBlessing":0,"Gremlin Horn":4,"Singing Bowl":7,"PreservedInsect":3,"Frozen Egg 2":4,"Cracked Core":0},{"Calipers":1,"NeowsBlessing":0,"Gremlin Horn":6,"Singing Bowl":15,"PreservedInsect":3,"Frozen Egg 2":6,"Cracked Core":0}]},"card_choices":[{"not_picked":["Skim","Beam Cell"],"picked":"Defragment","floor":1},{"not_picked":["Rebound","Genetic Algorithm"],"picked":"Sunder","floor":5},{"not_picked":["Steam","Melter"],"picked":"Gash","floor":6},{"not_picked":["Meteor Strike","Leap"],"picked":"Streamline","floor":8},{"not_picked":["Barrage","Steam Power"],"picked":"Beam Cell","floor":10},{"not_picked":["Redo","Rebound"],"picked":"Conserve Battery","floor":11},{"not_picked":["Streamline","Machine Learning+1"],"picked":"Reprogram","floor":13}],"player_experience":570348,"relics_obtained":[{"floor":6,"key":"PreservedInsect"},{"floor":8,"key":"Gremlin Horn"},{"floor":9,"key":"Frozen Egg 2"},{"floor":13,"key":"Singing Bowl"}],"event_choices":[{"damage_healed":0,"gold_gain":75,"player_choice":"Gather Gold","damage_taken":11,"max_hp_gain":0,"max_hp_loss":0,"event_name":"World of Goop","floor":2,"gold_loss":0},{"damage_healed":0,"gold_gain":0,"player_choice":"Gave Potion","damage_taken":0,"relics_obtained":["Calipers"],"max_hp_gain":0,"max_hp_loss":0,"event_name":"WeMeetAgain","floor":3,"gold_loss":0},{"damage_healed":0,"gold_gain":0,"cards_transformed":["Strike_B"],"player_choice":"Transformed","damage_taken":0,"max_hp_gain":0,"max_hp_loss":0,"event_name":"Transmorgrifier","floor":14,"gold_loss":0,"cards_obtained":["Thunder Strike"]}],"is_beta":false,"boss_relics":[],"items_purged_floors":[],"is_endless":false,"potions_floor_spawned":[1,13],"killed_by":"Hexaghost","ascension_level":9}}