{"host":"oqzvrvdjimp5tr2r","time":1610165016,"event":{"mods":["Aspiration","BaseMod","Colored Map","Colored Powertips","DeckTracker","Downfall","Highlight Path","Hubris","Infinite Spire","Minty Spire (QoL Compilation)","Quick Restart","Random Character Button","Relic Sorter","Replay The Spire","StSLib","SuperFastMode","Synergy Search","The Cursed","The Disciple","The Jungle","The Runesmith"],"gold_per_floor":[118,118,70,82,93,118,134,134,134,134,9,65,65,15,15,15,15],"floor_reached":16,"playtime":1468,"items_purged":[],"score":98,"play_id":"daf61bac-7a38-44ce-891f-526d74e1c4bb","local_time":"20210108210336","daily_mods":["SealedDeck","Elite Swarm"],"is_ascension_mode":false,"campfire_choices":[{"floor":8,"key":"REST"},{"floor":10,"key":"DIG"},{"floor":13,"key":"DIG"},{"floor":15,"key":"DIG"}],"circlet_count":0,"master_deck":["Allegro","Rallentando","Allegro","HandsUpB","AlternateTimeline","ResonantCall","LockedMedicine","HandsUpC","BeatsPerMinute","LockedBlood","LockedAnchor","LockedMercury","LockedThread","HandsUpB","HandsUpC","CrunchTime","Allegro","OldTimer","ExoVibe","Specialist","WatchCommand"],"relics":["Chronometer","hubris:Icosahedron","TungstenRod","Shovel","infinitespire:WardingShard","Centennial Puzzle","aspiration:HummingbirdHeart"],"acts_visited":["Exordium"],"potions_floor_usage":[16,16],"damage_taken":[{"damage":16,"enemies":"Jaw Worm","floor":1,"turns":6},{"damage":3,"enemies":"Cultist","floor":4,"turns":4},{"damage":0,"enemies":"2 Louse","floor":5,"turns":2},{"damage":42,"enemies":"3 Sentries","floor":6,"turns":7},{"damage":6,"enemies":"Blue Slaver","floor":7,"turns":3},{"damage":37,"enemies":"Slime Boss","floor":16,"turns":11}],"seed_played":"-205819948540741363","potions_obtained":[{"floor":5,"key":"Block Potion"},{"floor":7,"key":"Fire Potion"}],"is_trial":true,"path_per_floor":["M","?","$","M","M","E","M","R","T","R","$","?","R","$","R","B"],"character_chosen":"CHRONO_CLASS","items_purchased":["HandsUpC","Specialist","WatchCommand","Weak Potion"],"campfire_rested":1,"item_purchase_floors":[3,11,11,14],"current_hp_per_floor":[55,55,55,54,54,18,14,33,33,33,33,33,33,33,33,0,0],"gold":15,"neow_bonus":"","is_daily":false,"chose_seed":false,"campfire_upgraded":0,"win_rate":0.0,"timestamp":1610165016,"path_taken":["M","?","?","M","M","E","M","R","T","R","$","?","R","?","R","BOSS"],"items_purchased_type":["Card","Card","Card","Potion"],"build_version":"2020-12-22","purchased_purges":0,"victory":false,"max_hp_per_floor":[65,65,65,65,65,65,65,65,65,65,65,65,65,65,65,65,65],"card_choices":[{"not_picked":["AlternateTimeline","LockedAnchor"],"picked":"HandsUpB","floor":1},{"not_picked":["Facsimile","Echoward"],"picked":"CrunchTime","floor":4},{"not_picked":["Cuckoo","LockedTurtyl"],"picked":"Tempo","floor":5},{"not_picked":["OverTime","BackFourSeconds"],"picked":"OldTimer","floor":6},{"not_picked":["LockedWarPaint","ReapSow"],"picked":"ExoVibe","floor":7}],"player_experience":9538,"relics_obtained":[{"floor":6,"key":"TungstenRod"},{"floor":9,"key":"Shovel"},{"floor":10,"key":"infinitespire:WardingShard"},{"floor":13,"key":"Centennial Puzzle"},{"floor":15,"key":"aspiration:HummingbirdHeart"}],"event_choices":[{"damage_healed":0,"gold_gain":56,"player_choice":"Gained Gold","damage_taken":0,"max_hp_gain":0,"max_hp_loss":0,"event_name":"Golden Wing","floor":12,"gold_loss":0}],"is_beta":false,"boss_relics":[],"items_purged_floors":[],"is_endless":false,"potions_floor_spawned":[5,7],"killed_by":"Slime Boss","ascension_level":0}}