{"host":"rolltorest","time":1610187197,"event":{"mods":["BaseMod","Minty Spire (QoL Compilation)","Relic Stats","Robot Space Explorer","Slay the Relics Exporter","StSLib"],"gold_per_floor":[112,82,99,109,109,143,160,160,160,0,0,0,29,41,41,119,119,137,62,62,62,77,105,15,15,15,42,59,59,76,176,176,250,250,270,270,288,304,317,349,349,379,403,428,448,100,100,152,152,152,152,152,27,60,60,60],"floor_reached":55,"playtime":1949,"items_purged":["RobotSpaceExplorer:Strike","RobotSpaceExplorer:Strike","RobotSpaceExplorer:Strike"],"score":1573,"play_id":"7da0a001-4b38-4ec9-ac8a-e8ce7d7ffa78","local_time":"20210109021317","is_ascension_mode":true,"campfire_choices":[{"data":"RobotSpaceExplorer:Blitz","floor":8,"key":"SMITH"},{"data":"RobotSpaceExplorer:Fix","floor":12,"key":"SMITH"},{"data":"RobotSpaceExplorer:TurboDodge","floor":15,"key":"SMITH"},{"floor":29,"key":"REST"},{"data":"RobotSpaceExplorer:Explosion","floor":32,"key":"SMITH"},{"data":"RobotSpaceExplorer:Blitz","floor":41,"key":"SMITH"},{"floor":49,"key":"RECALL"},{"data":"RobotSpaceExplorer:Blitz","floor":52,"key":"SMITH"}],"circlet_count":0,"master_deck":["AscendersBane","RobotSpaceExplorer:Defend","RobotSpaceExplorer:Defend","RobotSpaceExplorer:Defend","RobotSpaceExplorer:Defend","RobotSpaceExplorer:Scan","RobotSpaceExplorer:MiniLasers","RobotSpaceExplorer:Blitz+1","RobotSpaceExplorer:SurgingStrike","RobotSpaceExplorer:Fix+1","RobotSpaceExplorer:TurboDodge+1","RobotSpaceExplorer:FrostMissile","RobotSpaceExplorer:Explosion+1","RobotSpaceExplorer:SurgingShield","RobotSpaceExplorer:HighVoltage","RobotSpaceExplorer:Electroshield+1","RobotSpaceExplorer:Blitz+1","RobotSpaceExplorer:TrailblazerForm","RobotSpaceExplorer:FreezingShield+1","RobotSpaceExplorer:GearShield","RobotSpaceExplorer:SelfCleaning","RobotSpaceExplorer:Discharger","RobotSpaceExplorer:Blitz+1","RobotSpaceExplorer:Counterblock+1"],"relics":["RobotSpaceExplorer:RoboCore","NeowsBlessing","MealTicket","Mercury Hourglass","Omamori","Unceasing Top","Philosopher\u0027s Stone","Singing Bowl","Necronomicon","Blue Candle","Ornamental Fan","InkBottle","Gremlin Horn","Calipers","Matryoshka","Runic Dome","Boot","Bottled Lightning","RobotSpaceExplorer:PlasmaHourglass","Lizard Tail","Bronze Scales","Ginger","Bag of Marbles"],"acts_visited":["Exordium","TheCity","TheBeyond","TheEnding"],"potions_floor_usage":[6,13,16,22,23,27,40,44,55],"damage_taken":[{"damage":0,"enemies":"Jaw Worm","floor":1,"turns":1},{"damage":0,"enemies":"Cultist","floor":3,"turns":1},{"damage":0,"enemies":"2 Louse","floor":4,"turns":1},{"damage":60,"enemies":"Lagavulin","floor":6,"turns":9},{"damage":6,"enemies":"Exordium Thugs","floor":7,"turns":6},{"damage":0,"enemies":"3 Sentries","floor":13,"turns":6},{"damage":6,"enemies":"Looter","floor":14,"turns":3},{"damage":9,"enemies":"The Guardian","floor":16,"turns":13},{"damage":14,"enemies":"2 Thieves","floor":18,"turns":4},{"damage":41,"enemies":"3 Byrds","floor":22,"turns":3},{"damage":6,"enemies":"Slavers","floor":23,"turns":3},{"damage":6,"enemies":"Gremlin Leader","floor":27,"turns":5},{"damage":10,"enemies":"Snake Plant","floor":28,"turns":3},{"damage":0,"enemies":"Centurion and Healer","floor":30,"turns":4},{"damage":0,"enemies":"Colosseum Slavers","floor":31,"turns":3},{"damage":0,"enemies":"Colosseum Nobs","floor":31,"turns":3},{"damage":0,"enemies":"Automaton","floor":33,"turns":7},{"damage":5,"enemies":"Orb Walker","floor":35,"turns":3},{"damage":15,"enemies":"3 Darklings","floor":37,"turns":3},{"damage":18,"enemies":"4 Shapes","floor":38,"turns":1},{"damage":11,"enemies":"Writhing Mass","floor":39,"turns":6},{"damage":2,"enemies":"Reptomancer","floor":40,"turns":5},{"damage":15,"enemies":"Giant Head","floor":42,"turns":9},{"damage":9,"enemies":"Reptomancer","floor":44,"turns":4},{"damage":0,"enemies":"Transient","floor":45,"turns":6},{"damage":0,"enemies":"2 Orb Walkers","floor":48,"turns":4},{"damage":27,"enemies":"Time Eater","floor":50,"turns":10},{"damage":56,"enemies":"Shield and Spear","floor":54,"turns":8},{"damage":84,"enemies":"The Heart","floor":55,"turns":8}],"seed_played":"-7512274198567060455","potions_obtained":[{"floor":2,"key":"LiquidBronze"},{"floor":2,"key":"PowerPotion"},{"floor":7,"key":"DistilledChaos"},{"floor":13,"key":"Energy Potion"},{"floor":18,"key":"Strength Potion"},{"floor":22,"key":"Regen Potion"},{"floor":23,"key":"RobotSpaceExplorer:LiquidFusion"},{"floor":30,"key":"PowerPotion"},{"floor":40,"key":"SteroidPotion"},{"floor":44,"key":"Explosive Potion"}],"is_trial":false,"path_per_floor":["M","?","M","M","?","E","M","R","T","$","$","R","E","M","R","B",null,"M","$","?","?","M","E","$","T","T","E","M","R","M","?","R","B",null,"M","?","M","M","M","E","R","E","T","E","M","$","?","?","R","B",null,"R","$","E","B"],"character_chosen":"RobotSpaceExplorer","items_purchased":["Omamori","RobotSpaceExplorer:Blitz","Bronze Scales","RobotSpaceExplorer:Blitz"],"campfire_rested":1,"item_purchase_floors":[10,24,46,46],"current_hp_per_floor":[64,64,64,64,64,8,6,6,6,21,36,36,42,42,42,39,63,49,64,64,43,8,11,26,26,26,28,26,48,56,64,64,70,77,74,74,65,55,50,54,54,47,47,44,52,67,67,73,73,52,75,75,83,29,0,0],"gold":60,"neow_bonus":"THREE_ENEMY_KILL","is_daily":false,"chose_seed":false,"campfire_upgraded":6,"win_rate":0.0,"timestamp":1610187197,"path_taken":["M","?","M","?","?","E","M","R","T","?","$","R","E","M","R","BOSS","M","$","?","?","M","E","?","?","T","E","?","R","M","?","R","BOSS","M","?","M","?","M","E","R","E","T","E","M","$","?","?","R","BOSS","R","$","E","BOSS"],"items_purchased_type":["Relic","Card","Relic","Card"],"build_version":"2020-12-18","purchased_purges":3,"victory":false,"max_hp_per_floor":[71,71,71,71,71,71,71,71,71,71,71,71,71,71,71,71,71,71,71,71,71,71,71,71,71,71,73,75,75,77,79,79,79,79,81,81,81,83,83,83,83,85,85,85,87,87,83,83,83,83,83,83,83,85,85,85],"relic_stats":{"Singing Bowl":18,"Gremlin Horn":[23,25],"counters":[29,140],"Blue Candle":[0],"Ginger":[13],"Boot":[23],"Mercury Hourglass":[543],"Lizard Tail":42,"Ornamental Fan":[292],"Bronze Scales":[219],"MealTicket":83,"Necronomicon":[70],"obtain_stats":[{"Calipers":31,"NeowsBlessing":0,"Singing Bowl":20,"Gremlin Horn":27,"Blue Candle":23,"RobotSpaceExplorer:PlasmaHourglass":43,"RobotSpaceExplorer:RoboCore":0,"Omamori":10,"Ginger":48,"Boot":40,"Mercury Hourglass":9,"Runic Dome":34,"Lizard Tail":44,"Matryoshka":31,"Ornamental Fan":25,"Bronze Scales":46,"MealTicket":6,"Philosopher\u0027s Stone":17,"Necronomicon":21,"Bag of Marbles":54,"Bottled Lightning":42,"Unceasing Top":13,"InkBottle":26},{"Calipers":16,"NeowsBlessing":0,"Singing Bowl":9,"Gremlin Horn":12,"Blue Candle":11,"RobotSpaceExplorer:PlasmaHourglass":23,"RobotSpaceExplorer:RoboCore":0,"Omamori":5,"Ginger":26,"Boot":22,"Mercury Hourglass":5,"Runic Dome":17,"Lizard Tail":24,"Matryoshka":16,"Ornamental Fan":11,"Bronze Scales":25,"MealTicket":4,"Philosopher\u0027s Stone":8,"Necronomicon":9,"Bag of Marbles":28,"Bottled Lightning":23,"Unceasing Top":6,"InkBottle":11},{"Calipers":66,"NeowsBlessing":0,"Singing Bowl":43,"Gremlin Horn":53,"Blue Candle":48,"RobotSpaceExplorer:PlasmaHourglass":100,"RobotSpaceExplorer:RoboCore":0,"Omamori":18,"Ginger":114,"Boot":91,"Mercury Hourglass":18,"Runic Dome":73,"Lizard Tail":104,"Matryoshka":66,"Ornamental Fan":48,"Bronze Scales":110,"MealTicket":12,"Philosopher\u0027s Stone":39,"Necronomicon":43,"Bag of Marbles":132,"Bottled Lightning":100,"Unceasing Top":24,"InkBottle":48}],"Unceasing Top":[3],"InkBottle":[46]},"card_choices":[{"not_picked":["RobotSpaceExplorer:MiniDrones","RobotSpaceExplorer:ToxicBomb"],"picked":"RobotSpaceExplorer:Blitz","floor":1},{"not_picked":["RobotSpaceExplorer:FranticSearch","RobotSpaceExplorer:MetalStrike"],"picked":"RobotSpaceExplorer:SurgingStrike","floor":3},{"not_picked":["RobotSpaceExplorer:ShovelStrike","RobotSpaceExplorer:SlimeMissile"],"picked":"RobotSpaceExplorer:Fix","floor":4},{"not_picked":["RobotSpaceExplorer:Electroshield","RobotSpaceExplorer:ShockKick","RobotSpaceExplorer:Calculate"],"picked":"SKIP","floor":6},{"not_picked":["RobotSpaceExplorer:Comet","RobotSpaceExplorer:SwiftStep"],"picked":"RobotSpaceExplorer:TurboDodge","floor":7},{"not_picked":["RobotSpaceExplorer:Jetpack","RobotSpaceExplorer:DualCore","RobotSpaceExplorer:ShockKick"],"picked":"SKIP","floor":13},{"not_picked":["RobotSpaceExplorer:LaserBurst","RobotSpaceExplorer:Probe"],"picked":"RobotSpaceExplorer:FrostMissile","floor":14},{"not_picked":["RobotSpaceExplorer:Comet","RobotSpaceExplorer:ChargingLaser"],"picked":"RobotSpaceExplorer:Explosion","floor":16},{"not_picked":["RobotSpaceExplorer:ShovelStrike","RobotSpaceExplorer:Ammunition"],"picked":"RobotSpaceExplorer:SurgingShield","floor":18},{"not_picked":["RobotSpaceExplorer:Smokescreen","RobotSpaceExplorer:ScrapToss"],"picked":"RobotSpaceExplorer:HighVoltage","floor":22},{"not_picked":["RobotSpaceExplorer:Counterblock","RobotSpaceExplorer:Accelerator"],"picked":"RobotSpaceExplorer:Electroshield+1","floor":23},{"not_picked":["RobotSpaceExplorer:GlueShot","RobotSpaceExplorer:SurgingShield","RobotSpaceExplorer:StunGrenade"],"picked":"Singing Bowl","floor":27},{"not_picked":["RobotSpaceExplorer:MetalStrike","RobotSpaceExplorer:ScrapToss","RobotSpaceExplorer:ImprovisedAttack"],"picked":"Singing Bowl","floor":28},{"not_picked":["RobotSpaceExplorer:ExhaustFan","RobotSpaceExplorer:IronShell+1","RobotSpaceExplorer:SlimeMissile"],"picked":"Singing Bowl","floor":30},{"not_picked":["RobotSpaceExplorer:MiniBoosters","RobotSpaceExplorer:ShockKick","RobotSpaceExplorer:MetalStrike"],"picked":"Singing Bowl","floor":31},{"not_picked":["RobotSpaceExplorer:DroneSwarm","RobotSpaceExplorer:Autoloader"],"picked":"RobotSpaceExplorer:TrailblazerForm","floor":33},{"not_picked":["RobotSpaceExplorer:ImprovisedAttack","RobotSpaceExplorer:PowerCollector","RobotSpaceExplorer:StunGrenade"],"picked":"Singing Bowl","floor":35},{"not_picked":["RobotSpaceExplorer:PowerGlove","RobotSpaceExplorer:FrostMissile"],"picked":"RobotSpaceExplorer:FreezingShield+1","floor":37},{"not_picked":["RobotSpaceExplorer:SurgingShield","RobotSpaceExplorer:MetalStrike","RobotSpaceExplorer:StunGrenade+1"],"picked":"Singing Bowl","floor":38},{"not_picked":["RobotSpaceExplorer:ShockKick","RobotSpaceExplorer:GlueShot"],"picked":"RobotSpaceExplorer:GearShield","floor":39},{"not_picked":["RobotSpaceExplorer:MiniDrones","RobotSpaceExplorer:SurgingShield"],"picked":"RobotSpaceExplorer:SelfCleaning","floor":40},{"not_picked":["RobotSpaceExplorer:Comet","RobotSpaceExplorer:FreezingShield+1","RobotSpaceExplorer:ImprovisedAttack"],"picked":"Singing Bowl","floor":42},{"not_picked":["RobotSpaceExplorer:Ammunition","RobotSpaceExplorer:ImprovisedAttack"],"picked":"RobotSpaceExplorer:Discharger","floor":44},{"not_picked":["RobotSpaceExplorer:MiniDrones+1","RobotSpaceExplorer:GlueShot","RobotSpaceExplorer:StarLightning"],"picked":"Singing Bowl","floor":45},{"not_picked":["RobotSpaceExplorer:FreezingShield+1","RobotSpaceExplorer:ToxicBomb"],"picked":"RobotSpaceExplorer:Counterblock+1","floor":48},{"not_picked":["RobotSpaceExplorer:LaserBurst","RobotSpaceExplorer:GlueShot+1","RobotSpaceExplorer:Scanner"],"picked":"Singing Bowl","floor":54}],"player_experience":1819521,"relics_obtained":[{"floor":6,"key":"MealTicket"},{"floor":9,"key":"Mercury Hourglass"},{"floor":13,"key":"Unceasing Top"},{"floor":21,"key":"Necronomicon"},{"floor":23,"key":"Blue Candle"},{"floor":25,"key":"Ornamental Fan"},{"floor":26,"key":"InkBottle"},{"floor":27,"key":"Gremlin Horn"},{"floor":31,"key":"Calipers"},{"floor":31,"key":"Matryoshka"},{"floor":40,"key":"Boot"},{"floor":42,"key":"Bottled Lightning"},{"floor":43,"key":"RobotSpaceExplorer:PlasmaHourglass"},{"floor":44,"key":"Lizard Tail"},{"floor":48,"key":"Ginger"},{"floor":54,"key":"Bag of Marbles"}],"event_choices":[{"damage_healed":0,"gold_gain":0,"player_choice":"Bought 2 Potions","damage_taken":0,"max_hp_gain":0,"max_hp_loss":0,"event_name":"The Woman in Blue","floor":2,"gold_loss":0},{"cards_removed":["RobotSpaceExplorer:Strike"],"damage_healed":0,"gold_gain":0,"player_choice":"Offered Basic","damage_taken":0,"max_hp_gain":0,"max_hp_loss":0,"event_name":"Bonfire Elementals","floor":5,"gold_loss":0},{"damage_healed":0,"gold_gain":0,"player_choice":"Opened","damage_taken":0,"relics_obtained":["Singing Bowl"],"max_hp_gain":0,"max_hp_loss":0,"event_name":"The Mausoleum","floor":20,"gold_loss":0,"cards_obtained":["Writhe"]},{"damage_healed":0,"gold_gain":0,"player_choice":"Obtained Book","damage_taken":21,"max_hp_gain":0,"max_hp_loss":0,"event_name":"Cursed Tome","floor":21,"gold_loss":0},{"damage_healed":0,"gold_gain":0,"player_choice":"Fight","damage_taken":0,"max_hp_gain":0,"max_hp_loss":0,"event_name":"Colosseum","floor":31,"gold_loss":0},{"damage_healed":0,"gold_gain":0,"player_choice":"Fought Nobs","damage_taken":0,"max_hp_gain":0,"max_hp_loss":0,"event_name":"Colosseum","floor":31,"gold_loss":0},{"damage_healed":0,"gold_gain":0,"player_choice":"Ignored","damage_taken":0,"max_hp_gain":0,"max_hp_loss":0,"event_name":"SecretPortal","floor":36,"gold_loss":0},{"damage_healed":0,"gold_gain":0,"player_choice":"Max HP","damage_taken":0,"max_hp_gain":0,"max_hp_loss":4,"event_name":"Winding Halls","floor":47,"gold_loss":0},{"damage_healed":0,"gold_gain":0,"player_choice":"Fight","damage_taken":0,"max_hp_gain":0,"max_hp_loss":0,"event_name":"Mysterious Sphere","floor":48,"gold_loss":0}],"is_beta":true,"boss_relics":[{"not_picked":["Busted Crown","RobotSpaceExplorer:Reprocessor"],"picked":"Philosopher\u0027s Stone"},{"not_picked":["SacredBark","Empty Cage"],"picked":"Runic Dome"}],"items_purged_floors":[19,46,53],"is_endless":false,"potions_floor_spawned":[4,7,13,14,18,22,23,30,31,37,38,40,42,44,48],"killed_by":"The Heart","ascension_level":18}}