{"host":"z4nt7tdd4gjrinn7","time":1610232673,"event":{"mods":["BaseMod","Minty Spire (QoL Compilation)","StSLib","The Servant 0.9.4"],"gold_per_floor":[118,118,118,132,150,181,181,181,204,204,204,60,36,62,62,161,211,222,13,112,125,137,137,162,162,162,196,196,209,228,278,278,278,278],"floor_reached":33,"playtime":2436,"items_purged":[],"score":316,"play_id":"e0e7837c-a5ce-465e-ab99-a3a75724037c","local_time":"20210109175113","is_ascension_mode":false,"campfire_choices":[{"floor":7,"key":"REST"},{"floor":10,"key":"REST"},{"data":"Perfected Strike","floor":15,"key":"SMITH"},{"floor":23,"key":"REST"},{"floor":25,"key":"REST"},{"floor":28,"key":"REST"},{"floor":32,"key":"REST"}],"circlet_count":0,"master_deck":["Strike_R","Strike_R","Strike_R","Strike_R+1","Strike_R","Defend_R","Defend_R+1","Defend_R","Defend_R","Bash","Wild Strike","Thunderclap","Perfected Strike+1","Reckless Charge","Twin Strike","Infernal Blade+1","Reaper","Fire Breathing","Anger+1","Armaments+1","Searing Blow","Pommel Strike","Wild Strike","Wild Strike+1","Anger","Cleave+1","Anger","Feel No Pain+1","Dual Wield"],"relics":["Burning Blood","NeowsBlessing","Bag of Preparation","Vajra","PreservedInsect","Sundial","Tiny House","Dream Catcher","Gremlin Horn","Bottled Lightning","War Paint"],"acts_visited":["Exordium","TheCity"],"potions_floor_usage":[16,24],"damage_taken":[{"damage":0,"enemies":"Small Slimes","floor":1,"turns":1},{"damage":0,"enemies":"Jaw Worm","floor":4,"turns":1},{"damage":0,"enemies":"2 Louse","floor":5,"turns":1},{"damage":54,"enemies":"Lagavulin","floor":6,"turns":6},{"damage":0,"enemies":"Gremlin Nob","floor":14,"turns":2},{"damage":63,"enemies":"The Guardian","floor":16,"turns":12},{"damage":10,"enemies":"Spheric Guardian","floor":18,"turns":3},{"damage":30,"enemies":"2 Thieves","floor":21,"turns":3},{"damage":18,"enemies":"Snecko","floor":22,"turns":4},{"damage":43,"enemies":"Gremlin Leader","floor":24,"turns":4},{"damage":15,"enemies":"Slavers","floor":27,"turns":3},{"damage":25,"enemies":"Centurion and Healer","floor":29,"turns":4},{"damage":10,"enemies":"Shelled Parasite and Fungi","floor":30,"turns":2},{"damage":96,"enemies":"Collector","floor":33,"turns":5}],"seed_played":"1909083951784592225","potions_obtained":[{"floor":1,"key":"DuplicationPotion"},{"floor":4,"key":"ElixirPotion"},{"floor":17,"key":"ElixirPotion"},{"floor":24,"key":"GamblersBrew"},{"floor":27,"key":"Regen Potion"},{"floor":29,"key":"Swift Potion"}],"is_trial":false,"path_per_floor":["M","?","$","M","M","E","R","?","T","R","?","$","$","E","R","B",null,"M","$","?","M","M","R","E","R","T","E","R","M","M","?","R","B"],"character_chosen":"IRONCLAD","items_purchased":["PreservedInsect","Twin Strike","Dream Catcher","BloodPotion"],"campfire_rested":6,"item_purchase_floors":[12,13,19,19],"current_hp_per_floor":[80,80,80,80,80,32,56,56,56,80,80,80,80,80,80,23,85,81,81,81,67,61,85,65,85,85,76,85,66,62,62,85,0,0],"gold":278,"neow_bonus":"THREE_ENEMY_KILL","is_daily":false,"chose_seed":false,"campfire_upgraded":1,"win_rate":0.0,"timestamp":1610232673,"path_taken":["M","?","$","M","M","E","R","?","T","R","?","?","$","E","R","BOSS","M","$","?","M","M","R","E","R","T","E","R","M","M","?","R","BOSS"],"items_purchased_type":["Relic","Card","Relic","Potion"],"build_version":"2020-12-22","purchased_purges":0,"victory":false,"max_hp_per_floor":[80,80,80,80,80,80,80,80,80,80,80,80,80,80,80,80,85,85,85,85,85,85,85,85,85,85,85,85,85,85,85,85,85,85],"card_choices":[{"not_picked":["Bloodletting","Combust"],"picked":"Wild Strike","floor":1},{"not_picked":["Warcry","Body Slam"],"picked":"Thunderclap","floor":4},{"not_picked":["Pommel Strike","Exhume"],"picked":"Perfected Strike","floor":5},{"not_picked":["Rupture","Sentinel"],"picked":"Reckless Charge","floor":6},{"not_picked":["Battle Trance","Spot Weakness"],"picked":"Infernal Blade","floor":14},{"not_picked":["Impervious","Offering"],"picked":"Reaper","floor":16},{"not_picked":["Anger","Rupture"],"picked":"Fire Breathing","floor":17},{"not_picked":["Blood for Blood","Wild Strike"],"picked":"Anger+1","floor":18},{"not_picked":["Pummel","Twin Strike"],"picked":"Armaments+1","floor":21},{"not_picked":["Second Wind+1","Intimidate"],"picked":"Searing Blow","floor":22},{"not_picked":["Body Slam","Havoc+1"],"picked":"Pommel Strike","floor":23},{"not_picked":["Rupture","Iron Wave"],"picked":"Wild Strike","floor":24},{"not_picked":["Clash","Flex+1"],"picked":"Wild Strike+1","floor":25},{"not_picked":["Inflame+1","Bloodletting"],"picked":"Anger","floor":27},{"not_picked":["Whirlwind","Blood for Blood"],"picked":"Cleave+1","floor":28},{"not_picked":["Havoc","Infernal Blade"],"picked":"Anger","floor":29},{"not_picked":["Corruption","True Grit"],"picked":"Feel No Pain+1","floor":30},{"not_picked":["Reckless Charge","Twin Strike"],"picked":"Dual Wield","floor":32}],"player_experience":36099,"relics_obtained":[{"floor":6,"key":"Bag of Preparation"},{"floor":9,"key":"Vajra"},{"floor":14,"key":"Sundial"},{"floor":24,"key":"Gremlin Horn"},{"floor":26,"key":"Bottled Lightning"},{"floor":27,"key":"War Paint"}],"event_choices":[{"damage_healed":0,"gold_gain":0,"player_choice":"Ignored","damage_taken":0,"max_hp_gain":0,"max_hp_loss":0,"event_name":"Shining Light","floor":2,"gold_loss":0},{"damage_healed":0,"gold_gain":0,"player_choice":"Fled","damage_taken":0,"max_hp_gain":0,"max_hp_loss":0,"event_name":"Scrap Ooze","floor":8,"gold_loss":0},{"damage_healed":0,"gold_gain":0,"player_choice":"Ignored","damage_taken":0,"max_hp_gain":0,"max_hp_loss":0,"event_name":"Golden Idol","floor":11,"gold_loss":0},{"damage_healed":0,"gold_gain":99,"player_choice":"Stole From Cult","damage_taken":0,"max_hp_gain":0,"max_hp_loss":0,"event_name":"Nest","floor":20,"gold_loss":0},{"damage_healed":0,"gold_gain":100,"player_choice":"Bet on Murderer","damage_taken":0,"max_hp_gain":0,"max_hp_loss":0,"event_name":"The Joust","floor":31,"gold_loss":50}],"is_beta":false,"boss_relics":[{"not_picked":["Fusion Hammer","SacredBark"],"picked":"Tiny House"}],"items_purged_floors":[],"is_endless":false,"potions_floor_spawned":[1,4,24,27,29],"killed_by":"Collector","ascension_level":0}}