{"host":"akjsb4vg7478j4ls","time":1610206143,"event":{"mods":["BaseMod","Colored Map","Colored Powertips","Minty Spire (QoL Compilation)","Rare Cards Sparkle"],"gold_per_floor":[113,36,36,36,54,82,82,98,98,111,111,130,130,142,142,238,238,252,252,269,287,8,8,23,38,116,215,233,245,256,108,108,108,108],"floor_reached":33,"playtime":2645,"items_purged":[],"score":253,"play_id":"b1b42648-213d-4d40-93d9-a116f66b9916","local_time":"20210109132903","is_ascension_mode":false,"campfire_choices":[{"floor":7,"key":"REST"},{"floor":13,"key":"REST"},{"floor":15,"key":"RECALL"},{"floor":23,"key":"REST"},{"floor":32,"key":"REST"}],"circlet_count":0,"master_deck":["Survivor+1","Neutralize","Outmaneuver","Flying Knee","Blade Dance","Unload","Slice","Footwork","Backflip+1","Burst","Blade Dance","Backstab","Doppelganger","Quick Slash","Deflect","Heel Hook","Footwork","Tactician","Glass Knife","Cloak And Dagger","Night Terror","CurseOfTheBell","Terror","Cloak And Dagger","Dagger Throw+1","Apotheosis","Backstab","Prepared","Deflect","Blade Dance","Caltrops+1","Flying Knee+1","Quick Slash"],"relics":["Pandora\u0027s Box","Pocketwatch","Lizard Tail","Calling Bell","Anchor","Kunai","Tingsha","Nilry\u0027s Codex","Frozen Eye"],"acts_visited":["Exordium","TheCity"],"potions_floor_usage":[6],"damage_taken":[{"damage":10,"enemies":"Small Slimes","floor":1,"turns":3},{"damage":5,"enemies":"2 Louse","floor":5,"turns":2},{"damage":11,"enemies":"3 Sentries","floor":6,"turns":8},{"damage":0,"enemies":"Cultist","floor":8,"turns":2},{"damage":9,"enemies":"Gremlin Gang","floor":10,"turns":3},{"damage":10,"enemies":"Looter","floor":12,"turns":2},{"damage":0,"enemies":"Exordium Wildlife","floor":14,"turns":2},{"damage":44,"enemies":"Hexaghost","floor":16,"turns":10},{"damage":12,"enemies":"Chosen","floor":18,"turns":5},{"damage":14,"enemies":"2 Thieves","floor":20,"turns":3},{"damage":4,"enemies":"Centurion and Healer","floor":21,"turns":7},{"damage":15,"enemies":"Snake Plant","floor":24,"turns":4},{"damage":8,"enemies":"Sentry and Sphere","floor":25,"turns":6},{"damage":0,"enemies":"Chosen and Byrds","floor":28,"turns":5},{"damage":1,"enemies":"3 Cultists","floor":29,"turns":4},{"damage":10,"enemies":"Centurion and Healer","floor":30,"turns":10},{"damage":99,"enemies":"Collector","floor":33,"turns":7}],"seed_played":"-5594721525629852320","potions_obtained":[{"floor":5,"key":"Regen Potion"},{"floor":6,"key":"EssenceOfSteel"},{"floor":8,"key":"DuplicationPotion"},{"floor":10,"key":"CultistPotion"},{"floor":12,"key":"EntropicBrew"}],"is_trial":false,"path_per_floor":["M","$","?","?","M","E","R","M","T","M","?","M","R","M","R","B",null,"M","?","M","M","$","R","M","M","T","?","M","M","M","$","R","B"],"character_chosen":"THE_SILENT","items_purchased":["Backstab","Apotheosis","Backstab","Prepared","Frozen Eye"],"campfire_rested":4,"item_purchase_floors":[2,22,22,22,31],"current_hp_per_floor":[60,60,46,46,41,45,66,66,66,57,57,47,68,68,68,24,70,58,42,28,24,24,45,30,22,22,22,22,21,11,11,32,0,0],"gold":108,"neow_bonus":"BOSS_RELIC","is_daily":false,"chose_seed":false,"campfire_upgraded":0,"win_rate":0.0,"timestamp":1610206143,"path_taken":["M","$","?","?","?","E","R","M","T","?","?","M","R","M","R","BOSS","M","?","M","M","$","R","M","M","T","?","M","M","M","$","R","BOSS"],"items_purchased_type":["Card","Card","Card","Card","Relic"],"build_version":"2020-12-22","purchased_purges":0,"victory":false,"max_hp_per_floor":[70,70,70,70,70,70,70,70,70,70,70,70,70,70,70,70,70,70,70,70,70,70,70,70,70,70,70,70,70,70,70,70,70,70],"card_choices":[{"not_picked":["Dodge and Roll","Underhanded Strike"],"picked":"Blade Dance","floor":1},{"not_picked":["Acrobatics","Adrenaline"],"picked":"Quick Slash","floor":5},{"not_picked":["Envenom","Distraction"],"picked":"Deflect","floor":6},{"not_picked":["Deadly Poison","PiercingWail"],"picked":"Heel Hook","floor":8},{"not_picked":["Backflip","Outmaneuver"],"picked":"Footwork","floor":10},{"not_picked":["PiercingWail","Choke"],"picked":"Glass Knife","floor":12},{"not_picked":["Outmaneuver","Poisoned Stab"],"picked":"Cloak And Dagger","floor":14},{"not_picked":["Die Die Die","Wraith Form v2"],"picked":"Night Terror","floor":16},{"not_picked":["Well Laid Plans","Bane"],"picked":"Terror","floor":18},{"not_picked":["Dodge and Roll","Acrobatics"],"picked":"Cloak And Dagger","floor":20},{"not_picked":["Crippling Poison","Bane"],"picked":"Dagger Throw+1","floor":21},{"not_picked":["Noxious Fumes","Heel Hook"],"picked":"Deflect","floor":24},{"not_picked":["Flying Knee","Poisoned Stab+1"],"picked":"Blade Dance","floor":25},{"not_picked":["Deadly Poison","Acrobatics"],"picked":"Caltrops+1","floor":28},{"not_picked":["PiercingWail+1","Underhanded Strike"],"picked":"Flying Knee+1","floor":29},{"not_picked":["Poisoned Stab","Prepared"],"picked":"Quick Slash","floor":30}],"player_experience":106856,"relics_obtained":[{"floor":6,"key":"Pocketwatch"},{"floor":9,"key":"Lizard Tail"},{"floor":17,"key":"Anchor"},{"floor":17,"key":"Kunai"},{"floor":17,"key":"Tingsha"},{"floor":19,"key":"Nilry\u0027s Codex"}],"event_choices":[{"damage_healed":0,"gold_gain":0,"player_choice":"Entered Light","damage_taken":14,"max_hp_gain":0,"max_hp_loss":0,"event_name":"Shining Light","floor":3,"gold_loss":0,"cards_upgraded":["Backflip","Survivor"]},{"damage_healed":0,"gold_gain":0,"cards_transformed":["Outmaneuver"],"player_choice":"Transformed","damage_taken":0,"max_hp_gain":0,"max_hp_loss":0,"event_name":"Transmorgrifier","floor":4,"gold_loss":0,"cards_obtained":["Doppelganger"]},{"damage_healed":0,"gold_gain":0,"cards_transformed":["Wraith Form v2"],"player_choice":"Change","damage_taken":0,"max_hp_gain":0,"max_hp_loss":0,"event_name":"Living Wall","floor":11,"gold_loss":0,"cards_obtained":["Tactician"]},{"damage_healed":0,"gold_gain":0,"player_choice":"Obtained Book","damage_taken":16,"max_hp_gain":0,"max_hp_loss":0,"event_name":"Cursed Tome","floor":19,"gold_loss":0},{"damage_healed":0,"gold_gain":99,"player_choice":"Stole From Cult","damage_taken":0,"max_hp_gain":0,"max_hp_loss":0,"event_name":"Nest","floor":27,"gold_loss":0}],"is_beta":false,"boss_relics":[{"not_picked":["HoveringKite","Tiny House"],"picked":"Calling Bell"}],"items_purged_floors":[],"is_endless":false,"potions_floor_spawned":[5,6,8,10,12,16,24,25,28,29],"killed_by":"Collector","ascension_level":0}}