{"host":"fdzt26oh6i4vaxrk","time":1610235404,"event":{"mods":["BaseMod","Colored Map","Minty Spire (QoL Compilation)"],"gold_per_floor":[118,130,145,157,129,154,171,246,272,282,282,282,282,16,16,107,107,125,79,79,98,111,111,135,135,135],"floor_reached":25,"playtime":2449,"items_purged":["Injury"],"score":401,"play_id":"7e762e26-594e-4163-9459-c8971c495e9e","local_time":"20210110003644","is_ascension_mode":true,"campfire_choices":[{"floor":12.0,"key":"REST"},{"data":"Chaos","floor":15.0,"key":"SMITH"},{"floor":23.0,"key":"REST"}],"circlet_count":0,"master_deck":["AscendersBane","Strike_B","Strike_B","Strike_B","Strike_B","Defend_B","Defend_B","Defend_B","Defend_B","Zap","Dualcast","Leap","Reinforced Body","Self Repair","Turbo","Chaos+1","Go for the Eyes","Hello World","Leap","Seek","Coolheaded","Static Discharge","Self Repair","Ball Lightning","Coolheaded"],"relics":["Cracked Core","Ginger","Golden Idol","Chemical X","Inserter"],"acts_visited":[],"potions_floor_usage":[],"damage_taken":[{"damage":0.0,"enemies":"2 Louse","floor":1.0,"turns":2.0},{"damage":1.0,"enemies":"Small Slimes","floor":2.0,"turns":4.0},{"damage":7.0,"enemies":"Jaw Worm","floor":3.0,"turns":4.0},{"damage":4.0,"enemies":"Red Slaver","floor":4.0,"turns":5.0},{"damage":12.0,"enemies":"Exordium Thugs","floor":5.0,"turns":4.0},{"damage":6.0,"enemies":"Lagavulin","floor":6.0,"turns":7.0},{"damage":12.0,"enemies":"Exordium Wildlife","floor":7.0,"turns":8.0},{"damage":16.0,"enemies":"2 Fungi Beasts","floor":10.0,"turns":5.0},{"damage":0.0,"enemies":"Looter","floor":13.0,"turns":1.0},{"damage":34.0,"enemies":"Hexaghost","floor":16.0,"turns":13.0},{"damage":26.0,"enemies":"Chosen","floor":18.0,"turns":7.0},{"damage":29.0,"enemies":"2 Thieves","floor":19.0,"turns":5.0},{"damage":13.0,"enemies":"3 Cultists","floor":21.0,"turns":6.0},{"damage":5.0,"enemies":"Snecko","floor":22.0,"turns":6.0},{"damage":42,"enemies":"Snake Plant","floor":24,"turns":6},{"damage":40,"enemies":"Chosen and Byrds","floor":25,"turns":4}],"seed_played":"-5731462955025573322","potions_obtained":[{"floor":2.0,"key":"EssenceOfDarkness"},{"floor":5.0,"key":"Block Potion"},{"floor":6.0,"key":"SmokeBomb"},{"floor":10.0,"key":"Dexterity Potion"},{"floor":16.0,"key":"Dexterity Potion"},{"floor":18.0,"key":"PotionOfCapacity"},{"floor":19.0,"key":"PowerPotion"}],"is_trial":false,"path_per_floor":["M","M","M","M","M","E","M","?","T","M","?","R","M","$","R","B",null,"M","M","?","M","M","R","M","M"],"character_chosen":"DEFECT","items_purchased":["Chemical X","Leap"],"campfire_rested":2,"item_purchase_floors":[14,14],"current_hp_per_floor":[60,59,52,55,50,51,46,35,35,26,26,51,51,51,51,24,70,51,29,29,23,32,57,29,0,0],"gold":135,"neow_bonus":"TWENTY_PERCENT_HP_BONUS","is_daily":false,"chose_seed":false,"campfire_upgraded":1,"win_rate":0.0,"timestamp":1610235404,"path_taken":["M","M","M","M","M","E","M","?","T","M","?","R","M","$","R","BOSS","M","M","?","M","M","R","M","?"],"items_purchased_type":["Relic","Card"],"build_version":"2020-12-22","purchased_purges":1,"victory":false,"max_hp_per_floor":[85,85,85,85,85,85,85,85,85,85,85,85,85,85,85,85,85,85,85,85,85,85,85,85,85,85],"card_choices":[{"not_picked":["Go for the Eyes","Barrage"],"picked":"Leap","floor":1.0},{"not_picked":["Doom and Gloom","Melter"],"picked":"Reinforced Body","floor":2.0},{"not_picked":["Conserve Battery","Fusion"],"picked":"Self Repair","floor":3.0},{"not_picked":["Gash","Coolheaded","Barrage"],"picked":"SKIP","floor":4.0},{"not_picked":["Skim","Recycle"],"picked":"Turbo","floor":5.0},{"not_picked":["Loop","Sunder"],"picked":"Chaos","floor":6.0},{"not_picked":["Beam Cell","Aggregate"],"picked":"Go for the Eyes","floor":7.0},{"not_picked":["FTL","White Noise"],"picked":"Hello World","floor":10.0},{"not_picked":["Electrodynamics","Thunder Strike"],"picked":"Seek","floor":16.0},{"not_picked":["Barrage+1","Steam"],"picked":"Coolheaded","floor":18.0},{"not_picked":["Redo","Leap"],"picked":"Static Discharge","floor":19.0},{"not_picked":["Sweeping Beam","Rebound"],"picked":"Self Repair","floor":21.0},{"not_picked":["Leap","Meteor Strike"],"picked":"Ball Lightning","floor":22.0},{"not_picked":["Sweeping Beam","Cold Snap"],"picked":"Coolheaded","floor":24}],"player_experience":567403,"relics_obtained":[{"floor":6.0,"key":"Ginger"}],"event_choices":[{"damage_healed":0.0,"max_hp_gain":0.0,"max_hp_loss":0.0,"gold_gain":75.0,"event_name":"World of Goop","player_choice":"Gather Gold","floor":8.0,"gold_loss":0.0,"damage_taken":11.0},{"damage_healed":0.0,"max_hp_gain":0.0,"max_hp_loss":0.0,"gold_gain":0.0,"event_name":"Golden Idol","player_choice":"Take Wound","floor":11.0,"gold_loss":0.0,"damage_taken":0.0,"relics_obtained":["Golden Idol"],"cards_obtained":["Injury"]},{"damage_healed":0.0,"max_hp_gain":0.0,"max_hp_loss":0.0,"gold_gain":0.0,"event_name":"FaceTrader","player_choice":"Leave","floor":20.0,"gold_loss":0.0,"damage_taken":0.0}],"is_beta":false,"boss_relics":[{"not_picked":["SacredBark","Runic Pyramid"],"picked":"Inserter"}],"items_purged_floors":[14],"is_endless":false,"potions_floor_spawned":[2,5,6,10,16,18,19],"killed_by":"Chosen and Byrds","ascension_level":18}}