{"host":"c97twqu0op5dg8i4","time":1610225509,"event":{"mods":["BaseMod","Minty Spire (QoL Compilation)","Permanent Neow"],"gold_per_floor":[118,118,135,9,25,54,5,5,30,30,40,40,92,92,92,232,232,266,266,191,200,221,252,252,252,252],"floor_reached":25,"playtime":620,"items_purged":["Strike_G"],"score":272,"play_id":"51372a2e-3163-4812-8288-0afc5eaeec72","local_time":"20210109155149","is_ascension_mode":true,"campfire_choices":[{"floor":8,"key":"REST"},{"data":"Poisoned Stab","floor":10,"key":"SMITH"},{"data":"Deadly Poison","floor":15,"key":"SMITH"},{"floor":24,"key":"REST"}],"circlet_count":0,"master_deck":["Strike_G","Strike_G","Strike_G","Strike_G","Defend_G","Defend_G","Defend_G","Defend_G","Defend_G","Survivor","Neutralize","Deadly Poison+1","Backflip","Noxious Fumes","Noxious Fumes","Poisoned Stab+1","Leg Sweep","Backflip","Corpse Explosion","Poisoned Stab+1","Normality"],"relics":["Cursed Key","Oddly Smooth Stone","Tiny Chest","Golden Idol","CeramicFish","Philosopher\u0027s Stone","Bag of Preparation","Pantograph"],"acts_visited":["Exordium","TheCity"],"potions_floor_usage":[16,18],"damage_taken":[{"damage":0,"enemies":"Cultist","floor":1,"turns":4},{"damage":0,"enemies":"Jaw Worm","floor":3,"turns":4},{"damage":4,"enemies":"Small Slimes","floor":5,"turns":4},{"damage":24,"enemies":"Gremlin Nob","floor":6,"turns":4},{"damage":1,"enemies":"Blue Slaver","floor":11,"turns":4},{"damage":3,"enemies":"Lagavulin","floor":13,"turns":6},{"damage":18,"enemies":"The Guardian","floor":16,"turns":8},{"damage":15,"enemies":"3 Byrds","floor":18,"turns":3},{"damage":27,"enemies":"2 Thieves","floor":22,"turns":3},{"damage":9,"enemies":"Book of Stabbing","floor":23,"turns":6},{"damage":56,"enemies":"Gremlin Leader","floor":25,"turns":4}],"seed_played":"717363523541862152","potions_obtained":[{"floor":5,"key":"Block Potion"},{"floor":6,"key":"Ancient Potion"},{"floor":18,"key":"BlessingOfTheForge"}],"is_trial":false,"path_per_floor":["M","?","M","$","M","E","$","R","T","R","M","?","E","?","R","B",null,"M","?","$","T","M","E","R","E"],"character_chosen":"THE_SILENT","items_purchased":["Noxious Fumes","Poison Potion","Poisoned Stab"],"campfire_rested":2,"item_purchase_floors":[4,4,7],"current_hp_per_floor":[70,70,70,70,66,42,42,63,63,63,62,45,42,47,47,29,75,60,60,60,60,33,24,46,0,0],"gold":252,"neow_bonus":"BOSS_RELIC","is_daily":false,"chose_seed":false,"campfire_upgraded":2,"win_rate":0.0,"timestamp":1610225509,"path_taken":["M","?","?","$","M","E","$","R","T","R","M","?","E","?","R","BOSS","M","?","$","?","M","E","R","E"],"items_purchased_type":["Card","Potion","Card"],"build_version":"2020-12-22","purchased_purges":1,"victory":false,"max_hp_per_floor":[70,70,70,70,70,70,70,70,70,70,70,70,70,75,75,75,75,75,75,75,75,75,75,75,75,75],"card_choices":[{"not_picked":["Well Laid Plans","Skewer"],"picked":"Deadly Poison","floor":1},{"not_picked":["Accuracy","Quick Slash"],"picked":"Backflip","floor":3},{"not_picked":["Blur","Backflip"],"picked":"Noxious Fumes","floor":5},{"not_picked":["Heel Hook","Cloak And Dagger","Quick Slash"],"picked":"SKIP","floor":6},{"not_picked":["Bouncing Flask","Flechettes"],"picked":"Leg Sweep","floor":11},{"not_picked":["Prepared","Dagger Spray"],"picked":"Backflip","floor":13},{"not_picked":["Bullet Time","Phantasmal Killer"],"picked":"Corpse Explosion","floor":16},{"not_picked":["PiercingWail","Flying Knee"],"picked":"Poisoned Stab+1","floor":18},{"not_picked":["Outmaneuver","Flechettes+1","Eviscerate"],"picked":"SKIP","floor":22},{"not_picked":["Skewer+1","Masterful Stab+1","Dagger Throw"],"picked":"SKIP","floor":23}],"player_experience":272244,"relics_obtained":[{"floor":6,"key":"Oddly Smooth Stone"},{"floor":9,"key":"Tiny Chest"},{"floor":13,"key":"CeramicFish"},{"floor":21,"key":"Bag of Preparation"},{"floor":23,"key":"Pantograph"}],"event_choices":[{"damage_healed":0,"gold_gain":0,"player_choice":"Ignored","damage_taken":0,"max_hp_gain":0,"max_hp_loss":0,"event_name":"WeMeetAgain","floor":2,"gold_loss":0},{"damage_healed":0,"gold_gain":0,"player_choice":"Take Damage","damage_taken":17,"relics_obtained":["Golden Idol"],"max_hp_gain":0,"max_hp_loss":0,"event_name":"Golden Idol","floor":12,"gold_loss":0},{"damage_healed":0,"gold_gain":0,"player_choice":"Donut","damage_taken":0,"max_hp_gain":5,"max_hp_loss":0,"event_name":"Big Fish","floor":14,"gold_loss":0},{"cards_removed":["Normality"],"damage_healed":0,"gold_gain":0,"player_choice":"Removed Curses","damage_taken":0,"max_hp_gain":0,"max_hp_loss":0,"event_name":"Fountain of Cleansing","floor":19,"gold_loss":0}],"is_beta":false,"boss_relics":[{"not_picked":["Calling Bell","Busted Crown"],"picked":"Philosopher\u0027s Stone"}],"items_purged_floors":[20],"is_endless":false,"potions_floor_spawned":[5,6,13,18],"killed_by":"Gremlin Leader","ascension_level":4}}