{"host":"nn8dnwg7qu5hzjj2","time":1610155856,"event":{"mods":["AchievementEnabler","BaseMod","Better Match","Better Note","Better Sensory Stone","Better Vampires","Card Forge","Colored Map","Colored Powertips","Data Control","Highlight Path","Infinite Spire","Minty Spire (QoL Compilation)","Permanent Neow","Relic Filter","Replay The Spire","Shop Mod","StSLib","Synergy Search","The Jungle","Transform Curses"],"gold_per_floor":[112,112,126,136,151,176,176,204,204,236,276,129,129,129,193,305,305,341,256,256,5,5,5,5],"floor_reached":23,"playtime":1535,"items_purged":[],"score":403,"play_id":"b0c914e5-f7dc-4de3-8764-918062424c7d","local_time":"20210108183056","is_ascension_mode":true,"campfire_choices":[{"floor":13,"key":"REST"}],"circlet_count":0,"master_deck":["Barricade+1","Entrench+1","Exhume+1","Deadly Poison+1","infinitespire:Neurotoxin+1","Catalyst+1","Genetic Algorithm+1","Blasphemy+1","infinitespire:Collect+1","infinitespire:FutureSight+1","ReplayTheSpireMod:Echoes of Time+1","infinitespire:Starlight+1","infinitespire:NeuralNetwork+1","infinitespire:Execution+1","Exhume+1","Exhume+1","Exhume+1","Exhume+1","Exhume+1","ReplayTheSpireMod:Echoes of Time+1","CurseOfTheBell","AbeCurse"],"relics":["Burning Blood","Hammer of Thor","Seething Fire","Anvil of the Gods","Toy Ornithopter","infinitespire:EvilPickle","Tiny Chest","Charon\u0027s Ashes","ClockworkSouvenir","InkBottle","ReplayTheSpireMod:DimensionalGlitch","Golden Egg","Onion Ring","Blue Candle"],"acts_visited":["Exordium","TheCity"],"potions_floor_usage":[],"damage_taken":[{"damage":16,"enemies":"Cultist","floor":1,"turns":4},{"damage":0,"enemies":"2 Louse","floor":3,"turns":1},{"damage":12,"enemies":"Jaw Worm","floor":4,"turns":2},{"damage":0,"enemies":"Large Slime","floor":5,"turns":2},{"damage":11,"enemies":"Replay:BlueRogue","floor":6,"turns":2},{"damage":38,"enemies":"Gremlin Nob","floor":8,"turns":4},{"damage":8,"enemies":"Blue Slaver","floor":10,"turns":3},{"damage":0,"enemies":"Lagavulin","floor":11,"turns":5},{"damage":0,"enemies":"Slime Boss","floor":16,"turns":3},{"damage":22,"enemies":"2 Thieves","floor":18,"turns":3},{"damage":22,"enemies":"Gremlin Leader","floor":23,"turns":1}],"seed_played":"4576294138659833836","potions_obtained":[{"floor":5,"key":"Venom Potion"},{"floor":6,"key":"Doom Potion"},{"floor":10,"key":"BloodPotion"}],"is_trial":false,"path_per_floor":["M","?","M","M","M","E","?","E","T","M","E","$","R","?","R_BF","B",null,"M","?","T","$","?","E"],"character_chosen":"IRONCLAD","items_purchased":["ClockworkSouvenir","Blue Candle"],"campfire_rested":1,"item_purchase_floors":[12,21],"current_hp_per_floor":[75,75,96,100,100,100,100,83,83,81,100,100,100,88,88,100,100,81,81,81,81,46,0,0],"gold":5,"neow_bonus":"RANDOM_EVENT","is_daily":false,"chose_seed":false,"campfire_upgraded":0,"win_rate":0.0,"timestamp":1610155856,"path_taken":["M","?","M","M","M","E","?","E","T","M","E","?","R","?","R_BF","BOSS","M","?","?","$","?","E"],"items_purchased_type":["Relic","Relic"],"build_version":"2020-12-22","purchased_purges":0,"victory":false,"max_hp_per_floor":[100,100,100,100,100,100,100,100,100,100,100,100,100,100,100,100,100,100,100,97,97,97,97,97],"card_choices":[{"not_picked":["Iron Wave","Combust","Warcry"],"picked":"SKIP","floor":1},{"not_picked":["Havoc","Dark Embrace","Entrench"],"picked":"SKIP","floor":3},{"not_picked":["Iron Wave","Cleave","True Grit"],"picked":"SKIP","floor":4},{"not_picked":["Armaments","Dropkick","Twin Strike"],"picked":"SKIP","floor":5},{"not_picked":["Hemokinesis","Perfected Strike","Headbutt"],"picked":"SKIP","floor":6},{"not_picked":["Evolve","Combust","Dark Embrace"],"picked":"SKIP","floor":8},{"not_picked":["Ghostly Armor","Armaments","Havoc"],"picked":"SKIP","floor":10},{"not_picked":["Heavy Blade","Brutality","Sword Boomerang"],"picked":"SKIP","floor":11},{"not_picked":["Shockwave+1","Pommel Strike"],"picked":"Twin Strike","floor":18}],"player_experience":120415,"relics_obtained":[{"floor":6,"key":"Tiny Chest"},{"floor":8,"key":"Toy Ornithopter"},{"floor":9,"key":"infinitespire:EvilPickle"},{"floor":11,"key":"Charon\u0027s Ashes"},{"floor":20,"key":"Onion Ring"}],"event_choices":[{"damage_healed":0,"gold_gain":0,"player_choice":"Donut","damage_taken":0,"max_hp_gain":5,"max_hp_loss":0,"event_name":"Big Fish","floor":0,"gold_loss":0},{"damage_healed":0,"gold_gain":0,"player_choice":"Ignored","damage_taken":0,"max_hp_gain":0,"max_hp_loss":0,"event_name":"Shining Light","floor":2,"gold_loss":0},{"damage_healed":0,"gold_gain":0,"player_choice":"Ignored","damage_taken":0,"max_hp_gain":0,"max_hp_loss":0,"event_name":"Liars Game","floor":7,"gold_loss":0},{"damage_healed":0,"gold_gain":0,"player_choice":"Success","damage_taken":12,"relics_obtained":["InkBottle"],"max_hp_gain":0,"max_hp_loss":0,"event_name":"Scrap Ooze","floor":14,"gold_loss":0},{"damage_healed":0,"gold_gain":0,"player_choice":"Obtained Relic","damage_taken":0,"relics_obtained":["Golden Egg"],"max_hp_gain":0,"max_hp_loss":0,"event_name":"Addict","floor":19,"gold_loss":85}],"is_beta":false,"boss_relics":[{"not_picked":["Kintsugi","Snecko Eye"],"picked":"ReplayTheSpireMod:DimensionalGlitch"}],"items_purged_floors":[],"is_endless":false,"potions_floor_spawned":[5,6,10,11],"killed_by":"Gremlin Leader","ascension_level":3}}