{"host":"ylxam20yo7j5dy26","time":1610182785,"event":{"mods":["ATMod(°¢èªMod)","Act Like it!","BaseMod","Conspire","Defuse TimeMaze Blight","Downfall","Gensokyo","Hallownest","Hubris","Infinite Spire","Lobotomy","Marisa£¨ìFÓê¡¡Ä§ÀíÉ³£©","Minty Spire (QoL Compilation)","Quick Restart","Replay The Spire","Spicy Shops","StSLib","The Cursed","UnlockEverythingMod","vexMod","¡¾ÒÅÎï¿¨ÅÆ¡¿REMEMod"],"gold_per_floor":[129,129,169,202,49,49,49],"floor_reached":6,"playtime":289,"items_purged":[],"score":36,"play_id":"388c5b5f-2a76-499d-971f-4314a7c1ea5c","local_time":"20210109165945","is_ascension_mode":false,"campfire_choices":[],"circlet_count":0,"master_deck":["Strike_P","Strike_P","Strike_P","Strike_P","Defend_P","Defend_P","Defend_P","Defend_P","Eruption","Vigilance","AT_EssenceShift","HandOfGreed","VoidDream","FollowUp","MeatLantern","Evaluate","Murderer","Vault"],"relics":["PureWater","AT_ATBox","REME_ComplimentaryCards","CogitoBucket","PreservedInsect"],"acts_visited":["Exordium"],"potions_floor_usage":[],"damage_taken":[{"damage":0.0,"enemies":"Cultist","floor":1.0,"turns":2.0},{"damage":0.0,"enemies":"2 Louse","floor":3.0,"turns":2.0},{"damage":50.0,"enemies":"Small Slimes","floor":4.0,"turns":3.0},{"damage":42,"enemies":"Lagavulin","floor":6,"turns":4}],"seed_played":"-8903927453188033978","potions_obtained":[{"floor":4.0,"key":"champ:CounterPotion"}],"is_trial":false,"path_per_floor":["M","?","M","M","$","E"],"character_chosen":"WATCHER","items_purchased":["PreservedInsect"],"campfire_rested":0,"item_purchase_floors":[5],"current_hp_per_floor":[72,72,72,22,22,0,0],"gold":49,"neow_bonus":"","is_daily":false,"chose_seed":false,"campfire_upgraded":0,"win_rate":0.0,"timestamp":1610182785,"path_taken":["M","?","M","M","$","E"],"items_purchased_type":["Relic"],"build_version":"2020-12-22","purchased_purges":0,"victory":false,"max_hp_per_floor":[72,72,72,72,72,72,72],"card_choices":[{"not_picked":["Bloodbath","LaLuna"],"picked":"VoidDream","floor":1.0},{"not_picked":["BattleHymn","Meditate"],"picked":"FollowUp","floor":1.0},{"not_picked":["LittleHelper","Wellcheers"],"picked":"MeatLantern","floor":3.0},{"not_picked":["JustLucky","Crescendo"],"picked":"Evaluate","floor":3.0},{"not_picked":["LittlePrince","FairyFestival"],"picked":"Murderer","floor":4.0},{"not_picked":["Evaluate","BowlingBash"],"picked":"Vault","floor":4.0}],"player_experience":112270,"relics_obtained":[],"event_choices":[{"damage_healed":0.0,"max_hp_gain":0.0,"max_hp_loss":0.0,"gold_gain":0.0,"event_name":"Liars Game","player_choice":"Ignored","floor":2.0,"gold_loss":0.0,"damage_taken":0.0}],"is_beta":false,"boss_relics":[],"items_purged_floors":[],"is_endless":false,"potions_floor_spawned":[4],"killed_by":"Lagavulin","ascension_level":0}}