{"host":"dn6kke80v5f7isus","time":1610233748,"event":{"mods":["AchievementEnabler","Act Like it!","BaseMod","Colored Powertips","Custom Start","Defuse TimeMaze Blight","Downfall","Duelist Mod","Gremlin Skip","Highlight Path","Hubris","Infinite Spire","Minty Spire (QoL Compilation)","Rare Cards Sparkle","Replay The Spire","StSLib","Uncapped"],"gold_per_floor":[143,160,160,184,24,24,39,83,83,83,98,116,116,140,140,140,140],"floor_reached":16,"playtime":622,"items_purged":[],"score":231,"play_id":"cd5198ed-c94a-4753-bc4e-169eb7cd1bf1","local_time":"20210109180908","is_ascension_mode":true,"campfire_choices":[{"data":"theDuelist:RareDragonMetronome","floor":6,"key":"SMITH"},{"data":"theDuelist:OrbMetronome","floor":10,"key":"SMITH"},{"data":"theDuelist:ShiranuiMetronome","floor":15,"key":"SMITH"}],"circlet_count":0,"master_deck":["theDuelist:AttackMetronome","theDuelist:AttackMetronome","theDuelist:AttackMetronome","theDuelist:AttackMetronome","theDuelist:BlockMetronome","theDuelist:BlockMetronome","theDuelist:BlockMetronome","theDuelist:BlockMetronome","theDuelist:Metronome","theDuelist:Metronome","theDuelist:PowerMetronome","theDuelist:SkillMetronome","theDuelist:SkillMetronome","theDuelist:TrapMetronome","theDuelist:UncommonAttackMetronome","theDuelist:OrbMetronome+1","theDuelist:RareDragonMetronome+1","theDuelist:ShiranuiMetronome+1","theDuelist:Blockman","theDuelist:GhostrickMetronome"],"relics":["theDuelist:MillenniumPuzzle","theDuelist:CardPoolRelic","theDuelist:CardPoolBasicRelic","theDuelist:BoosterPackPoolRelic","theDuelist:CardPoolAddRelic","theDuelist:CardPoolMinusRelic","theDuelist:CardPoolSaveRelic","theDuelist:CardPoolOptionsRelic","Golden Idol","theDuelist:GiftAnubis","Lantern","Eternal Feather"],"acts_visited":["Exordium"],"potions_floor_usage":[4,7,8,8,12,12,16,16],"damage_taken":[{"damage":2,"enemies":"2 Louse","floor":1,"turns":2},{"damage":0,"enemies":"Jaw Worm","floor":2,"turns":1},{"damage":0,"enemies":"Cultist","floor":4,"turns":4},{"damage":18,"enemies":"3 Louse","floor":7,"turns":3},{"damage":0,"enemies":"Lagavulin","floor":8,"turns":3},{"damage":0,"enemies":"Exordium Wildlife","floor":11,"turns":1},{"damage":6,"enemies":"Gremlin Gang","floor":12,"turns":3},{"damage":15,"enemies":"Exordium Thugs","floor":14,"turns":4},{"damage":70,"enemies":"Fading Forest","floor":16,"turns":9}],"seed_played":"8526280109857702573","potions_obtained":[{"floor":0,"key":"theDuelist:DestructPotionPotB"},{"floor":0,"key":"theDuelist:DestructPotionPot"},{"floor":0,"key":"AttackPotion"},{"floor":4,"key":"Swift Potion"},{"floor":8,"key":"theDuelist:SealedPack"},{"floor":11,"key":"theDuelist:DebuffFuryPotion"},{"floor":12,"key":"theDuelist:ExtraOrbsBottle"},{"floor":14,"key":"theDuelist:SteelBrew"}],"is_trial":false,"path_per_floor":["M","M","?","M","$","R","M","E","T","R","M","M","$","M","R","B"],"character_chosen":"THE_DUELIST","items_purchased":["theDuelist:RareDragonMetronome"],"campfire_rested":0,"item_purchase_floors":[5],"current_hp_per_floor":[70,70,50,50,50,50,42,42,42,51,51,45,45,30,42,0,0],"gold":140,"neow_bonus":"THREE_SMALL_POTIONS","is_daily":false,"chose_seed":false,"campfire_upgraded":3,"win_rate":0.0,"timestamp":1610233748,"path_taken":["M","M","?","M","$","R","M","E","T","R","M","M","$","M","R","BOSS"],"items_purchased_type":["Card"],"build_version":"2020-12-22","purchased_purges":0,"victory":false,"max_hp_per_floor":[80,80,80,80,80,80,90,90,90,90,90,90,90,90,90,93,93],"card_choices":[{"not_picked":["theDuelist:GauntletWarrior","theDuelist:BigFire","theDuelist:AttackTheMoon"],"picked":"SKIP","floor":1},{"not_picked":["theDuelist:AttackTheMoon","theDuelist:BattleguardKing","theDuelist:WormKing"],"picked":"SKIP","floor":2},{"not_picked":["theDuelist:ArcaneMonsterMetronome","theDuelist:AquaMetronome"],"picked":"theDuelist:OrbMetronome","floor":4},{"not_picked":["theDuelist:RareMetronome","theDuelist:PelagicMetronome"],"picked":"theDuelist:ShiranuiMetronome","floor":7},{"not_picked":["theDuelist:MillenniumGolem","theDuelist:FuryFire","theDuelist:ScrapFactory"],"picked":"SKIP","floor":8},{"not_picked":["theDuelist:FuryFire","theDuelist:ScrapFactory"],"picked":"theDuelist:Blockman","floor":11},{"not_picked":["theDuelist:RoseMetronome","theDuelist:CommonSpireMetronome","theDuelist:BlockMetronome"],"picked":"SKIP","floor":12},{"not_picked":["theDuelist:MetalRaidersMetronome","theDuelist:AttackTrapMetronome"],"picked":"theDuelist:GhostrickMetronome","floor":14}],"player_experience":577814,"relics_obtained":[{"floor":8,"key":"Lantern"},{"floor":9,"key":"Eternal Feather"}],"event_choices":[{"damage_healed":0,"gold_gain":0,"player_choice":"Take Damage","damage_taken":20,"relics_obtained":["Golden Idol"],"max_hp_gain":0,"max_hp_loss":0,"event_name":"Golden Idol","floor":3,"gold_loss":0}],"is_beta":false,"boss_relics":[],"items_purged_floors":[],"is_endless":false,"potions_floor_spawned":[4,8,11,12,14],"killed_by":"Fading Forest","ascension_level":8}}