{"host":"3l94tha3a4jgu0q4","time":1610193333,"event":{"mods":["2.2 Compatiblity","AchievementEnabler","BaseMod","Colored Map","Colored Powertips","Highlight Path","Minty Spire (QoL Compilation)","Permanent Neow","StSLib","SuperFastMode"],"gold_per_floor":[116,134,144,144,161,194,194,194,194],"floor_reached":8,"playtime":136,"items_purged":[],"score":99,"play_id":"e801b9ba-b223-4e1c-911b-da74b576828e","local_time":"20210109035533","is_ascension_mode":true,"campfire_choices":[{"data":"Eruption","floor":7,"key":"SMITH"}],"circlet_count":0,"master_deck":["AscendersBane","Strike_P","Strike_P","Strike_P","Strike_P","Defend_P","Defend_P","Defend_P","Defend_P","Eruption+1","Vigilance","FearNoEvil","Evaluate"],"relics":["Busted Crown","Yang","Pantograph"],"acts_visited":["Exordium"],"potions_floor_usage":[6],"damage_taken":[{"damage":12,"enemies":"Cultist","floor":1,"turns":3},{"damage":0,"enemies":"Small Slimes","floor":2,"turns":3},{"damage":0,"enemies":"2 Louse","floor":3,"turns":2},{"damage":4,"enemies":"Exordium Thugs","floor":5,"turns":4},{"damage":15,"enemies":"Lagavulin","floor":6,"turns":4},{"damage":12,"enemies":"3 Sentries","floor":8,"turns":5}],"seed_played":"1016311767499455608","potions_obtained":[{"floor":3,"key":"Strength Potion"}],"is_trial":false,"path_per_floor":["M","M","M","?","M","E","R","E"],"character_chosen":"WATCHER","items_purchased":[],"campfire_rested":0,"item_purchase_floors":[],"current_hp_per_floor":[49,49,49,31,27,12,12,0,0],"gold":194,"neow_bonus":"BOSS_RELIC","is_daily":false,"chose_seed":false,"campfire_upgraded":1,"win_rate":0.0,"timestamp":1610193333,"path_taken":["M","?","M","?","M","E","R","E"],"items_purchased_type":[],"build_version":"2020-12-22","purchased_purges":0,"victory":false,"max_hp_per_floor":[68,68,68,68,68,68,68,68,68],"card_choices":[{"not_picked":["PathToVictory"],"picked":"SKIP","floor":1},{"not_picked":[],"picked":"FearNoEvil","floor":2},{"not_picked":["CrushJoints"],"picked":"SKIP","floor":3},{"not_picked":["DeceiveReality"],"picked":"SKIP","floor":5},{"not_picked":[],"picked":"Evaluate","floor":6}],"player_experience":1911932,"relics_obtained":[{"floor":6,"key":"Pantograph"}],"event_choices":[{"damage_healed":0,"gold_gain":0,"player_choice":"Success","damage_taken":18,"relics_obtained":["Yang"],"max_hp_gain":0,"max_hp_loss":0,"event_name":"Scrap Ooze","floor":4,"gold_loss":0}],"is_beta":false,"boss_relics":[],"items_purged_floors":[],"is_endless":false,"potions_floor_spawned":[3],"killed_by":"3 Sentries","ascension_level":14}}