{"host":"2i0myh7fqij2ti1z","time":1610205322,"event":{"mods":["Aspiration","BaseMod","Better Third Choice","Colored Powertips","FoggyMod","GifTheSpireLib","Highlight Path","Minty Spire (QoL Compilation)","Permanent Neow","Quick Restart","Random Character Button","Random Character Mod","Relic Sorter","Replay The Spire","Shop Mod","Spicy Shops","StSLib","Stuff the Spire","Transform Curses","Wandering Minibosses","vexMod"],"gold_per_floor":[116,9049,9069,8140,6890,6922,6922,6949,6976,7010,7036,7061,7087,5654,5654,5753,5753,5765,5765,4366,4465,3303,3303,3419,3557,3557,3699,3829,2393,581,701,701,818,818,841,9626,8284,8346,6773,6907,7045,7153,7153,7153,7265,7265,7289,7393,7393,7495,7495,7515,6760,6760,6874,6927,7033,7155,7190,7202,6508,6508,6554,6662,6684,6684,6798,6798,6814,6823,6823,6929,6955,5990,6017,6133,6178,6345,5357,4285,4313,3491,3491,3614,3614,3622,2995,2035,2103,1096,1096,1096,162,241,241,373,9429,9452,8376,8376,8481,8481,8481],"floor_reached":102,"playtime":4171,"items_purged":["CrushJoints","Pain","InnerPeace","Wireheading","Fasting2","FollowUp","FollowUp","FollowUp","FollowUp","Indignation","LessonLearned+1","SignatureMove+1","MasterReality","Parasite","Fasting2+1","CrushJoints+1","JustLucky+1"],"score":3610,"play_id":"3105a8e7-a968-46e2-acd2-3608e000cbf8","local_time":"20210109231522","daily_mods":["SealedDeck","Heirloom","Flight","DeadlyEvents","Elite Swarm"],"is_ascension_mode":true,"campfire_choices":[{"data":"Tantrum","floor":23,"key":"SMITH"},{"data":"Omniscience","floor":32,"key":"SMITH"},{"data":"Wish","floor":49,"key":"SMITH"},{"data":"Meditate","floor":66,"key":"SMITH"},{"data":"Wish","floor":66,"key":"SMITH"},{"data":"1","floor":83,"key":"LIFT"},{"data":"2","floor":91,"key":"LIFT"},{"data":"3","floor":92,"key":"LIFT"},{"data":"Creative AI","floor":100,"key":"SMITH"},{"data":"Omniscience","floor":100,"key":"SMITH"}],"circlet_count":0,"master_deck":["Tantrum+1","Meditate+1","DevaForm+1","Omniscience+1","Omniscience+1","StuffTheSpire:PlasmaPunch+1","Wish+1","Wish+1","Omniscience+1","StuffTheSpire:Recharge+1","Omniscience+1","Enlightenment+1","Offering+1","Limit Break+1","StuffTheSpire:PlasmaPunch+1","Creative AI+1","StuffTheSpire:Rapture+1","Secret Weapon+1","Panacea+1","Panacea+1","Fasting2+1"],"relics":["PureWater","Ring of Chaos","StuffTheSpire:DarkSteelAnvil","ClockworkSouvenir","Melange","Replay:WaspNest","aspiration:ArtOfWarUpgrade","Happy Flower","Anchor","StuffTheSpire:RubySignet","Damaru","Orichalcum","Replay:Wax Seal","Matryoshka","Sling","ReplayFunnel","Toolbox","Singing Bowl","vexMod:MemoryStick","Bottled Tornado","Replay:Baseball","Regal Pillow","Pocketwatch","vexMod:BarristanHead","Calipers","StrikeDummy","Molten Egg 2","StuffTheSpire:TintedRock","BargainBundle","vexMod:Cooldron","Mango","aspiration:HatOfInfinitePower","aspiration:RitualDagger","HornCleat","MealTicket","StuffTheSpire:Nightcore","ReplayTheSpireMod:Shallot","Strange Spoon","aspiration:Nostalgia","Burning Blood","Chemical X","StuffTheSpire:GrapeVine","Replay:Rubber Ducky","Lantern","StuffTheSpire:Mouthbags","Replay:Bandana","aspiration:Lifesprig","Nunchaku","Bottled Lightning","Omamori","Peace Pipe","Garlic","StuffTheSpire:NeowsTribute","Replay:Kaleidoscope","Orrery","StuffTheSpire:HeavyRock","Frozen Eye","aspiration:StickyExplosives_weak","aspiration:AnachronicSnailShell","Mirror","HandDrill","Bottled Flame","Philosopher\u0027s Stone","Bag of Marbles","Potion Belt","StuffTheSpire:OldFever","Whetstone","PrismaticShard","Blue Doll","Gremlin Food","Oddly Smooth Stone","OrangePellets","Lee\u0027s Waffle","Blue Candle","vexMod:RetaliationKit","StuffTheSpire:Saxophone","Vajra","Chameleon Ring","Ancient Tea Set","vexMod:FocusSash","vexMod:PaidLearning","Akabeko","Tiny Chest","Bag of Preparation","StuffTheSpire:PointBlank","Durian","StuffTheSpire:EmeraldSignet","StuffTheSpire:Barrel","Girya","Black Star","Ring of Chaos","Cauldron","Toy Ornithopter","Strawberry","CeramicFish","Prayer Wheel","Pondfish Scales","Ginger","StuffTheSpire:Experiment12","Quantum Egg","MawBank","GoldenEye","vexMod:CardConverter","Replay:Towering Pillar of Hats","StuffTheSpire:Gunfinga","StuffTheSpire:CocoNut","Replay:Arrowhead","Pen Nib","Dream Catcher","aspiration:ChemicalBlood","StuffTheSpire:SapphireSignet","aspiration:RunicSpoon","Replay:Accelerometer","Replay:Purple Gloves","StuffTheSpire:Rhapsscallions","Dead Branch","Boot","Pet Ghost","ReplayTheSpireMod:Lightbulb","DollysMirror","Guide Book","Bronze Scales","War Paint","Blood Vial","Centennial Puzzle","Frozen Egg 2","Thread and Needle","Medical Kit","ReplayTheSpireMod:TigerMarble","Bird Faced Urn","PreservedInsect","Replay:Mystery Machine","Question Card","Onion Ring","TheAbacus","ReplayTheSpireMod:ShopPack","Membership Card","vexMod:Spyglass","Pantograph","Meat on the Bone","aspiration:FrozenJewel","aspiration:HummingbirdHeart","Runic Dome","Toxic Egg 2","Mercury Hourglass","Divine Protection","Sundial","InkBottle","TeardropLocket","Pear","Letter Opener","Golden Egg","Eternal Feather","Replay:Bottled Snecko","vexMod:Dragonfruit","Prayer Wheel","Unceasing Top","Iron Hammer","ReplayTheSpireMod:Ninjato","Replay:Bottled Flurry","StuffTheSpire:ForceGauntlet","aspiration:FetidBarrel","Ornamental Fan","TungstenRod","Yang","Replay:Bottled Steam","Shuriken","Kunai","Ice Cream","vexMod:ScavengeHelm","Replay:Ringing Soul","White Beast Statue","Lizard Tail","Darkstone Periapt","Gremlin Horn","Mummified Hand","vexMod:InvisibilityCloak","Replay:Multitool","FossilizedHelix","Snack Pack","aspiration:SeaSaltIceCream","WingedGreaves","ChewingGum","Ring of Chaos"],"acts_visited":["Exordium","TheCity","TheBeyond","Exordium","TheCity","TheBeyond","Exordium"],"potions_floor_usage":[4,53],"damage_taken":[{"damage":0,"enemies":"Cultist","floor":1,"turns":1},{"damage":0,"enemies":"2 Louse","floor":3,"turns":2},{"damage":0,"enemies":"3 Sentries","floor":6,"turns":2},{"damage":0,"enemies":"Gremlin Nob","floor":8,"turns":2},{"damage":0,"enemies":"3 Sentries","floor":10,"turns":2},{"damage":0,"enemies":"Lagavulin","floor":11,"turns":2},{"damage":0,"enemies":"Gremlin Nob","floor":12,"turns":2},{"damage":0,"enemies":"Lagavulin","floor":13,"turns":4},{"damage":0,"enemies":"Fading Forest","floor":16,"turns":6},{"damage":20,"enemies":"Shell Parasite","floor":18,"turns":2},{"damage":3,"enemies":"Replay:Snechameleon","floor":24,"turns":1},{"damage":6,"enemies":"Slavers","floor":25,"turns":2},{"damage":6,"enemies":"Book of Stabbing","floor":27,"turns":2},{"damage":3,"enemies":"Gremlin Leader","floor":28,"turns":1},{"damage":6,"enemies":"Book of Stabbing","floor":31,"turns":2},{"damage":6,"enemies":"Champ","floor":33,"turns":2},{"damage":3,"enemies":"Orb Walker","floor":35,"turns":1},{"damage":3,"enemies":"Mind Bloom Boss Battle","floor":38,"turns":1},{"damage":6,"enemies":"R_Hoarder","floor":40,"turns":2},{"damage":3,"enemies":"Reptomancer","floor":41,"turns":1},{"damage":3,"enemies":"Nemesis","floor":42,"turns":1},{"damage":5,"enemies":"R_Hoarder","floor":45,"turns":2},{"damage":3,"enemies":"Giant Head","floor":48,"turns":1},{"damage":3,"enemies":"Donu and Deca","floor":50,"turns":1},{"damage":4,"enemies":"Small Slimes","floor":52,"turns":2},{"damage":3,"enemies":"3 Sentries","floor":55,"turns":1},{"damage":3,"enemies":"Gremlin Nob","floor":57,"turns":1},{"damage":3,"enemies":"3 Sentries","floor":58,"turns":1},{"damage":3,"enemies":"Jaw Worm","floor":59,"turns":1},{"damage":3,"enemies":"Gremlin Nob","floor":64,"turns":1},{"damage":3,"enemies":"Cultist","floor":65,"turns":1},{"damage":3,"enemies":"Fading Forest","floor":67,"turns":1},{"damage":3,"enemies":"Spheric Guardian","floor":69,"turns":1},{"damage":3,"enemies":"Slavers","floor":72,"turns":1},{"damage":3,"enemies":"Chosen","floor":73,"turns":1},{"damage":3,"enemies":"Book of Stabbing","floor":76,"turns":1},{"damage":3,"enemies":"Slavers","floor":78,"turns":1},{"damage":3,"enemies":"Snecko","floor":81,"turns":1},{"damage":3,"enemies":"Collector","floor":84,"turns":1},{"damage":3,"enemies":"Orb Walker","floor":86,"turns":1},{"damage":0,"enemies":"R_Hoarder","floor":96,"turns":1},{"damage":0,"enemies":"3 Shapes","floor":98,"turns":1},{"damage":0,"enemies":"Awakened One","floor":101,"turns":2}],"seed_played":"8315098233896215061","potions_obtained":[{"floor":6,"key":"Energy Potion"},{"floor":8,"key":"BottledMiracle"},{"floor":10,"key":"Cursed Concoction"},{"floor":42,"key":"EntropicBrew"},{"floor":53,"key":"Fruit Juice"},{"floor":57,"key":"EntropicBrew"}],"is_trial":true,"path_per_floor":["M","$","M","$","$","E","?","E","T","E","E","E","E","$","R","B",null,"M","?","$","?","$","R","E","E","T","E","E","$","$","E","R","B",null,"M","$","$","?","$","E","E","E","T","T","E","?","T","E","R","B",null,"M","$","?","E","T","E","E","M","T","$","?","T","E","M","R","B",null,"M","?","T","E","M","$","T","E","T","E","$","$","M","$","R","B",null,"M","$","$","T","$","R","R","$","T","R","E","$","M","$","R","B",null],"character_chosen":"WATCHER","items_purchased":["ClockworkSouvenir","Melange","Replay:WaspNest","Art of War","Happy Flower","Anchor","StuffTheSpire:RubySignet","Damaru","Orichalcum","Replay:Wax Seal","Fruit Juice","DuplicationPotion","Matryoshka","Sling","ReplayFunnel","Toolbox","Singing Bowl","Meditate","Molten Egg 2","StuffTheSpire:TintedRock","BargainBundle","vexMod:Cooldron","Mango","aspiration:HatOfInfinitePower","HornCleat","MealTicket","StuffTheSpire:Nightcore","ReplayTheSpireMod:Shallot","Strange Spoon","StuffTheSpire:PlasmaPunch+1","Fasting2+1","aspiration:Nostalgia","Chemical X","StuffTheSpire:GrapeVine","Replay:Rubber Ducky","Lantern","StuffTheSpire:Mouthbags","CrushJoints+1","Garlic","StuffTheSpire:NeowsTribute","Replay:Kaleidoscope","StuffTheSpire:Recharge","Orrery","StuffTheSpire:HeavyRock","Frozen Eye","aspiration:StickyExplosives_weak","aspiration:AnachronicSnailShell","Mirror","HandDrill","JustLucky+1","Bag of Marbles","Potion Belt","Enlightenment","StuffTheSpire:OldFever","Whetstone","PrismaticShard","Blue Doll","Gremlin Food","Oddly Smooth Stone","OrangePellets","Lee\u0027s Waffle","Blue Candle","StuffTheSpire:Saxophone","Vajra","Chameleon Ring","EntropicBrew","Ancient Tea Set","vexMod:FocusSash","vexMod:PaidLearning","Cauldron","Toy Ornithopter","Strawberry","CeramicFish","vexMod:BerryBomb","StuffTheSpire:Gunfinga","StuffTheSpire:CocoNut","Replay:Arrowhead","Pen Nib","Dead Branch","Boot","Pet Ghost","ReplayTheSpireMod:Lightbulb","DollysMirror","Guide Book","Frozen Egg 2","Thread and Needle","Medical Kit","ReplayTheSpireMod:TigerMarble","Bird Faced Urn","PreservedInsect","Replay:Mystery Machine","Question Card","Onion Ring","TheAbacus","ReplayTheSpireMod:ShopPack","Membership Card","vexMod:Spyglass","Pantograph","Meat on the Bone","aspiration:FrozenJewel","aspiration:HummingbirdHeart","EntropicBrew","Toxic Egg 2","Mercury Hourglass","Divine Protection","Sundial","InkBottle","TeardropLocket","Pear","Letter Opener","Golden Egg","Eternal Feather","Secret Weapon+1","Replay:Bottled Snecko","vexMod:Dragonfruit","Prayer Wheel","Unceasing Top","Iron Hammer","ReplayTheSpireMod:Ninjato","Panacea+1","Replay:Bottled Flurry","EntropicBrew","EntropicBrew","StuffTheSpire:ForceGauntlet","aspiration:FetidBarrel","Ornamental Fan","TungstenRod","Yang","Replay:Bottled Steam","vexMod:ScavengeHelm","Replay:Ringing Soul","White Beast Statue","Lizard Tail","Darkstone Periapt","Gremlin Horn","Mummified Hand","vexMod:InvisibilityCloak","Replay:Multitool","FossilizedHelix","Snack Pack","aspiration:SeaSaltIceCream","Fasting2+1"],"campfire_rested":0,"item_purchase_floors":[2,2,2,2,2,2,4,4,4,4,4,4,5,5,5,5,5,5,14,14,14,14,14,14,20,20,20,20,20,20,22,22,22,22,22,22,22,22,29,29,29,29,29,30,30,30,30,30,30,30,36,36,36,36,36,36,37,37,37,37,37,37,39,39,39,39,39,39,39,53,53,53,53,53,61,61,61,61,74,74,74,74,74,74,79,79,79,79,79,80,80,80,80,80,80,82,82,82,82,82,82,82,87,87,87,87,87,88,88,88,88,88,88,88,90,90,90,90,90,90,90,90,90,93,93,93,93,93,93,97,97,97,97,97,97,99,99,99,99,99,99,99],"current_hp_per_floor":[72,72,72,77,77,77,77,79,79,79,79,79,81,95,95,97,97,79,79,79,79,94,94,97,97,97,99,101,109,109,109,109,111,111,113,113,120,122,122,122,124,124,124,129,131,127,127,132,132,135,139,141,161,161,163,163,165,167,171,171,178,178,178,180,184,184,186,186,190,192,192,197,201,203,203,205,205,207,207,213,217,217,217,219,219,223,223,236,236,245,245,245,245,245,245,247,247,253,258,258,260,260,260],"gold":8481,"neow_bonus":"","is_daily":false,"chose_seed":false,"campfire_upgraded":7,"win_rate":0.0,"timestamp":1610205322,"path_taken":["M","$","?","$","$","E","?","E","T","E","?","E","?","?","R","BOSS","M","?","$","?","$","R","E","E","T","E","E","?","$","E","R","BOSS","M","$","$","?","$","E","E","E","T","?","?","?","?","?","R","BOSS","M","$","?","?","?","E","?","?","T","$","?","?","?","?","R","BOSS","M","?","?","?","?","?","?","E","T","?","$","$","?","$","R","BOSS","M","$","?","?","$","R","R","?","T","R","E","$","?","?","R","BOSS"],"items_purchased_type":["Relic","Relic","Relic","Relic","Relic","Relic","Relic","Relic","Relic","Relic","Potion","Potion","Relic","Relic","Relic","Relic","Relic","Card","Relic","Relic","Relic","Relic","Relic","Relic","Relic","Relic","Relic","Relic","Relic","Card","Card","Relic","Relic","Relic","Relic","Relic","Relic","Card","Relic","Relic","Relic","Card","Relic","Relic","Relic","Relic","Relic","Relic","Relic","Card","Relic","Relic","Card","Relic","Relic","Relic","Relic","Relic","Relic","Relic","Relic","Relic","Relic","Relic","Relic","Potion","Relic","Relic","Relic","Relic","Relic","Relic","Relic","Relic","Relic","Relic","Relic","Relic","Relic","Relic","Relic","Relic","Relic","Relic","Relic","Relic","Relic","Relic","Relic","Relic","Relic","Relic","Relic","Relic","Relic","Relic","Relic","Relic","Relic","Relic","Relic","Potion","Relic","Relic","Relic","Relic","Relic","Relic","Relic","Relic","Relic","Relic","Card","Relic","Relic","Relic","Relic","Relic","Relic","Card","Relic","Potion","Potion","Relic","Relic","Relic","Relic","Relic","Relic","Relic","Relic","Relic","Relic","Relic","Relic","Relic","Relic","Relic","Relic","Relic","Relic","Card"],"build_version":"2020-12-22","purchased_purges":17,"victory":false,"max_hp_per_floor":[72,72,72,77,77,77,77,79,79,79,79,79,81,95,95,97,97,99,99,99,99,99,99,99,99,99,101,101,109,109,109,109,111,111,113,113,120,122,122,122,124,124,124,129,131,137,137,139,139,139,139,141,161,161,163,163,165,167,171,171,178,178,178,180,184,184,186,186,190,192,192,197,201,203,203,205,205,207,207,213,217,217,217,219,219,223,223,236,236,245,245,245,245,245,245,247,247,253,258,258,260,260,260],"card_choices":[{"not_picked":["Halt","Consecrate","JustLucky"],"picked":"SKIP","floor":1},{"not_picked":["FollowUp","EmptyFist"],"picked":"Tantrum","floor":3},{"not_picked":["Vault","Ragnarok"],"picked":"DevaForm","floor":6},{"not_picked":["Replay:AllIn","Brilliance","Replay:LoomingThreat"],"picked":"Singing Bowl","floor":8},{"not_picked":["Alpha","Devotion"],"picked":"MasterReality","floor":10},{"not_picked":["Establishment","DevaForm"],"picked":"Omniscience","floor":11},{"not_picked":["Replay:AllIn","Alpha"],"picked":"Omniscience","floor":12},{"not_picked":["Blasphemy","DevaForm","Replay:LoomingThreat"],"picked":"Singing Bowl","floor":13},{"not_picked":["Brilliance+1","LessonLearned+1","Replay:LoomingThreat"],"picked":"Singing Bowl","floor":16},{"not_picked":["ClearTheMind","WreathOfFlame","Conclude+1"],"picked":"Singing Bowl","floor":18},{"not_picked":["Vault","Replay:LoomingThreat"],"picked":"Wish","floor":24},{"not_picked":["DeusExMachina","Replay:AllIn"],"picked":"Wish","floor":25},{"not_picked":["Vault","ConjureBlade","Establishment"],"picked":"Singing Bowl","floor":27},{"not_picked":["Replay:AllIn","Brilliance+1"],"picked":"Omniscience","floor":28},{"not_picked":["SpiritShield","Evaluate","DeceiveReality+1"],"picked":"Singing Bowl","floor":29},{"not_picked":["Replay:Battleflow","EmptyBody+1"],"picked":"LessonLearned+1","floor":29},{"not_picked":["Replay:DivineShield","SashWhip+1","ThirdEye"],"picked":"Singing Bowl","floor":29},{"not_picked":["DeusExMachina","Wireheading","Prostrate+1"],"picked":"Singing Bowl","floor":29},{"not_picked":["BattleHymn","Study+1","ThirdEye"],"picked":"Singing Bowl","floor":29},{"not_picked":["Vault","MasterReality"],"picked":"Omniscience","floor":31},{"not_picked":["ConjureBlade","Devotion","Judgement"],"picked":"Singing Bowl","floor":33},{"not_picked":["Halt","EmptyFist+1","Replay:BluntJabs+1"],"picked":"Singing Bowl","floor":35},{"not_picked":["StuffTheSpire:Incineration+1","Dodge and Roll+1","BowlingBash+1"],"picked":"Singing Bowl","floor":38},{"not_picked":["ReplayTheSpireMod:Omega Cannon+1","Hemogenesis+1"],"picked":"Offering","floor":40},{"not_picked":["Replay:Many Hands","Replay:AllIn","ReplayTheSpireMod:Omega Cannon+1"],"picked":"Singing Bowl","floor":41},{"not_picked":["Demonic Infusion","Atom Bomb+1"],"picked":"Limit Break","floor":42},{"not_picked":["Doppelganger","Seek","Transmutation"],"picked":"Singing Bowl","floor":45},{"not_picked":["HandOfGreed+1","Deep Breath","StuffTheSpire:PlasmaPulse"],"picked":"Singing Bowl","floor":46},{"not_picked":["Panacea","Purity","Replay:Parry+1"],"picked":"Singing Bowl","floor":46},{"not_picked":["Purity","Discovery","Trip"],"picked":"Singing Bowl","floor":46},{"not_picked":["Meteor Strike+1","Alpha","Malaise"],"picked":"Singing Bowl","floor":48},{"not_picked":["Metamorphosis","Transmutation"],"picked":"ReplayTheSpireMod:Fabricate Wheel","floor":50},{"not_picked":["Sentinel","StuffTheSpire:GlassShard+1","SignatureMove+1"],"picked":"Singing Bowl","floor":52},{"not_picked":["Wraith Form v2","Thinking Ahead","Apotheosis"],"picked":"Singing Bowl","floor":55},{"not_picked":["LessonLearned+1","Eclipse","Night Terror"],"picked":"Singing Bowl","floor":57},{"not_picked":["Seek","ReplayRNGCard","Ragnarok+1"],"picked":"Singing Bowl","floor":58},{"not_picked":["StuffTheSpire:Repulse","FlyingSleeves+1","PathToVictory"],"picked":"Singing Bowl","floor":59},{"not_picked":["Consecrate+1","Slice+1","Underhanded Strike+1"],"picked":"Singing Bowl","floor":59},{"not_picked":["Exhume","Storm of Steel","Corpse Explosion"],"picked":"Singing Bowl","floor":64},{"not_picked":["Replay:Sssssssssstrike+1","Calculated Gamble","Anger+1"],"picked":"Singing Bowl","floor":65},{"not_picked":["Stack","Body Slam+1","EmptyBody"],"picked":"Singing Bowl","floor":65},{"not_picked":["Thinking Ahead","Devotion","Magnetism"],"picked":"Singing Bowl","floor":67},{"not_picked":["Conserve Battery+1","JustLucky+1","StuffTheSpire:Incantation"],"picked":"Singing Bowl","floor":69},{"not_picked":["ReplaySort","StuffTheSpire:Injection+1","ThirdEye"],"picked":"Singing Bowl","floor":69},{"not_picked":["StuffTheSpire:ForEach","StuffTheSpire:FinalStruggle+1","Transmutation"],"picked":"Singing Bowl","floor":72},{"not_picked":["Replay:BasicMightCard+1","Replay:Undeath\u0027s Touch+1","BowlingBash+1"],"picked":"Singing Bowl","floor":73},{"not_picked":["EmptyFist+1","Infinite Blades+1","Halt"],"picked":"Singing Bowl","floor":73},{"not_picked":["Amplify","Poison Darts","Violence"],"picked":"Singing Bowl","floor":76},{"not_picked":["Apotheosis","Envenom"],"picked":"Creative AI","floor":78},{"not_picked":["ReplayTheSpireMod:Necrogeddon","Transmutation","StuffTheSpire:Recharge","HandOfGreed"],"picked":"Singing Bowl","floor":80},{"not_picked":["Madness","Replay:Sssssssssshield","Replay:BasicMightCard","StuffTheSpire:FreeRealEstate"],"picked":"Singing Bowl","floor":80},{"not_picked":["Secret Technique","ReplayTheSpireMod:Private Reserves","Jack Of All Trades","StuffTheSpire:Recharge"],"picked":"Singing Bowl","floor":80},{"not_picked":["Intimidate+1","Searing Blow+1","Choke+1","Perfected Strike+1"],"picked":"Singing Bowl","floor":81},{"not_picked":["Body Slam+1","Armaments","Replay:AtTheReady+1","Consecrate+1"],"picked":"Singing Bowl","floor":81},{"not_picked":["StuffTheSpire:FinalStruggle+1","Storm of Steel","Poison Darts","After Image+1"],"picked":"Singing Bowl","floor":84},{"not_picked":["Cold Snap+1","Reinforced Body","Ghostly Armor","Dagger Throw+1"],"picked":"Singing Bowl","floor":86},{"not_picked":["Bane+1","Twin Strike+1","Cleave+1","Replay:BluntJabs+1"],"picked":"Singing Bowl","floor":86},{"not_picked":["aspiration:Lunge+1","StuffTheSpire:EventHorizon+1","StuffTheSpire:TitanForm+1","DeusExMachina+1"],"picked":"Singing Bowl","floor":96},{"not_picked":["Deflect+1","Gash+1","Dodge and Roll+1","Conserve Battery+1"],"picked":"Singing Bowl","floor":98},{"not_picked":["Adaptation+1","Flying Knee+1","Auto Shields+1","Replay:Cycle+1"],"picked":"Singing Bowl","floor":98},{"not_picked":["Cold Snap+1","Massacre+1","Fiend Fire+1","Intimidate+1"],"picked":"Singing Bowl","floor":98},{"not_picked":["Thinking Ahead+1","Replay:Many Hands+1","ReplayTheSpireMod:Necrogeddon+1","Electrodynamics+1"],"picked":"Singing Bowl","floor":101}],"player_experience":225376,"relics_obtained":[{"floor":6,"key":"vexMod:MemoryStick"},{"floor":8,"key":"Bottled Tornado"},{"floor":9,"key":"Replay:Baseball"},{"floor":9,"key":"Regal Pillow"},{"floor":10,"key":"Pocketwatch"},{"floor":11,"key":"vexMod:BarristanHead"},{"floor":12,"key":"Calipers"},{"floor":13,"key":"StrikeDummy"},{"floor":24,"key":"Replay:Bandana"},{"floor":25,"key":"aspiration:Lifesprig"},{"floor":26,"key":"Nunchaku"},{"floor":26,"key":"Bottled Lightning"},{"floor":27,"key":"Omamori"},{"floor":28,"key":"Peace Pipe"},{"floor":31,"key":"Bottled Flame"},{"floor":38,"key":"vexMod:RetaliationKit"},{"floor":40,"key":"Akabeko"},{"floor":41,"key":"Tiny Chest"},{"floor":42,"key":"Bag of Preparation"},{"floor":43,"key":"StuffTheSpire:PointBlank"},{"floor":44,"key":"Durian"},{"floor":45,"key":"StuffTheSpire:EmeraldSignet"},{"floor":47,"key":"StuffTheSpire:Barrel"},{"floor":48,"key":"Girya"},{"floor":55,"key":"Pondfish Scales"},{"floor":55,"key":"Ginger"},{"floor":56,"key":"StuffTheSpire:Experiment12"},{"floor":57,"key":"Quantum Egg"},{"floor":57,"key":"MawBank"},{"floor":58,"key":"GoldenEye"},{"floor":58,"key":"vexMod:CardConverter"},{"floor":60,"key":"Replay:Towering Pillar of Hats"},{"floor":63,"key":"Dream Catcher"},{"floor":64,"key":"aspiration:ChemicalBlood"},{"floor":64,"key":"StuffTheSpire:SapphireSignet"},{"floor":71,"key":"Replay:Accelerometer"},{"floor":72,"key":"Replay:Purple Gloves"},{"floor":72,"key":"StuffTheSpire:Rhapsscallions"},{"floor":76,"key":"Bronze Scales"},{"floor":76,"key":"War Paint"},{"floor":77,"key":"Blood Vial"},{"floor":78,"key":"Centennial Puzzle"},{"floor":94,"key":"Shuriken"},{"floor":96,"key":"Kunai"},{"floor":96,"key":"Ice Cream"}],"event_choices":[{"damage_healed":0,"gold_gain":99,"player_choice":"Steal","damage_taken":0,"max_hp_gain":0,"max_hp_loss":0,"event_name":"betterThird:BetterNest","floor":21,"gold_loss":0},{"damage_healed":0,"gold_gain":0,"player_choice":"Fight","damage_taken":0,"max_hp_gain":0,"max_hp_loss":0,"event_name":"MindBloom","floor":38,"gold_loss":0},{"damage_healed":0,"gold_gain":0,"player_choice":"Memory 3","damage_taken":10,"max_hp_gain":0,"max_hp_loss":0,"event_name":"SensoryStone","floor":46,"gold_loss":0},{"damage_healed":0,"gold_gain":0,"player_choice":"Upgraded","damage_taken":0,"max_hp_gain":0,"max_hp_loss":0,"event_name":"Upgrade Shrine","floor":54,"gold_loss":0,"cards_upgraded":["Offering"]},{"damage_healed":0,"gold_gain":0,"player_choice":"Got Potions","damage_taken":0,"max_hp_gain":0,"max_hp_loss":0,"event_name":"Lab","floor":62,"gold_loss":0},{"damage_healed":0,"gold_gain":0,"player_choice":"Read","damage_taken":0,"max_hp_gain":0,"max_hp_loss":0,"event_name":"The Library","floor":70,"gold_loss":0,"cards_obtained":["Consecrate"]}],"is_beta":false,"boss_relics":[{"not_picked":["Astrolabe","ChewingGum"],"picked":"aspiration:RitualDagger"},{"not_picked":["aspiration:SilentSkillbook","Honey Jar"],"picked":"Philosopher\u0027s Stone"},{"not_picked":["Runic Pyramid","VioletLotus"],"picked":"Black Star"},{"not_picked":["vexMod:DeviousBotling","vexMod:EndlessSickness"],"picked":"aspiration:RunicSpoon"},{"not_picked":["Replay:Ancient Bell","Astrolabe"],"picked":"Runic Dome"},{"not_picked":["vexMod:ImprovementManual","Calling Bell"],"picked":"ChewingGum"}],"items_purged_floors":[2,4,5,5,14,20,22,29,30,30,36,37,39,88,93,97,99],"is_endless":true,"potions_floor_spawned":[6,8,10,11,13,16,18,31,42,50,52,57,65,67,73,76,81,84,96,98,101],"ascension_level":1}}