{"host":"dvpvhz1t6etneyb3","time":1610159745,"event":{"mods":["AchievementEnabler","BaseMod","Colored Map","Highlight Path","Minty Spire (QoL Compilation)","Permanent Neow","Quick Restart"],"gold_per_floor":[99,99,99,59,59,59,59,59,59,59,59,59,59,59,59,59,59,59,59,59,59,59,59,59,59],"floor_reached":24,"playtime":1262,"items_purged":[],"score":416,"play_id":"cff0ada9-fa42-481d-9519-36dab0447ca1","local_time":"20210108213545","is_ascension_mode":true,"campfire_choices":[{"floor":8.0,"key":"REST"},{"data":"Leg Sweep","floor":12.0,"key":"SMITH"},{"data":"Footwork","floor":15.0,"key":"SMITH"},{"floor":23,"key":"REST"}],"circlet_count":0,"master_deck":["AscendersBane","Strike_G","Strike_G","Strike_G","Defend_G","Defend_G","Defend_G","Defend_G","Defend_G","Survivor","Neutralize","Dagger Spray","Flying Knee","Leg Sweep+1","Glass Knife+1","Footwork+1","Burst","Deadly Poison","Leg Sweep","Quick Slash+1","Backflip"],"relics":["Ectoplasm","Calipers","Molten Egg 2","CaptainsWheel","Bottled Lightning","Empty Cage","Mummified Hand"],"acts_visited":["TheCity"],"potions_floor_usage":[24],"damage_taken":[{"damage":3.0,"enemies":"2 Louse","floor":1.0,"turns":5.0},{"damage":7.0,"enemies":"Cultist","floor":2.0,"turns":6.0},{"damage":7.0,"enemies":"Jaw Worm","floor":3.0,"turns":4.0},{"damage":4.0,"enemies":"Exordium Thugs","floor":4.0,"turns":4.0},{"damage":10.0,"enemies":"3 Sentries","floor":6.0,"turns":8.0},{"damage":0.0,"enemies":"2 Fungi Beasts","floor":7.0,"turns":3.0},{"damage":6.0,"enemies":"Gremlin Nob","floor":13.0,"turns":5.0},{"damage":27.0,"enemies":"Slime Boss","floor":16.0,"turns":16.0},{"damage":2.0,"enemies":"Chosen","floor":18.0,"turns":8.0},{"damage":7.0,"enemies":"Shell Parasite","floor":19.0,"turns":8.0},{"damage":2,"enemies":"Centurion and Healer","floor":20,"turns":17},{"damage":12,"enemies":"Snecko","floor":22,"turns":7},{"damage":49,"enemies":"Gremlin Leader","floor":24,"turns":8}],"seed_played":"-9176374227168641308","potions_obtained":[{"floor":2.0,"key":"Swift Potion"},{"floor":6.0,"key":"SkillPotion"},{"floor":13.0,"key":"GamblersBrew"},{"floor":16.0,"key":"Weak Potion"},{"floor":20,"key":"Weak Potion"}],"is_trial":false,"path_per_floor":["M","M","M","M","?","E","M","R","T","?","?","R","E","?","R","B",null,"M","M","M","T","M","R","E"],"character_chosen":"THE_SILENT","items_purchased":[],"campfire_rested":2,"item_purchase_floors":[],"current_hp_per_floor":[56,49,42,38,38,28,28,47,47,36,36,36,30,30,30,3,50,48,41,39,39,27,46,0,0],"gold":59,"neow_bonus":"BOSS_RELIC","is_daily":false,"chose_seed":false,"campfire_upgraded":2,"win_rate":0.0,"timestamp":1610159745,"path_taken":["M","M","M","M","?","E","?","R","T","?","?","R","E","?","R","BOSS","M","M","M","?","M","R","E"],"items_purchased_type":[],"build_version":"2020-12-22","purchased_purges":0,"victory":false,"max_hp_per_floor":[66,66,66,66,66,66,66,66,66,66,66,66,66,66,66,66,66,66,66,66,66,66,66,66,66],"card_choices":[{"not_picked":["Eviscerate","Infinite Blades"],"picked":"Dagger Spray","floor":1.0},{"not_picked":["Prepared","Underhanded Strike"],"picked":"Flying Knee","floor":2.0},{"not_picked":["Escape Plan","Deadly Poison"],"picked":"Leg Sweep","floor":3.0},{"not_picked":["Concentrate","Deflect"],"picked":"Glass Knife","floor":4.0},{"not_picked":["Leg Sweep","Choke","Caltrops"],"picked":"SKIP","floor":6.0},{"not_picked":["Deflect","Underhanded Strike","Bane"],"picked":"SKIP","floor":7.0},{"not_picked":["Backflip","Blur"],"picked":"Footwork","floor":13.0},{"not_picked":["Night Terror","Venomology"],"picked":"Burst","floor":16.0},{"not_picked":["Infinite Blades","Catalyst"],"picked":"Deadly Poison","floor":18.0},{"not_picked":["Flying Knee+1","Accuracy"],"picked":"Leg Sweep","floor":19.0},{"not_picked":["Cloak And Dagger","Sucker Punch+1"],"picked":"Quick Slash+1","floor":20},{"not_picked":["Calculated Gamble+1","Tactician"],"picked":"Backflip","floor":22}],"player_experience":2024923,"relics_obtained":[{"floor":6.0,"key":"Calipers"},{"floor":9.0,"key":"Molten Egg 2"},{"floor":13.0,"key":"Bottled Lightning"},{"floor":21,"key":"Mummified Hand"}],"event_choices":[{"damage_healed":0.0,"max_hp_gain":0.0,"max_hp_loss":0.0,"gold_gain":0.0,"event_name":"Accursed Blacksmith","player_choice":"Forge","floor":5.0,"gold_loss":0.0,"damage_taken":0.0,"cards_upgraded":["Glass Knife"]},{"damage_healed":0.0,"max_hp_gain":0.0,"max_hp_loss":0.0,"gold_gain":0.0,"event_name":"Scrap Ooze","player_choice":"Success","floor":10.0,"gold_loss":0.0,"damage_taken":11.0,"relics_obtained":["CaptainsWheel"]},{"damage_healed":0.0,"max_hp_gain":0.0,"max_hp_loss":0.0,"gold_gain":0.0,"event_name":"Liars Game","player_choice":"Ignored","floor":11.0,"gold_loss":0.0,"damage_taken":0.0},{"damage_healed":0.0,"max_hp_gain":0.0,"max_hp_loss":0.0,"gold_gain":50.0,"event_name":"Golden Shrine","player_choice":"Pray","floor":14.0,"gold_loss":0.0,"damage_taken":0.0}],"is_beta":false,"boss_relics":[{"not_picked":["Coffee Dripper","HoveringKite"],"picked":"Empty Cage"}],"items_purged_floors":[],"is_endless":false,"potions_floor_spawned":[2,6,13,16,20],"killed_by":"Gremlin Leader","ascension_level":20}}