{"host":"szhlby826bwwvape","time":1610215969,"event":{"mods":["Act Like it!","BaseMod","Colored Map","Colored Powertips","Downfall","Hallownest","Minty Spire (QoL Compilation)","Rare Cards Sparkle","Replay The Spire","StSLib","The Bug Knight"],"gold_per_floor":[99,118,128,142,17,17,17,17,41,57,57,57,57,76,106,124,139,241,241,166,182,182,32,49,76,153,171,171,203,203,203,216,233,251,351,351,351,365,419,419,131,131,184,45,63,73,88,107,107,167,182,182],"floor_reached":53,"playtime":12844,"items_purged":["champ:Strike","Regret","champ:Execute"],"score":1103,"play_id":"fdb729f8-bd96-4def-af53-699bd350c741","local_time":"20210110021249","is_ascension_mode":false,"campfire_choices":[{"data":"champ:Taunt","floor":6,"key":"SMITH"},{"data":"champ:Improvising","floor":12,"key":"SMITH"},{"data":"champ:Backstep","floor":20,"key":"SMITH"},{"data":"champ:SwordThrow","floor":28,"key":"SMITH"},{"data":"champ:Lariat","floor":31,"key":"SMITH"},{"floor":37,"key":"DIG"},{"data":"champ:HoldFirm","floor":42,"key":"SMITH"},{"data":"champ:FlashCut","floor":49,"key":"SMITH"}],"circlet_count":0,"master_deck":["champ:Strike","champ:Strike","champ:Defend","champ:Defend","champ:Defend","champ:Taunt+1","champ:SwordThrow+1","champ:Improvising+1","champ:BringItOn","champ:CrookedStrike","champ:BerserkerStyle","champ:CrookedStrike","champ:SkillfulDodge+1","champ:Backstep+1","champ:AdrenalArmor","champ:Haymaker","champ:Lariat+1","champ:MurderStrike","champ:Encircle+1","champ:FlashCut+1","champ:Encircle","champ:ShieldWall+1","champ:SkillfulDodge+1","champ:Shatter+1","RitualDagger","champ:IronFortress","champ:FlashCut+1","champ:HoldFirm+1","champ:SteelEdge","champ:PerfectedStrike+1","Pot Of Greed","Pot Of Greed","Pot Of Greed","champ:PerfectedStrike+1"],"relics":["champ:ChampionCrownUpgraded","Replay:Rubber Ducky","Art of War","Black Star","downfall:HeartBlessingGreen","Pet Ghost","ReplayTheSpireMod:Shallot","Eternal Feather","Bird Faced Urn","Regal Pillow","Pocketwatch","Simple Rune","Bronze Scales","Grinning Jar","Letter Opener","Kunai","Centennial Puzzle"],"acts_visited":["Exordium","TheCity","TheBeyond"],"potions_floor_usage":[15,15,18,18,18,35,48,52,52],"damage_taken":[{"damage":5,"enemies":"Cultist","floor":2,"turns":4},{"damage":0,"enemies":"2 Louse","floor":3,"turns":3},{"damage":16,"enemies":"Jaw Worm","floor":4,"turns":4},{"damage":7,"enemies":"downfall:FleeingMerchant","floor":5,"turns":4},{"damage":0,"enemies":"Blue Slaver","floor":10,"turns":2},{"damage":21,"enemies":"Exordium Thugs","floor":14,"turns":7},{"damage":39,"enemies":"3 Sentries","floor":15,"turns":12},{"damage":20,"enemies":"Large Slime","floor":16,"turns":6},{"damage":2,"enemies":"2 Fungi Beasts","floor":17,"turns":4},{"damage":23,"enemies":"downfall:Silent","floor":18,"turns":7},{"damage":28,"enemies":"Shell Parasite","floor":21,"turns":6},{"damage":44,"enemies":"downfall:FleeingMerchant","floor":23,"turns":4},{"damage":8,"enemies":"Spheric Guardian","floor":24,"turns":3},{"damage":52,"enemies":"Slavers","floor":25,"turns":6},{"damage":2,"enemies":"Shelled Parasite and Fungi","floor":27,"turns":5},{"damage":8,"enemies":"Replay:Snechameleon","floor":29,"turns":6},{"damage":20,"enemies":"Centurion and Healer","floor":32,"turns":5},{"damage":7,"enemies":"Snake Plant","floor":33,"turns":5},{"damage":2,"enemies":"3 Cultists","floor":34,"turns":6},{"damage":21,"enemies":"downfall:Ironclad","floor":35,"turns":9},{"damage":16,"enemies":"3 Shapes","floor":38,"turns":6},{"damage":17,"enemies":"downfall:FleeingMerchant","floor":41,"turns":4},{"damage":10,"enemies":"downfall:FleeingMerchant","floor":44,"turns":3},{"damage":21,"enemies":"Orb Walker","floor":45,"turns":2},{"damage":7,"enemies":"Jaw Worm Horde","floor":46,"turns":3},{"damage":17,"enemies":"3 Darklings","floor":47,"turns":5},{"damage":25,"enemies":"Maw","floor":48,"turns":6},{"damage":15,"enemies":"Spire Growth","floor":51,"turns":3},{"damage":29,"enemies":"downfall:Defect","floor":52,"turns":6}],"seed_played":"-785843293489171098","potions_obtained":[{"floor":2,"key":"champ:TechniquePotion"},{"floor":3,"key":"AttackPotion"},{"floor":15,"key":"AttackPotion"},{"floor":16,"key":"LiquidMemories"},{"floor":17,"key":"Toxic Potion"},{"floor":25,"key":"ColorlessPotion"},{"floor":27,"key":"FairyPotion"},{"floor":32,"key":"Swift Potion"},{"floor":34,"key":"LiquidMemories"},{"floor":45,"key":"ColorlessPotion"},{"floor":50,"key":"ColorlessPotion"},{"floor":50,"key":"EssenceOfSteel"},{"floor":51,"key":"SteroidPotion"}],"is_trial":false,"path_per_floor":["R_BF","M","M","M","$","R","PTL","PTL","T","M","?","R","?","M","E","M","M","B",null,"R","M","?","$","M","E","T","M","R","E","?","R","M","M","M","B",null,"R_BF","M","?","?","$","R","T","$","M","M","M","M","R","?","M","B",null],"character_chosen":"THE_CHAMP","items_purchased":["champ:BerserkerStyle","champ:Encircle","Bronze Scales","Letter Opener","Kunai"],"campfire_rested":0,"item_purchase_floors":[5,23,41,44,44],"current_hp_per_floor":[99,99,99,93,93,93,93,93,93,93,93,93,93,84,55,53,51,45,99,99,94,94,94,90,53,53,53,68,68,62,77,81,86,90,95,99,99,99,99,99,99,99,99,99,99,99,99,99,99,99,99,99],"gold":182,"neow_bonus":"TEN_PERCENT_HP_BONUS","is_daily":false,"chose_seed":false,"campfire_upgraded":7,"win_rate":0.0,"timestamp":1610215969,"path_taken":["R_BF","M","M","?","$","R","PTL","PTL","T","M","?","R","?","M","E","M","M","BOSS","R","M","?","$","M","E","T","M","R","E","?","R","?","M","M","BOSS","R_BF","M","?","?","$","R","T","$","M","M","M","?","R","?","M","BOSS"],"items_purchased_type":["Card","Card","Relic","Relic","Relic"],"build_version":"2020-12-22","purchased_purges":3,"victory":true,"max_hp_per_floor":[99,99,99,99,99,99,99,99,99,99,99,99,99,99,99,99,99,99,99,99,99,99,99,99,99,99,99,99,99,99,99,99,99,99,99,99,99,99,99,99,99,99,99,99,99,99,99,99,99,99,99,99],"card_choices":[{"not_picked":["champ:FanOfKnives","champ:PreciseThrust"],"picked":"champ:BerserkerStyle","floor":2},{"not_picked":["champ:TornadoPunch","champ:Haymaker"],"picked":"champ:Improvising","floor":3},{"not_picked":["champ:Backstep","champ:EndlessRage"],"picked":"champ:BringItOn","floor":4},{"not_picked":["champ:BladeFlurry","champ:Backstep"],"picked":"champ:CrookedStrike","floor":5},{"not_picked":["champ:Haymaker","champ:EnGarde"],"picked":"champ:CrookedStrike","floor":10},{"not_picked":["champ:GutPunch","champ:FalseCounter"],"picked":"champ:Backstep","floor":14},{"not_picked":["champ:BringItOn","champ:DeathBlow"],"picked":"champ:AdrenalArmor","floor":15},{"not_picked":["champ:CrookedStrike","champ:FanOfKnives"],"picked":"champ:Haymaker","floor":16},{"not_picked":["champ:BerserkersShout","champ:PreciseThrust"],"picked":"champ:Lariat","floor":17},{"not_picked":["champ:LastStand","champ:DancingMaster"],"picked":"champ:MurderStrike","floor":18},{"not_picked":["champ:RapidStrikes","champ:Circumvent"],"picked":"champ:Encircle+1","floor":21},{"not_picked":["champ:BladeFlurry+1","champ:Backstep"],"picked":"champ:FlashCut","floor":23},{"not_picked":["champ:CalledShot","champ:FanOfKnives"],"picked":"champ:ShieldWall+1","floor":24},{"not_picked":["champ:AdrenalArmor+1","champ:ShieldSlam"],"picked":"champ:SkillfulDodge+1","floor":25},{"not_picked":["champ:ArenaPreparation","champ:GladiatorsShout"],"picked":"champ:Shatter+1","floor":27},{"not_picked":["champ:TornadoPunch","champ:PreciseThrust","champ:FanOfKnives"],"picked":"SKIP","floor":29},{"not_picked":["champ:TornadoPunch","champ:PreciseThrust","champ:FanOfKnives"],"picked":"SKIP","floor":29},{"not_picked":["champ:Haymaker","champ:EnragedBash"],"picked":"champ:IronFortress","floor":32},{"not_picked":["champ:SteelEdge","champ:DefensiveShout","champ:RecklessLeap+1"],"picked":"SKIP","floor":33},{"not_picked":["champ:GladiatorsShout","champ:FanOfKnives+1"],"picked":"champ:FlashCut+1","floor":34},{"not_picked":["champ:LastStand","champ:VampiricStrike"],"picked":"champ:HoldFirm","floor":35},{"not_picked":["champ:Lariat","champ:Circumvent+1","champ:FlashCut"],"picked":"SKIP","floor":38},{"not_picked":["champ:LastStand","champ:FlashCut"],"picked":"champ:PerfectedStrike+1","floor":41},{"not_picked":["champ:GladiatorStyle+1","champ:DefensiveStyle"],"picked":"champ:PerfectedStrike+1","floor":44},{"not_picked":["champ:PerfectedStrike+1","champ:CrookedStrike","champ:Haymaker+1"],"picked":"SKIP","floor":45},{"not_picked":["champ:EnGarde+1","champ:GladiatorStyle","champ:BerserkersShout+1"],"picked":"SKIP","floor":46},{"not_picked":["champ:Circumvent","champ:FlashCut+1","champ:EnGarde+1"],"picked":"SKIP","floor":47},{"not_picked":["champ:RecklessLeap+1","champ:DefensiveShout","champ:BerserkersShout+1"],"picked":"SKIP","floor":48},{"not_picked":["champ:HeartStrike+1","champ:GutPunch","champ:FlashCut+1"],"picked":"SKIP","floor":51}],"player_experience":171338,"relics_obtained":[{"floor":9,"key":"Replay:Rubber Ducky"},{"floor":15,"key":"Art of War"},{"floor":25,"key":"Pet Ghost"},{"floor":25,"key":"ReplayTheSpireMod:Shallot"},{"floor":26,"key":"Eternal Feather"},{"floor":29,"key":"Bird Faced Urn"},{"floor":29,"key":"Regal Pillow"},{"floor":37,"key":"Pocketwatch"},{"floor":39,"key":"Simple Rune"},{"floor":43,"key":"Grinning Jar"},{"floor":50,"key":"Centennial Puzzle"}],"event_choices":[{"damage_healed":0,"gold_gain":0,"cards_transformed":["champ:Defend"],"player_choice":"Transformed","damage_taken":0,"max_hp_gain":0,"max_hp_loss":0,"event_name":"Transmorgrifier","floor":40,"gold_loss":0,"cards_obtained":["champ:SteelEdge"]}],"is_beta":false,"boss_relics":[{"not_picked":["Honey Jar","SacredBark"],"picked":"Black Star"},{"not_picked":["Runic Pyramid","Fusion Hammer"],"picked":"champ:ChampionCrownUpgraded"}],"items_purged_floors":[5,23,41],"is_endless":false,"potions_floor_spawned":[2,3,15,16,17,25,27,32,34,45,46,51],"ascension_level":0}}