{"host":"3orrxvvirjpul5s3","time":1610170902,"event":{"mods":["Act Like it!","BaseMod","BetterRewards","Curses Come First","Decade(王小明)","Gensokyo","KinomotoSakuraMod(木之本樱)","Minty Spire (QoL Compilation)","Replay The Spire","Say the Spire","StSLib","【功能Mod】聪明的最终Boss","【遗物卡牌】REMEMod"],"gold_per_floor":[116,131,131,206,206,206,237,261,261,261,275,288,302,322,322,322,322],"floor_reached":16,"playtime":1697,"items_purged":[],"score":129,"play_id":"f165f069-ced2-4816-8d48-9a784d2d3d08","local_time":"20210109134142","is_ascension_mode":false,"campfire_choices":[{"data":"KamenRideBlade","floor":6,"key":"SMITH"},{"data":"KamenRide","floor":15,"key":"SMITH"}],"circlet_count":0,"master_deck":["Decade_Attack","Decade_Attack","Decade_Attack","Decade_Attack","KamenRide+1","Decade_SpecialSkill+1","Decade_Defend","Decade_Defend","Decade_Defend","Decade_Defend","KamenRideBlade+1","Blade_Metal","Brilliance","DragClaw","KamenRideDecade","UnarmedAttack3","Decay","RideBooker_Skill_1","AutoVajin","Decade_Illusion","PrometheusPower","Blade_Mach","AttackRide","UnarmedAttack7"],"relics":["Decadriver","TOEIDeficitBill","REME_ComplimentaryCards","NeowsBlessing","Golden Idol","Chameleon Ring","Tiny Chest"],"acts_visited":["Exordium"],"potions_floor_usage":[11],"damage_taken":[{"damage":0,"enemies":"Small Slimes","floor":1,"turns":1},{"damage":0,"enemies":"Jaw Worm","floor":2,"turns":1},{"damage":0,"enemies":"3 Sentries","floor":7,"turns":2},{"damage":5,"enemies":"Cultist","floor":8,"turns":4},{"damage":4,"enemies":"Looter","floor":11,"turns":3},{"damage":18,"enemies":"Blue Slaver","floor":12,"turns":4},{"damage":23,"enemies":"Exordium Wildlife","floor":13,"turns":5},{"damage":9,"enemies":"Lots of Slimes","floor":14,"turns":5},{"damage":35,"enemies":"The Guardian","floor":16,"turns":9}],"seed_played":"-6520619153777228898","potions_obtained":[{"floor":1,"key":"Energy Potion"},{"floor":8,"key":"LiquidMemories"},{"floor":11,"key":"Adrenaline Potion"},{"floor":14,"key":"Strength Potion"}],"is_trial":false,"path_per_floor":["M","M","?","?","?","R","E","M","T","?","M","M","M","M","R","B"],"character_chosen":"Decade","items_purchased":[],"campfire_rested":0,"item_purchase_floors":[],"current_hp_per_floor":[70,70,65,54,54,54,54,54,54,54,50,42,19,10,10,0,0],"gold":322,"neow_bonus":"THREE_ENEMY_KILL","is_daily":false,"chose_seed":false,"campfire_upgraded":2,"win_rate":0.0,"timestamp":1610170902,"path_taken":["M","M","?","?","?","R","E","M","T","?","M","M","M","M","R","BOSS"],"items_purchased_type":[],"build_version":"2020-12-22","purchased_purges":0,"victory":false,"max_hp_per_floor":[70,70,65,65,65,65,65,65,65,65,65,65,65,65,65,65,65],"card_choices":[{"not_picked":["UnarmedAttack1","Blade_Metal"],"picked":"KamenRideBlade","floor":1},{"not_picked":["Decade_Dash2","DenO_Gun"],"picked":"Blade_Metal","floor":2},{"not_picked":["Blade_Kick","Kuuga_Rising"],"picked":"DragClaw","floor":7},{"not_picked":["RideBooker_Skill_3","FormRideDogga"],"picked":"KamenRideDecade","floor":8},{"not_picked":["FormRideDogga","FormRideStorm"],"picked":"UnarmedAttack3","floor":8},{"not_picked":["FormRideBasshaa","FormRideTitan"],"picked":"RideBooker_Skill_1","floor":11},{"not_picked":["Decade_Dash1","KamenRideDenO"],"picked":"AutoVajin","floor":11},{"not_picked":["FormRideTitan","DenO_Rod"],"picked":"Decade_Illusion","floor":12},{"not_picked":["Blade_Beat","DecadeViolentEmotion"],"picked":"PrometheusPower","floor":12},{"not_picked":["FormRideFlame","DragClaw"],"picked":"Blade_Mach","floor":13},{"not_picked":["UnarmedAttack6","RideBooker_Skill_1","FormRideDragon"],"picked":"SKIP","floor":13},{"not_picked":["Decade_Illusion","DenO_Sword"],"picked":"AttackRide","floor":14},{"not_picked":["NMDAZYYGL","FormRideJack"],"picked":"UnarmedAttack7","floor":14}],"player_experience":50870,"relics_obtained":[{"floor":7,"key":"Chameleon Ring"},{"floor":9,"key":"Tiny Chest"}],"event_choices":[{"damage_healed":0,"gold_gain":0,"player_choice":"Lose Max HP","damage_taken":0,"relics_obtained":["Golden Idol"],"max_hp_gain":0,"max_hp_loss":5,"event_name":"Golden Idol","floor":3,"gold_loss":0},{"damage_healed":0,"gold_gain":75,"player_choice":"Gather Gold","damage_taken":11,"max_hp_gain":0,"max_hp_loss":0,"event_name":"World of Goop","floor":4,"gold_loss":0}],"is_beta":false,"boss_relics":[],"items_purged_floors":[],"is_endless":false,"potions_floor_spawned":[1,8,11,14],"killed_by":"The Guardian","ascension_level":0}}