{"host":"ci7cmvrwpmzqnw7e","time":1610233720,"event":{"mods":["BaseMod","BetterRewards","Colored Map","Downfall","GungeonMod","Highlight Path","Hubris","Infinite Spire","Minty Spire (QoL Compilation)","Random Character Button","Rare Cards Sparkle","Replay The Spire","Shop Mod","StSLib","The Disciple","The Forsaken"],"gold_per_floor":[119,119,69,94,46,91,91,105,132,163,179,193,193,37,37,223,223,335,434,451,48,48,48,62,76,76,7,7,26,60,72,72,317,317,337,355,355,373,393,393,393,393,416,50,50,68,68,95,95,196,196,211,211,219,275,276,224,224],"floor_reached":57,"playtime":2383,"items_purged":[],"score":715,"play_id":"feb3c762-5350-4175-ae1b-6862ecbbc1da","local_time":"20210109160840","is_ascension_mode":false,"campfire_choices":[{"data":"DemoMod:CursedBullets","floor":7,"key":"SMITH"},{"data":"DemoMod:ProbeStrike","floor":13,"key":"SMITH"},{"data":"DemoMod:ThirdPartyController","floor":15,"key":"SMITH"},{"data":"DemoMod:FullFirepower","floor":23,"key":"SMITH"},{"data":"DemoMod:CursedBullets","floor":32,"key":"SMITH"},{"data":"infinitespire:Menacing","floor":40,"key":"SMITH"},{"data":"DemoMod:ShadowBullets","floor":42,"key":"SMITH"},{"floor":49,"key":"REST"}],"circlet_count":0,"master_deck":["DemoMod:Strike_Huntress+1","DemoMod:Strike_Huntress+1","DemoMod:Strike_Huntress+1","DemoMod:Defend_Huntress+1","DemoMod:Defend_Huntress+1","DemoMod:Defend_Huntress+1","DemoMod:ManualReload+1","DemoMod:RustySidearm+1","DemoMod:CrossBow+1","DemoMod:MachoBrace+1","DemoMod:DirectionalPad+1","DemoMod:CursedBullets+1","DemoMod:Desperate+1","DemoMod:CursedBullets+1","DemoMod:ProbeStrike+1","DemoMod:ThirdPartyController+1","DemoMod:DoubleVision+1","DemoMod:CursedBullets+1","DemoMod:HuntsMan+1","DemoMod:FullFirepower+1","DemoMod:SniperShot+1","DemoMod:CursedBullets+1","DemoMod:ShadowBullets+1","DemoMod:Unity+1","DemoMod:MegaHand+1","DemoMod:SuppressiveFire+1","DemoMod:CombinedRifle+1","DemoMod:ShadowBullets+1","infinitespire:Menacing+1","DemoMod:BattleInHaste+1","DemoMod:HuntsMan+1","Parasite","DemoMod:Elimentaler","DemoMod:ShadowBullets","DemoMod:FastSwitch","DemoMod:TeaPot"],"relics":["DemoMod:Dog","NeowsBlessing","Lantern","Eternal Feather","Orichalcum","hubris:MobiusCoin","hubris:GrandSneckoEye","DemoMod:GlassGuonStoneRelic","Letter Opener","hubris:BottledHeart","DemoMod:MeltedRock","DemoMod:RingOfEthereal","hubris:CrackedHourglass","hubris:BundleOfHerbs","DemoMod:Metronome","Regal Pillow","Red Mask","Mark of the Bloom","Ring of Chaos","Ice Cream"],"acts_visited":["Exordium","TheCity","TheBeyond","Exordium"],"potions_floor_usage":[10,25,33,33,57],"damage_taken":[{"damage":0,"enemies":"2 Louse","floor":1,"turns":1},{"damage":0,"enemies":"Gremlin Nob","floor":6,"turns":1},{"damage":0,"enemies":"Jaw Worm","floor":8,"turns":1},{"damage":12,"enemies":"3 Sentries","floor":10,"turns":6},{"damage":0,"enemies":"Cultist","floor":11,"turns":2},{"damage":1,"enemies":"Gremlin Gang","floor":12,"turns":4},{"damage":40,"enemies":"Slime Boss","floor":16,"turns":14},{"damage":14,"enemies":"Chosen","floor":18,"turns":5},{"damage":16,"enemies":"3 Byrds","floor":20,"turns":4},{"damage":0,"enemies":"Centurion and Healer","floor":24,"turns":2},{"damage":0,"enemies":"Shelled Parasite and Fungi","floor":25,"turns":4},{"damage":0,"enemies":"Cultist and Chosen","floor":29,"turns":4},{"damage":0,"enemies":"Nightmare","floor":30,"turns":4},{"damage":0,"enemies":"Snecko","floor":31,"turns":3},{"damage":0,"enemies":"Collector","floor":33,"turns":5},{"damage":0,"enemies":"Orb Walker","floor":35,"turns":2},{"damage":0,"enemies":"3 Shapes","floor":36,"turns":4},{"damage":0,"enemies":"Jaw Worm Horde","floor":38,"turns":3},{"damage":0,"enemies":"Sphere and 2 Shapes","floor":39,"turns":4},{"damage":0,"enemies":"Maw","floor":46,"turns":6},{"damage":0,"enemies":"Writhing Mass","floor":48,"turns":4},{"damage":0,"enemies":"infinitespire:MassOfShapes","floor":50,"turns":1},{"damage":0,"enemies":"Cultist","floor":52,"turns":2},{"damage":0,"enemies":"Small Slimes","floor":54,"turns":2},{"damage":0,"enemies":"Jaw Worm","floor":55,"turns":2},{"damage":0,"enemies":"Blue Slaver","floor":56,"turns":3},{"damage":3,"enemies":"Nightmare","floor":57,"turns":8}],"seed_played":"-8687230110882356988","potions_obtained":[{"floor":6,"key":"LifebloodPotion"},{"floor":8,"key":"Fire Potion"},{"floor":16,"key":"LifebloodPotion"},{"floor":18,"key":"AttackPotion"},{"floor":20,"key":"FearPotion"},{"floor":25,"key":"hexamod:EctoCoolerPotion"},{"floor":33,"key":"Adrenaline Potion"},{"floor":35,"key":"Weak Potion"},{"floor":36,"key":"Venom Potion"},{"floor":55,"key":"Cursed Concoction"}],"is_trial":false,"path_per_floor":["M","?","?","T","$","E","R","M","T","E","M","M","R","$","R","B",null,"M","?","M","$","?","R","M","M","T","$","?","M","NM","M","R","B",null,"M","M","AVR","M","M","R","$","R","T","?","?","M","?","M","R","B",null,"M","?","M","M","M","NM"],"character_chosen":"HUNTRESS","items_purchased":["DemoMod:DirectionalPad","DemoMod:ThirdPartyController","DemoMod:FullFirepower","Letter Opener","DemoMod:CursedBullets","DemoMod:Metronome","DemoMod:HuntsMan"],"campfire_rested":1,"item_purchase_floors":[5,14,21,21,27,41,41],"current_hp_per_floor":[70,70,70,70,70,70,70,70,70,58,58,57,66,66,70,30,70,56,56,40,40,1,1,1,1,1,1,1,1,1,1,1,1,1,1,1,1,1,1,1,1,1,1,1,1,1,1,1,1,1,1,1,1,1,1,1,0,0],"gold":224,"neow_bonus":"THREE_ENEMY_KILL","is_daily":false,"chose_seed":false,"campfire_upgraded":7,"win_rate":0.0,"timestamp":1610233720,"path_taken":["M","?","?","?","$","E","R","?","T","E","M","M","R","$","R","BOSS","M","?","M","$","?","R","M","M","T","$","?","M","NM","?","R","BOSS","M","M","AVR","?","M","R","$","R","T","?","?","?","?","M","R","BOSS","M","?","M","?","M","NM"],"items_purchased_type":["Card","Card","Card","Relic","Card","Relic","Card"],"build_version":"2020-12-22","purchased_purges":0,"victory":false,"max_hp_per_floor":[70,70,70,70,70,70,70,70,70,70,70,70,70,70,70,70,70,70,70,70,70,1,1,1,1,1,1,1,1,1,1,1,1,1,1,1,1,1,1,1,1,1,1,1,1,1,1,1,1,1,1,1,1,1,1,1,1,1],"card_choices":[{"not_picked":["DemoMod:FeignSurrender","DemoMod:BoxingGlove"],"picked":"DemoMod:MachoBrace","floor":1},{"not_picked":["DemoMod:MachoBrace","DemoMod:ZorGun"],"picked":"DemoMod:CursedBullets","floor":6},{"not_picked":["DemoMod:Ejector","DemoMod:Unmoved","DemoMod:HardPowerCard"],"picked":"SKIP","floor":8},{"not_picked":["DemoMod:MachoBrace","DemoMod:AC15"],"picked":"DemoMod:Desperate","floor":10},{"not_picked":["DemoMod:RadGun","DemoMod:JK47"],"picked":"DemoMod:CursedBullets","floor":10},{"not_picked":["DemoMod:CombinedRifle","DemoMod:StickyCrossBow","DemoMod:MachoBrace"],"picked":"SKIP","floor":11},{"not_picked":["DemoMod:HuntsMan","DemoMod:GunstockTap"],"picked":"DemoMod:ProbeStrike","floor":12},{"not_picked":["DemoMod:DarkMarker","DemoMod:Desperate"],"picked":"DemoMod:DoubleVision","floor":16},{"not_picked":["DemoMod:DirectionalPad+1","DemoMod:HungryBullets"],"picked":"DemoMod:CursedBullets","floor":18},{"not_picked":["DemoMod:FeignSurrender","DemoMod:Unmoved+1"],"picked":"DemoMod:HuntsMan","floor":20},{"not_picked":["DemoMod:Desperate","DemoMod:SkilledReload+1"],"picked":"DemoMod:Ejector+1","floor":24},{"not_picked":["DemoMod:SAA","DemoMod:HighKaliber"],"picked":"DemoMod:SniperShot","floor":25},{"not_picked":["DemoMod:ZorGun","DemoMod:FastSwitch+1"],"picked":"DemoMod:ShadowBullets","floor":29},{"not_picked":["DemoMod:GunShield","DemoMod:PotionOfGunFriendShip"],"picked":"DemoMod:Unity","floor":30},{"not_picked":["DemoMod:AWP","DemoMod:MachoBrace+1"],"picked":"DemoMod:MegaHand","floor":31},{"not_picked":["DemoMod:DoubleVision","DemoMod:FullFirepower"],"picked":"DemoMod:SuppressiveFire","floor":33},{"not_picked":["DemoMod:AC15","DemoMod:PotionOfGunFriendShip+1"],"picked":"DemoMod:CombinedRifle+1","floor":35},{"not_picked":["DemoMod:TableSutra","DemoMod:Purify+1"],"picked":"DemoMod:ShadowBullets+1","floor":36},{"not_picked":["DemoMod:Unmoved+1","DemoMod:SAA","DemoMod:BattleInHaste"],"picked":"SKIP","floor":38},{"not_picked":["DemoMod:ZorGun+1","DemoMod:HardPowerCard"],"picked":"DemoMod:BattleInHaste+1","floor":39},{"not_picked":["DemoMod:GunstockTap+1","DemoMod:SniperShot+1","DemoMod:BattleInHaste"],"picked":"SKIP","floor":46},{"not_picked":["DemoMod:Unmoved","DemoMod:ConditionalReflex","DemoMod:JK47"],"picked":"SKIP","floor":48},{"not_picked":["DemoMod:FightSabre","DemoMod:Desperate"],"picked":"DemoMod:Elimentaler","floor":50},{"not_picked":["DemoMod:AWP","DemoMod:MachoBrace"],"picked":"DemoMod:ShadowBullets","floor":52},{"not_picked":["DemoMod:HardPowerCard","DemoMod:RadGun","DemoMod:AC15"],"picked":"SKIP","floor":54},{"not_picked":["DemoMod:JK47","DemoMod:MegaHand"],"picked":"DemoMod:FastSwitch","floor":55},{"not_picked":["DemoMod:PracticeMakesPerfect","DemoMod:Ejector"],"picked":"DemoMod:TeaPot","floor":56}],"player_experience":38088,"relics_obtained":[{"floor":4,"key":"Lantern"},{"floor":6,"key":"Eternal Feather"},{"floor":9,"key":"Orichalcum"},{"floor":10,"key":"hubris:MobiusCoin"},{"floor":26,"key":"DemoMod:MeltedRock"},{"floor":30,"key":"DemoMod:RingOfEthereal"},{"floor":43,"key":"Regal Pillow"}],"event_choices":[{"cards_removed":["DemoMod:Defend_Huntress"],"damage_healed":0,"gold_gain":0,"player_choice":"Card Removal","damage_taken":0,"max_hp_gain":0,"max_hp_loss":0,"event_name":"The Cleric","floor":3,"gold_loss":50},{"damage_healed":0,"gold_gain":99,"player_choice":"Stole From Cult","damage_taken":0,"max_hp_gain":0,"max_hp_loss":0,"event_name":"Nest","floor":19,"gold_loss":0},{"cards_removed":["DemoMod:Ejector"],"damage_healed":0,"gold_gain":0,"player_choice":"Purged","damage_taken":0,"max_hp_gain":0,"max_hp_loss":0,"event_name":"Purifier","floor":28,"gold_loss":0},{"damage_healed":0,"gold_gain":0,"player_choice":"Paid","damage_taken":0,"relics_obtained":["Red Mask"],"max_hp_gain":0,"max_hp_loss":0,"event_name":"Tomb of Lord Red Mask","floor":44,"gold_loss":416},{"cards_removed":["DemoMod:Roll"],"damage_healed":0,"gold_gain":0,"player_choice":"Purged","damage_taken":0,"max_hp_gain":0,"max_hp_loss":0,"event_name":"Purifier","floor":45,"gold_loss":0},{"damage_healed":0,"gold_gain":0,"player_choice":"Upgrade","damage_taken":0,"relics_obtained":["Mark of the Bloom"],"max_hp_gain":0,"max_hp_loss":0,"event_name":"MindBloom","floor":47,"gold_loss":0,"cards_upgraded":["DemoMod:Strike_Huntress","DemoMod:Strike_Huntress","DemoMod:Strike_Huntress","DemoMod:Defend_Huntress","DemoMod:Defend_Huntress","DemoMod:Defend_Huntress","DemoMod:ManualReload","DemoMod:RustySidearm","DemoMod:MachoBrace","DemoMod:DirectionalPad","DemoMod:Desperate","DemoMod:CursedBullets","DemoMod:DoubleVision","DemoMod:CursedBullets","DemoMod:HuntsMan","DemoMod:SniperShot","DemoMod:Unity","DemoMod:MegaHand","DemoMod:SuppressiveFire","DemoMod:HuntsMan"]},{"damage_healed":0,"gold_gain":0,"player_choice":"Gave Potion","damage_taken":0,"relics_obtained":["Ice Cream"],"max_hp_gain":0,"max_hp_loss":0,"event_name":"WeMeetAgain","floor":53,"gold_loss":0}],"is_beta":false,"boss_relics":[{"not_picked":["Coffee Dripper","Black Star"],"picked":"hubris:GrandSneckoEye"},{"not_picked":["Astrolabe","hubris:BlackHole"],"picked":"hubris:CrackedHourglass"},{"not_picked":["ChewingGum","Replay:Ancient Bell"],"picked":"Ring of Chaos"}],"items_purged_floors":[],"is_endless":true,"potions_floor_spawned":[6,8,16,18,20,25,33,35,36,55],"killed_by":"Nightmare","ascension_level":0}}