{"host":"9ndbo4kgsfoemf7y","time":1610176280,"event":{"mods":["AchievementEnabler","BaseMod","Colored Map","DeckTracker","Keyboard Shortcuts","Minty Spire (QoL Compilation)","Permanent Neow","Quick Restart","Relic Stats","StSLib","SuperFastMode"],"gold_per_floor":[14,24,35,46,62,62,89,89,89,103,121,121,121],"floor_reached":12,"playtime":337,"items_purged":[],"score":168,"play_id":"1702aac4-666d-4a83-9fea-135a9fe04d49","local_time":"20210109161120","is_ascension_mode":true,"campfire_choices":[{"data":"Bash","floor":6.0,"key":"SMITH"}],"circlet_count":0,"master_deck":["AscendersBane","Strike_R","Strike_R","Strike_R","Strike_R","Strike_R","Defend_R","Defend_R","Defend_R","Defend_R","Bash+1","Carnage","Metallicize","Feel No Pain","Inflame","Dropkick","Havoc"],"relics":["Burning Blood","StoneCalendar","Nunchaku","FaceOfCleric","Pantograph"],"acts_visited":["Exordium"],"potions_floor_usage":[10],"damage_taken":[{"damage":12.0,"enemies":"Cultist","floor":1.0,"turns":4.0},{"damage":3.0,"enemies":"2 Louse","floor":2.0,"turns":3.0},{"damage":7.0,"enemies":"Jaw Worm","floor":3.0,"turns":2.0},{"damage":12.0,"enemies":"Looter","floor":4.0,"turns":3.0},{"damage":17.0,"enemies":"Exordium Wildlife","floor":5.0,"turns":6.0},{"damage":21.0,"enemies":"3 Sentries","floor":7.0,"turns":7.0},{"damage":11,"enemies":"Large Slime","floor":10,"turns":6},{"damage":18,"enemies":"2 Fungi Beasts","floor":11,"turns":4},{"damage":33,"enemies":"Gremlin Nob","floor":12,"turns":3}],"seed_played":"7856322126679539092","potions_obtained":[{"floor":4.0,"key":"DuplicationPotion"},{"floor":7.0,"key":"Regen Potion"},{"floor":11,"key":"GamblersBrew"}],"is_trial":false,"path_per_floor":["M","M","M","M","M","R","E","?","T","M","M","E"],"character_chosen":"IRONCLAD","items_purchased":[],"campfire_rested":0,"item_purchase_floors":[],"current_hp_per_floor":[62,65,64,58,47,47,32,32,32,43,32,0,0],"gold":121,"neow_bonus":"ONE_RARE_RELIC","is_daily":false,"chose_seed":false,"campfire_upgraded":1,"win_rate":0.0,"timestamp":1610176280,"path_taken":["M","M","?","M","M","R","E","?","T","?","M","E"],"items_purchased_type":[],"build_version":"2020-12-22","purchased_purges":0,"victory":false,"max_hp_per_floor":[75,75,75,75,75,75,75,75,75,76,77,77,77],"relic_stats":{"Nunchaku":[1],"FaceOfCleric":2,"counters":[9,38],"Pantograph":0,"StoneCalendar":[75],"obtain_stats":[{"Nunchaku":7,"FaceOfCleric":8,"Pantograph":9,"StoneCalendar":0,"Burning Blood":0},{"Nunchaku":6,"FaceOfCleric":6,"Pantograph":6,"StoneCalendar":0,"Burning Blood":0},{"Nunchaku":25,"FaceOfCleric":25,"Pantograph":25,"StoneCalendar":0,"Burning Blood":0}],"Burning Blood":48},"card_choices":[{"not_picked":["Clash","Anger","Body Slam"],"picked":"SKIP","floor":1.0},{"not_picked":["Warcry","True Grit"],"picked":"Carnage","floor":2.0},{"not_picked":["Clash","Clothesline","Carnage"],"picked":"SKIP","floor":3.0},{"not_picked":["Wild Strike","Headbutt"],"picked":"Metallicize","floor":4.0},{"not_picked":["Clothesline","Hemokinesis"],"picked":"Feel No Pain","floor":5.0},{"not_picked":["Havoc","Power Through"],"picked":"Inflame","floor":7.0},{"not_picked":["Headbutt","Rupture"],"picked":"Dropkick","floor":10},{"not_picked":["Berserk","Sword Boomerang"],"picked":"Havoc","floor":11}],"player_experience":791416,"relics_obtained":[{"floor":7.0,"key":"Nunchaku"},{"floor":9.0,"key":"Pantograph"}],"event_choices":[{"damage_healed":0.0,"max_hp_gain":0.0,"max_hp_loss":0.0,"gold_gain":0.0,"event_name":"FaceTrader","player_choice":"Trade","floor":8.0,"gold_loss":0.0,"damage_taken":0.0,"relics_obtained":["FaceOfCleric"]}],"is_beta":false,"boss_relics":[],"items_purged_floors":[],"is_endless":false,"potions_floor_spawned":[4,7,11],"killed_by":"Gremlin Nob","ascension_level":20}}