{"host":"ravx05nawt015nhw","time":1610172332,"event":{"mods":["Astrologer","BaseMod","Hermit","Minty Spire (QoL Compilation)","StSLib","The Cursed"],"gold_per_floor":[110,110,185,199,199,235,235,257,329,329,338,388,388,388,388],"floor_reached":14,"playtime":401,"items_purged":[],"score":106,"play_id":"5f2876aa-405d-4922-9d01-b0701dee72b3","local_time":"20210108220532","is_ascension_mode":true,"campfire_choices":[{"floor":7,"key":"REST"},{"data":"astrologer:Fireball","floor":10,"key":"SMITH"},{"data":"astrologer:TheTower","floor":13,"key":"SMITH"}],"circlet_count":0,"master_deck":["astrologer:Strike","astrologer:Strike","astrologer:Strike","astrologer:Strike","astrologer:Defend","astrologer:Defend+1","astrologer:Defend+1","astrologer:Defend","astrologer:NorthStar","astrologer:TheFool","astrologer:Fireball+1","astrologer:Novile","astrologer:TheTower+1","Injury","astrologer:SolarFlare"],"relics":["astrologer:SkyMirror","Juzu Bracelet","Vajra","CeramicFish","astrologer:Telescope","Golden Idol","Tiny Chest"],"acts_visited":["Exordium"],"potions_floor_usage":[12,14],"damage_taken":[{"damage":6,"enemies":"Cultist","floor":1,"turns":5},{"damage":0,"enemies":"Small Slimes","floor":4,"turns":3},{"damage":22,"enemies":"3 Sentries","floor":6,"turns":8},{"damage":0,"enemies":"2 Louse","floor":8,"turns":2},{"damage":3,"enemies":"Gremlin Nob","floor":12,"turns":4},{"damage":31,"enemies":"Lagavulin","floor":14,"turns":3}],"seed_played":"-4236522801341523970","potions_obtained":[{"floor":6,"key":"Block Potion"},{"floor":8,"key":"PowerPotion"}],"is_trial":false,"path_per_floor":["M","?","?","M","?","E","R","M","T","R","?","E","R","E"],"character_chosen":"ASTROLOGER","items_purchased":[],"campfire_rested":1,"item_purchase_floors":[],"current_hp_per_floor":[64,52,41,41,27,5,26,26,26,26,26,23,23,0,0],"gold":388,"neow_bonus":"RANDOM_COMMON_RELIC","is_daily":false,"chose_seed":false,"campfire_upgraded":2,"win_rate":0.0,"timestamp":1610172332,"path_taken":["M","?","?","M","?","E","R","M","T","R","?","E","R","E"],"items_purchased_type":[],"build_version":"2020-12-22","purchased_purges":0,"victory":false,"max_hp_per_floor":[70,70,70,70,70,70,70,70,70,70,70,70,70,70,70],"card_choices":[{"not_picked":["astrologer:ReadTheStars","astrologer:Temperance","astrologer:Moonlight"],"picked":"SKIP","floor":1},{"not_picked":["astrologer:TheHierophant","astrologer:CometStrike"],"picked":"astrologer:Fireball","floor":4},{"not_picked":["astrologer:ShiningStar","astrologer:Radiance"],"picked":"astrologer:Novile","floor":6},{"not_picked":["astrologer:SolarFlare","astrologer:ReadTheStars"],"picked":"astrologer:TheTower","floor":8},{"not_picked":["astrologer:SpaceDust","astrologer:TheWorld"],"picked":"astrologer:SolarFlare","floor":12}],"player_experience":1086733,"relics_obtained":[{"floor":6,"key":"CeramicFish"},{"floor":9,"key":"astrologer:Telescope"},{"floor":12,"key":"Tiny Chest"}],"event_choices":[{"damage_healed":0,"gold_gain":0,"player_choice":"Success","damage_taken":12,"relics_obtained":["Vajra"],"max_hp_gain":0,"max_hp_loss":0,"event_name":"Scrap Ooze","floor":2,"gold_loss":0},{"damage_healed":0,"gold_gain":75,"player_choice":"Gather Gold","damage_taken":11,"max_hp_gain":0,"max_hp_loss":0,"event_name":"World of Goop","floor":3,"gold_loss":0},{"damage_healed":0,"gold_gain":0,"player_choice":"Entered Light","damage_taken":14,"max_hp_gain":0,"max_hp_loss":0,"event_name":"Shining Light","floor":5,"gold_loss":0,"cards_upgraded":["astrologer:Defend","astrologer:Defend"]},{"damage_healed":0,"gold_gain":0,"player_choice":"Take Wound","damage_taken":0,"relics_obtained":["Golden Idol"],"max_hp_gain":0,"max_hp_loss":0,"event_name":"Golden Idol","floor":11,"gold_loss":0,"cards_obtained":["Injury"]}],"is_beta":false,"boss_relics":[],"items_purged_floors":[],"is_endless":false,"potions_floor_spawned":[6,8],"killed_by":"Lagavulin","ascension_level":2}}