{"host":"mfnyjbfkyfsz33u9","time":1610150532,"event":{"mods":["2.2 Compatiblity","BaseMod","Colored Powertips","Downfall","Marisa£¨Ùöéë¡¡Øª×âÞÞ£©","Minty Spire (QoL Compilation)","Rare Cards Sparkle","Replay The Spire","StSLib","SuperFastMode","The Cursed"],"gold_per_floor":[110,127,127,139,139,165,165,197,197,197,197,197,217,217,20,47,47,47,47],"floor_reached":18,"playtime":611,"items_purged":[],"score":134,"play_id":"dae4d8c0-5e0c-413c-a421-3071e39a0ff2","local_time":"20210109090212","is_ascension_mode":true,"campfire_choices":[{"data":"Redo","floor":7,"key":"SMITH"},{"data":"Beam Cell","floor":10,"key":"SMITH"},{"data":"Zap","floor":17,"key":"SMITH"}],"circlet_count":0,"master_deck":["Strike_B","Strike_B","Strike_B","Defend_B","Defend_B","Defend_B","Defend_B","Zap+1","Gash","Double Energy+1","BootSequence","Melter","Coolheaded","Redo+1","Beam Cell+1","Tempest","Bash","Conserve Battery","Gash"],"relics":["Replay:Bottled Flurry","Blood Vial","Replay:WaspNest","Iron Core","Vajra","Matryoshka"],"acts_visited":["Exordium"],"potions_floor_usage":[8,18],"damage_taken":[{"damage":1,"enemies":"Jaw Worm","floor":1,"turns":4},{"damage":0,"enemies":"Cultist","floor":2,"turns":3},{"damage":0,"enemies":"Small Slimes","floor":4,"turns":3},{"damage":8,"enemies":"3 Sentries","floor":6,"turns":8},{"damage":32,"enemies":"Gremlin Nob","floor":8,"turns":5},{"damage":0,"enemies":"Blue Slaver","floor":13,"turns":3},{"damage":22,"enemies":"Lagavulin","floor":16,"turns":7},{"damage":21,"enemies":"Slime Boss","floor":18,"turns":8}],"seed_played":"-3196100038189790178","potions_obtained":[{"floor":1,"key":"Venom Potion"},{"floor":6,"key":"EssenceOfSteel"},{"floor":8,"key":"LiquidMemories"}],"is_trial":false,"path_per_floor":["M","M","?","M","?","E","R","E","T","R","PTL","PTL","M","?","$","E","R","B"],"character_chosen":"DEFECT","items_purchased":["Vajra","Conserve Battery"],"campfire_rested":0,"item_purchase_floors":[15,15],"current_hp_per_floor":[74,74,74,74,74,66,66,34,34,34,34,34,36,36,36,16,16,0,0],"gold":47,"neow_bonus":"THREE_CARDS","is_daily":false,"chose_seed":false,"campfire_upgraded":3,"win_rate":0.0,"timestamp":1610150532,"path_taken":["M","M","?","M","?","E","R","E","T","R","PTL","PTL","?","?","$","E","R","BOSS"],"items_purchased_type":["Relic","Card"],"build_version":"2020-12-22","purchased_purges":0,"victory":false,"max_hp_per_floor":[75,75,75,75,75,75,75,75,75,75,75,75,75,75,75,75,75,75,75],"card_choices":[{"not_picked":["Compile Driver","Capacitor"],"picked":"Gash","floor":0},{"not_picked":["FIFO Queue","Redo"],"picked":"Double Energy","floor":1},{"not_picked":["Double Energy","Redo"],"picked":"BootSequence","floor":2},{"not_picked":["Steam","Barrage"],"picked":"Melter","floor":4},{"not_picked":["Genetic Algorithm","Streamline"],"picked":"Redo","floor":6},{"not_picked":["Rainbow","ReplaySolidLightProjector"],"picked":"Beam Cell","floor":8},{"not_picked":["Coolheaded","Compile Driver"],"picked":"Tempest","floor":13},{"not_picked":["Darkness","Static Discharge"],"picked":"Gash","floor":16}],"player_experience":24508,"relics_obtained":[{"floor":6,"key":"Replay:Bottled Flurry"},{"floor":8,"key":"Blood Vial"},{"floor":9,"key":"Replay:WaspNest"},{"floor":16,"key":"Matryoshka"}],"event_choices":[{"damage_healed":0,"gold_gain":0,"cards_transformed":["Strike_B"],"player_choice":"Transformed","damage_taken":0,"max_hp_gain":0,"max_hp_loss":0,"event_name":"Transmorgrifier","floor":5,"gold_loss":0,"cards_obtained":["Coolheaded"]}],"is_beta":false,"boss_relics":[],"items_purged_floors":[],"is_endless":false,"potions_floor_spawned":[1,6,8],"killed_by":"Slime Boss","ascension_level":1}}