{"host":"1bnrkmg0bmhwam8n","time":1610174639,"event":{"mods":["2.2 Compatiblity","BaseMod","Colored Map","Hermit","Infinite Spire","Minty Spire (QoL Compilation)","Quick Restart","StSLib"],"gold_per_floor":[132,132,157,220,220,220,245,245,271,271,271,304,151,177,177,272,272,304,330,330,330,330,330,361,387,412,441,24,24,56,76,76,76,76],"floor_reached":33,"playtime":897,"items_purged":[],"score":239,"play_id":"acefa998-a805-45eb-99a6-0554970af2ea","local_time":"20210109004359","is_ascension_mode":false,"campfire_choices":[{"data":"hermit:Determination","floor":6,"key":"SMITH"},{"data":"hermit:Snapshot","floor":8,"key":"SMITH"},{"floor":11,"key":"REST"},{"data":"hermit:EyeOfTheStorm","floor":15,"key":"SMITH"},{"floor":23,"key":"REST"},{"floor":29,"key":"REST"},{"floor":32,"key":"REST"}],"circlet_count":0,"master_deck":["hermit:Strike_Hermit","hermit:Strike_Hermit","hermit:Strike_Hermit","hermit:Defend_Hermit","hermit:Defend_Hermit","hermit:Defend_Hermit","hermit:Defend_Hermit","hermit:Snapshot+1","hermit:Covet","hermit:DeadOrAlive+1","hermit:Determination+1","hermit:EyeOfTheStorm+1","hermit:Roughhouse","hermit:BigShot+1","infinitespire:UltimateForm+1","hermit:ShadowCloak"],"relics":["hermit:Momento","hermit:RyeStalk","infinitespire:WardingShard","Chemical X","infinitespire:Cupcake","Frozen Eye","Centennial Puzzle","StrikeDummy","Boot"],"acts_visited":["Exordium","TheCity"],"potions_floor_usage":[7,12,16,19,27,31,33],"damage_taken":[{"damage":6,"enemies":"Cultist","floor":1,"turns":4},{"damage":5,"enemies":"Small Slimes","floor":3,"turns":4},{"damage":6,"enemies":"Jaw Worm","floor":7,"turns":2},{"damage":6,"enemies":"3 Louse","floor":12,"turns":3},{"damage":0,"enemies":"Large Slime","floor":14,"turns":5},{"damage":46,"enemies":"Slime Boss","floor":16,"turns":10},{"damage":0,"enemies":"Chosen","floor":18,"turns":3},{"damage":27,"enemies":"3 Byrds","floor":19,"turns":7},{"damage":12,"enemies":"Centurion and Healer","floor":24,"turns":4},{"damage":14,"enemies":"Snake Plant","floor":25,"turns":3},{"damage":20,"enemies":"3 Cultists","floor":27,"turns":6},{"damage":14,"enemies":"Centurion and Healer","floor":30,"turns":6},{"damage":10,"enemies":"Shelled Parasite and Fungi","floor":31,"turns":5},{"damage":25,"enemies":"Automaton","floor":33,"turns":4}],"seed_played":"-1139187546076671231","potions_obtained":[{"floor":1,"key":"AttackPotion"},{"floor":3,"key":"Weak Potion"},{"floor":7,"key":"AttackPotion"},{"floor":12,"key":"Fruit Juice"},{"floor":25,"key":"BlessingOfTheForge"},{"floor":30,"key":"hermit:Eclipse"},{"floor":31,"key":"Dexterity Potion"}],"is_trial":false,"path_per_floor":["M","?","M","?","?","R","M","R","T","T","R","M","$","M","R","B",null,"M","M","?","?","AVR","R","M","M","T","M","$","R","M","M","R","B"],"character_chosen":"HERMIT","items_purchased":["Chemical X","StrikeDummy","Boot"],"campfire_rested":4,"item_purchase_floors":[13,28,28],"current_hp_per_floor":[62,62,57,57,57,57,51,51,51,51,68,67,67,67,67,21,73,73,46,29,29,29,50,38,24,24,4,4,25,11,1,22,0,0],"gold":76,"neow_bonus":"THREE_RARE_CARDS","is_daily":false,"chose_seed":false,"campfire_upgraded":3,"win_rate":0.0,"timestamp":1610174639,"path_taken":["M","?","?","?","?","R","M","R","T","?","R","M","$","M","R","BOSS","M","M","?","?","AVR","R","M","M","T","?","?","R","M","M","R","BOSS"],"items_purchased_type":["Relic","Relic","Relic"],"build_version":"2020-12-22","purchased_purges":0,"victory":false,"max_hp_per_floor":[68,68,68,68,68,68,68,68,68,68,68,73,73,73,73,73,73,73,73,73,73,73,73,73,73,73,73,73,73,73,73,73,73,73],"card_choices":[{"not_picked":["hermit:HeroicBravado","hermit:Gambit"],"picked":"hermit:DeadOrAlive","floor":0},{"not_picked":["hermit:Showdown","hermit:Roulette"],"picked":"hermit:Determination","floor":1},{"not_picked":["hermit:Gestalt","hermit:Shortfuse","hermit:Brawl"],"picked":"SKIP","floor":3},{"not_picked":["hermit:Misfire","hermit:NoHoldsBarred","hermit:WideOpen"],"picked":"SKIP","floor":7},{"not_picked":["hermit:Misfire","hermit:ItchyTrigger","hermit:Combo"],"picked":"SKIP","floor":12},{"not_picked":["hermit:DeadMansHand","hermit:FlashPowder"],"picked":"hermit:EyeOfTheStorm","floor":14},{"not_picked":["hermit:OverwhelmingPower","hermit:BlackWind"],"picked":"hermit:Roughhouse","floor":16},{"not_picked":["hermit:WideOpen","hermit:Deadeye"],"picked":"hermit:BigShot+1","floor":18},{"not_picked":["hermit:Desperado","hermit:Cheat+1","hermit:NoHoldsBarred"],"picked":"SKIP","floor":19},{"not_picked":["infinitespire:SevenWalls","infinitespire:Gouge"],"picked":"infinitespire:UltimateForm","floor":20},{"not_picked":["hermit:Quickdraw","hermit:Dive"],"picked":"hermit:ShadowCloak","floor":24},{"not_picked":["hermit:Magnum","hermit:Deadeye","hermit:Cheat"],"picked":"SKIP","floor":25},{"not_picked":["hermit:ItchyTrigger+1","hermit:Coalescence","hermit:CursedWeapon+1"],"picked":"SKIP","floor":27},{"not_picked":["hermit:HighCaliber","hermit:DeadMansHand+1","hermit:TakeCover"],"picked":"SKIP","floor":30},{"not_picked":["hermit:Cheat","hermit:HighNoon","hermit:Gestalt"],"picked":"SKIP","floor":31}],"player_experience":404995,"relics_obtained":[{"floor":9,"key":"hermit:RyeStalk"},{"floor":10,"key":"infinitespire:WardingShard"},{"floor":26,"key":"Centennial Puzzle"}],"event_choices":[{"cards_removed":["hermit:Strike_Hermit"],"damage_healed":0,"gold_gain":0,"player_choice":"Purged","damage_taken":0,"max_hp_gain":0,"max_hp_loss":0,"event_name":"Purifier","floor":2,"gold_loss":0},{"damage_healed":0,"gold_gain":63,"player_choice":"Gained Gold","damage_taken":0,"max_hp_gain":0,"max_hp_loss":0,"event_name":"Golden Wing","floor":4,"gold_loss":0},{"damage_healed":0,"gold_gain":0,"player_choice":"Forge","damage_taken":0,"max_hp_gain":0,"max_hp_loss":0,"event_name":"Accursed Blacksmith","floor":21,"gold_loss":0,"cards_upgraded":["infinitespire:UltimateForm"]}],"is_beta":false,"boss_relics":[{"not_picked":["Busted Crown","Sozu"],"picked":"infinitespire:Cupcake"}],"items_purged_floors":[],"is_endless":false,"potions_floor_spawned":[1,3,7,12,25,30,31],"killed_by":"Automaton","ascension_level":0}}