{"host":"b4asi0laiv85suj9","time":1610175622,"event":{"mods":["ATMod(阿瑾Mod)","BaseMod","Minty Spire (QoL Compilation)","MostiFishMod","Relic Stats","StSLib","TestMod","noobMod"],"gold_per_floor":[118,118,118,134,159,200,225,225,251,282,362,397,131,152,152,242,242,257,281,305,336,349,349,382,382,382,417,431,831,831,864,864,955,955,980,1313,1324,1341,1353,1380,1380,1408,1408,1435,1453,1403,1403,1431,1431,1431,1431,1431,1431,1381,1411,1411],"floor_reached":57,"playtime":1743,"items_purged":["Strike_P","Defend_P"],"score":3925,"play_id":"8e924c21-4de1-4531-87a8-5ea5344c4199","local_time":"20210109150022","is_ascension_mode":true,"campfire_choices":[{"data":"Eruption","floor":8,"key":"SMITH"},{"data":"WheelKick","floor":15,"key":"SMITH"},{"data":"AT_ChampionKick","floor":23,"key":"SMITH"},{"data":"MasterReality","floor":25,"key":"SMITH"},{"data":"FearNoEvil","floor":30,"key":"SMITH"},{"data":"Ragnarok","floor":32,"key":"SMITH"},{"floor":49,"key":"RECALL"},{"data":"Prostrate","floor":53,"key":"SMITH"}],"circlet_count":0,"master_deck":["AscendersBane","Strike_P","Strike_P","Strike_P","Defend_P+1","Defend_P","Defend_P","Eruption+1","Vigilance","AT_FamilyPortrait","MentalFortress","InnerPeace+1","LikeWater+1","Sanctity","ClearTheMind","WheelKick+1","DevaForm","BowlingBash","MostiFishMod:StarHerder","Crescendo","Evaluate+1","AT_ChampionKick+1","MasterReality+1","FollowUp","FearNoEvil+1","Ragnarok+1","MostiFishMod:DustFall","FearNoEvil+1","Prostrate+1","Protect","Prostrate+1","ForeignInfluence+1","TalkToTheHand+1","LikeWater"],"relics":["DaveBox","ice","AT_ATBox","testmod-EnergyCheck","FeatherPendant","testmod-Brilliant","SynthV:TestCard","Smiling Mask","Vajra","Pen Nib","testmod-Motorcycle","Strawberry","testmod-TurbochargingSystem","TeardropLocket","ChiXiaoBlade","Red Mask","StrikeDummy","InkBottle","AT_SilvercatRing","testmod-Recursion","AT_RedTearstoneRing","AT_TimeSand","War Paint","Juzu Bracelet","Art of War","testmod-Justice","AT_Manta"],"acts_visited":["Exordium","TheCity","TheBeyond","TheEnding"],"potions_floor_usage":[16,20,21,27,56,56],"damage_taken":[{"damage":0,"enemies":"Small Slimes","floor":1,"turns":2},{"damage":0,"enemies":"Jaw Worm","floor":4,"turns":2},{"damage":0,"enemies":"2 Louse","floor":5,"turns":1},{"damage":0,"enemies":"Lagavulin","floor":6,"turns":3},{"damage":0,"enemies":"Exordium Thugs","floor":7,"turns":2},{"damage":0,"enemies":"3 Sentries","floor":10,"turns":1},{"damage":0,"enemies":"3 Sentries","floor":11,"turns":1},{"damage":0,"enemies":"Lagavulin","floor":12,"turns":3},{"damage":0,"enemies":"Large Slime","floor":14,"turns":3},{"damage":4,"enemies":"Hexaghost","floor":16,"turns":4},{"damage":0,"enemies":"3 Byrds","floor":18,"turns":1},{"damage":1,"enemies":"Spheric Guardian","floor":19,"turns":3},{"damage":0,"enemies":"Snecko","floor":20,"turns":4},{"damage":0,"enemies":"Masked Bandits","floor":21,"turns":2},{"damage":0,"enemies":"3 Cultists","floor":22,"turns":1},{"damage":0,"enemies":"Gremlin Leader","floor":24,"turns":1},{"damage":21,"enemies":"Book of Stabbing","floor":27,"turns":3},{"damage":0,"enemies":"Snake Plant","floor":28,"turns":1},{"damage":0,"enemies":"Gremlin Leader","floor":31,"turns":1},{"damage":0,"enemies":"Automaton","floor":33,"turns":3},{"damage":0,"enemies":"3 Darklings","floor":35,"turns":1},{"damage":0,"enemies":"3 Shapes","floor":37,"turns":1},{"damage":0,"enemies":"Writhing Mass","floor":38,"turns":1},{"damage":0,"enemies":"Sphere and 2 Shapes","floor":39,"turns":1},{"damage":0,"enemies":"Reptomancer","floor":40,"turns":1},{"damage":0,"enemies":"Giant Head","floor":42,"turns":1},{"damage":0,"enemies":"Reptomancer","floor":44,"turns":1},{"damage":0,"enemies":"3 Darklings","floor":45,"turns":1},{"damage":0,"enemies":"Nemesis","floor":48,"turns":1},{"damage":0,"enemies":"Donu and Deca","floor":50,"turns":3},{"damage":0,"enemies":"Awakened One","floor":51,"turns":2},{"damage":0,"enemies":"Shield and Spear","floor":55,"turns":1},{"damage":33,"enemies":"The Heart","floor":56,"turns":4}],"seed_played":"-8058702847520337399","potions_obtained":[{"floor":1,"key":"Energy Potion"},{"floor":5,"key":"StancePotion"},{"floor":12,"key":"Swift Potion"},{"floor":18,"key":"SkillPotion"},{"floor":21,"key":"testmod-SpacePotion"},{"floor":22,"key":"LiquidBronze"},{"floor":27,"key":"SkillPotion"},{"floor":28,"key":"Strength Potion"},{"floor":42,"key":"BottledMiracle"},{"floor":45,"key":"PowerPotion"}],"is_trial":false,"path_per_floor":["M","?","T","M","M","E","M","R","T","E","?","E","$","M","R","B",null,"M","M","M","?","M","R","E","R","T","E","M","?","R","E","R","B",null,"M","?","M","M","M","E","T","E","T","E","M","$","?","E","R","B","B",null,"R","$","E","B",null],"character_chosen":"WATCHER","items_purchased":["TeardropLocket"],"campfire_rested":0,"item_purchase_floors":[13],"current_hp_per_floor":[61,38,38,38,38,38,38,38,38,38,45,45,45,45,45,41,67,67,66,66,66,66,66,66,66,66,45,45,45,45,45,45,45,68,68,68,68,68,68,68,68,68,68,68,68,68,68,68,68,68,68,73,73,73,73,40],"gold":1411,"neow_bonus":"BOSS_RELIC","is_daily":false,"chose_seed":false,"campfire_upgraded":7,"win_rate":0.0,"timestamp":1610175622,"path_taken":["M","?","?","M","M","E","M","R","T","E","?","E","?","M","R","BOSS","M","M","M","?","M","R","E","R","T","E","M","?","R","E","R","BOSS","M","?","M","M","M","E","?","E","T","E","M","$","?","E","R","BOSS","BOSS","R","$","E","BOSS"],"items_purchased_type":["Relic"],"build_version":"2020-12-22","purchased_purges":2,"victory":true,"max_hp_per_floor":[68,68,68,68,68,68,68,68,68,68,75,75,75,75,75,75,75,75,75,75,75,75,75,75,75,75,75,75,75,75,75,75,75,75,75,75,75,75,75,75,75,75,75,75,75,75,75,75,75,75,75,75,75,75,75,75],"relic_stats":{"counters":[33,61],"Pen Nib":[16],"Juzu Bracelet":0,"Art of War":[0],"War Paint":["InnerPeace","Defend_P"],"Smiling Mask":75,"obtain_stats":[{"AT_ATBox":0,"DaveBox":0,"Vajra":6,"ice":0,"AT_TimeSand":41,"Juzu Bracelet":43,"TeardropLocket":13,"Smiling Mask":3,"testmod-Brilliant":0,"testmod-Motorcycle":10,"Strawberry":11,"Red Mask":21,"InkBottle":27,"AT_RedTearstoneRing":40,"testmod-TestBox":0,"AT_Manta":55,"Golden Idol":2,"Pen Nib":9,"testmod-TurbochargingSystem":12,"AT_SilvercatRing":31,"War Paint":42,"testmod-Justice":48,"SynthV:TestCard":1,"FeatherPendant":0,"ChiXiaoBlade":17,"testmod-Recursion":34,"Art of War":44,"PureWater":0,"testmod-EnergyCheck":0,"StrikeDummy":24},{"AT_ATBox":0,"DaveBox":0,"Vajra":4,"ice":0,"AT_TimeSand":25,"Juzu Bracelet":26,"TeardropLocket":8,"Smiling Mask":1,"testmod-Brilliant":0,"testmod-Motorcycle":6,"Strawberry":7,"Red Mask":14,"InkBottle":17,"AT_RedTearstoneRing":25,"testmod-TestBox":0,"AT_Manta":32,"Golden Idol":1,"Pen Nib":5,"testmod-TurbochargingSystem":8,"AT_SilvercatRing":19,"War Paint":26,"testmod-Justice":29,"SynthV:TestCard":1,"FeatherPendant":0,"ChiXiaoBlade":10,"testmod-Recursion":20,"Art of War":27,"PureWater":0,"testmod-EnergyCheck":0,"StrikeDummy":16},{"AT_ATBox":0,"DaveBox":0,"Vajra":8,"ice":0,"AT_TimeSand":47,"Juzu Bracelet":48,"TeardropLocket":15,"Smiling Mask":2,"testmod-Brilliant":0,"testmod-Motorcycle":11,"Strawberry":12,"Red Mask":32,"InkBottle":37,"AT_RedTearstoneRing":47,"testmod-TestBox":0,"AT_Manta":57,"Golden Idol":2,"Pen Nib":10,"testmod-TurbochargingSystem":15,"AT_SilvercatRing":39,"War Paint":48,"testmod-Justice":51,"SynthV:TestCard":2,"FeatherPendant":0,"ChiXiaoBlade":22,"testmod-Recursion":42,"Art of War":49,"PureWater":0,"testmod-EnergyCheck":0,"StrikeDummy":34}],"InkBottle":[17]},"card_choices":[{"not_picked":["Weave","EmptyBody","SashWhip"],"picked":"SKIP","floor":1},{"not_picked":["WindmillStrike","Halt","Evaluate","EmptyBody"],"picked":"MentalFortress","floor":4},{"not_picked":["CrushJoints","PathToVictory","Halt","Consecrate"],"picked":"InnerPeace","floor":5},{"not_picked":["Evaluate","EmptyFist","MostiFishMod:DisColor","Fasting2"],"picked":"LikeWater","floor":6},{"not_picked":["InnerPeace","Prostrate","PathToVictory","JustLucky"],"picked":"Sanctity","floor":7},{"not_picked":["JustLucky","CutThroughFate","Halt","Consecrate"],"picked":"ClearTheMind","floor":10},{"not_picked":["FollowUp","Halt","JustLucky","Evaluate"],"picked":"WheelKick","floor":11},{"not_picked":["MostiFishMod:LegendTransform","Study","ThirdEye","FlyingSleeves"],"picked":"DevaForm","floor":12},{"not_picked":["Protect","PathToVictory","Perseverance","ForeignInfluence"],"picked":"BowlingBash","floor":14},{"not_picked":["MostiFishMod:OutWit","MostiFishMod:DisColor","AT_MachinaRedman","AT_IrregularMenstruation"],"picked":"MostiFishMod:StarHerder","floor":16},{"not_picked":["CrushJoints","Sanctity","WaveOfTheHand","Swivel+1","Conclude+1"],"picked":"SKIP","floor":18},{"not_picked":["CarveReality","JustLucky","FlyingSleeves","Protect"],"picked":"Crescendo","floor":19},{"not_picked":["WaveOfTheHand","Crescendo+1","Nirvana","ThirdEye"],"picked":"Evaluate+1","floor":20},{"not_picked":["SashWhip","CutThroughFate","MostiFishMod:FlowState+1","JustLucky"],"picked":"AT_ChampionKick","floor":21},{"not_picked":["SashWhip","FlyingSleeves","EmptyBody","Vengeance","PathToVictory"],"picked":"SKIP","floor":22},{"not_picked":["BattleHymn","CrushJoints+1","FlyingSleeves","MostiFishMod:Clarity"],"picked":"MasterReality","floor":24},{"not_picked":["Protect","Vengeance+1","JustLucky","FlyingSleeves"],"picked":"FollowUp","floor":27},{"not_picked":["ThirdEye","CrushJoints","BowlingBash","Prostrate"],"picked":"FearNoEvil","floor":28},{"not_picked":["ClearTheMind","Wireheading","FlyingSleeves","FlurryOfBlows"],"picked":"Ragnarok","floor":31},{"not_picked":["MasterReality","AT_RealColorLess","DevaForm","DeusExMachina"],"picked":"MostiFishMod:DustFall","floor":33},{"not_picked":["SashWhip","ThirdEye","AT_SoftenMuscles","Sanctity"],"picked":"FearNoEvil+1","floor":35},{"not_picked":["WaveOfTheHand","Halt","CrushJoints+1","BowlingBash"],"picked":"Prostrate","floor":37},{"not_picked":["MostiFishMod:LegendTransform+1","InnerPeace","EmptyBody+1","AT_RealFormLess"],"picked":"Protect","floor":38},{"not_picked":["WheelKick","Evaluate","PathToVictory","CrushJoints"],"picked":"Prostrate","floor":39},{"not_picked":["FollowUp+1","JustLucky","FlurryOfBlows+1","BowlingBash+1"],"picked":"ForeignInfluence+1","floor":40},{"not_picked":["Wish","ThirdEye","PathToVictory+1","MostiFishMod:FlowState+1"],"picked":"TalkToTheHand+1","floor":42},{"not_picked":["PathToVictory+1","WreathOfFlame+1","Weave","BowlingBash","JustLucky"],"picked":"SKIP","floor":44},{"not_picked":["Protect","MostiFishMod:Nomercy","Establishment","AT_RealFormLess","SashWhip"],"picked":"SKIP","floor":45},{"not_picked":["Vengeance","MostiFishMod:Dust","InnerPeace","Protect","MostiFishMod:Pointsdynamics"],"picked":"SKIP","floor":48},{"not_picked":["CutThroughFate","Prostrate","BowlingBash","SashWhip"],"picked":"LikeWater","floor":55}],"player_experience":293007,"relics_obtained":[{"floor":1,"key":"SynthV:TestCard"},{"floor":3,"key":"Smiling Mask"},{"floor":6,"key":"Vajra"},{"floor":9,"key":"Pen Nib"},{"floor":10,"key":"testmod-Motorcycle"},{"floor":11,"key":"Strawberry"},{"floor":12,"key":"testmod-TurbochargingSystem"},{"floor":21,"key":"Red Mask"},{"floor":24,"key":"StrikeDummy"},{"floor":27,"key":"InkBottle"},{"floor":31,"key":"AT_SilvercatRing"},{"floor":40,"key":"AT_RedTearstoneRing"},{"floor":41,"key":"AT_TimeSand"},{"floor":42,"key":"War Paint"},{"floor":43,"key":"Juzu Bracelet"},{"floor":44,"key":"Art of War"},{"floor":48,"key":"testmod-Justice"},{"floor":55,"key":"AT_Manta"}],"event_choices":[{"damage_healed":0,"gold_gain":0,"player_choice":"Take Damage","damage_taken":23,"relics_obtained":["Golden Idol"],"max_hp_gain":0,"max_hp_loss":0,"event_name":"Golden Idol","floor":2,"gold_loss":0},{"damage_healed":0,"gold_gain":0,"player_choice":"Searched \u00271\u0027 times","damage_taken":0,"max_hp_gain":0,"max_hp_loss":0,"event_name":"Dead Adventurer","floor":11,"gold_loss":0},{"damage_healed":0,"gold_gain":0,"player_choice":"Fought Bandits","damage_taken":0,"max_hp_gain":0,"max_hp_loss":0,"event_name":"Masked Bandits","floor":21,"gold_loss":0},{"damage_healed":0,"gold_gain":400,"player_choice":"Sell","damage_taken":0,"max_hp_gain":0,"max_hp_loss":0,"event_name":"恩洛斯的盘子","floor":29,"relics_lost":["testmod-TestBox"],"gold_loss":0},{"damage_healed":0,"gold_gain":333,"player_choice":"Gave Idol","damage_taken":0,"max_hp_gain":0,"max_hp_loss":0,"event_name":"The Moai Head","floor":36,"relics_lost":["Golden Idol"],"gold_loss":0},{"damage_healed":0,"gold_gain":0,"player_choice":"Ignored","damage_taken":0,"max_hp_gain":0,"max_hp_loss":0,"event_name":"给自己的盒子","floor":47,"gold_loss":0}],"is_beta":false,"boss_relics":[{"not_picked":["HereWithMe","NightmareShop"],"picked":"ChiXiaoBlade"},{"not_picked":["Busted Crown","Snecko Eye"],"picked":"testmod-Recursion"}],"items_purged_floors":[46,54],"is_endless":false,"potions_floor_spawned":[1,5,12,18,21,22,27,28,38,42,44,45,55],"ascension_level":20}}