{"host":"zxkjcgzis4pm3za5","time":1610165514,"event":{"mods":["AchievementEnabler","BaseMod","Colored Map","Colored Powertips","Minty Spire (QoL Compilation)","Quick Restart","RNG Fix","Random Character Button","StSLib"],"gold_per_floor":[117,129,139,150,150,184,203,203,227,254,264,275,306,321,321,394,394,407,332,375,275,190,215,215,247,259,271,38,38,55,55,55,129,129,146,146,185,185,210,241,241,257,257,286,286,302,330,347,347,347,347,347,14,40,40],"floor_reached":56,"playtime":2581,"items_purged":["Strike_P","Strike_P+1"],"score":1986,"play_id":"77b9657b-0327-41d6-a3f7-491a07d71fb8","local_time":"20210109094154","is_ascension_mode":true,"campfire_choices":[{"floor":8,"key":"REST"},{"floor":15,"key":"RECALL"},{"floor":24,"key":"REST"},{"floor":27,"key":"REST"},{"floor":29,"key":"REST"},{"floor":32,"key":"REST"},{"floor":41,"key":"REST"},{"floor":45,"key":"REST"},{"floor":49,"key":"REST"},{"floor":52,"key":"REST"}],"circlet_count":0,"master_deck":["AscendersBane","Defend_P","Defend_P+1","Defend_P","Defend_P","Eruption+1","Vigilance+1","CutThroughFate+1","Tantrum","CarveReality+1","SandsOfTime","Wallop+1","JustLucky+1","Weave","Meditate","EmptyFist","Protect","Wish+1","EmptyBody","LessonLearned+1","CrushJoints+1","FlurryOfBlows","ThirdEye+1","InnerPeace+1","SpiritShield","MentalFortress+1","MentalFortress+1","EmptyMind","MentalFortress+1","Wireheading","Wish+1","Ragnarok"],"relics":["Fusion Hammer","Bronze Scales","Whetstone","Nunchaku","Mercury Hourglass","Sozu","Mummified Hand","Lizard Tail","MawBank","Bag of Marbles","TeardropLocket","Runic Pyramid","Incense Burner","Blood Vial","Smiling Mask","Blue Candle","DollysMirror","Boot"],"acts_visited":["TheCity","TheBeyond","TheEnding"],"potions_floor_usage":[11,13,16,55,55],"damage_taken":[{"damage":4,"enemies":"Jaw Worm","floor":1,"turns":3},{"damage":2,"enemies":"Cultist","floor":2,"turns":3},{"damage":0,"enemies":"Small Slimes","floor":3,"turns":2},{"damage":0,"enemies":"2 Fungi Beasts","floor":4,"turns":2},{"damage":12,"enemies":"Lagavulin","floor":6,"turns":4},{"damage":2,"enemies":"Looter","floor":7,"turns":2},{"damage":0,"enemies":"Gremlin Nob","floor":10,"turns":2},{"damage":0,"enemies":"3 Louse","floor":11,"turns":3},{"damage":0,"enemies":"2 Fungi Beasts","floor":12,"turns":2},{"damage":5,"enemies":"3 Sentries","floor":13,"turns":3},{"damage":0,"enemies":"Exordium Thugs","floor":14,"turns":3},{"damage":31,"enemies":"Hexaghost","floor":16,"turns":6},{"damage":0,"enemies":"3 Byrds","floor":18,"turns":3},{"damage":0,"enemies":"Spheric Guardian","floor":20,"turns":3},{"damage":46,"enemies":"Slavers","floor":23,"turns":6},{"damage":21,"enemies":"Gremlin Leader","floor":25,"turns":4},{"damage":0,"enemies":"Snecko","floor":30,"turns":2},{"damage":20,"enemies":"Collector","floor":33,"turns":6},{"damage":4,"enemies":"3 Darklings","floor":35,"turns":4},{"damage":9,"enemies":"3 Shapes","floor":37,"turns":5},{"damage":3,"enemies":"Mind Bloom Boss Battle","floor":39,"turns":3},{"damage":37,"enemies":"Reptomancer","floor":40,"turns":4},{"damage":0,"enemies":"Spire Growth","floor":42,"turns":4},{"damage":1,"enemies":"Giant Head","floor":44,"turns":7},{"damage":6,"enemies":"Jaw Worm Horde","floor":46,"turns":5},{"damage":0,"enemies":"Nemesis","floor":47,"turns":5},{"damage":22,"enemies":"Maw","floor":48,"turns":6},{"damage":53,"enemies":"Time Eater","floor":50,"turns":9},{"damage":17,"enemies":"Shield and Spear","floor":54,"turns":5},{"damage":40,"enemies":"The Heart","floor":55,"turns":9}],"seed_played":"-519106022726804726","potions_obtained":[{"floor":4,"key":"EssenceOfSteel"},{"floor":7,"key":"Explosive Potion"},{"floor":11,"key":"SmokeBomb"},{"floor":12,"key":"Explosive Potion"},{"floor":13,"key":"Regen Potion"},{"floor":16,"key":"Dexterity Potion"}],"is_trial":false,"path_per_floor":["M","M","M","M","?","E","M","R","T","E","M","M","E","M","R","B",null,"M","?","M","$","?","E","R","E","T","R","$","R","M","$","R","B",null,"M","?","M","$","?","E","R","M","T","E","R","M","E","M","R","B",null,"R","$","E","B",null],"character_chosen":"WATCHER","items_purchased":["ThirdEye","TeardropLocket","DollysMirror","Ragnarok"],"campfire_rested":9,"item_purchase_floors":[21,28,53,53],"current_hp_per_floor":[61,59,59,59,59,47,45,66,66,66,66,66,61,61,61,39,64,64,64,64,64,64,18,39,18,18,39,39,60,60,60,72,52,67,63,63,54,54,51,14,35,37,37,38,59,55,57,37,58,7,56,72,72,55,17],"gold":40,"neow_bonus":"BOSS_RELIC","is_daily":false,"chose_seed":false,"campfire_upgraded":0,"win_rate":0.0,"timestamp":1610165514,"path_taken":["M","?","M","M","?","E","M","R","T","E","M","M","E","M","R","BOSS","M","?","M","$","?","E","R","E","T","R","$","R","M","?","R","BOSS","M","?","M","$","?","E","R","?","T","E","R","M","E","M","R","BOSS","R","$","E","BOSS"],"items_purchased_type":["Card","Relic","Relic","Card"],"build_version":"2020-12-22","purchased_purges":2,"victory":true,"max_hp_per_floor":[72,72,72,72,72,72,72,72,72,72,72,72,72,72,72,72,72,72,72,72,72,72,72,72,72,72,72,72,72,72,72,72,72,72,72,72,72,72,72,72,72,72,72,72,72,72,72,72,72,72,72,72,72,72,72],"card_choices":[{"not_picked":["Sanctity","ClearTheMind"],"picked":"CutThroughFate","floor":1},{"not_picked":["Crescendo","EmptyBody"],"picked":"Tantrum","floor":2},{"not_picked":["Collect","PathToVictory"],"picked":"CarveReality","floor":3},{"not_picked":["FollowUp","FlyingSleeves"],"picked":"SandsOfTime","floor":4},{"not_picked":["FlyingSleeves","SandsOfTime"],"picked":"JustLucky","floor":6},{"not_picked":["Wireheading","Evaluate"],"picked":"Weave","floor":7},{"not_picked":["ClearTheMind","CutThroughFate"],"picked":"Meditate","floor":10},{"not_picked":["Protect","Tantrum"],"picked":"EmptyFist","floor":11},{"not_picked":["EmptyFist","Halt"],"picked":"Protect","floor":12},{"not_picked":["Adaptation","ReachHeaven"],"picked":"Wish","floor":13},{"not_picked":["JustLucky","CrushJoints"],"picked":"EmptyBody","floor":14},{"not_picked":["Wish","ConjureBlade"],"picked":"LessonLearned","floor":16},{"not_picked":["SandsOfTime","CutThroughFate"],"picked":"CrushJoints","floor":18},{"not_picked":["Weave","JustLucky"],"picked":"FlurryOfBlows","floor":20},{"not_picked":["JustLucky+1","FlyingSleeves","CarveReality"],"picked":"SKIP","floor":23},{"not_picked":["Protect","LessonLearned"],"picked":"Conclude","floor":25},{"not_picked":["PathToVictory","FlurryOfBlows"],"picked":"InnerPeace","floor":30},{"not_picked":["Establishment","MasterReality"],"picked":"SpiritShield","floor":33},{"not_picked":["BowlingBash","FlyingSleeves","FollowUp"],"picked":"SKIP","floor":35},{"not_picked":["Meditate","EmptyBody","CutThroughFate"],"picked":"SKIP","floor":37},{"not_picked":["Protect","Indignation"],"picked":"MentalFortress","floor":39},{"not_picked":["Consecrate","EmptyFist"],"picked":"MentalFortress+1","floor":40},{"not_picked":["FollowUp","WindmillStrike","Prostrate+1"],"picked":"SKIP","floor":42},{"not_picked":["Protect+1","WindmillStrike"],"picked":"EmptyMind","floor":44},{"not_picked":["Halt","FlyingSleeves"],"picked":"MentalFortress+1","floor":46},{"not_picked":["SashWhip","CarveReality","Crescendo+1"],"picked":"SKIP","floor":47},{"not_picked":["SashWhip","FlyingSleeves+1"],"picked":"Wireheading","floor":48},{"not_picked":["EmptyFist+1","JustLucky","Meditate"],"picked":"SKIP","floor":54}],"player_experience":195785,"relics_obtained":[{"floor":6,"key":"Bronze Scales"},{"floor":9,"key":"Whetstone"},{"floor":10,"key":"Nunchaku"},{"floor":13,"key":"Mercury Hourglass"},{"floor":23,"key":"Lizard Tail"},{"floor":25,"key":"MawBank"},{"floor":26,"key":"Bag of Marbles"},{"floor":39,"key":"Incense Burner"},{"floor":40,"key":"Blood Vial"},{"floor":44,"key":"Smiling Mask"},{"floor":47,"key":"Blue Candle"},{"floor":54,"key":"Boot"}],"event_choices":[{"damage_healed":0,"gold_gain":0,"cards_transformed":["Strike_P"],"player_choice":"Transformed","damage_taken":0,"max_hp_gain":0,"max_hp_loss":0,"event_name":"Transmorgrifier","floor":5,"gold_loss":0,"cards_obtained":["Wallop"]},{"cards_removed":["Strike_P"],"damage_healed":0,"gold_gain":0,"player_choice":"Gave Gold","damage_taken":0,"max_hp_gain":0,"max_hp_loss":0,"event_name":"Beggar","floor":19,"gold_loss":75},{"damage_healed":0,"gold_gain":0,"player_choice":"Obtained Relic","damage_taken":0,"relics_obtained":["Mummified Hand"],"max_hp_gain":0,"max_hp_loss":0,"event_name":"Addict","floor":22,"gold_loss":85},{"cards_removed":["Conclude"],"damage_healed":0,"gold_gain":0,"player_choice":"Removed Attack","damage_taken":0,"max_hp_gain":0,"max_hp_loss":0,"event_name":"Falling","floor":36,"gold_loss":0},{"damage_healed":0,"gold_gain":0,"player_choice":"Fight","damage_taken":0,"max_hp_gain":0,"max_hp_loss":0,"event_name":"MindBloom","floor":39,"gold_loss":0}],"is_beta":false,"boss_relics":[{"not_picked":["Black Star","VioletLotus"],"picked":"Sozu"},{"not_picked":["Runic Dome","Busted Crown"],"picked":"Runic Pyramid"}],"items_purged_floors":[21,53],"is_endless":false,"potions_floor_spawned":[4,7,10,11,12,13,16,18,20,37,39,40,48],"ascension_level":13}}