{"host":"mydft8i2zzydgggw","time":1610205967,"event":{"mods":["AchievementEnabler","BaseMod","BetterRewards","Colored Map","Colored Powertips","DeckTracker","Keyboard Shortcuts","Minty Spire (QoL Compilation)","Quick Restart","Rare Cards Sparkle","StSLib","SuperFastMode","The Poker Player","everything is the same but u backflip on backflip"],"gold_per_floor":[116,116,126,126,126,126,27,53,53,53,78,92,106,117,117,213,213,224,224,324,343,343,343,378,389,415,427,440,456,469,487,487,589,589,599,899,915,935,541,541,23,23,46,0,38,59,75,75,75,75,75],"floor_reached":50,"playtime":1349,"items_purged":["Strike_B","Defend_B","Defend_B"],"score":828,"play_id":"415c4e70-672e-4e13-9a36-8321ba61c9d9","local_time":"20210110002607","is_ascension_mode":true,"campfire_choices":[{"data":"Zap","floor":6.0,"key":"SMITH"},{"floor":10.0,"key":"REST"},{"data":"Coolheaded","floor":15.0,"key":"SMITH"},{"data":"Double Energy","floor":23.0,"key":"SMITH"},{"floor":32,"key":"DIG"},{"data":"Coolheaded","floor":40,"key":"SMITH"},{"data":"Meteor Strike","floor":42,"key":"SMITH"},{"data":"Reinforced Body","floor":49,"key":"SMITH"}],"circlet_count":0,"master_deck":["Defend_B","Defend_B","Zap+1","Dualcast","Sweeping Beam","Streamline","Meteor Strike+1","Reinforced Body+1","Coolheaded+1","Double Energy+1","Echo Form","Bite","Bite","Bite","Bite","Bite","Turbo+1","Coolheaded+1","Glacier+1","Chaos+1","Core Surge","Defragment+1","Electrodynamics"],"relics":["Cracked Core","Bag of Preparation","Bag of Marbles","Lantern","Regal Pillow","Nuclear Battery","HornCleat","Shovel","Happy Flower","Incense Burner","Sozu","CeramicFish","Juzu Bracelet","Lee\u0027s Waffle","Mercury Hourglass","Potion Belt","Red Mask","Darkstone Periapt"],"acts_visited":["Exordium","TheCity","TheBeyond"],"potions_floor_usage":[30,33,33,45],"damage_taken":[{"damage":8.0,"enemies":"Jaw Worm","floor":1.0,"turns":4.0},{"damage":6.0,"enemies":"2 Louse","floor":3.0,"turns":3.0},{"damage":32.0,"enemies":"Lagavulin","floor":8.0,"turns":6.0},{"damage":20.0,"enemies":"3 Sentries","floor":11.0,"turns":6.0},{"damage":0.0,"enemies":"Cultist","floor":12.0,"turns":2.0},{"damage":0.0,"enemies":"3 Louse","floor":13.0,"turns":3.0},{"damage":4.0,"enemies":"Looter","floor":14.0,"turns":3.0},{"damage":0.0,"enemies":"Slime Boss","floor":16.0,"turns":8.0},{"damage":6.0,"enemies":"3 Byrds","floor":18.0,"turns":3.0},{"damage":2.0,"enemies":"Spheric Guardian","floor":21.0,"turns":3.0},{"damage":3.0,"enemies":"Gremlin Leader","floor":24.0,"turns":8.0},{"damage":11.0,"enemies":"Centurion and Healer","floor":25.0,"turns":5.0},{"damage":0.0,"enemies":"3 Cultists","floor":27.0,"turns":4.0},{"damage":0.0,"enemies":"Snecko","floor":28.0,"turns":3.0},{"damage":0,"enemies":"Snake Plant","floor":29,"turns":3},{"damage":2,"enemies":"Sentry and Sphere","floor":30,"turns":4},{"damage":0,"enemies":"Centurion and Healer","floor":31,"turns":5},{"damage":25,"enemies":"Automaton","floor":33,"turns":13},{"damage":9,"enemies":"3 Shapes","floor":35,"turns":3},{"damage":0,"enemies":"Orb Walker","floor":37,"turns":3},{"damage":5,"enemies":"Jaw Worm Horde","floor":38,"turns":5},{"damage":10,"enemies":"Reptomancer","floor":45,"turns":5},{"damage":0,"enemies":"Sphere and 2 Shapes","floor":46,"turns":3},{"damage":9,"enemies":"Transient","floor":47,"turns":5},{"damage":80,"enemies":"Time Eater","floor":50,"turns":7}],"seed_played":"6713836589256641615","potions_obtained":[{"floor":12.0,"key":"FocusPotion"},{"floor":13.0,"key":"Energy Potion"},{"floor":14.0,"key":"SkillPotion"},{"floor":25.0,"key":"EssenceOfSteel"},{"floor":28.0,"key":"PowerPotion"},{"floor":29,"key":"Energy Potion"},{"floor":31,"key":"SteroidPotion"},{"floor":33,"key":"Energy Potion"}],"is_trial":false,"path_per_floor":["M","?","M","?","?","R","$","E","T","R","E","M","M","M","R","B",null,"M","?","?","M","T","R","E","M","T","M","M","M","M","M","R","B",null,"M","?","M","M","$","R","$","R","T","?","E","M","M","?","R","B"],"character_chosen":"DEFECT","items_purchased":["Streamline","CeramicFish","Juzu Bracelet","Lee\u0027s Waffle","Mercury Hourglass"],"campfire_rested":1,"item_purchase_floors":[7,39,39,41,41],"current_hp_per_floor":[60,42,36,36,61,61,61,29,29,51,31,31,31,27,27,27,63,57,52,52,52,52,52,52,51,51,52,52,52,50,52,52,52,52,51,51,52,52,52,52,59,59,59,59,55,59,58,58,58,0,0],"gold":75,"neow_bonus":"REMOVE_CARD","is_daily":false,"chose_seed":false,"campfire_upgraded":6,"win_rate":0.0,"timestamp":1610205967,"path_taken":["M","?","M","?","?","R","?","E","T","R","E","M","M","?","R","BOSS","M","?","?","?","?","R","E","M","T","M","M","M","?","M","R","BOSS","M","?","?","M","$","R","$","R","T","?","E","M","M","?","R","BOSS"],"items_purchased_type":["Card","Relic","Relic","Relic","Relic"],"build_version":"2020-12-22","purchased_purges":3,"victory":false,"max_hp_per_floor":[75,75,75,75,75,75,75,75,75,75,75,75,75,75,75,75,75,75,52,52,52,52,52,52,52,52,52,52,52,52,52,52,52,52,52,52,52,52,52,52,59,59,59,59,59,59,59,59,59,59,59],"card_choices":[{"not_picked":["Beam Cell","Ball Lightning","Compile Driver"],"picked":"SKIP","floor":1.0},{"not_picked":["Conserve Battery","Turbo"],"picked":"Sweeping Beam","floor":3.0},{"not_picked":["Auto Shields","Redo","Compile Driver"],"picked":"SKIP","floor":8.0},{"not_picked":["Lockon","Barrage"],"picked":"Meteor Strike","floor":11.0},{"not_picked":["Rip and Tear","Loop"],"picked":"Reinforced Body","floor":12.0},{"not_picked":["Heatsinks","Redo"],"picked":"Coolheaded","floor":13.0},{"not_picked":["Chaos","Conserve Battery"],"picked":"Double Energy","floor":14.0},{"not_picked":["Electrodynamics","Core Surge"],"picked":"Echo Form","floor":16.0},{"not_picked":["Heatsinks","Conserve Battery","Rebound+1"],"picked":"SKIP","floor":18.0},{"not_picked":["Fusion","Streamline"],"picked":"Turbo+1","floor":21.0},{"not_picked":["White Noise","Rebound","Genetic Algorithm"],"picked":"SKIP","floor":24.0},{"not_picked":["Static Discharge","Lockon"],"picked":"Coolheaded","floor":25.0},{"not_picked":["Auto Shields","Aggregate","Coolheaded"],"picked":"SKIP","floor":27.0},{"not_picked":["Ball Lightning","Turbo+1"],"picked":"Glacier+1","floor":28.0},{"not_picked":["Go for the Eyes","Leap+1","Redo+1"],"picked":"SKIP","floor":29},{"not_picked":["Auto Shields","Echo Form"],"picked":"Chaos+1","floor":30},{"not_picked":["Sweeping Beam+1","Genetic Algorithm","Force Field"],"picked":"SKIP","floor":31},{"not_picked":["Meteor Strike","Buffer"],"picked":"Core Surge","floor":33},{"not_picked":["Undo","Stack+1","Fusion+1"],"picked":"SKIP","floor":35},{"not_picked":["Darkness","Heatsinks","Steam"],"picked":"SKIP","floor":37},{"not_picked":["Fusion","Gash+1","Heatsinks"],"picked":"SKIP","floor":38},{"not_picked":["White Noise","Auto Shields"],"picked":"Defragment+1","floor":45},{"not_picked":["Sweeping Beam","Lockon"],"picked":"Electrodynamics","floor":46},{"not_picked":["Turbo","Rebound","Streamline"],"picked":"SKIP","floor":47}],"player_experience":162922,"relics_obtained":[{"floor":8.0,"key":"Bag of Marbles"},{"floor":9.0,"key":"Lantern"},{"floor":11.0,"key":"Regal Pillow"},{"floor":22.0,"key":"HornCleat"},{"floor":24.0,"key":"Shovel"},{"floor":26.0,"key":"Happy Flower"},{"floor":32,"key":"Incense Burner"},{"floor":43,"key":"Potion Belt"},{"floor":45,"key":"Darkstone Periapt"}],"event_choices":[{"damage_healed":0.0,"max_hp_gain":0.0,"max_hp_loss":0.0,"gold_gain":0.0,"event_name":"Scrap Ooze","player_choice":"Success","floor":2.0,"gold_loss":0.0,"damage_taken":18.0,"relics_obtained":["Bag of Preparation"]},{"damage_healed":0.0,"max_hp_gain":0.0,"max_hp_loss":0.0,"gold_gain":0.0,"event_name":"Shining Light","player_choice":"Ignored","floor":4.0,"gold_loss":0.0,"damage_taken":0.0},{"damage_healed":25.0,"max_hp_gain":0.0,"max_hp_loss":0.0,"gold_gain":0.0,"event_name":"Big Fish","player_choice":"Banana","floor":5.0,"gold_loss":0.0,"damage_taken":0.0},{"damage_healed":0.0,"max_hp_gain":0.0,"max_hp_loss":23.0,"gold_gain":0.0,"event_name":"Vampires","player_choice":"Became a vampire","floor":19.0,"gold_loss":0.0,"damage_taken":0.0,"cards_obtained":["Bite","Bite","Bite","Bite","Bite"]},{"damage_healed":0.0,"max_hp_gain":0.0,"max_hp_loss":0.0,"gold_gain":100.0,"event_name":"Golden Shrine","player_choice":"Pray","floor":20.0,"gold_loss":0.0,"damage_taken":0.0},{"damage_healed":0,"gold_gain":300,"player_choice":"Gold","damage_taken":0,"max_hp_gain":0,"max_hp_loss":0,"event_name":"Wheel of Change","floor":36,"gold_loss":0},{"damage_healed":0,"gold_gain":0,"player_choice":"Paid","damage_taken":0,"relics_obtained":["Red Mask"],"max_hp_gain":0,"max_hp_loss":0,"event_name":"Tomb of Lord Red Mask","floor":44,"gold_loss":46},{"damage_healed":0,"gold_gain":0,"player_choice":"0 cards matched","damage_taken":0,"max_hp_gain":0,"max_hp_loss":0,"event_name":"Match and Keep!","floor":48,"gold_loss":0,"cards_obtained":[]}],"is_beta":false,"boss_relics":[{"not_picked":["Philosopher\u0027s Stone","Calling Bell"],"picked":"Nuclear Battery"},{"not_picked":["Busted Crown","Coffee Dripper"],"picked":"Sozu"}],"items_purged_floors":[7,39,41],"is_endless":false,"potions_floor_spawned":[12,13,14,25,28,29,31,33,35,37,46],"killed_by":"Time Eater","ascension_level":8}}