{"host":"gzsdmyo07u314vug","time":1610205033,"event":{"mods":["2.2 Compatiblity","BaseMod","Downfall","GifTheSpireLib","Minty Spire (QoL Compilation)","Quick Restart","Rare Cards Sparkle","Relic Stats","Replay The Spire","Robot Space Explorer","Shop Mod","StSLib","The Bug Knight","The Construct","The Elementalist","The IronCluck","The Marked","The Servant 0.9.4","Unceasing Turn Reminder","everything is the same but u backflip on backflip","slay the spire mod where everything is the same but ironclad has a cowboy hat","vexMod"],"gold_per_floor":[0,13,24,36,36,36,83,114,127,147,161,175,175,189,206,309,309,309,326,341,352,262,262,262,262,262,279,279,304,331,371,386,491,491,491,506,525,368,368,392,441,466,497,510,524,229,229,255,267,267],"floor_reached":51,"playtime":5976,"items_purged":["hexamod:Strike","hexamod:SixthSeal"],"score":907,"play_id":"97f72a76-9622-4203-a092-166a6bcfa3dc","local_time":"20210109121033","is_ascension_mode":true,"campfire_choices":[{"data":"hexamod:Float","floor":1.0,"key":"SMITH"},{"data":"hexamod:GhostOfSpirePast","floor":6.0,"key":"SMITH"},{"data":"hexamod:GhostShield","floor":18.0,"key":"SMITH"},{"data":"hexamod:VolcanoVisage","floor":26.0,"key":"SMITH"},{"data":"hexamod:GhostOfSpirePresent","floor":28.0,"key":"SMITH"},{"data":"hexamod:Defend","floor":35.0,"key":"PURGE"},{"data":"hexamod:ExtraCrispy","floor":47,"key":"SMITH"}],"circlet_count":0,"master_deck":["hexamod:Defend+1","hexamod:Defend+1","hexamod:Sear+1","hexamod:Float+1","hexamod:GhostOfSpirePast+1","hexamod:SpectersWail+1","hexamod:SoulSteal+1","hexamod:GhostShield+1","hexamod:Hexaguard+1","hexamod:GhostLash+1","hexamod:HeatShield+1","hexamod:GhostOfSpirePresent+1","hexamod:RadiantFlame+1","hexamod:CrushingStance+1","hexamod:VolcanoVisage+1","hexamod:CatchUp+1","hexamod:Haunt+1","hexamod:Hexaguard+1","hexamod:GhostOfSpirePast+1","hexamod:SixthSeal","hexamod:DynamicBlow+1","hexamod:RetreatToShadows+1","hexamod:Toasty+1","hexamod:HexaLevel+1","hexamod:BacktrackSmack+1","hexamod:BacktrackSmack+1","hexamod:Hexaguard+1","hexamod:Rewind+1","hexamod:ExtraCrispy+1"],"relics":["hexamod:SpiritBrand","Oddly Smooth Stone","vexMod:FocusSash","Du-Vu Doll","Coffee Dripper","MutagenicStrength","Replay:Bottled Flurry","Mango","Empty Cage","Replay:Rubber Ducky","PreservedInsect","hexamod:TheBrokenSeal","Lantern","Replay:Wax Seal","vexMod:PaidLearning","Blood Vial","Nunchaku"],"acts_visited":["Exordium","TheCity","TheBeyond"],"potions_floor_usage":[42,43,46,50,50,50],"damage_taken":[{"damage":0.0,"enemies":"Small Slimes","floor":2.0,"turns":4.0},{"damage":0.0,"enemies":"Cultist","floor":3.0,"turns":3.0},{"damage":0.0,"enemies":"2 Louse","floor":4.0,"turns":3.0},{"damage":3.0,"enemies":"Lagavulin","floor":8.0,"turns":6.0},{"damage":4.0,"enemies":"Large Slime","floor":9.0,"turns":3.0},{"damage":0.0,"enemies":"Exordium Thugs","floor":10.0,"turns":4.0},{"damage":0.0,"enemies":"2 Fungi Beasts","floor":11.0,"turns":3.0},{"damage":0.0,"enemies":"Blue Slaver","floor":12.0,"turns":4.0},{"damage":0.0,"enemies":"Lots of Slimes","floor":14.0,"turns":3.0},{"damage":7.0,"enemies":"2 Fungi Beasts","floor":15.0,"turns":4.0},{"damage":19.0,"enemies":"downfall:Watcher","floor":16.0,"turns":8.0},{"damage":0.0,"enemies":"Chosen","floor":19.0,"turns":5.0},{"damage":0.0,"enemies":"Snake Plant","floor":20.0,"turns":4.0},{"damage":0.0,"enemies":"Snecko","floor":21.0,"turns":6.0},{"damage":0.0,"enemies":"downfall:FleeingMerchant","floor":22.0,"turns":4.0},{"damage":4.0,"enemies":"3 Cultists","floor":27.0,"turns":5.0},{"damage":4.0,"enemies":"Sentry and Sphere","floor":29.0,"turns":6.0},{"damage":18.0,"enemies":"Snake Plant","floor":30.0,"turns":5.0},{"damage":9.0,"enemies":"HollowMod:Nosk","floor":31.0,"turns":6.0},{"damage":29.0,"enemies":"Cultist and Chosen","floor":32.0,"turns":7.0},{"damage":34.0,"enemies":"downfall:Defect","floor":33.0,"turns":11.0},{"damage":31.0,"enemies":"3 Darklings","floor":36.0,"turns":5.0},{"damage":37,"enemies":"3 Shapes","floor":37,"turns":7},{"damage":0,"enemies":"downfall:FleeingMerchant","floor":38,"turns":4},{"damage":3,"enemies":"Sphere and 2 Shapes","floor":40,"turns":7},{"damage":18,"enemies":"Jaw Worm Horde","floor":42,"turns":6},{"damage":0,"enemies":"Reptomancer","floor":43,"turns":4},{"damage":0,"enemies":"4 Shapes","floor":44,"turns":4},{"damage":0,"enemies":"3 Darklings","floor":45,"turns":4},{"damage":12,"enemies":"downfall:FleeingMerchant","floor":46,"turns":4},{"damage":0,"enemies":"Giant Head","floor":48,"turns":6},{"damage":0,"enemies":"Writhing Mass","floor":49,"turns":5},{"damage":88,"enemies":"downfall:Silent","floor":50,"turns":5}],"seed_played":"2209964372353204960","potions_obtained":[{"floor":3.0,"key":"SkillPotion"},{"floor":4.0,"key":"Explosive Potion"},{"floor":9.0,"key":"Fruit Juice"},{"floor":12.0,"key":"Regen Potion"},{"floor":14.0,"key":"GamblersBrew"},{"floor":19.0,"key":"SpeedPotion"},{"floor":30.0,"key":"Dexterity Potion"},{"floor":42,"key":"Weak Potion"},{"floor":44,"key":"construct:ShiftPotion"},{"floor":45,"key":"Death Potion"},{"floor":48,"key":"hexamod:DoubleChargePotion"}],"is_trial":false,"path_per_floor":["R","M","M","M","?","R","T","E","M","M","M","M","?","M","M","B",null,"R","M","M","M","$","?","T","?","R","M","R","M","M","E","M","B",null,"R","M","M","$","?","M","T","M","E","M","M","$","R","E","M","B",null],"character_chosen":"THE_SPIRIT","items_purchased":["Replay:Rubber Ducky","Replay:Wax Seal","vexMod:PaidLearning","Blood Vial","hexamod:DoubleChargePotion","PowerPotion","hexamod:ExtraCrispy"],"campfire_rested":0,"item_purchase_floors":[38,46,46,46,46,46,46],"current_hp_per_floor":[70,70,70,70,70,70,70,67,75,75,75,75,72,75,68,49,75,75,75,75,75,75,75,75,75,75,75,75,75,64,69,47,35,89,89,65,35,42,42,46,46,99,99,99,99,87,87,89,91,5],"gold":267,"neow_bonus":"REMOVE_TWO","is_daily":false,"chose_seed":false,"campfire_upgraded":6,"win_rate":0.0,"timestamp":1610205033,"path_taken":["R","M","M","M","?","R","T","E","M","M","?","M","?","M","M","BOSS","R","M","M","M","$","?","T","?","R","?","R","M","M","E","M","BOSS","R","M","M","$","?","M","T","M","E","M","M","$","R","E","M","BOSS"],"items_purchased_type":["Relic","Relic","Relic","Relic","Potion","Potion","Card"],"build_version":"2020-12-22","purchased_purges":2,"victory":true,"max_hp_per_floor":[70,70,70,70,70,70,70,70,75,75,75,75,75,75,75,75,75,75,75,75,75,75,75,75,75,75,75,75,75,75,89,89,89,89,89,89,89,89,89,89,89,99,99,99,99,99,99,99,99,99],"relic_stats":{"Blood Vial":6,"Nunchaku":[1],"counters":[33,165],"PreservedInsect":183,"obtain_stats":[{"Lantern":43,"Oddly Smooth Stone":7,"hexamod:TheBrokenSeal":42,"Mango":31,"PreservedInsect":41,"vexMod:PaidLearning":46,"vexMod:FocusSash":8,"Empty Cage":34,"Replay:Rubber Ducky":38,"Du-Vu Doll":13,"Blood Vial":46,"Nunchaku":48,"MutagenicStrength":23,"Coffee Dripper":17,"Replay:Bottled Flurry":24,"Replay:Wax Seal":46,"hexamod:SpiritBrand":0},{"Lantern":27,"Oddly Smooth Stone":3,"hexamod:TheBrokenSeal":26,"Mango":19,"PreservedInsect":25,"vexMod:PaidLearning":30,"vexMod:FocusSash":4,"Empty Cage":21,"Replay:Rubber Ducky":24,"Du-Vu Doll":8,"Blood Vial":30,"Nunchaku":31,"MutagenicStrength":15,"Coffee Dripper":11,"Replay:Bottled Flurry":15,"Replay:Wax Seal":30,"hexamod:SpiritBrand":0},{"Lantern":137,"Oddly Smooth Stone":10,"hexamod:TheBrokenSeal":132,"Mango":86,"PreservedInsect":127,"vexMod:PaidLearning":149,"vexMod:FocusSash":16,"Empty Cage":104,"Replay:Rubber Ducky":120,"Du-Vu Doll":30,"Blood Vial":149,"Nunchaku":155,"MutagenicStrength":64,"Coffee Dripper":45,"Replay:Bottled Flurry":64,"Replay:Wax Seal":149,"hexamod:SpiritBrand":0}]},"card_choices":[{"not_picked":["hexamod:SwordOfDarkness","hexamod:ThirdSeal"],"picked":"hexamod:GhostOfSpirePast","floor":2.0},{"not_picked":["hexamod:AdvancingGuard","hexamod:Hexaguard","hexamod:HauntingEcho"],"picked":"SKIP","floor":3.0},{"not_picked":["hexamod:RetreatToShadows","hexamod:SkipABeat"],"picked":"hexamod:SpectersWail","floor":4.0},{"not_picked":["hexamod:Haunt","hexamod:FastForward"],"picked":"hexamod:FirstSeal","floor":8.0},{"not_picked":["hexamod:HauntingEcho","hexamod:Again"],"picked":"hexamod:GhostShield","floor":9.0},{"not_picked":["hexamod:BacktrackSmack","hexamod:SuperheatedStrike"],"picked":"hexamod:ThirdSeal","floor":10.0},{"not_picked":["hexamod:SwordOfDarkness","hexamod:BacktrackSmack"],"picked":"hexamod:Hexaguard","floor":11.0},{"not_picked":["hexamod:NightmareGuise","hexamod:Again","hexamod:GhostOfSpireFuture"],"picked":"SKIP","floor":11.0},{"not_picked":["hexamod:BurningTouch","hexamod:Incineration"],"picked":"hexamod:GhostLash","floor":12.0},{"not_picked":["hexamod:SwordOfDarkness","hexamod:Hexaguard"],"picked":"hexamod:HeatShield","floor":12.0},{"not_picked":["hexamod:HeatCrush","hexamod:Toasty"],"picked":"hexamod:ExtraCrispy","floor":14.0},{"not_picked":["hexamod:SpectersWail","hexamod:HauntingEcho","hexamod:ThermalTransfer"],"picked":"SKIP","floor":14.0},{"not_picked":["hexamod:BacktrackSmack","hexamod:AdvancingGuard"],"picked":"hexamod:GhostOfSpirePresent","floor":15.0},{"not_picked":["hexamod:NightmareStrike","hexamod:ShieldOfDarkness"],"picked":"hexamod:RadiantFlame","floor":15.0},{"not_picked":["hexamod:WildfireWeapon","hexamod:TurnItUp"],"picked":"hexamod:CrushingStance","floor":16.0},{"not_picked":["hexamod:EmpoweringStance","hexamod:CrushingStance"],"picked":"hexamod:VolcanoVisage","floor":16.0},{"not_picked":["hexamod:Hexaguard+1","hexamod:RainOfEmbers"],"picked":"hexamod:CatchUp+1","floor":19.0},{"not_picked":["hexamod:Firestarter","hexamod:RainOfEmbers","hexamod:BacktrackSmack"],"picked":"SKIP","floor":19.0},{"not_picked":["hexamod:GhostflameBarrier","hexamod:NightmareGuise","hexamod:HeatMetal"],"picked":"SKIP","floor":20.0},{"not_picked":["hexamod:GhostShield","hexamod:AdvancingGuard+1","hexamod:RadiantFlame"],"picked":"SKIP","floor":20.0},{"not_picked":["hexamod:GhostflameBarrier","hexamod:NightmareGuise","hexamod:HeatMetal"],"picked":"SKIP","floor":20.0},{"not_picked":["hexamod:GhostShield","hexamod:AdvancingGuard+1","hexamod:RadiantFlame"],"picked":"SKIP","floor":20.0},{"not_picked":["hexamod:NecessarySacrifice+1","hexamod:FastForward+1"],"picked":"hexamod:FifthSeal","floor":21.0},{"not_picked":["hexamod:NightmareGuise+1","hexamod:GhostOfSpirePresent"],"picked":"hexamod:Haunt","floor":21.0},{"not_picked":["hexamod:FirstSeal","hexamod:FourthSeal"],"picked":"hexamod:SixthSeal","floor":22.0},{"not_picked":["hexamod:ChargedBarrage","hexamod:SwordOfDarkness"],"picked":"hexamod:Hexaguard","floor":22.0},{"not_picked":["hexamod:FourthSeal","hexamod:FirstSeal"],"picked":"hexamod:SecondSeal","floor":27.0},{"not_picked":["hexamod:NightmareStrike","hexamod:HauntingEcho","hexamod:AdvancingGuard"],"picked":"SKIP","floor":27.0},{"not_picked":["hexamod:InspiringFlames","hexamod:BacktrackSmack","hexamod:HauntingEcho+1"],"picked":"SKIP","floor":27.0},{"not_picked":["hexamod:Hexaguard","hexamod:ChargedBarrage"],"picked":"hexamod:GhostOfSpirePast","floor":29.0},{"not_picked":["hexamod:FirstSeal","hexamod:ThirdSeal"],"picked":"hexamod:SixthSeal","floor":29.0},{"not_picked":["hexamod:InspiringFlames","hexamod:StepThrough","hexamod:FastForward"],"picked":"SKIP","floor":29.0},{"not_picked":["hexamod:SoulSteal","hexamod:Firestarter"],"picked":"hexamod:DynamicBlow+1","floor":30.0},{"not_picked":["hexamod:ThirdSeal","hexamod:FirstSeal","hexamod:SecondSeal"],"picked":"SKIP","floor":30.0},{"not_picked":["hexamod:SwordOfDarkness","hexamod:RainOfEmbers+1","hexamod:SpectersWail"],"picked":"SKIP","floor":30.0},{"not_picked":["hexamod:SecondSeal","hexamod:FirstSeal"],"picked":"hexamod:SixthSeal","floor":31.0},{"not_picked":["hexamod:FastForward","hexamod:NightmareStrike","hexamod:Firestarter+1"],"picked":"SKIP","floor":31.0},{"not_picked":["hexamod:ThermalTransfer","hexamod:FastForward+1"],"picked":"hexamod:RetreatToShadows","floor":32.0},{"not_picked":["hexamod:HeatCrush+1","hexamod:GhostShield","hexamod:ExtraCrispy"],"picked":"SKIP","floor":32.0},{"not_picked":["hexamod:WildfireWeapon","hexamod:GhostflameInferno"],"picked":"hexamod:Toasty","floor":33.0},{"not_picked":["hexamod:WildfireWeapon","hexamod:Toasty"],"picked":"hexamod:HexaLevel","floor":33.0},{"not_picked":["hexamod:RainOfEmbers+1","hexamod:EmpoweredFlame+1","hexamod:GhostLash"],"picked":"SKIP","floor":36},{"not_picked":["hexamod:FirstSeal","hexamod:SecondSeal","hexamod:ThirdSeal"],"picked":"SKIP","floor":37},{"not_picked":["hexamod:Firestarter","hexamod:GhostOfSpirePresent","hexamod:StepThrough+1"],"picked":"SKIP","floor":37},{"not_picked":["hexamod:HexaLevel","hexamod:Firestarter+1","hexamod:SpectersWail+1"],"picked":"SKIP","floor":38},{"not_picked":["hexamod:SixthSeal","hexamod:FirstSeal","hexamod:SecondSeal"],"picked":"SKIP","floor":38},{"not_picked":["hexamod:Toasty","hexamod:FastForward","hexamod:SpectersWail+1"],"picked":"SKIP","floor":38},{"not_picked":["hexamod:ThirdSeal","hexamod:FirstSeal"],"picked":"hexamod:FourthSeal","floor":40},{"not_picked":["hexamod:BacktrackSmack","hexamod:BurningTouch","hexamod:RainOfEmbers+1"],"picked":"SKIP","floor":40},{"not_picked":["hexamod:Incineration","hexamod:NightmareStrike","hexamod:GhostLash+1"],"picked":"SKIP","floor":40},{"not_picked":["hexamod:ShieldOfDarkness+1","hexamod:GhostflameInferno"],"picked":"hexamod:BacktrackSmack","floor":42},{"not_picked":["hexamod:ThirdSeal","hexamod:SecondSeal","hexamod:FourthSeal"],"picked":"SKIP","floor":42},{"not_picked":["hexamod:NightmareStrike","hexamod:EmpoweredFlame"],"picked":"hexamod:BacktrackSmack+1","floor":43},{"not_picked":["hexamod:FastForward","hexamod:FirstSeal","hexamod:DynamicBlow"],"picked":"SKIP","floor":44},{"not_picked":["hexamod:ThermalTransfer","hexamod:AdvancingGuard"],"picked":"hexamod:Hexaguard","floor":45},{"not_picked":["hexamod:ExtraCrispy+1","hexamod:HeatCrush"],"picked":"hexamod:Rewind+1","floor":46},{"not_picked":["hexamod:NecessarySacrifice+1","hexamod:Hexaguard","hexamod:FourthSeal"],"picked":"SKIP","floor":48},{"not_picked":["hexamod:NightmareGuise","hexamod:CrushingStance","hexamod:EmpoweredFlame+1"],"picked":"SKIP","floor":49}],"player_experience":677492,"relics_obtained":[{"floor":7.0,"key":"Oddly Smooth Stone"},{"floor":8.0,"key":"vexMod:FocusSash"},{"floor":24.0,"key":"Replay:Bottled Flurry"},{"floor":31.0,"key":"Mango"},{"floor":41,"key":"PreservedInsect"},{"floor":43,"key":"Lantern"},{"floor":48,"key":"Nunchaku"}],"event_choices":[{"damage_healed":0.0,"max_hp_gain":0.0,"max_hp_loss":0.0,"gold_gain":0.0,"cards_transformed":["hexamod:Strike"],"event_name":"Transmorgrifier","player_choice":"Transformed","floor":5.0,"gold_loss":0.0,"damage_taken":0.0,"cards_obtained":["hexamod:SoulSteal"]},{"damage_healed":0.0,"max_hp_gain":0.0,"max_hp_loss":0.0,"gold_gain":0.0,"event_name":"Scrap Ooze","player_choice":"Success","floor":13.0,"gold_loss":0.0,"damage_taken":3.0,"relics_obtained":["Du-Vu Doll"]},{"damage_healed":0.0,"max_hp_gain":0.0,"max_hp_loss":0.0,"gold_gain":0.0,"event_name":"Drug Dealer","player_choice":"Inject Mutagens","floor":23.0,"gold_loss":0.0,"damage_taken":0.0,"relics_obtained":["MutagenicStrength"]},{"damage_healed":0.0,"max_hp_gain":0.0,"max_hp_loss":0.0,"gold_gain":0.0,"event_name":"Transmorgrifier","player_choice":"Ignored","floor":25.0,"gold_loss":0.0,"damage_taken":0.0}],"is_beta":false,"boss_relics":[{"not_picked":["SlaversCollar","construct:ClawGrip"],"picked":"Coffee Dripper"},{"not_picked":["Pandora\u0027s Box","Calling Bell"],"picked":"Empty Cage"}],"items_purged_floors":[22,46],"is_endless":false,"potions_floor_spawned":[3,4,9,12,14,19,29,30,31,32,42,44,45,48,49],"ascension_level":1}}