{"host":"g01l53quoe6lrer0","time":1610203240,"event":{"mods":["2.2 Compatiblity","AchievementEnabler","BaseMod","Colored Map","Highlight Path","Keyboard Shortcuts","Minty Spire (QoL Compilation)","Permanent Neow","StSLib","SuperFastMode","everything is the same but u backflip on backflip"],"gold_per_floor":[12,24,34,34,57,98,98,136,136,169,169,94,94,115,115,204,204,224,245,245,258,273,273,273,273,273,273,313,233,233],"floor_reached":29,"playtime":599,"items_purged":["Strike_R","Strike_R"],"score":500,"play_id":"43d2f34c-c09e-43ee-b528-ad4d227efae6","local_time":"20210109234040","is_ascension_mode":true,"campfire_choices":[{"floor":7.0,"key":"REST"},{"floor":11,"key":"REST"},{"floor":13,"key":"REST"},{"data":"Immolate","floor":15,"key":"SMITH"},{"floor":23,"key":"REST"},{"floor":25,"key":"REST"},{"data":"Double Tap","floor":27,"key":"SMITH"}],"circlet_count":0,"master_deck":["AscendersBane","Strike_R","Strike_R","Strike_R","Defend_R","Defend_R","Defend_R","Defend_R","Bash","Immolate+1","Dual Wield","Havoc","Evolve","Ghostly Armor","Power Through","Double Tap+1","Thunderclap+1","Wild Strike+1","Fiend Fire+1","Wild Strike+1","Bloodletting","Body Slam+1","Impervious"],"relics":["Burning Blood","Golden Idol","Lantern","Ornamental Fan","Molten Egg 2","SlaversCollar","Nloth\u0027s Gift","Nilry\u0027s Codex","The Courier","Juzu Bracelet"],"acts_visited":["Exordium","TheCity"],"potions_floor_usage":[22,28],"damage_taken":[{"damage":9.0,"enemies":"2 Louse","floor":1.0,"turns":3.0},{"damage":3.0,"enemies":"Small Slimes","floor":2.0,"turns":4.0},{"damage":2.0,"enemies":"Cultist","floor":3.0,"turns":4.0},{"damage":12.0,"enemies":"Looter","floor":5.0,"turns":3.0},{"damage":26.0,"enemies":"Gremlin Nob","floor":6.0,"turns":4.0},{"damage":20.0,"enemies":"3 Sentries","floor":8.0,"turns":6.0},{"damage":27,"enemies":"Gremlin Nob","floor":10,"turns":4},{"damage":0,"enemies":"3 Louse","floor":14,"turns":1},{"damage":14,"enemies":"Slime Boss","floor":16,"turns":7},{"damage":11,"enemies":"Spheric Guardian","floor":18,"turns":3},{"damage":18,"enemies":"2 Thieves","floor":19,"turns":3},{"damage":7,"enemies":"Cultist and Chosen","floor":21,"turns":3},{"damage":38,"enemies":"Snake Plant","floor":22,"turns":4},{"damage":41,"enemies":"Gremlin Leader","floor":28,"turns":5}],"seed_played":"-5865073779803290813","potions_obtained":[{"floor":1.0,"key":"Strength Potion"},{"floor":6.0,"key":"BlessingOfTheForge"},{"floor":16,"key":"Energy Potion"},{"floor":22,"key":"EssenceOfSteel"}],"is_trial":false,"path_per_floor":["M","M","M","?","M","E","R","E","T","E","R","$","R","M","R","B",null,"M","M","?","M","M","R","?","R","T","R","E","$"],"character_chosen":"IRONCLAD","items_purchased":[],"campfire_rested":5,"item_purchase_floors":[],"current_hp_per_floor":[65,68,72,46,40,20,42,28,28,7,29,29,51,57,57,49,69,64,52,52,51,19,41,20,42,42,42,7,7,7],"gold":233,"neow_bonus":"THREE_RARE_CARDS","is_daily":false,"chose_seed":false,"campfire_upgraded":2,"win_rate":0.0,"timestamp":1610203240,"path_taken":["M","M","M","?","M","E","R","E","T","E","R","$","R","M","R","BOSS","M","M","?","M","?","R","?","R","T","R","E","$"],"items_purchased_type":[],"build_version":"2020-12-22","purchased_purges":2,"victory":false,"max_hp_per_floor":[75,75,75,75,75,75,75,75,75,75,75,75,75,75,75,75,75,75,75,75,75,75,75,75,75,75,75,75,75,75],"card_choices":[{"not_picked":["Double Tap","Barricade"],"picked":"Immolate","floor":0.0},{"not_picked":["Metallicize","Second Wind"],"picked":"Dual Wield","floor":1.0},{"not_picked":["Heavy Blade","Rampage"],"picked":"Havoc","floor":2.0},{"not_picked":["Iron Wave","Sword Boomerang"],"picked":"Evolve","floor":3.0},{"not_picked":["Flex","Anger"],"picked":"Ghostly Armor","floor":5.0},{"not_picked":["True Grit","Clash"],"picked":"Power Through","floor":6.0},{"not_picked":["Iron Wave","Feed"],"picked":"Double Tap","floor":8.0},{"not_picked":["Iron Wave+1","Seeing Red"],"picked":"Thunderclap+1","floor":10},{"not_picked":["Flex","Headbutt+1"],"picked":"Wild Strike+1","floor":14},{"not_picked":["Corruption","Feed+1"],"picked":"Fiend Fire+1","floor":16},{"not_picked":["Clothesline+1","Pommel Strike+1"],"picked":"Wild Strike+1","floor":18},{"not_picked":["Cleave+1","Hemokinesis+1","Dual Wield"],"picked":"SKIP","floor":19},{"not_picked":["Searing Blow+1","Clash+1"],"picked":"Bloodletting","floor":21},{"not_picked":["Sword Boomerang+1","Immolate+1"],"picked":"Body Slam+1","floor":22},{"not_picked":["Havoc","Dropkick+1"],"picked":"Impervious","floor":28}],"player_experience":106428,"relics_obtained":[{"floor":6.0,"key":"Lantern"},{"floor":8.0,"key":"Du-Vu Doll"},{"floor":9.0,"key":"Ornamental Fan"},{"floor":10,"key":"Molten Egg 2"},{"floor":24,"key":"Nilry\u0027s Codex"},{"floor":26,"key":"The Courier"},{"floor":28,"key":"Juzu Bracelet"}],"event_choices":[{"damage_healed":0.0,"max_hp_gain":0.0,"max_hp_loss":0.0,"gold_gain":0.0,"event_name":"Golden Idol","player_choice":"Take Damage","floor":4.0,"gold_loss":0.0,"damage_taken":26.0,"relics_obtained":["Golden Idol"]},{"damage_healed":0,"gold_gain":0,"player_choice":"Traded Relic","damage_taken":0,"relics_obtained":["Nloth\u0027s Gift"],"max_hp_gain":0,"max_hp_loss":0,"event_name":"N\u0027loth","floor":20,"relics_lost":["Du-Vu Doll"],"gold_loss":0},{"damage_healed":0,"gold_gain":0,"player_choice":"Obtained Book","damage_taken":21,"max_hp_gain":0,"max_hp_loss":0,"event_name":"Cursed Tome","floor":24,"gold_loss":0}],"is_beta":false,"boss_relics":[{"not_picked":["Black Blood","Ectoplasm"],"picked":"SlaversCollar"}],"items_purged_floors":[12,29],"is_endless":false,"potions_floor_spawned":[1,6,16,22],"ascension_level":18}}