{"host":"roqztpbdbchtekes","time":1610209996,"event":{"mods":["A Magickal Journey","AchievementEnabler","BaseMod","Better Note","Better Third Choice","BetterRewards","Block Reminder","Colored Map","Colored Powertips","Curses Come First","DeckTracker","Minty Spire (QoL Compilation)","Relic Stats","Spicy Shops","StSLib"],"gold_per_floor":[118,118,18,32,32,63,63,84,84,84,259,279,279,317,317,446,446,401,326,326,326,326,326,326,326,326,326,326,326,326,326,326,326,326,326,326,12,12,0,0,0,0,0,0,0,0,0,0,0,0],"floor_reached":51,"playtime":4577,"items_purged":["Strike_G","Strike_G","Setup"],"score":1123,"play_id":"24a6ba9c-4a6f-4e4f-88b1-8d919b47c0f3","local_time":"20210109173316","is_ascension_mode":true,"campfire_choices":[{"data":"Footwork","floor":7,"key":"SMITH"},{"data":"Dash","floor":10,"key":"SMITH"},{"data":"Tools of the Trade","floor":13,"key":"SMITH"},{"data":"Neutralize","floor":15,"key":"SMITH"},{"data":"Die Die Die","floor":23,"key":"SMITH"},{"data":"Adrenaline","floor":25,"key":"SMITH"},{"data":"Blur","floor":27,"key":"SMITH"},{"data":"Prepared","floor":29,"key":"SMITH"},{"data":"Underhanded Strike","floor":32,"key":"SMITH"},{"data":"A Thousand Cuts","floor":41,"key":"SMITH"},{"data":"Night Terror","floor":44,"key":"SMITH"},{"data":"Footwork","floor":49,"key":"SMITH"}],"circlet_count":0,"master_deck":["Survivor","Neutralize+1","Footwork+1","Dash+1","Underhanded Strike+1","Prepared+1","Tools of the Trade+1","Die Die Die+1","Blur+1","Tactician","Adrenaline+1","Footwork+1","Acrobatics+1","Corpse Explosion","Night Terror+1","A Thousand Cuts+1","Phantasmal Killer","Backflip","Footwork","Leg Sweep","Reflex+1","Underhanded Strike+1","Catalyst+1","Footwork+1","PiercingWail+1"],"relics":["Ring of the Snake","Lantern","Strange Spoon","TheAbacus","Bloody Idol","Meat on the Bone","Bag of Marbles","Nunchaku","Ectoplasm","Toy Ornithopter","Gremlin Horn","Pandora\u0027s Box","Ginger","Toxic Egg 2","Red Mask","Snake Skull","Dead Branch"],"acts_visited":["Exordium","TheCity","TheBeyond"],"potions_floor_usage":[6,14,16,24,36,40,48,50],"damage_taken":[{"damage":0,"enemies":"Jaw Worm","floor":1,"turns":5},{"damage":0,"enemies":"Small Slimes","floor":4,"turns":3},{"damage":0,"enemies":"Lagavulin","floor":6,"turns":11},{"damage":0,"enemies":"2 Louse","floor":8,"turns":2},{"damage":0,"enemies":"Exordium Thugs","floor":12,"turns":5},{"damage":16,"enemies":"Gremlin Nob","floor":14,"turns":5},{"damage":1,"enemies":"Slime Boss","floor":16,"turns":15},{"damage":0,"enemies":"2 Thieves","floor":18,"turns":4},{"damage":4,"enemies":"Shell Parasite","floor":21,"turns":5},{"damage":0,"enemies":"Snake Plant","floor":22,"turns":5},{"damage":6,"enemies":"Book of Stabbing","floor":24,"turns":6},{"damage":0,"enemies":"Centurion and Healer","floor":28,"turns":5},{"damage":0,"enemies":"Shelled Parasite and Fungi","floor":30,"turns":3},{"damage":14,"enemies":"Champ","floor":33,"turns":26},{"damage":0,"enemies":"3 Darklings","floor":35,"turns":1},{"damage":0,"enemies":"2 Orb Walkers","floor":36,"turns":2},{"damage":0,"enemies":"3 Shapes","floor":38,"turns":4},{"damage":0,"enemies":"Giant Head","floor":40,"turns":7},{"damage":0,"enemies":"Mind Bloom Boss Battle","floor":42,"turns":4},{"damage":0,"enemies":"3 Darklings","floor":45,"turns":3},{"damage":7,"enemies":"Spire Growth","floor":46,"turns":4},{"damage":0,"enemies":"Writhing Mass","floor":47,"turns":5},{"damage":0,"enemies":"Transient","floor":48,"turns":5},{"damage":6,"enemies":"Donu and Deca","floor":50,"turns":6}],"seed_played":"4708742702077157176","potions_obtained":[{"floor":4,"key":"BlessingOfTheForge"},{"floor":8,"key":"Energy Potion"},{"floor":14,"key":"PowerPotion"},{"floor":21,"key":"SkillPotion"},{"floor":28,"key":"LiquidBronze"},{"floor":33,"key":"Energy Potion"},{"floor":35,"key":"Explosive Potion"},{"floor":36,"key":"DistilledChaos"},{"floor":38,"key":"Ancient Potion"},{"floor":46,"key":"EssenceOfSteel"}],"is_trial":false,"path_per_floor":["M","?","$","M","?","E","R","M","T","R","?","M","R","E","R","B",null,"M","?","?","M","M","R","E","R","T","R","M","R","M","?","R","B",null,"M","?","$","M","?","E","R","?","T","R","M","M","M","M","R","B",null],"character_chosen":"THE_SILENT","items_purchased":["Footwork","Dash","Lantern","Strange Spoon","TheAbacus","Toxic Egg 2","Reflex+1"],"campfire_rested":0,"item_purchase_floors":[0,0,0,0,0,37,37],"current_hp_per_floor":[37,30,30,30,13,13,13,25,25,25,25,37,37,33,33,44,70,70,70,70,66,66,66,60,60,60,60,60,60,60,60,60,46,70,70,70,70,70,70,70,70,70,70,70,70,63,63,68,68,64],"gold":0,"neow_bonus":"","is_daily":false,"chose_seed":false,"campfire_upgraded":12,"win_rate":0.0,"timestamp":1610209996,"path_taken":["M","?","$","M","?","E","R","M","T","R","?","M","R","E","R","BOSS","M","?","?","M","?","R","E","R","T","R","M","R","M","?","R","BOSS","M","?","$","M","?","E","R","?","T","R","M","?","?","M","R","BOSS"],"items_purchased_type":["Card","Card","Relic","Relic","Relic","Relic","Card"],"build_version":"2020-12-22","purchased_purges":3,"victory":true,"max_hp_per_floor":[70,70,70,70,70,70,70,70,70,70,70,70,70,70,70,70,70,70,70,70,70,70,70,70,70,70,70,70,70,70,70,70,70,70,70,70,70,70,70,70,70,70,70,70,70,70,70,70,70,70],"relic_stats":{"Gremlin Horn":[5,5],"counters":[63,324],"Dead Branch":[14],"Snake Skull":[10],"Ginger":[4],"Strange Spoon":[49],"Nunchaku":[54],"TheAbacus":[402],"Bloody Idol":0,"Pandora\u0027s Box":["Night Terror","A Thousand Cuts","Phantasmal Killer","Setup","Backflip","Footwork","Leg Sweep"],"Ectoplasm":525,"obtain_stats":[{"Ice Cream":19,"Lantern":0,"Singing Bowl":23,"Gremlin Horn":26,"CeramicFish":46,"Snake Skull":14,"Juzu Bracelet":14,"Whetstone":0,"Ginger":36,"Empty Cage":17,"Blood Vial":0,"Centennial Puzzle":12,"Lizard Tail":28,"Nunchaku":7,"TheAbacus":28,"Sundial":9,"DollysMirror":45,"Tiny Chest":7,"Red Mask":39,"Chemical X":0,"Kunai":42,"Toxic Egg 2":37,"Ring of the Snake":0,"Runic Pyramid":34,"Girya":0,"NeowsBlessing":0,"Golden Idol":5,"Dead Branch":10,"Oddly Smooth Stone":19,"The Courier":30,"War Paint":26,"Paper Crane":54,"Akabeko":22,"White Beast Statue":43,"SlaversCollar":34,"Strange Spoon":0,"Shuriken":45,"Bloody Idol":31,"Pandora\u0027s Box":34,"Ectoplasm":17,"Bag of Marbles":4,"Ring of the Serpent":17,"Toy Ornithopter":24,"Pocketwatch":48,"Meat on the Bone":6},{"Ice Cream":26,"Lantern":39,"Singing Bowl":9,"Gremlin Horn":50,"CeramicFish":35,"Snake Skull":6,"Juzu Bracelet":24,"Whetstone":17,"Ginger":55,"Empty Cage":25,"Blood Vial":17,"Centennial Puzzle":6,"Lizard Tail":12,"Nunchaku":21,"TheAbacus":12,"Sundial":3,"DollysMirror":35,"Tiny Chest":3,"Red Mask":56,"Chemical X":17,"Kunai":35,"Toxic Egg 2":55,"Ring of the Snake":0,"Runic Pyramid":15,"Girya":17,"NeowsBlessing":0,"Golden Idol":41,"Dead Branch":4,"Oddly Smooth Stone":26,"The Courier":30,"War Paint":11,"Paper Crane":38,"Akabeko":8,"White Beast Statue":35,"SlaversCollar":32,"Strange Spoon":39,"Shuriken":35,"Bloody Idol":52,"Pandora\u0027s Box":53,"Ectoplasm":46,"Bag of Marbles":2,"Ring of the Serpent":7,"Toy Ornithopter":50,"Pocketwatch":36,"Meat on the Bone":42},{"Ice Cream":140,"Lantern":183,"Singing Bowl":32,"Gremlin Horn":249,"CeramicFish":169,"Snake Skull":15,"Juzu Bracelet":128,"Whetstone":86,"Ginger":286,"Empty Cage":137,"Blood Vial":86,"Centennial Puzzle":15,"Lizard Tail":50,"Nunchaku":107,"TheAbacus":50,"Sundial":3,"DollysMirror":169,"Tiny Chest":3,"Red Mask":290,"Chemical X":86,"Kunai":169,"Toxic Egg 2":286,"Ring of the Snake":0,"Runic Pyramid":79,"Girya":86,"NeowsBlessing":0,"Golden Idol":191,"Dead Branch":5,"Oddly Smooth Stone":140,"The Courier":153,"War Paint":45,"Paper Crane":178,"Akabeko":27,"White Beast Statue":169,"SlaversCollar":161,"Strange Spoon":183,"Shuriken":169,"Bloody Idol":257,"Pandora\u0027s Box":283,"Ectoplasm":229,"Bag of Marbles":2,"Ring of the Serpent":23,"Toy Ornithopter":249,"Pocketwatch":170,"Meat on the Bone":202}],"Toy Ornithopter":7,"Ring of the Snake":[92],"Meat on the Bone":48},"card_choices":[{"not_picked":["Poisoned Stab","Underhanded Strike","Dagger Throw"],"picked":"SKIP","floor":1},{"not_picked":["Well Laid Plans","Acrobatics","Bane"],"picked":"SKIP","floor":4},{"not_picked":["Blade Dance","Bane"],"picked":"Underhanded Strike","floor":6},{"not_picked":["Deadly Poison","Backflip"],"picked":"Prepared","floor":8},{"not_picked":["Setup","Finisher"],"picked":"Tools of the Trade","floor":12},{"not_picked":["Concentrate","Cloak And Dagger","Infinite Blades"],"picked":"SKIP","floor":14},{"not_picked":["A Thousand Cuts","Burst"],"picked":"Die Die Die","floor":16},{"not_picked":["Poisoned Stab","PiercingWail"],"picked":"Blur","floor":18},{"not_picked":["Poisoned Stab","Concentrate","Sucker Punch"],"picked":"SKIP","floor":21},{"not_picked":["Finisher+1","Poisoned Stab+1","Dagger Throw"],"picked":"SKIP","floor":22},{"not_picked":["Slice","Setup"],"picked":"Adrenaline","floor":24},{"not_picked":["Leg Sweep","Quick Slash"],"picked":"Footwork+1","floor":28},{"not_picked":["Blade Dance","Concentrate"],"picked":"Acrobatics+1","floor":30},{"not_picked":["Grand Finale","Wraith Form v2"],"picked":"Corpse Explosion","floor":33},{"not_picked":["Blade Dance","Deadly Poison","Leg Sweep"],"picked":"SKIP","floor":35},{"not_picked":["Dagger Spray","Backstab+1"],"picked":"Underhanded Strike+1","floor":38},{"not_picked":["Backflip+1","Prepared+1","Bullet Time+1"],"picked":"SKIP","floor":40},{"not_picked":["Acrobatics+1","Backflip+1"],"picked":"Catalyst+1","floor":42},{"not_picked":["Backflip+1","Leg Sweep+1"],"picked":"Footwork","floor":45},{"not_picked":["Acrobatics+1","Dodge and Roll+1"],"picked":"PiercingWail+1","floor":46},{"not_picked":["Poisoned Stab+1","Accuracy","Dagger Throw"],"picked":"SKIP","floor":47},{"not_picked":["Backflip+1","Leg Sweep+1","Expertise+1"],"picked":"SKIP","floor":48}],"player_experience":282843,"relics_obtained":[{"floor":6,"key":"Meat on the Bone"},{"floor":9,"key":"Bag of Marbles"},{"floor":14,"key":"Nunchaku"},{"floor":24,"key":"Toy Ornithopter"},{"floor":26,"key":"Gremlin Horn"},{"floor":36,"key":"Ginger"},{"floor":40,"key":"Snake Skull"},{"floor":42,"key":"Dead Branch"}],"event_choices":[{"cards_removed":["Defend_G"],"damage_healed":0,"gold_gain":0,"player_choice":"Card Removal","damage_taken":7,"max_hp_gain":0,"max_hp_loss":0,"event_name":"Golden Wing","floor":2,"gold_loss":0},{"damage_healed":0,"gold_gain":0,"player_choice":"Take Damage","damage_taken":17,"relics_obtained":["Golden Idol"],"max_hp_gain":0,"max_hp_loss":0,"event_name":"Golden Idol","floor":5,"gold_loss":0},{"damage_healed":0,"gold_gain":175,"player_choice":"AGREE","damage_taken":84,"max_hp_gain":0,"max_hp_loss":0,"event_name":"betterThird:BetterSerpent","floor":11,"gold_loss":0},{"cards_removed":["Doubt"],"damage_healed":0,"gold_gain":0,"player_choice":"Gave Gold","damage_taken":0,"max_hp_gain":0,"max_hp_loss":0,"event_name":"Beggar","floor":19,"gold_loss":75},{"damage_healed":0,"gold_gain":0,"player_choice":"1 cards matched","damage_taken":0,"max_hp_gain":0,"max_hp_loss":0,"event_name":"Match and Keep!","floor":20,"gold_loss":0,"cards_obtained":["Tactician"]},{"damage_healed":0,"gold_gain":0,"player_choice":"Gave Idol","damage_taken":0,"relics_obtained":["Bloody Idol"],"max_hp_gain":0,"max_hp_loss":0,"event_name":"Forgotten Altar","floor":31,"relics_lost":["Golden Idol"],"gold_loss":0},{"damage_healed":0,"gold_gain":0,"player_choice":"Fight","damage_taken":0,"max_hp_gain":0,"max_hp_loss":0,"event_name":"Mysterious Sphere","floor":36,"gold_loss":0},{"damage_healed":0,"gold_gain":0,"player_choice":"Paid","damage_taken":0,"relics_obtained":["Red Mask"],"max_hp_gain":0,"max_hp_loss":0,"event_name":"Tomb of Lord Red Mask","floor":39,"gold_loss":12},{"damage_healed":0,"gold_gain":0,"player_choice":"Fight","damage_taken":0,"max_hp_gain":0,"max_hp_loss":0,"event_name":"MindBloom","floor":42,"gold_loss":0}],"is_beta":false,"boss_relics":[{"not_picked":["WristBlade","Tiny House"],"picked":"Ectoplasm"},{"not_picked":["Snecko Eye","Velvet Choker"],"picked":"Pandora\u0027s Box"}],"items_purged_floors":[0,3,37],"is_endless":false,"potions_floor_spawned":[4,8,14,21,28,33,35,36,38,46],"ascension_level":3}}