{"host":"k18hfimadcku5042","time":1610169310,"event":{"mods":["Act Like it!","Aspiration","BaseMod","Minty Spire (QoL Compilation)","Pale of the Ancients","Replay The Spire","Spicy Shops","StSLib","The Runesmith","¡¾ÒÅÎï¿¨ÅÆ¡¿REMEMod"],"gold_per_floor":[114,134,134,149,166,197,212,226,226,226,253,270,270,280,280,380,380,393,411,411,20,50,50,75,89,89,120,20,20,354,365,365,464,464,484,48,98,98,113,138,138,167,167,167,179,197,226,243,243,243],"floor_reached":51,"playtime":3548,"items_purged":["Parasite","Strike_P","Strike_P"],"score":1108,"play_id":"0daa5d6c-ad78-4d27-a708-7b388833116d","local_time":"20210109131510","is_ascension_mode":true,"campfire_choices":[{"data":"REME_CRH","floor":10.0,"key":"SMITH"},{"data":"ForeignInfluence","floor":15.0,"key":"SMITH"},{"data":"Eruption","floor":23.0,"key":"SMITH"},{"data":"BattleHymn","floor":32.0,"key":"SMITH"},{"data":"J.A.X.","floor":41,"key":"SMITH"},{"data":"CutThroughFate","floor":44,"key":"SMITH"},{"data":"Tantrum","floor":49,"key":"SMITH"}],"circlet_count":0,"master_deck":["Strike_P","Strike_P+1","Defend_P","Defend_P","Defend_P","Defend_P","Eruption+1","REME_CRH+1","Dagger Throw","BattleHymn+1","ForeignInfluence+1","DeceiveReality","EmptyBody","Replay:Cycle+1","Die Die Die","FlurryOfBlows","FollowUp","Die Die Die","REME_HeartOfCthun","Study+1","CutThroughFate+1","Tantrum+1","FlurryOfBlows","J.A.X.+1","LessonLearned","Consecrate+1","FlurryOfBlows+1","Weave+1","EmptyBody+1","Nirvana+1","FlurryOfBlows+1","Acrobatics+1"],"relics":["PureWater","REME_ComplimentaryCards","aspiration:Nostalgia","Replay:M_StaffOfTheSnake","Pear","Bag of Preparation","Vajra","ReplayTheSpireMod:Ninjato","Painkiller Herb","Bag of Marbles","Red Mask","Toy Ornithopter","ReplayTheSpireMod:Shallot","aspiration:HatOfInfinitePower","Old Coin","Sozu","Happy Flower","Replay:Baseball","Runesmith:Locket","Smiling Mask","Quantum Egg","Sundial","MealTicket"],"acts_visited":["Exordium","TheCity","TheBeyond"],"potions_floor_usage":[39,50],"damage_taken":[{"damage":1.0,"enemies":"Jaw Worm","floor":1.0,"turns":4.0},{"damage":0.0,"enemies":"2 Louse","floor":2.0,"turns":2.0},{"damage":0.0,"enemies":"Small Slimes","floor":4.0,"turns":2.0},{"damage":9.0,"enemies":"Exordium Thugs","floor":5.0,"turns":4.0},{"damage":0.0,"enemies":"Lagavulin","floor":6.0,"turns":4.0},{"damage":1.0,"enemies":"Looter","floor":7.0,"turns":3.0},{"damage":3.0,"enemies":"Blue Slaver","floor":8.0,"turns":5.0},{"damage":6.0,"enemies":"3 Sentries","floor":11.0,"turns":6.0},{"damage":1.0,"enemies":"Exordium Thugs","floor":12.0,"turns":3.0},{"damage":3.0,"enemies":"Looter","floor":14.0,"turns":2.0},{"damage":21.0,"enemies":"Hexaghost","floor":16.0,"turns":7.0},{"damage":8.0,"enemies":"Shell Parasite","floor":18.0,"turns":4.0},{"damage":3.0,"enemies":"Chosen","floor":19.0,"turns":2.0},{"damage":0.0,"enemies":"Masked Bandits","floor":22.0,"turns":1.0},{"damage":1.0,"enemies":"Replay:Snechameleon","floor":24.0,"turns":2.0},{"damage":0.0,"enemies":"3 Cultists","floor":25.0,"turns":1.0},{"damage":0.0,"enemies":"REME_1_Revenger","floor":27.0,"turns":1.0},{"damage":0.0,"enemies":"Book of Stabbing","floor":30.0,"turns":1.0},{"damage":0.0,"enemies":"Centurion and Healer","floor":31.0,"turns":1.0},{"damage":41.0,"enemies":"Pondfish","floor":33.0,"turns":3.0},{"damage":3.0,"enemies":"Orb Walker","floor":35.0,"turns":2.0},{"damage":3,"enemies":"Mind Bloom Boss Battle","floor":37,"turns":1},{"damage":0,"enemies":"3 Darklings","floor":39,"turns":1},{"damage":0,"enemies":"Reptomancer","floor":40,"turns":1},{"damage":3,"enemies":"Giant Head","floor":42,"turns":2},{"damage":0,"enemies":"Jaw Worm Horde","floor":45,"turns":1},{"damage":0,"enemies":"4 Shapes","floor":46,"turns":1},{"damage":0,"enemies":"R_Hoarder","floor":47,"turns":2},{"damage":3,"enemies":"Maw","floor":48,"turns":1},{"damage":3,"enemies":"Donu and Deca","floor":50,"turns":2}],"seed_played":"-1175905456532861695","potions_obtained":[{"floor":7.0,"key":"Adrenaline Potion"},{"floor":8.0,"key":"Adrenaline Potion"},{"floor":11.0,"key":"ColorlessPotion"},{"floor":14.0,"key":"Venom Potion"},{"floor":18.0,"key":"PowerPotion"},{"floor":25.0,"key":"LiquidBronze"},{"floor":30.0,"key":"SteroidPotion"},{"floor":33.0,"key":"Milkshake"}],"is_trial":false,"path_per_floor":["M","M","?","M","M","E","M","M","T","R","E","M","T","M","R","B",null,"?","?","?","T","?","T","E","?","T","E","T","?","E","?","T","B",null,"?","T","?","?","?","E","T","E","T","T","?","?","E","?","T","B",null],"character_chosen":"WATCHER","items_purchased":["REME_HeartOfCthun","Bag of Marbles","Study+1","Happy Flower","Replay:Baseball"],"campfire_rested":0,"item_purchase_floors":[21,21,21,36,36],"current_hp_per_floor":[71,71,76,76,67,77,76,73,73,73,67,66,66,63,63,42,87,79,76,76,76,76,76,75,80,80,80,80,80,80,80,80,43,84,81,81,78,78,83,83,83,80,80,80,80,80,80,77,77,79],"gold":243,"neow_bonus":"NOSTALGIA","is_daily":false,"chose_seed":false,"campfire_upgraded":7,"win_rate":0.0,"timestamp":1610169310,"path_taken":["M","M","?","M","M","E","M","M","T","R","E","M","?","M","R","BOSS","?","?","?","T","?","T","E","?","T","E","T","?","E","?","T","BOSS","?","T","?","?","?","E","T","E","T","T","?","?","E","?","T","BOSS"],"items_purchased_type":["Card","Relic","Card","Relic","Relic"],"build_version":"2020-12-22","purchased_purges":3,"victory":true,"max_hp_per_floor":[72,72,77,77,77,87,87,87,87,87,87,87,87,87,87,87,87,87,87,87,84,84,84,84,84,84,84,84,84,84,84,84,84,84,84,84,84,84,84,84,84,84,84,84,84,84,84,84,84,84],"card_choices":[{"not_picked":["CrushJoints","ClearTheMind"],"picked":"Dagger Throw","floor":1.0},{"not_picked":["Flying Knee","Vengeance"],"picked":"BattleHymn","floor":2.0},{"not_picked":["Replay:AtTheReady","Dagger Throw"],"picked":"ForeignInfluence","floor":4.0},{"not_picked":["Replay:Battleflow","REME_Repentance"],"picked":"DeceiveReality","floor":5.0},{"not_picked":["Escape Plan","Wireheading"],"picked":"EmptyBody","floor":6.0},{"not_picked":["EmptyBody","ForeignInfluence"],"picked":"Replay:Cycle","floor":7.0},{"not_picked":["CrushJoints","Tantrum"],"picked":"Die Die Die","floor":8.0},{"not_picked":["Replay:ManipulateFuture","JustLucky","CrushJoints"],"picked":"SKIP","floor":11.0},{"not_picked":["Outmaneuver","Halt"],"picked":"FlurryOfBlows","floor":12.0},{"not_picked":["Crescendo","FlyingSleeves"],"picked":"FollowUp","floor":14.0},{"not_picked":["Brilliance","ConjureBlade"],"picked":"Die Die Die","floor":16.0},{"not_picked":["Replay:AtTheReady+1","Nirvana","CarveReality"],"picked":"SKIP","floor":18.0},{"not_picked":["Study","SignatureMove","Replay:Anticipation+1"],"picked":"SKIP","floor":19.0},{"not_picked":["Wallop","Replay:BluntJabs"],"picked":"CutThroughFate","floor":22.0},{"not_picked":["Replay:BluntJabs","Evaluate"],"picked":"Tantrum","floor":24.0},{"not_picked":["FollowUp","ClearTheMind"],"picked":"FlurryOfBlows","floor":25.0},{"not_picked":["CarveReality","TalkToTheHand","Meditate"],"picked":"SKIP","floor":27.0},{"not_picked":["Halt","EmptyBody","Protect"],"picked":"SKIP","floor":30.0},{"not_picked":["Replay:Anticipation","CarveReality","Replay:AtTheReady"],"picked":"SKIP","floor":31.0},{"not_picked":["Ragnarok","Blasphemy"],"picked":"LessonLearned","floor":33.0},{"not_picked":["CarveReality","FlyingSleeves"],"picked":"Consecrate+1","floor":35},{"not_picked":["WheelKick+1","Outmaneuver+1"],"picked":"FlurryOfBlows+1","floor":37},{"not_picked":["JustLucky","Wallop+1"],"picked":"Weave+1","floor":39},{"not_picked":["Night Terror","CrushJoints","WindmillStrike+1"],"picked":"SKIP","floor":40},{"not_picked":["Protect","BowlingBash"],"picked":"EmptyBody+1","floor":42},{"not_picked":["REME_Repentance","Brilliance"],"picked":"Nirvana+1","floor":45},{"not_picked":["Sanctity+1","WheelKick+1"],"picked":"FlurryOfBlows+1","floor":46},{"not_picked":["REME_Repentance","Dagger Throw","EmptyBody"],"picked":"SKIP","floor":47},{"not_picked":["ThirdEye+1","Flying Knee"],"picked":"Acrobatics+1","floor":48}],"player_experience":196071,"relics_obtained":[{"floor":6.0,"key":"Pear"},{"floor":9.0,"key":"Bag of Preparation"},{"floor":11.0,"key":"Vajra"},{"floor":13.0,"key":"ReplayTheSpireMod:Ninjato"},{"floor":22.0,"key":"Red Mask"},{"floor":24.0,"key":"Toy Ornithopter"},{"floor":26.0,"key":"ReplayTheSpireMod:Shallot"},{"floor":27.0,"key":"aspiration:HatOfInfinitePower"},{"floor":30.0,"key":"Old Coin"},{"floor":37,"key":"Runesmith:Locket"},{"floor":40,"key":"Smiling Mask"},{"floor":42,"key":"Quantum Egg"},{"floor":43,"key":"Sundial"},{"floor":47,"key":"MealTicket"}],"event_choices":[{"damage_healed":0.0,"max_hp_gain":5.0,"max_hp_loss":0.0,"gold_gain":0.0,"event_name":"Big Fish","player_choice":"Donut","floor":3.0,"gold_loss":0.0,"damage_taken":0.0},{"damage_healed":0.0,"max_hp_gain":0.0,"max_hp_loss":0.0,"gold_gain":0.0,"event_name":"Vampires","player_choice":"Ignored","floor":20.0,"gold_loss":0.0,"damage_taken":0.0},{"damage_healed":0.0,"max_hp_gain":0.0,"max_hp_loss":0.0,"gold_gain":0.0,"event_name":"Masked Bandits","player_choice":"Fought Bandits","floor":22.0,"gold_loss":0.0,"damage_taken":0.0},{"damage_healed":0.0,"max_hp_gain":0.0,"max_hp_loss":0.0,"gold_gain":0.0,"event_name":"Drug Dealer","player_choice":"Obtain J.A.X.","floor":29.0,"gold_loss":0.0,"damage_taken":0.0,"cards_obtained":["J.A.X."]},{"damage_healed":0,"gold_gain":0,"player_choice":"Fight","damage_taken":0,"max_hp_gain":0,"max_hp_loss":0,"event_name":"MindBloom","floor":37,"gold_loss":0},{"cards_removed":["Vigilance"],"damage_healed":0,"gold_gain":0,"player_choice":"Removed Skill","damage_taken":0,"max_hp_gain":0,"max_hp_loss":0,"event_name":"Falling","floor":38,"gold_loss":0}],"is_beta":false,"boss_relics":[{"not_picked":["aspiration:MobileForge","Astrolabe"],"picked":"Painkiller Herb"},{"not_picked":["Snecko Eye","Kintsugi"],"picked":"Sozu"}],"items_purged_floors":[21,28,36],"is_endless":false,"potions_floor_spawned":[7,8,11,14,18,25,30,31,33,39,47,48],"ascension_level":1}}