{"host":"t5s60ss6drvva5tc","time":1610222195,"event":{"mods":["AchievementEnabler","BaseMod","Colored Map","Colored Powertips","Minty Spire (QoL Compilation)"],"gold_per_floor":[119,136,136,6,16,50,50,80,80,80,106,118,118,118,118,219,219,230,276,75,75,0,35,53,152,175,210,210,223,223,248,248,248,248],"floor_reached":33,"playtime":1475,"items_purged":["Defend_B"],"score":334,"play_id":"bdc473c9-3d63-4b78-ae25-ce4d57a057aa","local_time":"20210109225635","is_ascension_mode":false,"campfire_choices":[{"floor":7,"key":"REST"},{"floor":10,"key":"REST"},{"floor":13,"key":"REST"},{"data":"Streamline","floor":15,"key":"SMITH"},{"floor":30,"key":"REST"},{"floor":32,"key":"REST"}],"circlet_count":0,"master_deck":["Strike_B","Defend_B","Defend_B","Zap","Dualcast","Gash","Gash+1","Redo","Beam Cell","Sweeping Beam","FTL","Streamline+1","Self Repair","Chill","Conserve Battery","Amplify","Doom and Gloom+1","Ball Lightning+1","Loop","Coolheaded","Gash","Conserve Battery+1","Defragment","Gash+1","BootSequence","Hello World+1"],"relics":["Cracked Core","Oddly Smooth Stone","Kunai","Lantern","Odd Mushroom","NlothsMask","Black Star","MealTicket","Mercury Hourglass","Omamori","Anchor","Darkstone Periapt","MutagenicStrength","Whetstone","Bronze Scales"],"acts_visited":["Exordium","TheCity"],"potions_floor_usage":[16,27,27],"damage_taken":[{"damage":7,"enemies":"2 Louse","floor":1,"turns":2},{"damage":3,"enemies":"Small Slimes","floor":2,"turns":3},{"damage":0,"enemies":"Cultist","floor":5,"turns":2},{"damage":26,"enemies":"Lagavulin","floor":6,"turns":4},{"damage":12,"enemies":"Gremlin Nob","floor":8,"turns":3},{"damage":23,"enemies":"The Mushroom Lair","floor":11,"turns":3},{"damage":6,"enemies":"2 Fungi Beasts","floor":12,"turns":2},{"damage":35,"enemies":"Hexaghost","floor":16,"turns":11},{"damage":15,"enemies":"Shell Parasite","floor":18,"turns":6},{"damage":27,"enemies":"Gremlin Leader","floor":23,"turns":6},{"damage":0,"enemies":"Chosen","floor":24,"turns":4},{"damage":46,"enemies":"Slavers","floor":27,"turns":4},{"damage":0,"enemies":"3 Cultists","floor":29,"turns":5},{"damage":14,"enemies":"Book of Stabbing","floor":31,"turns":4},{"damage":63,"enemies":"Collector","floor":33,"turns":7}],"seed_played":"4072680997753183187","potions_obtained":[{"floor":6,"key":"Strength Potion"},{"floor":8,"key":"Weak Potion"},{"floor":12,"key":"EssenceOfSteel"},{"floor":16,"key":"DuplicationPotion"},{"floor":31,"key":"FearPotion"}],"is_trial":false,"path_per_floor":["M","M","?","$","M","E","R","E","T","R","?","M","R","?","R","B",null,"M","T","$","?","?","E","M","?","T","E","?","M","R","E","R","B"],"character_chosen":"DEFECT","items_purchased":["Redo","Beam Cell","Sweeping Beam","Ball Lightning","Loop","Coolheaded"],"campfire_rested":5,"item_purchase_floors":[4,4,4,20,20,20],"current_hp_per_floor":[47,44,37,37,37,11,33,21,21,43,27,28,50,50,50,15,75,60,60,60,60,60,40,47,47,47,15,15,22,44,37,59,0,0],"gold":248,"neow_bonus":"REMOVE_TWO","is_daily":false,"chose_seed":false,"campfire_upgraded":1,"win_rate":0.0,"timestamp":1610222195,"path_taken":["M","M","?","$","M","E","R","E","T","R","?","M","R","?","R","BOSS","M","?","$","?","?","E","M","?","T","E","?","M","R","E","R","BOSS"],"items_purchased_type":["Card","Card","Card","Card","Card","Card"],"build_version":"2020-12-22","purchased_purges":1,"victory":false,"max_hp_per_floor":[75,75,75,75,75,75,75,75,75,75,75,75,75,75,75,75,75,75,75,75,75,75,75,75,75,75,75,75,75,75,75,75,75,75],"card_choices":[{"not_picked":["Hologram","Conserve Battery"],"picked":"Gash","floor":1},{"not_picked":["Blizzard","Loop"],"picked":"Gash","floor":2},{"not_picked":["Hologram","Compile Driver"],"picked":"FTL","floor":5},{"not_picked":["Blizzard","Sweeping Beam"],"picked":"Streamline","floor":6},{"not_picked":["Stack","Streamline"],"picked":"Self Repair","floor":8},{"not_picked":["Auto Shields","White Noise"],"picked":"Chill","floor":11},{"not_picked":["All For One","Barrage"],"picked":"Conserve Battery","floor":12},{"not_picked":["Creative AI","Seek"],"picked":"Amplify","floor":16},{"not_picked":["FTL","Steam"],"picked":"Doom and Gloom+1","floor":18},{"not_picked":["Hologram","Beam Cell"],"picked":"Conserve Battery+1","floor":23},{"not_picked":["Redo","Barrage"],"picked":"Defragment","floor":24},{"not_picked":["Self Repair","Stack"],"picked":"Gash+1","floor":27},{"not_picked":["Coolheaded","Cold Snap+1"],"picked":"BootSequence","floor":29},{"not_picked":["Streamline+1","Compile Driver"],"picked":"Hello World+1","floor":31}],"player_experience":15325,"relics_obtained":[{"floor":6,"key":"Oddly Smooth Stone"},{"floor":8,"key":"Kunai"},{"floor":9,"key":"Lantern"},{"floor":11,"key":"Odd Mushroom"},{"floor":23,"key":"MealTicket"},{"floor":23,"key":"Mercury Hourglass"},{"floor":26,"key":"Omamori"},{"floor":27,"key":"Anchor"},{"floor":27,"key":"Darkstone Periapt"},{"floor":31,"key":"Whetstone"},{"floor":31,"key":"Bronze Scales"}],"event_choices":[{"cards_removed":["Strike_B"],"damage_healed":0,"gold_gain":0,"player_choice":"Card Removal","damage_taken":7,"max_hp_gain":0,"max_hp_loss":0,"event_name":"Golden Wing","floor":3,"gold_loss":0},{"damage_healed":0,"gold_gain":0,"player_choice":"Fought Mushrooms","damage_taken":0,"max_hp_gain":0,"max_hp_loss":0,"event_name":"Mushrooms","floor":11,"gold_loss":0},{"damage_healed":0,"gold_gain":0,"player_choice":"Trade","damage_taken":0,"relics_obtained":["NlothsMask"],"max_hp_gain":0,"max_hp_loss":0,"event_name":"FaceTrader","floor":14,"gold_loss":0},{"damage_healed":0,"gold_gain":0,"player_choice":"Read","damage_taken":0,"max_hp_gain":0,"max_hp_loss":0,"event_name":"The Library","floor":21,"gold_loss":0,"cards_obtained":["Gash"]},{"cards_removed":["Strike_B"],"damage_healed":0,"gold_gain":0,"player_choice":"Gave Gold","damage_taken":0,"max_hp_gain":0,"max_hp_loss":0,"event_name":"Beggar","floor":22,"gold_loss":75},{"damage_healed":0,"gold_gain":99,"player_choice":"Stole From Cult","damage_taken":0,"max_hp_gain":0,"max_hp_loss":0,"event_name":"Nest","floor":25,"gold_loss":0},{"damage_healed":0,"gold_gain":0,"player_choice":"Inject Mutagens","damage_taken":0,"relics_obtained":["MutagenicStrength"],"max_hp_gain":0,"max_hp_loss":0,"event_name":"Drug Dealer","floor":28,"gold_loss":0}],"is_beta":false,"boss_relics":[{"not_picked":["Runic Dome","Runic Pyramid"],"picked":"Black Star"}],"items_purged_floors":[20],"is_endless":false,"potions_floor_spawned":[6,8,12,16,18,31],"killed_by":"Collector","ascension_level":0}}