{"host":"6fqhshdhe0vx68dt","time":1610167797,"event":{"mods":["BaseMod","Marisa£®ÏF”Í°°ƒß¿Ì…≥£©","Minty Spire (QoL Compilation)"],"gold_per_floor":[113,113,288,288,298,298,25,51,51,91,103,140,152,183,195,207,207],"floor_reached":16,"playtime":922,"items_purged":["Doubt"],"score":100,"play_id":"6809e6ec-a997-4e8b-b5d2-0862b453baea","local_time":"20210109124957","is_ascension_mode":false,"campfire_choices":[{"floor":6,"key":"REST"},{"floor":15,"key":"REST"}],"circlet_count":0,"master_deck":["Strike_MRS+1","Strike_MRS+1","Strike_MRS","Strike_MRS","Defend_MRS","Defend_MRS","Defend_MRS","MasterSpark","UpSweep","GravityBeat","NonDirectionalLaser+1","WitchOfGreed","StarlightTyphoon","BigCrunch","EventHorizon","GrandCross+1"],"relics":["MiniHakkero","Molten Egg 2","Membership Card","Mercury Hourglass","MawBank","FaceOfCleric"],"acts_visited":["Exordium"],"potions_floor_usage":[10,10,10,12,16,16],"damage_taken":[{"damage":6,"enemies":"2 Louse","floor":1,"turns":4},{"damage":6,"enemies":"Jaw Worm","floor":5,"turns":4},{"damage":0,"enemies":"Small Slimes","floor":8,"turns":3},{"damage":31,"enemies":"Lagavulin","floor":10,"turns":8},{"damage":10,"enemies":"Looter","floor":12,"turns":2},{"damage":2,"enemies":"2 Fungi Beasts","floor":14,"turns":2},{"damage":48,"enemies":"The Guardian","floor":16,"turns":6}],"seed_played":"-2688417440659523693","potions_obtained":[{"floor":5,"key":"ShroomBrew"},{"floor":8,"key":"GamblersBrew"},{"floor":8,"key":"ColorlessPotion"},{"floor":10,"key":"FearPotion"},{"floor":10,"key":"AttackPotion"},{"floor":12,"key":"SkillPotion"}],"is_trial":false,"path_per_floor":["M","?","?","?","M","R","$","M","T","E","?","M","?","M","R","B"],"character_chosen":"MARISA","items_purchased":["WitchOfGreed","Membership Card"],"campfire_rested":2,"item_purchase_floors":[7,7],"current_hp_per_floor":[76,60,60,48,42,66,66,66,66,35,28,18,18,17,41,0,0],"gold":207,"neow_bonus":"TEN_PERCENT_HP_BONUS","is_daily":false,"chose_seed":false,"campfire_upgraded":0,"win_rate":0.0,"timestamp":1610167797,"path_taken":["M","?","?","?","M","R","$","M","T","E","?","M","?","M","R","BOSS"],"items_purchased_type":["Card","Relic"],"build_version":"2020-12-22","purchased_purges":1,"victory":false,"max_hp_per_floor":[82,82,82,82,82,82,82,82,82,82,82,82,82,83,83,83,83],"card_choices":[{"not_picked":["IllusionStar","SporeBomb"],"picked":"GravityBeat","floor":1},{"not_picked":["OneTimeOff","MysteriousBeam+1"],"picked":"NonDirectionalLaser+1","floor":5},{"not_picked":["LuminesStrike+1","AsteroidBelt"],"picked":"StarlightTyphoon","floor":8},{"not_picked":["ShootingEcho+1","Robbery+1"],"picked":"BigCrunch","floor":10},{"not_picked":["NonDirectionalLaser+1","GalacticHalo"],"picked":"EventHorizon","floor":12},{"not_picked":["FairyDestructionRay+1","OortCloud"],"picked":"GrandCross+1","floor":14}],"player_experience":25838,"relics_obtained":[{"floor":9,"key":"Mercury Hourglass"},{"floor":10,"key":"MawBank"}],"event_choices":[{"damage_healed":0,"gold_gain":0,"player_choice":"Entered Light","damage_taken":16,"max_hp_gain":0,"max_hp_loss":0,"event_name":"Shining Light","floor":2,"gold_loss":0,"cards_upgraded":["Strike_MRS","Strike_MRS"]},{"damage_healed":0,"gold_gain":175,"player_choice":"AGREE","damage_taken":0,"max_hp_gain":0,"max_hp_loss":0,"event_name":"Liars Game","floor":3,"gold_loss":0,"cards_obtained":["Doubt"]},{"damage_healed":0,"gold_gain":0,"player_choice":"Success","damage_taken":12,"relics_obtained":["Molten Egg 2"],"max_hp_gain":0,"max_hp_loss":0,"event_name":"Scrap Ooze","floor":4,"gold_loss":0},{"cards_removed":["Defend_MRS"],"damage_healed":0,"gold_gain":0,"player_choice":"Card Removal","damage_taken":7,"max_hp_gain":0,"max_hp_loss":0,"event_name":"Golden Wing","floor":11,"gold_loss":0},{"damage_healed":0,"gold_gain":0,"player_choice":"Trade","damage_taken":0,"relics_obtained":["FaceOfCleric"],"max_hp_gain":0,"max_hp_loss":0,"event_name":"FaceTrader","floor":13,"gold_loss":0}],"is_beta":false,"boss_relics":[],"items_purged_floors":[7],"is_endless":false,"potions_floor_spawned":[5,8,10],"killed_by":"The Guardian","ascension_level":0}}