{"host":"sav7uxregyirlf69","time":1610207356,"event":{"mods":["AchievementEnabler","BaseMod","Colored Map","DeckTracker","Keyboard Shortcuts","Minty Spire (QoL Compilation)","READ ME - Guardian Mod","StSLib","SuperFastMode"],"gold_per_floor":[115,115,133,58,84,84,115,128,128,28,43,55,70,83,83,155,155,168,168,178,5,5,34,34,34,111,111,123,143,143,158,158,232,232,246,246,246,48,65,75,75,75],"floor_reached":41,"playtime":890,"items_purged":["Strike_B","Defend_B"],"score":880,"play_id":"b8d4ab53-ed38-42ce-b2bd-e051ea0df8bc","local_time":"20210110004916","is_ascension_mode":true,"campfire_choices":[{"data":"Zap","floor":6,"key":"SMITH"},{"data":"Defragment","floor":15,"key":"SMITH"},{"data":"Blizzard","floor":25,"key":"SMITH"},{"data":"Electrodynamics","floor":27,"key":"SMITH"},{"floor":30,"key":"REST"},{"floor":32,"key":"REST"}],"circlet_count":0,"master_deck":["AscendersBane","Strike_B","Strike_B","Strike_B","Defend_B","Defend_B","Defend_B","Zap+1","Dualcast","FTL","Electrodynamics+1","Steam","Cold Snap","Defragment+1","Ball Lightning","Cold Snap","Creative AI","Force Field","Fusion","Blizzard+1","Coolheaded","Seek","Apotheosis","Parasite","Thunder Strike"],"relics":["Cracked Core","NeowsBlessing","Oddly Smooth Stone","Gambling Chip","Symbiotic Virus","Snecko Eye","Lee\u0027s Waffle","Matryoshka","Nuclear Battery"],"acts_visited":["Exordium","TheCity","TheBeyond"],"potions_floor_usage":[16,23,31,33,40],"damage_taken":[{"damage":0.0,"enemies":"Small Slimes","floor":1.0,"turns":1.0},{"damage":0,"enemies":"Cultist","floor":3,"turns":1},{"damage":0,"enemies":"Lagavulin","floor":7,"turns":1},{"damage":0,"enemies":"Jaw Worm","floor":8,"turns":2},{"damage":0,"enemies":"Large Slime","floor":11,"turns":3},{"damage":2,"enemies":"Exordium Wildlife","floor":12,"turns":3},{"damage":9,"enemies":"2 Fungi Beasts","floor":13,"turns":2},{"damage":0,"enemies":"Lots of Slimes","floor":14,"turns":1},{"damage":16,"enemies":"The Guardian","floor":16,"turns":10},{"damage":19,"enemies":"2 Thieves","floor":18,"turns":3},{"damage":8,"enemies":"Shell Parasite","floor":20,"turns":3},{"damage":28,"enemies":"Slavers","floor":23,"turns":3},{"damage":37,"enemies":"Cultist and Chosen","floor":28,"turns":6},{"damage":5,"enemies":"Snecko","floor":29,"turns":3},{"damage":18,"enemies":"Snake Plant","floor":31,"turns":3},{"damage":12,"enemies":"Champ","floor":33,"turns":12},{"damage":16,"enemies":"3 Shapes","floor":35,"turns":2},{"damage":11,"enemies":"Orb Walker","floor":39,"turns":2},{"damage":21,"enemies":"Writhing Mass","floor":40,"turns":10},{"damage":32,"enemies":"Reptomancer","floor":41,"turns":2}],"seed_played":"2452407599601687589","potions_obtained":[{"floor":1.0,"key":"FocusPotion"},{"floor":3,"key":"SpeedPotion"},{"floor":11,"key":"PowerPotion"},{"floor":18,"key":"LiquidMemories"},{"floor":29,"key":"AttackPotion"},{"floor":31,"key":"Fire Potion"},{"floor":35,"key":"Block Potion"}],"is_trial":false,"path_per_floor":["M","?","M","$","T","R","E","M","T","$","M","M","M","M","R","B",null,"M","?","M","$","?","E","?","R","T","R","M","M","R","M","R","B",null,"M","?","?","$","M","M","E"],"character_chosen":"DEFECT","items_purchased":["Lee\u0027s Waffle","Apotheosis"],"campfire_rested":2,"item_purchase_floors":[21,38],"current_hp_per_floor":[64,64,64,64,64,64,64,64,64,64,64,62,53,53,53,37,63,44,44,36,78,78,50,50,50,50,50,13,8,31,13,36,24,65,49,49,49,49,38,17,0,0],"gold":75,"neow_bonus":"THREE_ENEMY_KILL","is_daily":false,"chose_seed":false,"campfire_upgraded":4,"win_rate":0.0,"timestamp":1610207356,"path_taken":["M","?","M","$","?","R","E","M","T","$","M","M","?","M","R","BOSS","M","?","M","$","?","E","?","R","T","R","M","M","R","M","R","BOSS","M","?","?","$","?","M","E"],"items_purchased_type":["Relic","Card"],"build_version":"2020-12-22","purchased_purges":2,"victory":false,"max_hp_per_floor":[71,71,71,71,71,71,71,71,71,71,71,71,71,71,71,71,71,71,71,71,78,78,78,78,78,78,78,78,78,78,78,78,78,78,78,78,78,78,78,78,78,78],"card_choices":[{"not_picked":["Static Discharge","Doom and Gloom"],"picked":"FTL","floor":1.0},{"not_picked":["Steam","Storm"],"picked":"Cold Snap","floor":3},{"not_picked":["Hello World","Loop"],"picked":"Defragment","floor":7},{"not_picked":["Stack","Conserve Battery","Beam Cell"],"picked":"SKIP","floor":8},{"not_picked":["Amplify","Conserve Battery","Barrage"],"picked":"SKIP","floor":11},{"not_picked":["Redo","Rebound","Sunder"],"picked":"SKIP","floor":12},{"not_picked":["Go for the Eyes","Beam Cell"],"picked":"Ball Lightning","floor":13},{"not_picked":["Rebound","Stack"],"picked":"Cold Snap","floor":14},{"not_picked":["Buffer","Meteor Strike"],"picked":"Creative AI","floor":16},{"not_picked":["Barrage","Steam","Chaos"],"picked":"SKIP","floor":18},{"not_picked":["Barrage","Leap"],"picked":"Force Field","floor":20},{"not_picked":["Ball Lightning","Streamline"],"picked":"Blizzard","floor":23},{"not_picked":["BootSequence","Go for the Eyes","Rip and Tear"],"picked":"SKIP","floor":28},{"not_picked":["Streamline","Leap"],"picked":"Coolheaded","floor":29},{"not_picked":["Gash","Darkness","Steam+1"],"picked":"SKIP","floor":31},{"not_picked":["Machine Learning","Amplify"],"picked":"Seek","floor":33},{"not_picked":["Stack","Compile Driver","Redo"],"picked":"SKIP","floor":35},{"not_picked":["Conserve Battery","Ball Lightning","Go for the Eyes"],"picked":"SKIP","floor":39},{"not_picked":["Fusion","Chill"],"picked":"Thunder Strike","floor":40}],"player_experience":1219323,"relics_obtained":[{"floor":5,"key":"Oddly Smooth Stone"},{"floor":7,"key":"Gambling Chip"},{"floor":9,"key":"Symbiotic Virus"},{"floor":26,"key":"Matryoshka"}],"event_choices":[{"damage_healed":0,"gold_gain":0,"player_choice":"2 cards matched","damage_taken":0,"max_hp_gain":0,"max_hp_loss":0,"event_name":"Match and Keep!","floor":2,"gold_loss":0,"cards_obtained":["Electrodynamics","Steam"]},{"damage_healed":0,"gold_gain":0,"player_choice":"Ignored","damage_taken":0,"max_hp_gain":0,"max_hp_loss":0,"event_name":"Vampires","floor":19,"gold_loss":0},{"damage_healed":0,"gold_gain":0,"player_choice":"Read","damage_taken":0,"max_hp_gain":0,"max_hp_loss":0,"event_name":"The Library","floor":22,"gold_loss":0,"cards_obtained":["Fusion"]},{"damage_healed":0,"gold_gain":0,"player_choice":"Ignored","damage_taken":0,"max_hp_gain":0,"max_hp_loss":0,"event_name":"The Mausoleum","floor":24,"gold_loss":0},{"damage_healed":0,"gold_gain":0,"player_choice":"Ignored","damage_taken":0,"max_hp_gain":0,"max_hp_loss":0,"event_name":"Tomb of Lord Red Mask","floor":36,"gold_loss":0},{"damage_healed":0,"gold_gain":0,"player_choice":"0 cards matched","damage_taken":0,"max_hp_gain":0,"max_hp_loss":0,"event_name":"Match and Keep!","floor":37,"gold_loss":0,"cards_obtained":[]}],"is_beta":false,"boss_relics":[{"not_picked":["Black Star","Runic Dome"],"picked":"Snecko Eye"},{"not_picked":["Tiny House","SacredBark"],"picked":"Nuclear Battery"}],"items_purged_floors":[4,10],"is_endless":false,"potions_floor_spawned":[1,3,11,13,18,20,29,31,35],"killed_by":"Reptomancer","ascension_level":20}}