{"host":"bxn2em57qlx5u4i0","time":1610151939,"event":{"mods":["BaseMod","Colored Map","Colored Powertips","Highlight Path","Minty Spire (QoL Compilation)","Random Character Button","Relic Sorter","Relic Stats","StSLib","SuperFastMode"],"gold_per_floor":[110,110,130,130,142,168,168,188,262,33,33,68,81,81,81,153,153,166,176,176,190,27,56,56,82,108,108,133,233,267,294,294,366,366,380,380,124,178,178,207,207,235,247,287,299,343,374,10,10,10,10,10,10,10,36,36],"floor_reached":57,"playtime":2741,"items_purged":["All Out Attack"],"score":3840,"play_id":"9359f86c-b48a-46d2-9175-c468cd0bd149","local_time":"20210108192539","is_ascension_mode":true,"campfire_choices":[{"floor":7,"key":"REST"},{"data":"Apotheosis","floor":11,"key":"SMITH"},{"floor":15,"key":"REST"},{"data":"After Image","floor":24,"key":"SMITH"},{"floor":32,"key":"RECALL"},{"data":"After Image","floor":41,"key":"SMITH"},{"data":"Noxious Fumes","floor":49,"key":"SMITH"},{"data":"Well Laid Plans","floor":53,"key":"SMITH"}],"circlet_count":0,"master_deck":["AscendersBane","Survivor","Neutralize+1","Deadly Poison","Backflip","Dagger Spray","Apotheosis+1","Deadly Poison","Well Laid Plans+1","Adrenaline+1","Dodge and Roll+1","Calculated Gamble+1","After Image+1","Escape Plan","Blur","Concentrate","Footwork+1","Prepared+1","Prepared+1","After Image+1","Adrenaline+1","Madness+1","Madness+1","Deflect+1","Noxious Fumes+1"],"relics":["Ring of the Snake","Strawberry","Turnip","StrikeDummy","Oddly Smooth Stone","Pandora\u0027s Box","Kunai","WingedGreaves","PreservedInsect","Unceasing Top","FossilizedHelix","Toxic Egg 2","Mercury Hourglass","Prayer Wheel","Black Star","Medical Kit","Bird Faced Urn","Omamori","Mummified Hand","MawBank","Nunchaku","Bag of Marbles","Lantern","Ninja Scroll","Snake Skull","Smiling Mask","OrangePellets","Anchor","Happy Flower","Vajra"],"acts_visited":["Exordium","TheCity","TheBeyond","TheEnding"],"potions_floor_usage":[6,6,12,19,25,56,56],"damage_taken":[{"damage":4,"enemies":"Small Slimes","floor":1,"turns":5},{"damage":4,"enemies":"2 Louse","floor":3,"turns":3},{"damage":0,"enemies":"Cultist","floor":5,"turns":3},{"damage":34,"enemies":"3 Sentries","floor":6,"turns":12},{"damage":0,"enemies":"Looter","floor":8,"turns":4},{"damage":17,"enemies":"Gremlin Nob","floor":12,"turns":4},{"damage":0,"enemies":"2 Fungi Beasts","floor":13,"turns":3},{"damage":6,"enemies":"The Guardian","floor":16,"turns":9},{"damage":8,"enemies":"Shell Parasite","floor":18,"turns":3},{"damage":3,"enemies":"2 Thieves","floor":19,"turns":3},{"damage":7,"enemies":"Shelled Parasite and Fungi","floor":21,"turns":4},{"damage":3,"enemies":"Gremlin Leader","floor":23,"turns":7},{"damage":13,"enemies":"Slavers","floor":25,"turns":5},{"damage":0,"enemies":"Book of Stabbing","floor":28,"turns":6},{"damage":0,"enemies":"Colosseum Slavers","floor":29,"turns":3},{"damage":0,"enemies":"Colosseum Nobs","floor":29,"turns":3},{"damage":0,"enemies":"Gremlin Leader","floor":30,"turns":5},{"damage":0,"enemies":"Book of Stabbing","floor":31,"turns":5},{"damage":0,"enemies":"Collector","floor":33,"turns":8},{"damage":0,"enemies":"3 Darklings","floor":35,"turns":5},{"damage":0,"enemies":"2 Orb Walkers","floor":38,"turns":5},{"damage":0,"enemies":"Reptomancer","floor":40,"turns":4},{"damage":0,"enemies":"Giant Head","floor":42,"turns":7},{"damage":0,"enemies":"Nemesis","floor":44,"turns":5},{"damage":0,"enemies":"Reptomancer","floor":46,"turns":5},{"damage":0,"enemies":"Orb Walker","floor":47,"turns":3},{"damage":0,"enemies":"Donu and Deca","floor":50,"turns":7},{"damage":0,"enemies":"Time Eater","floor":51,"turns":14},{"damage":0,"enemies":"Shield and Spear","floor":55,"turns":5},{"damage":0,"enemies":"The Heart","floor":56,"turns":9}],"seed_played":"8665755951606724290","potions_obtained":[{"floor":3,"key":"GhostInAJar"},{"floor":4,"key":"SteroidPotion"},{"floor":6,"key":"Dexterity Potion"},{"floor":8,"key":"Fruit Juice"},{"floor":12,"key":"Block Potion"},{"floor":21,"key":"ColorlessPotion"},{"floor":29,"key":"Dexterity Potion"}],"is_trial":false,"path_per_floor":["M","?","M","?","M","E","R","M","T","$","R","E","M","?","R","B",null,"M","M","?","M","$","E","R","E","T","?","E","?","E","E","R","B",null,"M","?","$","?","?","E","R","E","T","E","T","E","M","$","R","B","B",null,"R","$","E","B",null],"character_chosen":"THE_SILENT","items_purchased":["Apotheosis","Deadly Poison","After Image","Escape Plan","Adrenaline+1","Medical Kit","OrangePellets","Anchor"],"campfire_rested":2,"item_purchase_floors":[10,10,22,22,37,37,48,48],"current_hp_per_floor":[62,40,36,36,36,2,23,23,23,23,23,11,11,11,34,28,66,58,55,55,48,48,45,45,32,32,32,32,32,32,32,32,32,67,67,67,67,67,53,61,61,69,69,77,77,78,78,78,78,78,78,78,78,78,78,78],"gold":36,"neow_bonus":"RANDOM_COMMON_RELIC","is_daily":false,"chose_seed":false,"campfire_upgraded":5,"win_rate":0.0,"timestamp":1610151939,"path_taken":["M","?","M","?","M","E","R","?","T","$","R","E","M","?","R","BOSS","M","M","?","?","$","E","R","E","T","?","E","?","E","E","R","BOSS","M","?","?","?","?","E","R","E","T","E","?","E","?","$","R","BOSS","BOSS","R","$","E","BOSS"],"items_purchased_type":["Card","Card","Card","Card","Card","Relic","Relic","Relic"],"build_version":"2020-12-22","purchased_purges":1,"victory":true,"max_hp_per_floor":[73,73,73,73,73,73,73,73,73,73,73,78,78,78,78,78,78,78,78,78,78,78,78,78,78,78,78,78,78,78,78,78,78,78,78,78,78,78,78,78,78,78,78,78,78,78,78,78,78,78,78,78,78,78,78,78],"relic_stats":{"Happy Flower":[3],"counters":[30,164],"PreservedInsect":552,"Snake Skull":[86],"Medical Kit":[32],"MawBank":72,"Smiling Mask":25,"Mercury Hourglass":[332],"OrangePellets":[3],"Nunchaku":[7],"Mummified Hand":[28],"Bird Faced Urn":[25],"Pandora\u0027s Box":["Terror","Tactician","Bouncing Flask","Wraith Form v2","PiercingWail","Blur","Backflip","Storm of Steel","Well Laid Plans","Well Laid Plans"],"Prayer Wheel":2,"Turnip":[14],"Black Star":5,"Kunai":[30],"obtain_stats":[{"Lantern":44,"Vajra":55,"Snake Skull":46,"Smiling Mask":46,"Nunchaku":42,"Mummified Hand":40,"Ninja Scroll":45,"Strawberry":0,"Prayer Wheel":31,"WingedGreaves":25,"Kunai":23,"Toxic Egg 2":29,"Ring of the Snake":0,"Happy Flower":55,"Oddly Smooth Stone":12,"PreservedInsect":26,"Omamori":40,"Medical Kit":37,"MawBank":42,"Mercury Hourglass":30,"OrangePellets":48,"Anchor":48,"Bird Faced Urn":38,"Pandora\u0027s Box":17,"Turnip":6,"Black Star":34,"Bag of Marbles":44,"StrikeDummy":9,"Unceasing Top":28,"FossilizedHelix":29},{"Lantern":24,"Vajra":29,"Snake Skull":25,"Smiling Mask":25,"Nunchaku":23,"Mummified Hand":22,"Ninja Scroll":24,"Strawberry":0,"Prayer Wheel":18,"WingedGreaves":13,"Kunai":12,"Toxic Egg 2":16,"Ring of the Snake":0,"Happy Flower":29,"Oddly Smooth Stone":6,"PreservedInsect":13,"Omamori":22,"Medical Kit":20,"MawBank":23,"Mercury Hourglass":17,"OrangePellets":26,"Anchor":26,"Bird Faced Urn":21,"Pandora\u0027s Box":8,"Turnip":4,"Black Star":19,"Bag of Marbles":24,"StrikeDummy":5,"Unceasing Top":14,"FossilizedHelix":16},{"Lantern":121,"Vajra":155,"Snake Skull":126,"Smiling Mask":126,"Nunchaku":116,"Mummified Hand":109,"Ninja Scroll":121,"Strawberry":0,"Prayer Wheel":87,"WingedGreaves":65,"Kunai":60,"Toxic Egg 2":77,"Ring of the Snake":0,"Happy Flower":155,"Oddly Smooth Stone":31,"PreservedInsect":65,"Omamori":109,"Medical Kit":100,"MawBank":116,"Mercury Hourglass":82,"OrangePellets":129,"Anchor":129,"Bird Faced Urn":105,"Pandora\u0027s Box":43,"Turnip":23,"Black Star":95,"Bag of Marbles":121,"StrikeDummy":27,"Unceasing Top":71,"FossilizedHelix":77}],"Unceasing Top":[379],"Ring of the Snake":[60]},"card_choices":[{"not_picked":["Acrobatics","PiercingWail"],"picked":"Deadly Poison","floor":1},{"not_picked":["Flying Knee","Outmaneuver"],"picked":"Backflip","floor":3},{"not_picked":["Prepared","Expertise","Concentrate"],"picked":"SKIP","floor":5},{"not_picked":["Prepared","Sucker Punch"],"picked":"All Out Attack","floor":6},{"not_picked":["Flechettes","Underhanded Strike"],"picked":"Dagger Spray","floor":8},{"not_picked":["A Thousand Cuts","Outmaneuver"],"picked":"Dodge and Roll","floor":12},{"not_picked":["Flying Knee","Outmaneuver"],"picked":"Well Laid Plans","floor":13},{"not_picked":["Die Die Die","Phantasmal Killer"],"picked":"Adrenaline","floor":16},{"not_picked":["Flying Knee","Finisher+1"],"picked":"Dodge and Roll+1","floor":18},{"not_picked":["Bouncing Flask","Quick Slash"],"picked":"Calculated Gamble+1","floor":19},{"not_picked":["Predator","Prepared","Deadly Poison"],"picked":"SKIP","floor":21},{"not_picked":["Deadly Poison","Underhanded Strike"],"picked":"Blur","floor":23},{"not_picked":["Acrobatics","Bane"],"picked":"Concentrate","floor":25},{"not_picked":["Setup","Flechettes"],"picked":"Footwork+1","floor":28},{"not_picked":["Backstab","Infinite Blades"],"picked":"Prepared+1","floor":29},{"not_picked":["Slice","Underhanded Strike","Poisoned Stab"],"picked":"SKIP","floor":30},{"not_picked":["Slice","Underhanded Strike","Poisoned Stab"],"picked":"SKIP","floor":30},{"not_picked":["Underhanded Strike","Backflip+1"],"picked":"Prepared+1","floor":31},{"not_picked":["Tools of the Trade","Envenom"],"picked":"After Image","floor":33},{"not_picked":["Backflip+1","Dagger Spray","Endless Agony"],"picked":"SKIP","floor":35},{"not_picked":["Heel Hook","PiercingWail+1","Quick Slash"],"picked":"SKIP","floor":35},{"not_picked":["Dash","Blade Dance+1","Slice"],"picked":"SKIP","floor":40},{"not_picked":["PiercingWail+1","Flying Knee"],"picked":"Deflect+1","floor":42},{"not_picked":["Underhanded Strike","Bullet Time+1","Outmaneuver+1"],"picked":"SKIP","floor":44},{"not_picked":["Acrobatics+1","Backflip+1","Quick Slash"],"picked":"SKIP","floor":46},{"not_picked":["PiercingWail+1","Crippling Poison+1"],"picked":"Noxious Fumes","floor":47},{"not_picked":["PiercingWail+1","Dash","Prepared+1"],"picked":"SKIP","floor":47},{"not_picked":["Slice","Underhanded Strike+1","Bane"],"picked":"SKIP","floor":55}],"player_experience":2891249,"relics_obtained":[{"floor":6,"key":"Turnip"},{"floor":9,"key":"StrikeDummy"},{"floor":12,"key":"Oddly Smooth Stone"},{"floor":23,"key":"Kunai"},{"floor":25,"key":"WingedGreaves"},{"floor":26,"key":"PreservedInsect"},{"floor":28,"key":"Unceasing Top"},{"floor":29,"key":"FossilizedHelix"},{"floor":29,"key":"Toxic Egg 2"},{"floor":30,"key":"Mercury Hourglass"},{"floor":31,"key":"Prayer Wheel"},{"floor":38,"key":"Bird Faced Urn"},{"floor":40,"key":"Omamori"},{"floor":40,"key":"Mummified Hand"},{"floor":42,"key":"MawBank"},{"floor":42,"key":"Nunchaku"},{"floor":44,"key":"Bag of Marbles"},{"floor":44,"key":"Lantern"},{"floor":45,"key":"Ninja Scroll"},{"floor":46,"key":"Snake Skull"},{"floor":46,"key":"Smiling Mask"},{"floor":55,"key":"Happy Flower"},{"floor":55,"key":"Vajra"}],"event_choices":[{"damage_healed":0,"gold_gain":0,"player_choice":"Entered Light","damage_taken":22,"max_hp_gain":0,"max_hp_loss":0,"event_name":"Shining Light","floor":2,"gold_loss":0,"cards_upgraded":["Strike_G","Neutralize"]},{"damage_healed":0,"gold_gain":0,"player_choice":"Got Potions","damage_taken":0,"max_hp_gain":0,"max_hp_loss":0,"event_name":"Lab","floor":4,"gold_loss":0},{"damage_healed":0,"gold_gain":0,"player_choice":"Fled","damage_taken":0,"max_hp_gain":0,"max_hp_loss":0,"event_name":"Scrap Ooze","floor":14,"gold_loss":0},{"damage_healed":0,"gold_gain":0,"player_choice":"Upgraded","damage_taken":0,"max_hp_gain":0,"max_hp_loss":0,"event_name":"Upgrade Shrine","floor":20,"gold_loss":0,"cards_upgraded":["Adrenaline"]},{"damage_healed":0,"gold_gain":0,"player_choice":"Ignored","damage_taken":0,"max_hp_gain":0,"max_hp_loss":0,"event_name":"The Mausoleum","floor":27,"gold_loss":0},{"damage_healed":0,"gold_gain":0,"player_choice":"Fight","damage_taken":0,"max_hp_gain":0,"max_hp_loss":0,"event_name":"Colosseum","floor":29,"gold_loss":0},{"damage_healed":0,"gold_gain":0,"player_choice":"Fought Nobs","damage_taken":0,"max_hp_gain":0,"max_hp_loss":0,"event_name":"Colosseum","floor":29,"gold_loss":0},{"cards_removed":["Dodge and Roll"],"damage_healed":0,"gold_gain":0,"player_choice":"Purged","damage_taken":0,"max_hp_gain":0,"max_hp_loss":0,"event_name":"Purifier","floor":36,"gold_loss":0},{"damage_healed":0,"gold_gain":0,"player_choice":"Fight","damage_taken":0,"max_hp_gain":0,"max_hp_loss":0,"event_name":"Mysterious Sphere","floor":38,"gold_loss":0},{"damage_healed":0,"gold_gain":0,"player_choice":"Embrace Madness","damage_taken":14,"max_hp_gain":0,"max_hp_loss":0,"event_name":"Winding Halls","floor":39,"gold_loss":0,"cards_obtained":["Madness","Madness"]}],"is_beta":false,"boss_relics":[{"not_picked":["WristBlade","Cursed Key"],"picked":"Pandora\u0027s Box"},{"not_picked":["Velvet Choker","Ring of the Serpent"],"picked":"Black Star"}],"items_purged_floors":[48],"is_endless":false,"potions_floor_spawned":[3,6,8,12,18,21,23,29,30,33,35,40,46,47],"ascension_level":20}}