{"host":"61xbmbtf5zrn7rzc","time":1610223387,"event":{"mods":["BaseMod","Challenge The Spire","Downfall","Hubris","Minty Spire (QoL Compilation)","Replay The Spire","StSLib","SuperFastMode","The Marked"],"gold_per_floor":[99,116,25,25,200,81,81,81,116,116,76,76,76],"floor_reached":11,"playtime":503,"items_purged":["hexamod:Strike"],"score":67,"play_id":"8fd47b8a-2261-4670-840f-8b9d246d5fd8","local_time":"20210109151627","is_ascension_mode":false,"campfire_choices":[{"data":"hexamod:Float","floor":1,"key":"SMITH"},{"floor":8,"key":"RECALL"}],"circlet_count":0,"master_deck":["hexamod:Strike","hexamod:Strike","hexamod:Defend","hexamod:Defend","hexamod:Defend","hexamod:Defend","hexamod:Sear","hexamod:Float+1","hexamod:PhantomFireball","hexamod:EmpoweringStance","hexamod:SecondSeal","hexamod:FirstSeal","Doubt","hexamod:ThirdSeal","hexamod:Hexaguard+1","hexamod:SpectersWail"],"relics":["hexamod:SpiritBrand","Turnip","Replay:Bandana","hubris:Icosahedron"],"acts_visited":["Exordium"],"potions_floor_usage":[],"damage_taken":[{"damage":0,"enemies":"Jaw Worm","floor":2,"turns":4},{"damage":5,"enemies":"downfall:FleeingMerchant","floor":3,"turns":4},{"damage":4,"enemies":"downfall:FleeingMerchant","floor":6,"turns":4},{"damage":33,"enemies":"Lagavulin","floor":9,"turns":10},{"damage":37,"enemies":"3 Sentries","floor":11,"turns":8}],"seed_played":"-2282539149211486051","potions_obtained":[{"floor":9,"key":"SpeedPotion"}],"is_trial":false,"path_per_floor":["R","M","$","?","?","$","T","R","E","?","E"],"character_chosen":"THE_SPIRIT","items_purchased":["hexamod:SecondSeal","hexamod:Hexaguard+1"],"campfire_rested":0,"item_purchase_floors":[3,6],"current_hp_per_floor":[70,70,65,58,58,61,61,61,35,35,0,0,0],"gold":76,"neow_bonus":"REMOVE_CARD","is_daily":false,"chose_seed":false,"campfire_upgraded":1,"win_rate":0.0,"timestamp":1610223387,"path_taken":["R","M","$","?","?","$","T","R","E","?","E"],"items_purchased_type":["Card","Card"],"build_version":"2020-12-22","purchased_purges":1,"victory":false,"max_hp_per_floor":[70,70,70,70,70,70,70,70,70,70,70,70,70],"card_choices":[{"not_picked":["hexamod:SpectersWail","hexamod:NightmareGuise"],"picked":"hexamod:PhantomFireball","floor":2},{"not_picked":["hexamod:HauntingEcho","hexamod:BurningTouch"],"picked":"hexamod:EmpoweringStance","floor":3},{"not_picked":["hexamod:ExtraCrispy","hexamod:GhostShield"],"picked":"hexamod:ThirdSeal","floor":6},{"not_picked":["hexamod:NecessarySacrifice","hexamod:GhostflameBarrier"],"picked":"hexamod:SpectersWail","floor":9},{"not_picked":["hexamod:RainOfEmbers","hexamod:GhostflameBarrier","hexamod:FastForward"],"picked":"SKIP","floor":9}],"player_experience":176005,"relics_obtained":[{"floor":7,"key":"Turnip"},{"floor":9,"key":"Replay:Bandana"}],"event_choices":[],"is_beta":false,"boss_relics":[],"items_purged_floors":[6],"is_endless":false,"potions_floor_spawned":[9],"killed_by":"3 Sentries","ascension_level":0}}