{"host":"sav7uxregyirlf69","time":1610195815,"event":{"mods":["AchievementEnabler","BaseMod","Colored Map","DeckTracker","Keyboard Shortcuts","Minty Spire (QoL Compilation)","READ ME - Guardian Mod","StSLib","SuperFastMode"],"gold_per_floor":[110,110,126,174,174,174,73,73,97,109,126,140,140,165,165,165,165],"floor_reached":16,"playtime":268,"items_purged":["Strike_G"],"score":200,"play_id":"62713e68-a94c-47ec-b95e-70a69229257d","local_time":"20210109213655","is_ascension_mode":true,"campfire_choices":[{"data":"Distraction","floor":6,"key":"SMITH"},{"data":"Neutralize","floor":8,"key":"SMITH"},{"data":"Reflex","floor":13,"key":"SMITH"},{"data":"Crippling Poison","floor":15,"key":"SMITH"}],"circlet_count":0,"master_deck":["AscendersBane","Strike_G","Strike_G","Strike_G","Strike_G","Defend_G","Defend_G","Defend_G","Defend_G","Defend_G","Survivor","Neutralize+1","Distraction+1","Calculated Gamble","Acrobatics","Crippling Poison+1","Reflex+1","Prepared"],"relics":["Ring of the Snake","Dead Branch","Art of War","MealTicket"],"acts_visited":["Exordium"],"potions_floor_usage":[16],"damage_taken":[{"damage":0,"enemies":"2 Louse","floor":1,"turns":3},{"damage":4,"enemies":"Cultist","floor":3,"turns":5},{"damage":1,"enemies":"Jaw Worm","floor":10,"turns":2},{"damage":4,"enemies":"Exordium Thugs","floor":11,"turns":3},{"damage":13,"enemies":"Lots of Slimes","floor":12,"turns":4},{"damage":25,"enemies":"3 Sentries","floor":14,"turns":8},{"damage":17,"enemies":"The Guardian","floor":16,"turns":4}],"seed_played":"-1895273868732514250","potions_obtained":[{"floor":1,"key":"Poison Potion"},{"floor":3,"key":"Swift Potion"}],"is_trial":false,"path_per_floor":["M","?","M","T","?","R","$","R","T","M","M","M","R","E","R","B"],"character_chosen":"THE_SILENT","items_purchased":["Acrobatics"],"campfire_rested":0,"item_purchase_floors":[7],"current_hp_per_floor":[59,59,55,55,60,60,60,60,60,59,55,42,42,17,17,0,0],"gold":165,"neow_bonus":"ONE_RARE_RELIC","is_daily":false,"chose_seed":false,"campfire_upgraded":4,"win_rate":0.0,"timestamp":1610195815,"path_taken":["M","?","?","?","?","R","$","R","T","M","?","M","R","E","R","BOSS"],"items_purchased_type":["Card"],"build_version":"2020-12-22","purchased_purges":1,"victory":false,"max_hp_per_floor":[60,60,60,60,65,65,65,65,65,65,65,65,65,65,65,65,65],"card_choices":[{"not_picked":["Caltrops","Flying Knee"],"picked":"Distraction","floor":1},{"not_picked":["Blur","Bane"],"picked":"Calculated Gamble","floor":3},{"not_picked":["Skewer","Cloak And Dagger"],"picked":"Crippling Poison","floor":10},{"not_picked":["Acrobatics","Accuracy","Blur"],"picked":"SKIP","floor":11},{"not_picked":["Skewer","Bane"],"picked":"Reflex","floor":12},{"not_picked":["Crippling Poison","Deadly Poison"],"picked":"Prepared","floor":14}],"player_experience":1212724,"relics_obtained":[{"floor":9,"key":"Art of War"},{"floor":14,"key":"MealTicket"}],"event_choices":[{"damage_healed":0,"gold_gain":0,"player_choice":"0 cards matched","damage_taken":0,"max_hp_gain":0,"max_hp_loss":0,"event_name":"Match and Keep!","floor":2,"gold_loss":0,"cards_obtained":[]},{"damage_healed":0,"gold_gain":0,"player_choice":"Donut","damage_taken":0,"max_hp_gain":5,"max_hp_loss":0,"event_name":"Big Fish","floor":5,"gold_loss":0}],"is_beta":false,"boss_relics":[],"items_purged_floors":[7],"is_endless":false,"potions_floor_spawned":[1,3],"killed_by":"The Guardian","ascension_level":20}}