{"host":"ecuvtzmejf7hhjpv","time":1610204680,"event":{"mods":["AchievementEnabler","Act Like it!","Aspiration","BaseMod","Better Altar","Better Match","Better Note","Better Sensory Stone","Better Skull","Better Third Choice","BetterRewards","Conspire","Custom Start","Gensokyo","GifTheSpireLib","Hallownest","Hermit","Hubris","Kratos Character Expansion","Marisa????????","Minty Spire (QoL Compilation)","Prisma Mod","Replay The Spire","Spicy Shops","StSLib","The Animator","The Blackbeard","The Bug Knight","The Forsaken","The Hierophant","The Jungle","The Necromancer","The Poker Player","The Wild Card"],"gold_per_floor":[134,99,99,121,152,202,202,262,262,262,339,428,480,560,560,725,725,800,800,851,3,78,78,125,246,246,363,443,19,151,151,151,259,259,462,462,499,132,243,317,414,547,547,664,664,736,736,736,871,967,967,1042,1042,1042,38,167,242],"floor_reached":58,"playtime":2384,"items_purged":[],"score":2114,"play_id":"14366146-03df-490f-97d1-46cdb69cfba8","local_time":"20210109090440","is_ascension_mode":true,"campfire_choices":[{"data":"blackbeard:Bandana","floor":7.0,"key":"SMITH"},{"data":"ReplayTheSpireMod:Private Reserves","floor":10.0,"key":"SMITH"},{"data":"blackbeard:IntimidatingStrike","floor":15.0,"key":"SMITH"},{"data":"HandOfGreed","floor":23.0,"key":"SMITH"},{"floor":34.0,"key":"RECALL"},{"data":"blackbeard:BoostMorale","floor":43,"key":"SMITH"},{"data":"blackbeard:BoostMorale","floor":51,"key":"SMITH"},{"data":"blackbeard:GoldenRain","floor":54,"key":"SMITH"}],"circlet_count":0,"master_deck":["blackbeard:BlackbeardStrike","blackbeard:BlackbeardStrike","blackbeard:BlackbeardStrike","blackbeard:BlackbeardStrike","blackbeard:IntimidatingStrike+1","blackbeard:BlackbeardDefend","blackbeard:BlackbeardDefend","blackbeard:BlackbeardDefend","blackbeard:BlackbeardDefend","blackbeard:Cutlass","blackbeard:BrownPants+1","blackbeard:BrownPants","blackbeard:Bandana+1","blackbeard:RearmingStrike+1","ReplayTheSpireMod:Private Reserves+1","blackbeard:Toast+1","Injury","blackbeard:GoldenDefense+1","blackbeard:RemoveScurvy","blackbeard:Bandana+1","blackbeard:Shrapnel+1","blackbeard:PiratesWill+1","blackbeard:PirateStrength+1","blackbeard:WoodenLeg+1","HandOfGreed+1","blackbeard:Toast+1","blackbeard:BountyHunter+1","blackbeard:InfiniteBarrage+1","blackbeard:WiseDefense+1","blackbeard:Toast+1","blackbeard:Rum+1","blackbeard:BoostMorale+1","blackbeard:BoostMorale+1","blackbeard:GoldenRain+1","blackbeard:Eyepatch+1","blackbeard:BrownPants+1","blackbeard:TacticalRetreat+1","blackbeard:Anchor","blackbeard:Toast+1","blackbeard:Eyepatch+1","blackbeard:Toast+1","blackbeard:RemoveScurvy","blackbeard:Eyepatch+1","blackbeard:PirateHook","blackbeard:BlindAttacks+1","Thinking Ahead","blackbeard:GoldenGuillotine"],"relics":["blackbeard:LoadTheCannons","theForsaken:HumbleEgg","DollysMirror","Mirror","hubris:CrystalStatue","Frozen Egg 2","hubris:ToyBattleship","Oddly Smooth Stone","HornCleat","Replay:Baseball","Snecko Heart","blackbeard:TreasureChest","Bag of Marbles","HandDrill","Red Mask","conspire:Flyswatter","Mango","blackbeard:WhitePearl","theForsaken:ScaryMask","hubris:Stopwatch","Mummified Hand","hubris:Metronome","Du-Vu Doll","Happy Flower","Regal Pillow","hubris:Icosahedron","Meat on the Bone","Ornamental Fan","aspiration:Lifesprig","hubris:MysteriousPyramids","Guide Book","Boot"],"acts_visited":["Exordium","TheCity","TheBeyond","TheEnding"],"potions_floor_usage":[52,57,57,57],"damage_taken":[{"damage":0.0,"enemies":"conspire:RoseBush","floor":1.0,"turns":3.0},{"damage":1.0,"enemies":"Jaw Worm","floor":4.0,"turns":3.0},{"damage":0.0,"enemies":"Small Slimes","floor":5.0,"turns":4.0},{"damage":4.0,"enemies":"HollowMod:MossKnight","floor":6.0,"turns":10.0},{"damage":0.0,"enemies":"Replay:BlueRogue","floor":8.0,"turns":5.0},{"damage":0.0,"enemies":"Gremlin Gang","floor":11.0,"turns":5.0},{"damage":0.0,"enemies":"Lagavulin","floor":12.0,"turns":5.0},{"damage":1.0,"enemies":"Looter","floor":13.0,"turns":3.0},{"damage":6.0,"enemies":"3 Louse","floor":14.0,"turns":5.0},{"damage":0.0,"enemies":"Slime Boss","floor":16.0,"turns":7.0},{"damage":0.0,"enemies":"Spheric Guardian","floor":18.0,"turns":5.0},{"damage":0.0,"enemies":"conspire:FuzzyDice","floor":20.0,"turns":5.0},{"damage":3.0,"enemies":"Centurion and Healer","floor":24.0,"turns":3.0},{"damage":0.0,"enemies":"Masked Bandits","floor":25.0,"turns":5.0},{"damage":0.0,"enemies":"conspire:SneckoGhost","floor":27.0,"turns":6.0},{"damage":0.0,"enemies":"Shelled Parasite and Fungi","floor":28.0,"turns":4.0},{"damage":0.0,"enemies":"HollowMod:Nosk","floor":30.0,"turns":6.0},{"damage":0.0,"enemies":"Cultist and Chosen","floor":33.0,"turns":5.0},{"damage":3.0,"enemies":"Automaton","floor":35.0,"turns":7.0},{"damage":0,"enemies":"3 Darklings","floor":37,"turns":4},{"damage":0,"enemies":"conspire:MimicChest","floor":39,"turns":3},{"damage":5,"enemies":"3 Shapes","floor":40,"turns":3},{"damage":0,"enemies":"Writhing Mass","floor":41,"turns":4},{"damage":0,"enemies":"R_Hoarder","floor":42,"turns":8},{"damage":0,"enemies":"Reptomancer","floor":44,"turns":4},{"damage":9,"enemies":"R_Hoarder","floor":46,"turns":4},{"damage":0,"enemies":"Reptomancer","floor":49,"turns":5},{"damage":0,"enemies":"Sphere and 2 Shapes","floor":50,"turns":4},{"damage":0,"enemies":"Awakened One","floor":52,"turns":10},{"damage":0,"enemies":"Shield and Spear","floor":56,"turns":4},{"damage":13,"enemies":"The Heart","floor":57,"turns":6}],"seed_played":"2878274600667027928","potions_obtained":[{"floor":6.0,"key":"Adrenaline Potion"},{"floor":11.0,"key":"Strength Potion"},{"floor":12.0,"key":"SkillPotion"},{"floor":13.0,"key":"LiquidMemories"},{"floor":16.0,"key":"Ancient Potion"},{"floor":20.0,"key":"DuplicationPotion"},{"floor":27.0,"key":"Elixir"},{"floor":28.0,"key":"SneckoOil"},{"floor":37,"key":"BlessingOfTheForge"},{"floor":49,"key":"LifebloodPotion"}],"is_trial":false,"path_per_floor":["M","?","?","M","M","E","R","E","T","R","M","E","M","M","R","B",null,"M","?","M","$","?","R","M","?","T","E","M","$","E","PTL","PTL","M","R","B",null,"M","$","?","M","M","E","R","E","T","E","?","T","E","M","R","B",null,"R","$","E","B",null],"character_chosen":"BLACKBEARD_CLASS","items_purchased":["theForsaken:HumbleEgg","blackbeard:BrownPants","DollysMirror","Mirror","blackbeard:Bandana","hubris:CrystalStatue","blackbeard:RearmingStrike+1","ReplayTheSpireMod:Private Reserves","blackbeard:TreasureChest","HandOfGreed","blackbeard:Toast+1","blackbeard:BountyHunter","Bag of Marbles","HandDrill","blackbeard:InfiniteBarrage+1","blackbeard:Rum+1","blackbeard:BoostMorale","blackbeard:WhitePearl","blackbeard:BrownPants+1","Mummified Hand","blackbeard:TacticalRetreat+1","blackbeard:RemoveScurvy","blackbeard:Eyepatch+1","blackbeard:PirateHook","blackbeard:BlindAttacks+1","aspiration:Lifesprig","hubris:MysteriousPyramids","Guide Book","ColorlessPotion","Thinking Ahead"],"campfire_rested":0,"item_purchase_floors":[0,0,0,0,0,0,0,0,21,21,21,21,21,21,21,29,29,29,38,38,38,55,55,55,55,55,55,55,55,55],"current_hp_per_floor":[34,52,52,51,51,47,47,52,52,52,57,57,56,50,50,55,75,75,75,75,75,68,68,65,65,65,79,79,79,84,84,84,89,89,86,89,89,89,89,84,89,89,89,89,89,80,80,80,85,85,85,89,89,89,89,89,81],"gold":242,"neow_bonus":"","is_daily":false,"chose_seed":false,"campfire_upgraded":7,"win_rate":0.0,"timestamp":1610204680,"path_taken":["M","?","?","M","M","E","R","E","T","R","M","E","M","M","R","BOSS","M","?","?","$","?","R","?","?","T","E","M","?","E","PTL","PTL","M","R","BOSS","M","$","?","M","M","E","R","E","T","E","?","?","E","M","R","BOSS","R","$","E","BOSS"],"items_purchased_type":["Relic","Card","Relic","Relic","Card","Relic","Card","Card","Relic","Card","Card","Card","Relic","Relic","Card","Card","Card","Relic","Card","Relic","Card","Card","Card","Card","Card","Relic","Relic","Relic","Potion","Card"],"build_version":"2020-12-22","purchased_purges":0,"victory":true,"max_hp_per_floor":[75,75,75,75,75,75,75,75,75,75,75,75,75,75,75,75,75,75,75,75,75,75,75,75,75,75,89,89,89,89,89,89,89,89,89,89,89,89,89,89,89,89,89,89,89,89,89,89,89,89,89,89,89,89,89,89,89],"card_choices":[{"not_picked":["blackbeard:CloakAndCannonball+1","blackbeard:Spear+1"],"picked":"blackbeard:Toast+1","floor":1.0},{"not_picked":["blackbeard:Recklessness","blackbeard:SwordDance+1"],"picked":"blackbeard:GoldenDefense+1","floor":4.0},{"not_picked":["blackbeard:Fencing+1","blackbeard:SwordDance+1","blackbeard:DeadlyArsenal+1"],"picked":"SKIP","floor":5.0},{"not_picked":["blackbeard:FieryDefense+1","blackbeard:SwordDance+1"],"picked":"blackbeard:RemoveScurvy","floor":6.0},{"not_picked":["blackbeard:Provisioning","blackbeard:TacticalRetreat+1"],"picked":"blackbeard:Bandana+1","floor":8.0},{"not_picked":["blackbeard:CatONineTails","blackbeard:CannonballSupply"],"picked":"blackbeard:Shrapnel+1","floor":11.0},{"not_picked":["blackbeard:UndeadForm+1","blackbeard:WeaponProficiency+1","blackbeard:SwordDance+1"],"picked":"SKIP","floor":12.0},{"not_picked":["blackbeard:BeatUp+1","blackbeard:JollyRoger"],"picked":"blackbeard:PiratesWill+1","floor":13.0},{"not_picked":["blackbeard:VengefulSpirit","blackbeard:RemoveScurvy","blackbeard:CannonballSupply"],"picked":"SKIP","floor":14.0},{"not_picked":["blackbeard:BountyHunter","blackbeard:GoldenGuillotine"],"picked":"blackbeard:PirateStrength+1","floor":16.0},{"not_picked":["blackbeard:Provisioning","blackbeard:CannonBarrage"],"picked":"blackbeard:WoodenLeg+1","floor":18.0},{"not_picked":["blackbeard:TacticalRetreat+1","blackbeard:SmithingHammer","blackbeard:Sharpening+1"],"picked":"SKIP","floor":20.0},{"not_picked":["blackbeard:Upgrade+1","blackbeard:Sharpening+1","blackbeard:BlindAttacks+1"],"picked":"SKIP","floor":24.0},{"not_picked":["blackbeard:ArmorUp","blackbeard:RearmingStrike+1"],"picked":"blackbeard:WiseDefense+1","floor":25.0},{"not_picked":["blackbeard:Shrapnel+1","blackbeard:ChaoticDefense+1","blackbeard:Sword+1"],"picked":"SKIP","floor":27.0},{"not_picked":["blackbeard:BlindAttacks+1","blackbeard:Recklessness"],"picked":"blackbeard:Toast+1","floor":28.0},{"not_picked":["blackbeard:BlindAttacks+1","blackbeard:CannonballSupply+1"],"picked":"blackbeard:BoostMorale","floor":30.0},{"not_picked":["blackbeard:TacticalRetreat+1","blackbeard:RemoveScurvy+1","blackbeard:RearmingStrike+1"],"picked":"SKIP","floor":33.0},{"not_picked":["blackbeard:MegaUpgrade","blackbeard:Murder"],"picked":"blackbeard:GoldenRain","floor":35.0},{"not_picked":["blackbeard:Sword+1","blackbeard:DangerousBlow+1"],"picked":"blackbeard:Eyepatch+1","floor":37},{"not_picked":["blackbeard:TerrorOfTheSeas+1","blackbeard:Boarding"],"picked":"blackbeard:Anchor","floor":39},{"not_picked":["blackbeard:Sharpening+1","blackbeard:DeadlyArsenal+1"],"picked":"blackbeard:Toast+1","floor":40},{"not_picked":["blackbeard:GoldenRain","blackbeard:DelayedPain","blackbeard:ArmorUp+1"],"picked":"SKIP","floor":41},{"not_picked":["blackbeard:PowderKeg","blackbeard:CannonballSupply","blackbeard:Scrap+1"],"picked":"SKIP","floor":42},{"not_picked":["blackbeard:RearmingStrike+1","blackbeard:DelayedPain+1"],"picked":"blackbeard:Eyepatch+1","floor":44},{"not_picked":["blackbeard:Spear+1","blackbeard:SwordDance+1","blackbeard:CatONineTails+1"],"picked":"SKIP","floor":46},{"not_picked":["blackbeard:ArmorUp","blackbeard:SwordDance+1","blackbeard:Halberd"],"picked":"SKIP","floor":49},{"not_picked":["blackbeard:CannonBarrage+1","blackbeard:Fencing+1"],"picked":"blackbeard:Toast+1","floor":50},{"not_picked":["blackbeard:Upgrade","blackbeard:Fencing+1"],"picked":"blackbeard:GoldenGuillotine","floor":56}],"player_experience":929044,"relics_obtained":[{"floor":6.0,"key":"hubris:ToyBattleship"},{"floor":8.0,"key":"Oddly Smooth Stone"},{"floor":9.0,"key":"HornCleat"},{"floor":12.0,"key":"Replay:Baseball"},{"floor":25.0,"key":"Red Mask"},{"floor":26.0,"key":"conspire:Flyswatter"},{"floor":27.0,"key":"Mango"},{"floor":30.0,"key":"theForsaken:ScaryMask"},{"floor":39,"key":"hubris:Metronome"},{"floor":42,"key":"Du-Vu Doll"},{"floor":44,"key":"Happy Flower"},{"floor":46,"key":"Regal Pillow"},{"floor":48,"key":"Meat on the Bone"},{"floor":49,"key":"Ornamental Fan"},{"floor":56,"key":"Boot"}],"event_choices":[{"damage_healed":18.0,"max_hp_gain":0.0,"max_hp_loss":0.0,"gold_gain":0.0,"event_name":"The Cleric","player_choice":"Healed","floor":2.0,"gold_loss":35.0,"damage_taken":0.0},{"damage_healed":0.0,"max_hp_gain":0.0,"max_hp_loss":0.0,"gold_gain":0.0,"event_name":"betterNote:BetterNote","player_choice":"Ignored","floor":19.0,"gold_loss":0.0,"damage_taken":0.0,"cards_obtained":["Strike_G"]},{"damage_healed":0.0,"max_hp_gain":0.0,"max_hp_loss":0.0,"gold_gain":75.0,"event_name":"FaceTrader","player_choice":"Touch","floor":22.0,"gold_loss":0.0,"damage_taken":7.0},{"damage_healed":0.0,"max_hp_gain":0.0,"max_hp_loss":0.0,"gold_gain":0.0,"event_name":"Masked Bandits","player_choice":"Fought Bandits","floor":25.0,"gold_loss":0.0,"damage_taken":0.0}],"is_beta":false,"boss_relics":[{"not_picked":["Fusion Hammer","ChewingGum"],"picked":"Snecko Heart"},{"not_picked":["hubris:BlackHole","conspire:RoyalGoblet"],"picked":"hubris:Stopwatch"}],"items_purged_floors":[],"is_endless":false,"potions_floor_spawned":[6,11,12,13,16,20,24,27,28,37,41,44,46,49],"ascension_level":1}}