{"host":"uw9bem9glq2czfca","time":1610171946,"event":{"mods":["Act Like it!","BaseMod","Colored Map","Colored Powertips","Downfall","Friendly Minions","Hubris","Minty Spire (QoL Compilation)","Replay The Spire","StSLib","The Construct"],"gold_per_floor":[113,32,32,32,47,66,66,84,136,136,136,161,173,98,98,194,294,307,234,234,234,234,234,248,248,248,248,283,296,296,296,296,296,296],"floor_reached":33,"playtime":1417,"items_purged":["Strike_G"],"score":261,"play_id":"9a446316-54bb-4170-8b10-9df329b24780","local_time":"20210108215906","is_ascension_mode":false,"campfire_choices":[{"data":"Infinite Blades","floor":7,"key":"SMITH"},{"data":"ReplayTheSpireMod:Shiv Toss","floor":11,"key":"SMITH"},{"floor":15,"key":"REST"},{"data":"Blade Dance","floor":23,"key":"SMITH"},{"floor":25,"key":"REST"},{"floor":27,"key":"REST"},{"floor":32,"key":"REST"}],"circlet_count":0,"master_deck":["Strike_G","Strike_G+1","Strike_G","Defend_G+1","Defend_G","Defend_G","Defend_G","Survivor","Neutralize","Blade Dance+1","Infinite Blades+1","Poisoned Stab","ReplayTheSpireMod:Shiv Toss+1","Hidden Blade","Poisoned Stab","A Thousand Cuts+1","Deadly Poison","Infinite Blades+1","Hidden Blade"],"relics":["Ring of the Snake","Boot","Garlic","Replay:Grab Bag","Replay:Wanted Poster","Replay:Bronze Core","Empty Cage","hubris:MysteriousPyramids","Gremlin Horn","Meat on the Bone","hubris:Icosahedron"],"acts_visited":["Exordium","TheCity"],"potions_floor_usage":[16,33,33,33],"damage_taken":[{"damage":2,"enemies":"Small Slimes","floor":1,"turns":5},{"damage":1,"enemies":"Jaw Worm","floor":5,"turns":4},{"damage":3,"enemies":"2 Louse","floor":6,"turns":3},{"damage":7,"enemies":"Large Slime","floor":8,"turns":5},{"damage":10,"enemies":"Lagavulin","floor":12,"turns":6},{"damage":0,"enemies":"2 Fungi Beasts","floor":13,"turns":4},{"damage":64,"enemies":"Fading Forest","floor":16,"turns":11},{"damage":18,"enemies":"3 Byrds","floor":18,"turns":5},{"damage":31,"enemies":"Spheric Guardian","floor":24,"turns":5},{"damage":32,"enemies":"Book of Stabbing","floor":28,"turns":5},{"damage":38,"enemies":"Shelled Parasite and Fungi","floor":29,"turns":5},{"damage":60,"enemies":"hubris:MusketHawk","floor":33,"turns":6}],"seed_played":"-2360699322291991244","potions_obtained":[{"floor":1,"key":"Death Potion"},{"floor":12,"key":"GamblersBrew"},{"floor":16,"key":"Block Potion"},{"floor":28,"key":"Slimebound:ThreeZeroPotion"}],"is_trial":false,"path_per_floor":["M","$","?","$","M","M","R","M","T","?","R","E","M","$","R","B",null,"M","$","?","?","?","R","M","R","T","R","E","M","T","?","R","B"],"character_chosen":"THE_SILENT","items_purchased":["Infinite Blades","EssenceOfSteel"],"campfire_rested":4,"item_purchase_floors":[2,19],"current_hp_per_floor":[75,75,60,60,59,56,56,49,49,54,54,44,44,44,68,14,82,64,64,64,64,64,64,33,57,57,81,49,11,11,11,35,0,0],"gold":296,"neow_bonus":"TEN_PERCENT_HP_BONUS","is_daily":false,"chose_seed":false,"campfire_upgraded":3,"win_rate":0.0,"timestamp":1610171946,"path_taken":["M","$","?","$","M","M","R","M","T","?","R","E","M","?","R","BOSS","M","$","?","?","?","R","?","R","T","R","E","M","?","?","R","BOSS"],"items_purchased_type":["Card","Potion"],"build_version":"2020-12-22","purchased_purges":1,"victory":false,"max_hp_per_floor":[77,77,77,77,77,77,77,77,77,82,82,82,82,82,82,82,82,82,82,82,82,82,82,82,82,82,82,82,82,82,82,82,82,82],"card_choices":[{"not_picked":["Endless Agony","Quick Slash"],"picked":"Blade Dance","floor":1},{"not_picked":["Distraction","hubris:SlightOfHand"],"picked":"Poisoned Stab","floor":5},{"not_picked":["Poisoned Stab","Catalyst"],"picked":"ReplayTheSpireMod:Shiv Toss","floor":6},{"not_picked":["Dagger Throw","Quick Slash"],"picked":"Hidden Blade","floor":8},{"not_picked":["Escape Plan","Underhanded Strike","Dagger Spray"],"picked":"SKIP","floor":12},{"not_picked":["Prepared","PiercingWail"],"picked":"Poisoned Stab","floor":13},{"not_picked":["Burst","Bullet Time"],"picked":"A Thousand Cuts","floor":16},{"not_picked":["Quick Slash+1","Footwork+1","Slice+1"],"picked":"SKIP","floor":18},{"not_picked":["Dodge and Roll","ReplayTheSpireMod:The Works","Calculated Gamble"],"picked":"SKIP","floor":24},{"not_picked":["Dodge and Roll","hubris:SlightOfHand","Flying Knee"],"picked":"SKIP","floor":28},{"not_picked":["Bane+1","ReplayTheSpireMod:From All Sides"],"picked":"Hidden Blade","floor":29}],"player_experience":92215,"relics_obtained":[{"floor":9,"key":"Boot"},{"floor":12,"key":"Garlic"},{"floor":26,"key":"hubris:MysteriousPyramids"},{"floor":28,"key":"Gremlin Horn"},{"floor":30,"key":"Meat on the Bone"}],"event_choices":[{"damage_healed":0,"gold_gain":0,"player_choice":"Entered Light","damage_taken":15,"max_hp_gain":0,"max_hp_loss":0,"event_name":"Shining Light","floor":3,"gold_loss":0,"cards_upgraded":["Defend_G","Strike_G"]},{"damage_healed":0,"gold_gain":0,"player_choice":"Donut","damage_taken":0,"max_hp_gain":5,"max_hp_loss":0,"event_name":"Big Fish","floor":10,"gold_loss":0},{"damage_healed":0,"gold_gain":0,"player_choice":"Read","damage_taken":0,"max_hp_gain":0,"max_hp_loss":0,"event_name":"The Library","floor":21,"gold_loss":0,"cards_obtained":["Deadly Poison"]},{"damage_healed":0,"gold_gain":0,"player_choice":"Copied","damage_taken":0,"max_hp_gain":0,"max_hp_loss":0,"event_name":"Duplicator","floor":22,"gold_loss":0,"cards_obtained":["Infinite Blades"]}],"is_beta":false,"boss_relics":[{"not_picked":["hubris:HollowSoul","Snecko Eye"],"picked":"Replay:Grab Bag"},{"not_picked":["Philosopher\u0027s Stone","Runic Dome"],"picked":"Replay:Wanted Poster"},{"not_picked":["hubris:CrackedHourglass","hubris:RunicObelisk"],"picked":"Replay:Bronze Core"},{"not_picked":["HoveringKite","Runic Pyramid"],"picked":"Empty Cage"}],"items_purged_floors":[14],"is_endless":false,"potions_floor_spawned":[1,12,16,24,28],"killed_by":"hubris:MusketHawk","ascension_level":0}}