{"host":"ha6p5pdchuduffeg","time":1610187301,"event":{"mods":["Act Like it!","BaseMod","Gensokyo","KinomotoSakuraMod(ƒæ÷Æ±æ”£)","Koishi","Marisa£®ÏF”Í°°ƒß¿Ì…≥£©","Minty Spire (QoL Compilation)","Reimu£®≤©¿ˆ¡È√Œ£©","Remilia£®¿Ÿ√◊¿Ú—«£©","Replay The Spire","StSLib","The Servant 0.9.4","Youmu£®ªÍ∆«—˝√Œ£©"],"gold_per_floor":[115,115,134,134,59,59,87,87,161,181,81,116,76,104,104,208,208,219,219,179,94,18,18,32,49,49,64,64,64,64,64,64,64,64],"floor_reached":33,"playtime":1221,"items_purged":["Amnesia","Decay"],"score":311,"play_id":"1adb7919-b0cb-4335-932c-e4898c6786da","local_time":"20210109181501","is_ascension_mode":true,"campfire_choices":[{"floor":6.0,"key":"REST"},{"floor":8.0,"key":"RECALL"},{"floor":23,"key":"REST"},{"floor":28,"key":"REST"},{"data":"Spot Weakness","floor":30,"key":"SMITH"},{"data":"Pummel","floor":32,"key":"SMITH"}],"circlet_count":0,"master_deck":["Strike_R","Strike_R","Strike_R","Strike_R","Strike_R","Defend_R","Defend_R","Defend_R","Defend_R","Bash","Pommel Strike","Shrug It Off+1","Seeing Red","ReplayTheSpireMod:Stacked","Impervious","Run Through+1","Pummel+1","Dropkick","Spot Weakness+1","Hemogenesis","Bash"],"relics":["Burning Blood","Charon\u0027s Ashes","Ring of Panic","ReplayTheSpireMod:Ring of Addiction","White Beast Statue","Chameleon Ring","Happy Flower","Oddly Smooth Stone","PaintedHorse:ReiMu","Orichalcum","ZunR:ReiMu","Gremlin Horn","Potion Belt"],"acts_visited":["Exordium","TheCity"],"potions_floor_usage":[19,24,27,33],"damage_taken":[{"damage":5.0,"enemies":"Small Slimes","floor":1.0,"turns":3.0},{"damage":1.0,"enemies":"Cultist","floor":3.0,"turns":3.0},{"damage":19.0,"enemies":"Lagavulin","floor":7.0,"turns":5.0},{"damage":3.0,"enemies":"2 Louse","floor":10.0,"turns":2.0},{"damage":3.0,"enemies":"Replay:BlueRogue","floor":12.0,"turns":5.0},{"damage":21.0,"enemies":"Gremlin Nob","floor":14.0,"turns":4.0},{"damage":20.0,"enemies":"The Guardian","floor":16.0,"turns":10.0},{"damage":43.0,"enemies":"Shell Parasite","floor":18.0,"turns":6.0},{"damage":0,"enemies":"Masked Bandits","floor":19,"turns":1},{"damage":9,"enemies":"Spheric Guardian","floor":24,"turns":4},{"damage":30,"enemies":"Snake Plant","floor":25,"turns":6},{"damage":0,"enemies":"3 Cultists","floor":27,"turns":5},{"damage":38,"enemies":"Automaton","floor":33,"turns":6}],"seed_played":"7019761846253166010","potions_obtained":[{"floor":3.0,"key":"EssenceOfSteel"},{"floor":4.0,"key":"SteroidPotion"},{"floor":4.0,"key":"ColorlessPotion"},{"floor":4.0,"key":"Venom Potion"},{"floor":7.0,"key":"MagicPotion:ReiMu"},{"floor":14.0,"key":"BlessingOfTheForge"},{"floor":16.0,"key":"FearPotion"},{"floor":18.0,"key":"SmokeBomb"},{"floor":24,"key":"Elixir"},{"floor":25,"key":"AttackPotion"},{"floor":27,"key":"Death Potion"}],"is_trial":false,"path_per_floor":["M","?","M","?","$","R","E","R","T","M","$","E","?","E","R","B",null,"M","?","?","?","$","R","M","M","T","M","R","?","R","?","R","B"],"character_chosen":"IRONCLAD","items_purchased":["Pummel"],"campfire_rested":3,"item_purchase_floors":[22],"current_hp_per_floor":[57,57,62,62,62,80,67,67,67,70,70,73,73,58,76,62,76,39,45,45,45,45,67,64,40,40,46,68,68,68,68,68,35,35],"gold":64,"neow_bonus":"ONE_RARE_RELIC","is_daily":false,"chose_seed":false,"campfire_upgraded":2,"win_rate":0.0,"timestamp":1610187301,"path_taken":["M","?","?","?","$","R","E","R","T","M","$","E","?","E","R","BOSS","M","?","?","?","?","R","M","M","T","M","R","?","R","?","R","BOSS"],"items_purchased_type":["Card"],"build_version":"2020-12-22","purchased_purges":2,"victory":false,"max_hp_per_floor":[80,80,80,80,80,80,80,80,80,80,78,78,78,76,76,76,76,76,76,76,76,76,74,74,74,74,74,74,74,74,72,72,72,72],"card_choices":[{"not_picked":["Body Slam","Reckless Charge"],"picked":"Pommel Strike","floor":1.0},{"not_picked":["Perfected Strike","Anger"],"picked":"Shrug It Off","floor":3.0},{"not_picked":["Havoc","Eclipse","Sentinel"],"picked":"SKIP","floor":7.0},{"not_picked":["ReplayTheSpireMod:LeadingStrike","Iron Wave","Heavy Blade"],"picked":"SKIP","floor":10.0},{"not_picked":["Anger","Body Slam"],"picked":"Seeing Red","floor":12.0},{"not_picked":["Rage","ReplayTheSpireMod:Strike From Hell"],"picked":"ReplayTheSpireMod:Stacked","floor":14.0},{"not_picked":["Hemogenesis","Brutality"],"picked":"Impervious","floor":16.0},{"not_picked":["Armaments+1","Replay:Undeath\u0027s Touch"],"picked":"Run Through+1","floor":18.0},{"not_picked":["Sentinel+1","Shrug It Off","Body Slam+1"],"picked":"SKIP","floor":24},{"not_picked":["Clothesline","Seeing Red","Battle Trance"],"picked":"SKIP","floor":25},{"not_picked":["Shockwave","True Grit"],"picked":"Dropkick","floor":27}],"player_experience":28649,"relics_obtained":[{"floor":4.0,"key":"Ring of Panic"},{"floor":4.0,"key":"ReplayTheSpireMod:Ring of Addiction"},{"floor":4.0,"key":"White Beast Statue"},{"floor":4.0,"key":"Chameleon Ring"},{"floor":7.0,"key":"Happy Flower"},{"floor":12.0,"key":"Oddly Smooth Stone"},{"floor":14.0,"key":"Orichalcum"},{"floor":26,"key":"Potion Belt"}],"event_choices":[{"damage_healed":0.0,"max_hp_gain":0.0,"max_hp_loss":0.0,"gold_gain":0.0,"event_name":"Wheel of Change","player_choice":"Cursed","floor":2.0,"gold_loss":0.0,"damage_taken":0.0,"cards_obtained":["Decay"]},{"damage_healed":0.0,"max_hp_gain":0.0,"max_hp_loss":0.0,"gold_gain":0.0,"event_name":"yidonshenshe","player_choice":"»˚«Æ","floor":13.0,"gold_loss":40.0,"damage_taken":0.0,"relics_obtained":["PaintedHorse:ReiMu"]},{"damage_healed":0,"gold_gain":0,"player_choice":"Fought Bandits","damage_taken":0,"max_hp_gain":0,"max_hp_loss":0,"event_name":"Masked Bandits","floor":19,"gold_loss":0},{"damage_healed":0,"gold_gain":0,"player_choice":"π∫¬Ú…Òæ∆","damage_taken":0,"relics_obtained":["ZunR:ReiMu"],"max_hp_gain":0,"max_hp_loss":0,"event_name":"ZunEvent","floor":20,"gold_loss":40},{"damage_healed":0,"gold_gain":0,"player_choice":"Obtained Relic","damage_taken":0,"relics_obtained":["Gremlin Horn"],"max_hp_gain":0,"max_hp_loss":0,"event_name":"Addict","floor":21,"gold_loss":85},{"damage_healed":0,"gold_gain":0,"player_choice":"Read","damage_taken":0,"max_hp_gain":0,"max_hp_loss":0,"event_name":"The Library","floor":29,"gold_loss":0,"cards_obtained":["Spot Weakness"]},{"damage_healed":0,"gold_gain":0,"player_choice":"2 cards matched","damage_taken":0,"max_hp_gain":0,"max_hp_loss":0,"event_name":"Match and Keep!","floor":31,"gold_loss":0,"cards_obtained":["Hemogenesis","Bash"]}],"is_beta":false,"boss_relics":[{"not_picked":["Ectoplasm","Astrolabe","Velvet Choker"]}],"items_purged_floors":[5,11],"is_endless":false,"potions_floor_spawned":[3,7,10,12,14,16,18,19,24,25,27],"killed_by":"Automaton","ascension_level":4}}