{"host":"hf26dlu7397s98tc","time":1610181194,"event":{"mods":["Act Like it!","Arknights The Spire","Astrologer","BaseMod","CapriCore","Elementarium","GifTheSpireLib","Hermit","Luminous","Minty Spire (QoL Compilation)","Pale of the Ancients","Quick Restart","Robot Space Explorer","StSLib","The Dragon Tamer","The Gatherer","The Immortal","TheWitcher","UnlockEverythingMod","Yakumo Yukari mod"],"gold_per_floor":[116,43,118,118,136,167,180,192,269,148,166,183,183,201,201,201,201],"floor_reached":16,"playtime":698,"items_purged":["ats:Strike V"],"score":129,"play_id":"5f1a1f02-9140-4fda-8a57-734c2ef1d256","local_time":"20210109163314","is_ascension_mode":false,"campfire_choices":[{"data":"ats:Healing Drone","floor":13,"key":"SMITH"},{"data":"ats:Thorns","floor":15,"key":"SMITH"}],"circlet_count":0,"master_deck":["ats:Strike C","ats:Strike G","ats:Strike S","ats:Armor Crushing Shot","ats:Defend","ats:Defend","ats:Defend","ats:Emotion Absorption","ats:Healing Drone+1","ats:Shell Defense+1","ats:Thorns+1"],"relics":["ats:Sanity","NeowsBlessing","ats:Originium","Calipers","Toxic Egg 2"],"acts_visited":["Exordium"],"potions_floor_usage":[7,16],"damage_taken":[{"damage":0,"enemies":"Jaw Worm","floor":1,"turns":1},{"damage":0,"enemies":"Small Slimes","floor":5,"turns":1},{"damage":0,"enemies":"3 Sentries","floor":6,"turns":1},{"damage":1,"enemies":"Cultist","floor":7,"turns":3},{"damage":13,"enemies":"Blue Slaver","floor":8,"turns":6},{"damage":11,"enemies":"Looter","floor":11,"turns":4},{"damage":18,"enemies":"Lots of Slimes","floor":12,"turns":9},{"damage":34,"enemies":"Large Slime","floor":14,"turns":15},{"damage":116,"enemies":"Slime Boss","floor":16,"turns":16}],"seed_played":"7029747843305828076","potions_obtained":[{"floor":5,"key":"DistilledChaos"},{"floor":8,"key":"BlessingOfTheForge"},{"floor":12,"key":"ats:Top Emergency Sanity Potion"}],"is_trial":false,"path_per_floor":["M","$","?","?","M","E","M","M","T","$","M","M","R","M","R","B"],"character_chosen":"DOCTOR_CLASS","items_purchased":["ats:Healing Drone","ats:Shell Defense+1"],"campfire_rested":0,"item_purchase_floors":[2,10],"current_hp_per_floor":[72,72,61,61,61,61,66,59,59,59,56,72,72,70,70,0,0],"gold":201,"neow_bonus":"THREE_ENEMY_KILL","is_daily":false,"chose_seed":false,"campfire_upgraded":2,"win_rate":0.0,"timestamp":1610181194,"path_taken":["M","$","?","?","M","E","M","M","T","$","M","M","R","M","R","BOSS"],"items_purchased_type":["Card","Card"],"build_version":"2020-12-22","purchased_purges":1,"victory":false,"max_hp_per_floor":[72,72,72,72,72,72,72,72,72,72,72,72,72,72,72,72,72],"card_choices":[{"not_picked":["ats:Assault Order","ats:Flexible Camouflage","ats:Apocalypse"],"picked":"SKIP","floor":1},{"not_picked":["ats:Flexible Camouflage","ats:Shadow Raid","ats:Spore Proliferation"],"picked":"SKIP","floor":5},{"not_picked":["ats:Ignite","ats:Cat Scratch","ats:Curse Doll"],"picked":"SKIP","floor":6},{"not_picked":["ats:Soul Absorption","ats:Burning Ground","ats:Directed Diagnosis"],"picked":"SKIP","floor":7},{"not_picked":["ats:Revitalization","ats:Apocalypse","ats:Leaping Hammer"],"picked":"SKIP","floor":8},{"not_picked":["ats:Steam Pump+1","ats:Childhood Dance+1","ats:Hammer On"],"picked":"SKIP","floor":11},{"not_picked":["ats:Steam Pump+1","ats:Neurotoxin","ats:Roar Of Ursus"],"picked":"SKIP","floor":12},{"not_picked":["ats:Shell Defense+1","ats:Apocalypse+1"],"picked":"ats:Thorns","floor":14}],"player_experience":210678,"relics_obtained":[{"floor":6,"key":"ats:Originium"},{"floor":6,"key":"Calipers"},{"floor":9,"key":"Toxic Egg 2"}],"event_choices":[{"damage_healed":0,"gold_gain":75,"player_choice":"Gather Gold","damage_taken":11,"max_hp_gain":0,"max_hp_loss":0,"event_name":"World of Goop","floor":3,"gold_loss":0},{"cards_removed":["ats:Defend"],"damage_healed":0,"gold_gain":0,"player_choice":"Forget","damage_taken":0,"max_hp_gain":0,"max_hp_loss":0,"event_name":"Living Wall","floor":4,"gold_loss":0}],"is_beta":false,"boss_relics":[],"items_purged_floors":[10],"is_endless":false,"potions_floor_spawned":[5,8,12],"killed_by":"Slime Boss","ascension_level":0}}