{"host":"svwqvw2il1zfkkg0","time":1610184002,"event":{"mods":["AchievementEnabler","BaseMod","BetterRewards","Colored Map","Colored Powertips","Custom Start","Downfall","GifTheSpireLib","Highlight Path","Hubris","Infinite Spire","Minty Spire (QoL Compilation)","Quick Restart","Replay The Spire","Shop Mod","StSLib","SuperFastMode"],"gold_per_floor":[111,36,47,64,82,82,107,107,161,176,188,188,199,232,232,232,232],"floor_reached":16,"playtime":441,"items_purged":["Spreading Infection"],"score":114,"play_id":"0d2584ff-6c4e-4bc7-a823-37a35abde980","local_time":"20210109012002","is_ascension_mode":false,"campfire_choices":[{"data":"Blade Dance","floor":6,"key":"SMITH"},{"data":"Cloak And Dagger","floor":15,"key":"SMITH"}],"circlet_count":0,"master_deck":["Strike_G","Strike_G","Strike_G","Strike_G","Strike_G","Defend_G","Defend_G","Defend_G","Defend_G","Defend_G","Survivor","Neutralize","Dagger Throw","Slice","Blade Dance+1","Cloak And Dagger+1","Choke","Sucker Punch","Cloak And Dagger+1","Glass Knife"],"relics":["Ring of the Snake","hubris:AncientText","Dream Catcher","Ninja Scroll"],"acts_visited":["Exordium"],"potions_floor_usage":[3,14,14,16,16],"damage_taken":[{"damage":5,"enemies":"Small Slimes","floor":1,"turns":4},{"damage":3,"enemies":"infinitespire:Voidling","floor":3,"turns":6},{"damage":3,"enemies":"Jaw Worm","floor":4,"turns":4},{"damage":3,"enemies":"3 Louse","floor":5,"turns":4},{"damage":28,"enemies":"Gremlin Nob","floor":7,"turns":4},{"damage":2,"enemies":"Blue Slaver","floor":10,"turns":3},{"damage":0,"enemies":"2 Fungi Beasts","floor":11,"turns":2},{"damage":6,"enemies":"Exordium Wildlife","floor":13,"turns":3},{"damage":17,"enemies":"3 Sentries","floor":14,"turns":6},{"damage":36,"enemies":"The Guardian","floor":16,"turns":8}],"seed_played":"-6124625113482153652","potions_obtained":[{"floor":1,"key":"Dexterity Potion"},{"floor":4,"key":"FearPotion"},{"floor":7,"key":"Poison Potion"},{"floor":11,"key":"Regen Potion"},{"floor":14,"key":"Toxic Potion"}],"is_trial":false,"path_per_floor":["M","$","M","M","M","R","E","$","T","M","M","?","M","E","R_BF","B"],"character_chosen":"THE_SILENT","items_purchased":[],"campfire_rested":0,"item_purchase_floors":[],"current_hp_per_floor":[79,79,76,73,70,70,42,42,42,40,40,40,34,32,32,0,0],"gold":232,"neow_bonus":"TWENTY_PERCENT_HP_BONUS","is_daily":false,"chose_seed":false,"campfire_upgraded":2,"win_rate":0.0,"timestamp":1610184002,"path_taken":["M","$","M","M","M","R","E","$","T","M","M","?","M","E","R_BF","BOSS"],"items_purchased_type":[],"build_version":"2020-12-22","purchased_purges":1,"victory":false,"max_hp_per_floor":[84,84,84,84,84,84,84,84,84,84,84,84,84,84,84,84,84],"card_choices":[{"not_picked":["hubris:SlightOfHand","hubris:Sniper","Outmaneuver"],"picked":"SKIP","floor":1},{"not_picked":["Dodge and Roll","Catalyst"],"picked":"Dagger Throw","floor":3},{"not_picked":["Eviscerate","Quick Slash"],"picked":"Slice","floor":4},{"not_picked":["After Image","Slice"],"picked":"Blade Dance","floor":5},{"not_picked":["Outmaneuver","After Image"],"picked":"Cloak And Dagger","floor":7},{"not_picked":["hubris:SlightOfHand","Cloak And Dagger"],"picked":"Choke","floor":10},{"not_picked":["Distraction","Backflip"],"picked":"Sucker Punch","floor":11},{"not_picked":["Flying Knee","Deflect"],"picked":"Cloak And Dagger","floor":13},{"not_picked":["Distraction","Bane"],"picked":"Glass Knife","floor":14}],"player_experience":469056,"relics_obtained":[{"floor":7,"key":"hubris:AncientText"},{"floor":9,"key":"Dream Catcher"},{"floor":14,"key":"Ninja Scroll"}],"event_choices":[{"damage_healed":0,"gold_gain":0,"player_choice":"Forge","damage_taken":0,"max_hp_gain":0,"max_hp_loss":0,"event_name":"Accursed Blacksmith","floor":12,"gold_loss":0,"cards_upgraded":["Cloak And Dagger"]}],"is_beta":false,"boss_relics":[],"items_purged_floors":[2],"is_endless":false,"potions_floor_spawned":[1,4,7,11,14],"killed_by":"The Guardian","ascension_level":0}}