{"host":"jksa5rawk3m4gilz","time":1610185451,"event":{"mods":["BaseMod","Colored Map","Highlight Path","Minty Spire (QoL Compilation)","Quick Restart"],"gold_per_floor":[15,29,29,42,61,86,86,86,86,86,113,130,147,147,147,224,224,241,241,340,440,430,430,462,462,462,230,248,248,262,293,293,293,293],"floor_reached":33,"playtime":1176,"items_purged":["Strike_P"],"score":553,"play_id":"a5a41273-37d6-4060-a623-91e9bb5fb1dd","local_time":"20210109104411","is_ascension_mode":true,"campfire_choices":[{"floor":7.0,"key":"REST"},{"data":"Eruption","floor":10.0,"key":"SMITH"},{"data":"DeusExMachina","floor":15.0,"key":"SMITH"},{"floor":23.0,"key":"REST"},{"floor":29,"key":"REST"},{"floor":32,"key":"REST"}],"circlet_count":0,"master_deck":["AscendersBane","Defend_P","Eruption+1","Vigilance","WheelKick","SashWhip","Worship","Halt","FlurryOfBlows","Halt","Crescendo","DeusExMachina+1","Prostrate","TalkToTheHand","Alpha","CrushJoints+1","Devotion+1","Prostrate","Devotion","Worship"],"relics":["PureWater","Torii","Blue Candle","InkBottle","Astrolabe","Kunai","Singing Bowl","Damaru","Molten Egg 2"],"acts_visited":["Exordium","TheCity"],"potions_floor_usage":[],"damage_taken":[{"damage":13.0,"enemies":"Jaw Worm","floor":1.0,"turns":2.0},{"damage":4.0,"enemies":"Cultist","floor":2.0,"turns":3.0},{"damage":5.0,"enemies":"Small Slimes","floor":4.0,"turns":3.0},{"damage":6.0,"enemies":"Red Slaver","floor":5.0,"turns":3.0},{"damage":0.0,"enemies":"Lagavulin","floor":6.0,"turns":4.0},{"damage":3.0,"enemies":"3 Sentries","floor":11.0,"turns":6.0},{"damage":0.0,"enemies":"Large Slime","floor":12.0,"turns":4.0},{"damage":0.0,"enemies":"Exordium Wildlife","floor":13.0,"turns":2.0},{"damage":3.0,"enemies":"The Guardian","floor":16.0,"turns":11.0},{"damage":17.0,"enemies":"3 Byrds","floor":18.0,"turns":4.0},{"damage":29.0,"enemies":"2 Thieves","floor":22.0,"turns":4.0},{"damage":34.0,"enemies":"Gremlin Leader","floor":24.0,"turns":4.0},{"damage":33.0,"enemies":"Snake Plant","floor":28.0,"turns":3.0},{"damage":22,"enemies":"Cultist and Chosen","floor":30,"turns":5},{"damage":23,"enemies":"Book of Stabbing","floor":31,"turns":4},{"damage":68,"enemies":"Collector","floor":33,"turns":6}],"seed_played":"4926398947506783870","potions_obtained":[{"floor":1.0,"key":"GamblersBrew"},{"floor":6.0,"key":"BlessingOfTheForge"},{"floor":12.0,"key":"LiquidBronze"},{"floor":13.0,"key":"Regen Potion"},{"floor":18.0,"key":"Explosive Potion"},{"floor":24.0,"key":"ColorlessPotion"},{"floor":31,"key":"Regen Potion"}],"is_trial":false,"path_per_floor":["M","M","?","M","M","E","R","?","T","R","E","M","M","?","R","B",null,"M","?","?","?","M","R","E","?","T","$","M","R","M","E","R","B"],"character_chosen":"WATCHER","items_purchased":["Damaru"],"campfire_rested":4,"item_purchase_floors":[27],"current_hp_per_floor":[52,48,48,43,37,37,58,58,58,58,55,55,55,55,55,52,67,50,37,37,37,22,45,11,87,87,87,56,82,60,37,63,0,0],"gold":293,"neow_bonus":"TRANSFORM_TWO_CARDS","is_daily":false,"chose_seed":false,"campfire_upgraded":2,"win_rate":0.0,"timestamp":1610185451,"path_taken":["M","M","?","?","M","E","R","?","T","R","E","M","?","?","R","BOSS","M","?","?","?","?","R","E","?","T","$","M","R","?","E","R","BOSS"],"items_purchased_type":["Relic"],"build_version":"2020-12-22","purchased_purges":1,"victory":false,"max_hp_per_floor":[72,72,72,72,72,72,72,72,72,72,72,72,72,72,72,72,72,72,77,77,77,77,77,77,87,87,87,89,89,89,89,89,89,89],"card_choices":[{"not_picked":["InnerPeace","Study"],"picked":"Worship","floor":1.0},{"not_picked":["Crescendo","ClearTheMind"],"picked":"Halt","floor":2.0},{"not_picked":["FearNoEvil","Fasting2"],"picked":"FlurryOfBlows","floor":4.0},{"not_picked":["Indignation","InnerPeace"],"picked":"Halt","floor":5.0},{"not_picked":["CutThroughFate","PathToVictory"],"picked":"Crescendo","floor":6.0},{"not_picked":["CutThroughFate","EmptyMind","WaveOfTheHand"],"picked":"SKIP","floor":11.0},{"not_picked":["Sanctity","SpiritShield"],"picked":"Prostrate","floor":12.0},{"not_picked":["Consecrate","Evaluate"],"picked":"TalkToTheHand","floor":13.0},{"not_picked":["LessonLearned","Judgement"],"picked":"Alpha","floor":16.0},{"not_picked":["LikeWater","JustLucky"],"picked":"Prostrate","floor":18.0},{"not_picked":["EmptyBody","SashWhip","PathToVictory"],"picked":"SKIP","floor":22.0},{"not_picked":["Crescendo","JustLucky","EmptyMind"],"picked":"SKIP","floor":24.0},{"not_picked":["Wireheading","Sanctity","FlyingSleeves+1"],"picked":"Singing Bowl","floor":28.0},{"not_picked":["Indignation","Protect"],"picked":"Devotion","floor":30},{"not_picked":["BowlingBash+1","DevaForm"],"picked":"Worship","floor":31}],"player_experience":2117360,"relics_obtained":[{"floor":6.0,"key":"Torii"},{"floor":9.0,"key":"Blue Candle"},{"floor":11.0,"key":"InkBottle"},{"floor":24.0,"key":"Kunai"},{"floor":26.0,"key":"Singing Bowl"},{"floor":31,"key":"Molten Egg 2"}],"event_choices":[{"cards_removed":["Defend_P"],"damage_healed":0.0,"max_hp_gain":0.0,"max_hp_loss":0.0,"gold_gain":0.0,"event_name":"Purifier","player_choice":"Purged","floor":3.0,"gold_loss":0.0,"damage_taken":0.0},{"damage_healed":0.0,"max_hp_gain":0.0,"max_hp_loss":0.0,"gold_gain":0.0,"event_name":"Match and Keep!","player_choice":"1 cards matched","floor":8.0,"gold_loss":0.0,"damage_taken":0.0,"cards_obtained":["DeusExMachina"]},{"damage_healed":0.0,"max_hp_gain":0.0,"max_hp_loss":0.0,"gold_gain":0.0,"event_name":"Liars Game","player_choice":"Ignored","floor":14.0,"gold_loss":0.0,"damage_taken":0.0},{"damage_healed":0.0,"max_hp_gain":5.0,"max_hp_loss":0.0,"gold_gain":0.0,"event_name":"Forgotten Altar","player_choice":"Shed Blood","floor":19.0,"gold_loss":0.0,"damage_taken":18.0},{"damage_healed":0.0,"max_hp_gain":0.0,"max_hp_loss":0.0,"gold_gain":99.0,"event_name":"Nest","player_choice":"Stole From Cult","floor":20.0,"gold_loss":0.0,"damage_taken":0.0},{"damage_healed":0.0,"max_hp_gain":0.0,"max_hp_loss":0.0,"gold_gain":100.0,"event_name":"Golden Shrine","player_choice":"Pray","floor":21.0,"gold_loss":0.0,"damage_taken":0.0},{"cards_removed":["ConjureBlade"],"damage_healed":66.0,"max_hp_gain":10.0,"max_hp_loss":0.0,"gold_gain":0.0,"event_name":"Bonfire Elementals","player_choice":"Offered Rare","floor":25.0,"gold_loss":0.0,"damage_taken":0.0}],"is_beta":false,"boss_relics":[{"not_picked":["Ectoplasm","Runic Dome"],"picked":"Astrolabe"}],"items_purged_floors":[27],"is_endless":false,"potions_floor_spawned":[1,6,12,13,18,24,31],"killed_by":"Collector","ascension_level":13}}