{"host":"hzinic87vu8p95wn","time":1610198649,"event":{"mods":["BaseMod","Minty Spire (QoL Compilation)"],"gold_per_floor":[114,114,40,40,115,128,128,138,138,81,81,27,27,47,47,47,47],"floor_reached":16,"playtime":1743,"items_purged":[],"score":167,"play_id":"53170859-bb29-4b12-beef-185b526fce00","local_time":"20210110002409","is_ascension_mode":true,"campfire_choices":[{"floor":7,"key":"REST"},{"data":"Gash","floor":11,"key":"SMITH"},{"floor":15,"key":"REST"}],"circlet_count":0,"master_deck":["AscendersBane","Strike_B","Strike_B","Strike_B","Strike_B","Defend_B","Defend_B","Defend_B","Defend_B","Zap","Dualcast","Gash+1","Capacitor","Conserve Battery","Sweeping Beam","Go for the Eyes","Cold Snap"],"relics":["Cracked Core","Omamori","Meat on the Bone","Bottled Flame","Anchor"],"acts_visited":["Exordium"],"potions_floor_usage":[8],"damage_taken":[{"damage":9,"enemies":"Jaw Worm","floor":1,"turns":4},{"damage":3,"enemies":"2 Louse","floor":6,"turns":2},{"damage":7,"enemies":"Small Slimes","floor":8,"turns":4},{"damage":6,"enemies":"Gremlin Gang","floor":14,"turns":3},{"damage":68,"enemies":"Hexaghost","floor":16,"turns":13}],"seed_played":"-6507872410575152270","potions_obtained":[{"floor":6,"key":"SkillPotion"},{"floor":8,"key":"Explosive Potion"}],"is_trial":false,"path_per_floor":["M","?","$","$","?","M","R","M","T","$","R","$","?","M","R","B"],"character_chosen":"DEFECT","items_purchased":["Capacitor","Sweeping Beam","Go for the Eyes"],"campfire_rested":2,"item_purchase_floors":[3,10,12],"current_hp_per_floor":[55,29,29,29,18,27,48,41,41,41,41,41,41,47,68,0,0],"gold":47,"neow_bonus":"RANDOM_COMMON_RELIC","is_daily":false,"chose_seed":false,"campfire_upgraded":1,"win_rate":0.0,"timestamp":1610198649,"path_taken":["M","?","?","$","?","M","R","M","T","$","R","$","?","?","R","BOSS"],"items_purchased_type":["Card","Card","Card"],"build_version":"2020-12-22","purchased_purges":0,"victory":false,"max_hp_per_floor":[71,71,71,71,71,71,71,71,71,71,71,71,71,71,71,71,71],"card_choices":[{"not_picked":["Steam","Leap"],"picked":"Gash","floor":1},{"not_picked":["BootSequence","Redo","Tempest"],"picked":"SKIP","floor":6},{"not_picked":["Turbo","Storm"],"picked":"Conserve Battery","floor":8},{"not_picked":["Chill","Coolheaded"],"picked":"Cold Snap","floor":14}],"player_experience":1558653,"relics_obtained":[{"floor":9,"key":"Bottled Flame"}],"event_choices":[{"damage_healed":0,"gold_gain":0,"player_choice":"Success","damage_taken":26,"relics_obtained":["Meat on the Bone"],"max_hp_gain":0,"max_hp_loss":0,"event_name":"Scrap Ooze","floor":2,"gold_loss":0},{"damage_healed":0,"gold_gain":75,"player_choice":"Gather Gold","damage_taken":11,"max_hp_gain":0,"max_hp_loss":0,"event_name":"World of Goop","floor":5,"gold_loss":0},{"damage_healed":0,"gold_gain":0,"player_choice":"Gave Potion","damage_taken":0,"relics_obtained":["Anchor"],"max_hp_gain":0,"max_hp_loss":0,"event_name":"WeMeetAgain","floor":13,"gold_loss":0}],"is_beta":false,"boss_relics":[],"items_purged_floors":[],"is_endless":false,"potions_floor_spawned":[6,8],"killed_by":"Hexaghost","ascension_level":18}}