{"host":"2m78pqva0leqn903","time":1610231420,"event":{"mods":["BaseMod","Minty Spire (QoL Compilation)","StSLib","TestMod"],"gold_per_floor":[116,13,13,28,28,59,59,94,119,158,171,189,89,89,89,187,187,214,214,89,102,123,123,123,159,159,9,9,9,47,60,60,148,148,172,196,196,223,48,108,135,162,162,162,237,256,287,2,2,27,29,29,29,29,74,80],"floor_reached":57,"playtime":2665,"items_purged":["Strike_G","Strike_G","Strike_G","Strike_G","Defend_G","Defend_G"],"score":3048,"play_id":"7d7df44c-ee45-4c1e-ae74-67c13878fd09","local_time":"20210110063020","is_ascension_mode":true,"campfire_choices":[{"data":"Neutralize","floor":7.0,"key":"SMITH"},{"data":"Noxious Fumes","floor":15.0,"key":"SMITH"},{"data":"Footwork","floor":23.0,"key":"SMITH"},{"data":"Malaise","floor":29,"key":"SMITH"},{"data":"Deadly Poison","floor":32,"key":"SMITH"},{"floor":49,"key":"RECALL"},{"data":"Footwork","floor":53,"key":"SMITH"}],"circlet_count":0,"master_deck":["AscendersBane","Defend_G","Defend_G+1","Defend_G","Survivor+1","Neutralize+1","Backstab","Deadly Poison+1","Noxious Fumes+1","Bouncing Flask+1","Blur+1","Escape Plan","Footwork+1","Malaise+1","Backflip+1","Footwork+1","After Image"],"relics":["Ring of the Snake","testmod-TestBox","testmod-SaigiyounoYou","NeowsBlessing","Potion Belt","testmod-TheFather","Art of War","Nunchaku","Busted Crown","testmod-AssaultLearning","testmod-ArcanaOfDestiny","Centennial Puzzle","Philosopher\u0027s Stone","testmod-Fortitude","Letter Opener","Regal Pillow","Pen Nib","testmod-TurbochargingSystem","War Paint"],"acts_visited":["Exordium","TheCity","TheBeyond","TheEnding"],"potions_floor_usage":[56,56],"damage_taken":[{"damage":0.0,"enemies":"Cultist","floor":1.0,"turns":1.0},{"damage":0.0,"enemies":"Small Slimes","floor":4.0,"turns":1.0},{"damage":0.0,"enemies":"Lagavulin","floor":6.0,"turns":1.0},{"damage":49.0,"enemies":"3 Sentries","floor":8.0,"turns":10.0},{"damage":12.0,"enemies":"Lagavulin","floor":10.0,"turns":6.0},{"damage":0.0,"enemies":"2 Louse","floor":11.0,"turns":3.0},{"damage":0.0,"enemies":"Looter","floor":12.0,"turns":3.0},{"damage":1.0,"enemies":"Slime Boss","floor":16.0,"turns":10.0},{"damage":1.0,"enemies":"3 Byrds","floor":18.0,"turns":3.0},{"damage":6.0,"enemies":"Shell Parasite","floor":21.0,"turns":5.0},{"damage":15.0,"enemies":"Centurion and Healer","floor":22.0,"turns":8.0},{"damage":15.0,"enemies":"Book of Stabbing","floor":25.0,"turns":6.0},{"damage":0,"enemies":"Slavers","floor":30,"turns":1},{"damage":4,"enemies":"Shelled Parasite and Fungi","floor":31,"turns":4},{"damage":18,"enemies":"Collector","floor":33,"turns":7},{"damage":0,"enemies":"3 Shapes","floor":35,"turns":1},{"damage":0,"enemies":"3 Darklings","floor":36,"turns":1},{"damage":2,"enemies":"Mind Bloom Boss Battle","floor":38,"turns":6},{"damage":9,"enemies":"Reptomancer","floor":40,"turns":4},{"damage":25,"enemies":"Jaw Worm Horde","floor":41,"turns":2},{"damage":3,"enemies":"Nemesis","floor":42,"turns":7},{"damage":0,"enemies":"Reptomancer","floor":45,"turns":3},{"damage":0,"enemies":"Transient","floor":46,"turns":6},{"damage":0,"enemies":"Nemesis","floor":47,"turns":5},{"damage":33,"enemies":"Awakened One","floor":50,"turns":10},{"damage":45,"enemies":"Time Eater","floor":51,"turns":7},{"damage":40,"enemies":"Shield and Spear","floor":55,"turns":5},{"damage":78,"enemies":"The Heart","floor":56,"turns":10}],"seed_played":"4180249528796545051","potions_obtained":[{"floor":8.0,"key":"DistilledChaos"},{"floor":10.0,"key":"AttackPotion"},{"floor":12.0,"key":"Dexterity Potion"},{"floor":16.0,"key":"BlessingOfTheForge"},{"floor":21.0,"key":"Block Potion"},{"floor":22.0,"key":"LiquidBronze"},{"floor":28,"key":"GhostInAJar"}],"is_trial":false,"path_per_floor":["M","$","$","M","?","E","R","E","T","E","M","M","$","?","R","B",null,"M","?","$","M","M","R","$","E","T","$","?","R","E","M","R","B",null,"M","M","?","?","$","E","M","E","T","?","E","M","E","$","R","B","B",null,"R","$","E","B",null],"character_chosen":"THE_SILENT","items_purchased":["Deadly Poison","Footwork"],"campfire_rested":0,"item_purchase_floors":[2,48],"current_hp_per_floor":[60,60,60,62,62,63,63,40,40,45,53,62,62,42,42,66,66,66,66,66,66,66,66,66,66,66,66,66,66,66,65,65,66,66,66,66,66,66,66,66,66,66,66,62,66,66,66,66,66,66,52,63,63,63,66,30],"gold":80,"neow_bonus":"THREE_ENEMY_KILL","is_daily":false,"chose_seed":false,"campfire_upgraded":6,"win_rate":0.0,"timestamp":1610231420,"path_taken":["M","?","$","M","?","E","R","E","T","E","M","?","$","?","R","BOSS","M","?","$","M","M","R","$","E","T","?","?","R","E","M","R","BOSS","M","?","?","?","$","E","M","E","T","?","E","M","E","$","R","BOSS","BOSS","R","$","E","BOSS"],"items_purchased_type":["Card","Card"],"build_version":"2020-12-22","purchased_purges":6,"victory":true,"max_hp_per_floor":[66,66,66,66,66,66,66,66,66,66,66,66,66,66,66,66,66,66,66,66,66,66,66,66,66,66,66,66,66,66,66,66,66,66,66,66,66,66,66,66,66,66,66,66,66,66,66,66,66,66,66,66,66,66,66,66],"card_choices":[{"not_picked":["Deflect","Masterful Stab"],"picked":"Backstab","floor":1.0},{"not_picked":["PiercingWail","Concentrate"],"picked":"Noxious Fumes","floor":4.0},{"not_picked":["Heel Hook","Die Die Die"],"picked":"Bouncing Flask","floor":6.0},{"not_picked":["Cloak And Dagger","Skewer","Accuracy"],"picked":"SKIP","floor":8.0},{"not_picked":["Concentrate","Distraction"],"picked":"Blur","floor":10.0},{"not_picked":["Outmaneuver","Heel Hook"],"picked":"Escape Plan","floor":11.0},{"not_picked":["Prepared","Eviscerate"],"picked":"Footwork","floor":12.0},{"not_picked":["Corpse Explosion","Doppelganger"],"picked":"Malaise","floor":16.0},{"not_picked":["Cloak And Dagger"],"picked":"SKIP","floor":18.0},{"not_picked":["Blade Dance"],"picked":"SKIP","floor":21.0},{"not_picked":["Flying Knee+1"],"picked":"SKIP","floor":22.0},{"not_picked":["Flying Knee+1"],"picked":"SKIP","floor":22.0},{"not_picked":["Quick Slash"],"picked":"SKIP","floor":25.0},{"not_picked":["Quick Slash"],"picked":"SKIP","floor":30},{"not_picked":["Distraction"],"picked":"SKIP","floor":31},{"not_picked":["Expertise"],"picked":"SKIP","floor":35},{"not_picked":["Blade Dance+1"],"picked":"SKIP","floor":36},{"not_picked":["Accuracy"],"picked":"SKIP","floor":40},{"not_picked":[],"picked":"Backflip","floor":41},{"not_picked":["Outmaneuver"],"picked":"SKIP","floor":42},{"not_picked":["Deadly Poison+1"],"picked":"SKIP","floor":45},{"not_picked":["Distraction"],"picked":"SKIP","floor":46},{"not_picked":["Crippling Poison+1"],"picked":"SKIP","floor":47},{"not_picked":[],"picked":"After Image","floor":55}],"player_experience":902186,"relics_obtained":[{"floor":6.0,"key":"Potion Belt"},{"floor":8.0,"key":"testmod-TheFather"},{"floor":9.0,"key":"Art of War"},{"floor":10.0,"key":"Nunchaku"},{"floor":25.0,"key":"testmod-AssaultLearning"},{"floor":26.0,"key":"testmod-ArcanaOfDestiny"},{"floor":30,"key":"Centennial Puzzle"},{"floor":38,"key":"testmod-Fortitude"},{"floor":40,"key":"Letter Opener"},{"floor":42,"key":"Regal Pillow"},{"floor":45,"key":"Pen Nib"},{"floor":47,"key":"testmod-TurbochargingSystem"},{"floor":55,"key":"War Paint"}],"event_choices":[{"damage_healed":0.0,"max_hp_gain":0.0,"max_hp_loss":0.0,"gold_gain":0.0,"event_name":"WeMeetAgain","player_choice":"Ignored","floor":5.0,"gold_loss":0.0,"damage_taken":0.0},{"damage_healed":0.0,"max_hp_gain":0.0,"max_hp_loss":0.0,"gold_gain":0.0,"event_name":"Shining Light","player_choice":"Entered Light","floor":14.0,"gold_loss":0.0,"damage_taken":20.0,"cards_upgraded":["Defend_G","Survivor"]},{"damage_healed":0.0,"max_hp_gain":0.0,"max_hp_loss":0.0,"gold_gain":0.0,"event_name":"Upgrade Shrine","player_choice":"Upgraded","floor":19.0,"gold_loss":0.0,"damage_taken":0.0,"cards_upgraded":["Bouncing Flask"]},{"damage_healed":0,"gold_gain":0,"player_choice":"Got Potions","damage_taken":0,"max_hp_gain":0,"max_hp_loss":0,"event_name":"Lab","floor":28,"gold_loss":0},{"cards_removed":["Strike_G"],"damage_healed":0,"gold_gain":0,"player_choice":"Removed Attack","damage_taken":0,"max_hp_gain":0,"max_hp_loss":0,"event_name":"Falling","floor":37,"gold_loss":0},{"damage_healed":0,"gold_gain":0,"player_choice":"Fight","damage_taken":0,"max_hp_gain":0,"max_hp_loss":0,"event_name":"MindBloom","floor":38,"gold_loss":0},{"damage_healed":0,"gold_gain":0,"player_choice":"Bought 0 Potions","damage_taken":0,"max_hp_gain":0,"max_hp_loss":0,"event_name":"The Woman in Blue","floor":44,"gold_loss":0}],"is_beta":false,"boss_relics":[{"not_picked":["testmod-BatchProcessingSystem","Pandora\u0027s Box"],"picked":"Busted Crown"},{"not_picked":["Fusion Hammer","testmod-Recursion"],"picked":"Philosopher\u0027s Stone"}],"items_purged_floors":[2,13,20,27,39,48],"is_endless":false,"potions_floor_spawned":[8,10,12,16,21,22,30,33,38,42,46],"ascension_level":20}}