{"host":"egwexuw5uvnxf11j","time":1610160753,"event":{"mods":["2.2 Compatiblity","Aspiration","BaseMod","Better Altar","Better Note","Better Sensory Stone","Better Third Choice","Displayed Cursed Tome","Downfall","Hermit","Key Reminder","Koishi","Marisa????????","Minty Spire (QoL Compilation)","Quick Restart","Shade Mod","Spicy Shops","StSLib","The Construct","The Cursed","The Hierophant","The Runesmith","The Senshi","The Servant 0.9.4","Transform Curses"],"gold_per_floor":[109,79,92,92,92,123,123,41,41,75,75,91,121,133,133,236,236,248,265,280,280,18,18,18],"floor_reached":23,"playtime":1049,"items_purged":[],"score":298,"play_id":"aee6c63d-0c0c-4e21-a226-181f694c6792","local_time":"20210108215233","is_ascension_mode":true,"campfire_choices":[{"floor":7,"key":"REST"},{"floor":11,"key":"REST"},{"floor":15,"key":"REST"}],"circlet_count":0,"master_deck":["Strike_B","Strike_B","Strike_B","Strike_B","Defend_B","Defend_B","Defend_B","Defend_B","Zap","Dualcast","Rainbow","Stack","Redo","Rebound","Leap","Conserve Battery","Compile Driver","Defragment","Sweeping Beam","Machine Learning","Multi-Cast","Loop","Fusion+1","Hologram+1","Doom and Gloom"],"relics":["Cracked Core","aspiration:HiddenCompartment","keyreminder:keyreminder","Blood Vial","aspiration:DSix","aspiration:Stellarator","Regal Pillow"],"acts_visited":["Exordium","TheCity"],"potions_floor_usage":[10,13,20,23,23],"damage_taken":[{"damage":7,"enemies":"Jaw Worm","floor":1,"turns":3},{"damage":0,"enemies":"Cultist","floor":3,"turns":4},{"damage":60,"enemies":"Gremlin Nob","floor":6,"turns":5},{"damage":13,"enemies":"3 Sentries","floor":10,"turns":10},{"damage":0,"enemies":"2 Louse","floor":12,"turns":2},{"damage":5,"enemies":"Lagavulin","floor":13,"turns":5},{"damage":21,"enemies":"Blue Slaver","floor":14,"turns":3},{"damage":0,"enemies":"Slime Boss","floor":16,"turns":5},{"damage":31,"enemies":"2 Thieves","floor":18,"turns":4},{"damage":18,"enemies":"Shell Parasite","floor":19,"turns":6},{"damage":18,"enemies":"Centurion and Healer","floor":20,"turns":6},{"damage":30,"enemies":"Book of Stabbing","floor":23,"turns":4}],"seed_played":"-5946493896636768670","potions_obtained":[{"floor":1,"key":"Regen Potion"},{"floor":2,"key":"Dexterity Potion"},{"floor":2,"key":"Dexterity Potion"},{"floor":16,"key":"SkillPotion"},{"floor":18,"key":"FearPotion"},{"floor":20,"key":"Weak Potion"}],"is_trial":false,"path_per_floor":["M","?","M","?","?","E","R","$","T","E","R","M","E","M","R","B",null,"M","M","M","?","$","E"],"character_chosen":"DEFECT","items_purchased":["Leap","Conserve Battery","Regal Pillow","Doom and Gloom"],"campfire_rested":3,"item_purchase_floors":[8,8,22,22],"current_hp_per_floor":[68,68,68,61,69,9,31,31,31,33,55,57,54,35,57,59,75,44,28,12,12,12,0,0],"gold":18,"neow_bonus":"THREE_RARE_CARDS","is_daily":false,"chose_seed":false,"campfire_upgraded":0,"win_rate":0.0,"timestamp":1610160753,"path_taken":["M","?","?","?","?","E","R","?","T","E","R","M","E","M","R","BOSS","M","M","M","?","$","E"],"items_purchased_type":["Card","Card","Relic","Card"],"build_version":"2020-12-22","purchased_purges":0,"victory":false,"max_hp_per_floor":[75,75,75,75,75,75,75,75,75,75,75,75,75,75,75,75,75,75,75,75,75,75,75,75],"card_choices":[{"not_picked":["Seek","Core Surge"],"picked":"Rainbow","floor":0},{"not_picked":["Coolheaded","Skim"],"picked":"Stack","floor":1},{"not_picked":["Go for the Eyes","Auto Shields"],"picked":"Redo","floor":3},{"not_picked":["Barrage","Coolheaded"],"picked":"Rebound","floor":6},{"not_picked":["Capacitor","Beam Cell"],"picked":"Compile Driver","floor":10},{"not_picked":["Hologram","Reprogram"],"picked":"Defragment","floor":12},{"not_picked":["Beam Cell","Genetic Algorithm"],"picked":"Sweeping Beam","floor":13},{"not_picked":["Hologram","FTL"],"picked":"Machine Learning","floor":14},{"not_picked":["Buffer","Machine Learning"],"picked":"Multi-Cast","floor":16},{"not_picked":["Fusion","Tempest"],"picked":"Loop","floor":18},{"not_picked":["Redo","Barrage"],"picked":"Fusion+1","floor":19},{"not_picked":["Steam+1","Barrage"],"picked":"Hologram+1","floor":20}],"player_experience":2170643,"relics_obtained":[{"floor":6,"key":"aspiration:HiddenCompartment"},{"floor":10,"key":"Blood Vial"},{"floor":13,"key":"aspiration:DSix"}],"event_choices":[{"damage_healed":0,"gold_gain":0,"player_choice":"Bought 2 Potions","damage_taken":0,"max_hp_gain":0,"max_hp_loss":0,"event_name":"The Woman in Blue","floor":2,"gold_loss":0},{"cards_removed":["Writhe"],"damage_healed":0,"gold_gain":0,"player_choice":"Card Removal","damage_taken":7,"max_hp_gain":0,"max_hp_loss":0,"event_name":"Golden Wing","floor":4,"gold_loss":0},{"damage_healed":0,"gold_gain":0,"player_choice":"Ignored","damage_taken":0,"max_hp_gain":0,"max_hp_loss":0,"event_name":"Cursed Tome","floor":21,"gold_loss":0}],"is_beta":false,"boss_relics":[{"not_picked":["Sozu","Fusion Hammer"],"picked":"aspiration:Stellarator"}],"items_purged_floors":[],"is_endless":false,"potions_floor_spawned":[1,6,16,18,20],"killed_by":"Book of Stabbing","ascension_level":3}}