{"host":"qxeepl7ydvsgmfdb","time":1610176183,"event":{"mods":["AchievementEnabler","BaseMod","Colored Powertips","Minty Spire (QoL Compilation)","Quick Restart","slay the spire mod where everything is the same but ironclad has a cowboy hat"],"gold_per_floor":[118,134,134,134,157,157,198,198,198,45,45,45],"floor_reached":11,"playtime":284,"items_purged":[],"score":75,"play_id":"a3248d4a-7cfe-4cad-a7eb-a25233f17e4c","local_time":"20210109020943","is_ascension_mode":true,"campfire_choices":[{"floor":6.0,"key":"REST"},{"floor":8,"key":"REST"}],"circlet_count":0,"master_deck":["Strike_G","Strike_G","Strike_G","Strike_G","Strike_G","Defend_G","Defend_G","Defend_G","Defend_G","Defend_G","Survivor","Neutralize","Quick Slash","Flying Knee","Deadly Poison","Deadly Poison"],"relics":["Ring of the Snake","Juzu Bracelet","Golden Idol","Shuriken","Lantern","Snake Skull","Regal Pillow"],"acts_visited":["Exordium"],"potions_floor_usage":[11],"damage_taken":[{"damage":6.0,"enemies":"Jaw Worm","floor":1.0,"turns":5.0},{"damage":7.0,"enemies":"Small Slimes","floor":2.0,"turns":3.0},{"damage":0.0,"enemies":"2 Louse","floor":5.0,"turns":2.0},{"damage":27,"enemies":"Lagavulin","floor":7,"turns":6},{"damage":26,"enemies":"3 Sentries","floor":11,"turns":6}],"seed_played":"-1500928105221683797","potions_obtained":[{"floor":7,"key":"Swift Potion"}],"is_trial":false,"path_per_floor":["M","M","?","?","M","R","E","R","T","$","E"],"character_chosen":"THE_SILENT","items_purchased":["Regal Pillow"],"campfire_rested":2,"item_purchase_floors":[10],"current_hp_per_floor":[64,57,40,7,7,28,1,22,22,22,0,0],"gold":45,"neow_bonus":"RANDOM_COMMON_RELIC","is_daily":false,"chose_seed":false,"campfire_upgraded":0,"win_rate":0.0,"timestamp":1610176183,"path_taken":["M","M","?","?","M","R","E","R","T","$","E"],"items_purchased_type":["Relic"],"build_version":"2020-12-22","purchased_purges":0,"victory":false,"max_hp_per_floor":[70,70,70,70,70,70,70,70,70,70,70,70],"card_choices":[{"not_picked":["Deflect","Bane"],"picked":"Quick Slash","floor":1.0},{"not_picked":["Quick Slash","Terror"],"picked":"Flying Knee","floor":2.0},{"not_picked":["Dodge and Roll","Cloak And Dagger"],"picked":"Deadly Poison","floor":5.0},{"not_picked":["Well Laid Plans","Deflect"],"picked":"Deadly Poison","floor":7}],"player_experience":155382,"relics_obtained":[{"floor":7,"key":"Lantern"},{"floor":9,"key":"Snake Skull"}],"event_choices":[{"damage_healed":0.0,"max_hp_gain":0.0,"max_hp_loss":0.0,"gold_gain":0.0,"event_name":"Golden Idol","player_choice":"Take Damage","floor":3.0,"gold_loss":0.0,"damage_taken":17.0,"relics_obtained":["Golden Idol"]},{"damage_healed":0.0,"max_hp_gain":0.0,"max_hp_loss":0.0,"gold_gain":0.0,"event_name":"Scrap Ooze","player_choice":"Success","floor":4.0,"gold_loss":0.0,"damage_taken":33.0,"relics_obtained":["Shuriken"]}],"is_beta":false,"boss_relics":[],"items_purged_floors":[],"is_endless":false,"potions_floor_spawned":[7],"killed_by":"3 Sentries","ascension_level":1}}