{"host":"pbf6u3tyx46snqc7","time":1610158986,"event":{"mods":["AchievementEnabler","BaseMod","Colored Map","Minty Spire (QoL Compilation)","Rare Cards Sparkle","SuperFastMode"],"gold_per_floor":[110,185,202,152,176,176,204,204,204,204,217,217,217,237,237,340,340,351,351,24,39,39,39,39],"floor_reached":23,"playtime":753,"items_purged":[],"score":286,"play_id":"8530a5cd-ca42-4efd-bc0b-7dd6d77b9708","local_time":"20210109112306","is_ascension_mode":true,"campfire_choices":[{"data":"Bash","floor":6.0,"key":"SMITH"},{"data":"Corruption","floor":8.0,"key":"SMITH"},{"data":"Havoc","floor":10.0,"key":"SMITH"},{"data":"Wild Strike","floor":13.0,"key":"SMITH"},{"data":"Dual Wield","floor":15.0,"key":"SMITH"}],"circlet_count":0,"master_deck":["Strike_R","Strike_R","Strike_R","Defend_R","Defend_R","Defend_R","Defend_R","Bash+1","Second Wind","Havoc+1","Corruption+1","Wild Strike+1","Dual Wield+1","Immolate","Pommel Strike+1","Limit Break","Ghostly Armor","Impervious","Sever Soul+1"],"relics":["Burning Blood","NeowsBlessing","MealTicket","The Courier","Kunai","Smiling Mask","SacredBark","Molten Egg 2"],"acts_visited":["Exordium","TheCity"],"potions_floor_usage":[],"damage_taken":[{"damage":0.0,"enemies":"Jaw Worm","floor":1.0,"turns":1.0},{"damage":0.0,"enemies":"2 Louse","floor":3.0,"turns":1.0},{"damage":0.0,"enemies":"Lagavulin","floor":7.0,"turns":1.0},{"damage":1.0,"enemies":"Cultist","floor":11.0,"turns":3.0},{"damage":5.0,"enemies":"Exordium Wildlife","floor":14.0,"turns":3.0},{"damage":70.0,"enemies":"The Guardian","floor":16.0,"turns":9.0},{"damage":15.0,"enemies":"Shell Parasite","floor":18.0,"turns":4.0},{"damage":4.0,"enemies":"2 Thieves","floor":21.0,"turns":4.0},{"damage":76,"enemies":"Slavers","floor":23,"turns":4}],"seed_played":"-1429149702805633304","potions_obtained":[{"floor":7.0,"key":"Block Potion"},{"floor":11.0,"key":"EssenceOfSteel"},{"floor":16.0,"key":"AttackPotion"}],"is_trial":false,"path_per_floor":["M","?","M","?","T","R","E","R","T","R","M","T","R","M","R","B",null,"M","?","$","M","?","E"],"character_chosen":"IRONCLAD","items_purchased":["Molten Egg 2","Ghostly Armor","Impervious"],"campfire_rested":0,"item_purchase_floors":[20,20,20],"current_hp_per_floor":[78,67,73,73,73,73,79,79,79,79,80,80,80,80,80,16,64,55,55,70,72,72,0,0],"gold":39,"neow_bonus":"THREE_ENEMY_KILL","is_daily":false,"chose_seed":false,"campfire_upgraded":5,"win_rate":0.0,"timestamp":1610158986,"path_taken":["M","?","M","?","?","R","E","R","T","R","?","?","R","M","R","BOSS","M","?","$","?","?","E"],"items_purchased_type":["Relic","Card","Card"],"build_version":"2020-12-22","purchased_purges":0,"victory":false,"max_hp_per_floor":[80,80,80,80,80,80,80,80,80,80,80,80,80,80,80,80,80,80,80,80,80,80,80,80],"card_choices":[{"not_picked":["Havoc","Feel No Pain"],"picked":"Second Wind","floor":1.0},{"not_picked":["Anger","Flex"],"picked":"Havoc","floor":3.0},{"not_picked":["Havoc","Warcry"],"picked":"Corruption","floor":7.0},{"not_picked":["Carnage","Searing Blow"],"picked":"Wild Strike","floor":11.0},{"not_picked":["Clash","Clothesline"],"picked":"Dual Wield","floor":14.0},{"not_picked":["Berserk","Corruption"],"picked":"Immolate","floor":16.0},{"not_picked":["Heavy Blade","Armaments+1"],"picked":"Pommel Strike+1","floor":18.0},{"not_picked":["Pommel Strike+1","Clash+1"],"picked":"Sever Soul+1","floor":21.0}],"player_experience":393842,"relics_obtained":[{"floor":5.0,"key":"MealTicket"},{"floor":7.0,"key":"The Courier"},{"floor":9.0,"key":"Kunai"},{"floor":12.0,"key":"Smiling Mask"}],"event_choices":[{"damage_healed":0.0,"max_hp_gain":0.0,"max_hp_loss":0.0,"gold_gain":75.0,"event_name":"World of Goop","player_choice":"Gather Gold","floor":2.0,"gold_loss":0.0,"damage_taken":11.0},{"cards_removed":["Strike_R"],"damage_healed":0.0,"max_hp_gain":0.0,"max_hp_loss":0.0,"gold_gain":0.0,"event_name":"The Cleric","player_choice":"Card Removal","floor":4.0,"gold_loss":50.0,"damage_taken":0.0},{"damage_healed":0.0,"max_hp_gain":0.0,"max_hp_loss":0.0,"gold_gain":0.0,"cards_transformed":["Strike_R"],"event_name":"Transmorgrifier","player_choice":"Transformed","floor":19.0,"gold_loss":0.0,"damage_taken":0.0,"cards_obtained":["Limit Break"]},{"damage_healed":0.0,"max_hp_gain":0.0,"max_hp_loss":0.0,"gold_gain":0.0,"event_name":"Vampires","player_choice":"Ignored","floor":22.0,"gold_loss":0.0,"damage_taken":0.0}],"is_beta":false,"boss_relics":[{"not_picked":["Busted Crown","Snecko Eye"],"picked":"SacredBark"}],"items_purged_floors":[],"is_endless":false,"potions_floor_spawned":[7,11,16],"killed_by":"Slavers","ascension_level":7}}