{"host":"inrqn0jglgjaorlx","time":1610210280,"event":{"mods":["100% Spire Juice","2.2 Compatiblity","AchievementEnabler","Act Like it!","BaseMod","Minty Spire (QoL Compilation)","StSLib"],"gold_per_floor":[119,134,134,144,163,72,72,83,110,110,122,122,138,38,38,134,14,32,51,51,51,51,69,69,100,126,161,181,211,211,106,106,211,211,228,244,169,183,183,30,30,43,43,62,80,80,115,130,130,130],"floor_reached":51,"playtime":2834,"items_purged":["Shame"],"score":845,"play_id":"365d9dd6-8f88-4264-b316-3ae2f8d8ea6a","local_time":"20210109163800","is_ascension_mode":false,"campfire_choices":[{"data":"Moonworks:FinalSurgery","floor":7.0,"key":"SMITH"},{"data":"Moonworks:MiracleRedBeanIceCream","floor":12.0,"key":"SMITH"},{"data":"Moonworks:DevilHand","floor":15.0,"key":"SMITH"},{"data":"Moonworks:LulusLuckyEgg","floor":24.0,"key":"SMITH"},{"data":"Moonworks:StarBlastingFuse","floor":32.0,"key":"SMITH"},{"data":"Moonworks:TreasureThief","floor":49,"key":"SMITH"}],"circlet_count":0,"master_deck":["Moonworks:Strike","Moonworks:Strike","Moonworks:Strike","Moonworks:Defend","Moonworks:Defend","Moonworks:Defend","Moonworks:Defend","Moonworks:Ambush+1","Moonworks:LongDistanceShot","Moonworks:SakisCookie","Moonworks:MiracleRedBeanIceCream+1","Moonworks:FinalSurgery+1","Moonworks:ScrambledEve","Moonworks:LulusLuckyEgg+1","Moonworks:DevilHand+1","Moonworks:AccelHyper","Moonworks:AccelHyper","Moonworks:EvilSpyWorkPreparation+1","Moonworks:StarBlastingFuse+1","Moonworks:MeltingMemories+1","Moonworks:ReflectiveShell+1","Moonworks:FinalSurgery+1","Moonworks:LulusLuckyEgg+1","Sadistic Nature+1","Moonworks:TacticalRetreat+1","Moonworks:CloudOfSeagulls+1","Moonworks:AngelHand+1","Moonworks:TreasureThief+1"],"relics":["Moonworks:SBBomb","Moonworks:Homemark","Tiny Chest","Vajra","FossilizedHelix","Boot","PreservedInsect","Nunchaku","Regal Pillow","Frozen Egg 2","Art of War","Shuriken","Centennial Puzzle","Lantern","Blue Candle"],"acts_visited":["Exordium","TheCity","TheBeyond"],"potions_floor_usage":[45,47,50],"damage_taken":[{"damage":6.0,"enemies":"Jaw Worm","floor":1.0,"turns":5.0},{"damage":5.0,"enemies":"Small Slimes","floor":2.0,"turns":2.0},{"damage":1.0,"enemies":"Cultist","floor":4.0,"turns":3.0},{"damage":3.0,"enemies":"Red Slaver","floor":5.0,"turns":3.0},{"damage":8.0,"enemies":"3 Sentries","floor":6.0,"turns":8.0},{"damage":4.0,"enemies":"3 Louse","floor":8.0,"turns":3.0},{"damage":6.0,"enemies":"2 Fungi Beasts","floor":11.0,"turns":3.0},{"damage":2.0,"enemies":"Exordium Thugs","floor":13.0,"turns":3.0},{"damage":2.0,"enemies":"Lots of Slimes","floor":14.0,"turns":3.0},{"damage":0.0,"enemies":"Slime Boss","floor":16.0,"turns":4.0},{"damage":0.0,"enemies":"Shell Parasite","floor":18.0,"turns":3.0},{"damage":0.0,"enemies":"Chosen","floor":19.0,"turns":3.0},{"damage":0.0,"enemies":"Snake Plant","floor":23.0,"turns":2.0},{"damage":9.0,"enemies":"Gremlin Leader","floor":25.0,"turns":3.0},{"damage":0.0,"enemies":"Book of Stabbing","floor":27.0,"turns":3.0},{"damage":0.0,"enemies":"Centurion and Healer","floor":28.0,"turns":5.0},{"damage":34.0,"enemies":"Slavers","floor":29.0,"turns":5.0},{"damage":0.0,"enemies":"Sentry and Sphere","floor":31.0,"turns":3.0},{"damage":18.0,"enemies":"Collector","floor":33.0,"turns":6.0},{"damage":4.0,"enemies":"3 Darklings","floor":35.0,"turns":4.0},{"damage":0.0,"enemies":"Orb Walker","floor":36.0,"turns":3.0},{"damage":0,"enemies":"Maw","floor":38,"turns":5},{"damage":0,"enemies":"Transient","floor":42,"turns":5},{"damage":0,"enemies":"Spire Growth","floor":44,"turns":3},{"damage":0,"enemies":"Sphere and 2 Shapes","floor":45,"turns":3},{"damage":0,"enemies":"Reptomancer","floor":47,"turns":3},{"damage":0,"enemies":"Maw","floor":48,"turns":5},{"damage":61,"enemies":"Awakened One","floor":50,"turns":10}],"seed_played":"6579448489555065443","potions_obtained":[{"floor":4.0,"key":"AttackPotion"},{"floor":5.0,"key":"FearPotion"},{"floor":6.0,"key":"PowerPotion"},{"floor":8.0,"key":"CultistPotion"},{"floor":13.0,"key":"BlessingOfTheForge"},{"floor":16.0,"key":"Fruit Juice"},{"floor":19.0,"key":"ColorlessPotion"},{"floor":23.0,"key":"DistilledChaos"},{"floor":28.0,"key":"SteroidPotion"},{"floor":29.0,"key":"Block Potion"},{"floor":38,"key":"SmokeBomb"},{"floor":42,"key":"Explosive Potion"},{"floor":44,"key":"FearPotion"}],"is_trial":false,"path_per_floor":["M","M","?","M","M","E","R","M","T","?","M","R","M","M","R","B",null,"M","M","?","T","?","M","R","E","T","E","M","E","?","M","R","B",null,"M","M","$","M","?","$","T","M","T","M","M","T","E","M","R","B",null],"character_chosen":"THE_STARBREAKER","items_purchased":["Art of War"],"campfire_rested":0,"item_purchase_floors":[40],"current_hp_per_floor":[60,57,57,58,57,51,51,49,49,49,45,45,45,45,45,54,71,71,71,71,71,71,71,71,62,62,66,70,42,65,69,69,53,71,67,67,67,71,71,71,71,71,71,71,71,71,71,71,71,14],"gold":130,"neow_bonus":"TEN_PERCENT_HP_BONUS","is_daily":false,"chose_seed":false,"campfire_upgraded":6,"win_rate":0.0,"timestamp":1610210280,"path_taken":["M","M","?","M","M","E","R","M","T","?","M","R","M","?","R","BOSS","M","M","?","?","?","M","R","E","T","E","M","E","?","M","R","BOSS","M","M","$","M","?","$","?","?","T","?","?","?","E","M","R","BOSS"],"items_purchased_type":["Relic"],"build_version":"2020-12-22","purchased_purges":1,"victory":true,"max_hp_per_floor":[66,66,66,66,66,66,66,66,66,66,66,66,66,66,66,71,71,71,71,71,71,71,71,71,71,71,71,71,71,71,71,71,71,71,71,71,71,71,71,71,71,71,71,71,71,71,71,71,71,71],"card_choices":[{"not_picked":["Moonworks:BigMagnum","Moonworks:ImOnFire"],"picked":"Moonworks:SakisCookie","floor":1.0},{"not_picked":["Moonworks:CloudOfSeagulls","Moonworks:MixPhenomenon","Moonworks:ImOnFire"],"picked":"SKIP","floor":2.0},{"not_picked":["Moonworks:JonathanRush","Moonworks:IndiscriminateFireSupport"],"picked":"Moonworks:MiracleRedBeanIceCream","floor":4.0},{"not_picked":["Moonworks:IntelligenceOfficer","Moonworks:SakisCookie","Moonworks:NicePresent"],"picked":"SKIP","floor":5.0},{"not_picked":["Moonworks:Poppoformation","Moonworks:CookingTime"],"picked":"Moonworks:FinalSurgery","floor":6.0},{"not_picked":["Moonworks:CloudOfSeagulls","Moonworks:NicePresent","Moonworks:BigMagnum"],"picked":"SKIP","floor":8.0},{"not_picked":["Moonworks:LeapThroughSpace","Moonworks:CompletionReward","Moonworks:IndiscriminateFireSupport"],"picked":"SKIP","floor":11.0},{"not_picked":["Moonworks:SakisCookie","Moonworks:MiracleRedBeanIceCream"],"picked":"Moonworks:LulusLuckyEgg","floor":13.0},{"not_picked":["Moonworks:EvilSpyWorkPreparation","Moonworks:ImOnFire"],"picked":"Moonworks:DevilHand","floor":14.0},{"not_picked":["Moonworks:StarBlastingFuse","Moonworks:FinalBattle"],"picked":"Moonworks:AccelHyper","floor":16.0},{"not_picked":["Moonworks:JonathanRush+1","Moonworks:NicePresent+1","Moonworks:Assault"],"picked":"SKIP","floor":18.0},{"not_picked":["Moonworks:JonathanRush","Moonworks:BigMagnum","Moonworks:IndiscriminateFireSupport"],"picked":"SKIP","floor":19.0},{"not_picked":["Moonworks:WindyEnchantment","Moonworks:IndiscriminateFireSupport"],"picked":"Moonworks:EvilSpyWorkPreparation+1","floor":23.0},{"not_picked":["Moonworks:DeployBits","Moonworks:EvilSpyWorkPreparation","Moonworks:WindyEnchantment"],"picked":"SKIP","floor":25.0},{"not_picked":["Moonworks:StiffCrystal","Moonworks:SakisCookie+1"],"picked":"Moonworks:StarBlastingFuse","floor":27.0},{"not_picked":["Moonworks:Assault","Moonworks:DeployBits+1","Moonworks:WindyEnchantment"],"picked":"SKIP","floor":28.0},{"not_picked":["Moonworks:NicePresent","Moonworks:LulusLuckyEgg"],"picked":"Moonworks:MeltingMemories+1","floor":29.0},{"not_picked":["Moonworks:WindyEnchantment","Moonworks:BindingChains","Moonworks:RedAndBlue"],"picked":"SKIP","floor":31.0},{"not_picked":["Moonworks:GoAway","Moonworks:SubspaceTunnel"],"picked":"Moonworks:ReflectiveShell+1","floor":33.0},{"not_picked":["Moonworks:LulusLuckyEgg+1","Moonworks:EvilSpyWorkPreparation"],"picked":"Moonworks:FinalSurgery+1","floor":35.0},{"not_picked":["Moonworks:NicePresent","Moonworks:DevilHand","Moonworks:BigMagnum+1"],"picked":"SKIP","floor":36.0},{"not_picked":["Moonworks:ImOnFire","Moonworks:IndiscriminateFireSupport"],"picked":"Moonworks:LulusLuckyEgg+1","floor":38},{"not_picked":["Secret Weapon","The Bomb"],"picked":"Sadistic Nature+1","floor":39},{"not_picked":["Moonworks:LulusLuckyEgg+1","Moonworks:JonathanRush+1","Moonworks:ImOnFire"],"picked":"SKIP","floor":42},{"not_picked":["Moonworks:DeployBits","Moonworks:UnpaidWork+1"],"picked":"Moonworks:TacticalRetreat+1","floor":44},{"not_picked":["Moonworks:DeployBits+1","Moonworks:Assault"],"picked":"Moonworks:CloudOfSeagulls+1","floor":45},{"not_picked":["Moonworks:Dinner+1","Moonworks:ImOnFire+1"],"picked":"Moonworks:AngelHand+1","floor":47},{"not_picked":["Moonworks:ImmovableObject","Moonworks:SakisCookie"],"picked":"Moonworks:TreasureThief","floor":48}],"player_experience":119182,"relics_obtained":[{"floor":6.0,"key":"Tiny Chest"},{"floor":9.0,"key":"Vajra"},{"floor":21.0,"key":"FossilizedHelix"},{"floor":25.0,"key":"PreservedInsect"},{"floor":26.0,"key":"Nunchaku"},{"floor":27.0,"key":"Regal Pillow"},{"floor":29.0,"key":"Frozen Egg 2"},{"floor":41,"key":"Shuriken"},{"floor":43,"key":"Centennial Puzzle"},{"floor":46,"key":"Lantern"},{"floor":47,"key":"Blue Candle"}],"event_choices":[{"damage_healed":0.0,"max_hp_gain":0.0,"max_hp_loss":0.0,"gold_gain":0.0,"event_name":"Living Wall","player_choice":"Grow","floor":3.0,"gold_loss":0.0,"damage_taken":0.0,"cards_upgraded":["Moonworks:Ambush"]},{"damage_healed":0.0,"max_hp_gain":0.0,"max_hp_loss":0.0,"gold_gain":0.0,"cards_transformed":["Moonworks:Strike"],"event_name":"Transmorgrifier","player_choice":"Transformed","floor":10.0,"gold_loss":0.0,"damage_taken":0.0,"cards_obtained":["Moonworks:ScrambledEve"]},{"damage_healed":0.0,"max_hp_gain":0.0,"max_hp_loss":0.0,"gold_gain":0.0,"event_name":"Match and Keep!","player_choice":"1 cards matched","floor":20.0,"gold_loss":0.0,"damage_taken":0.0,"cards_obtained":["Moonworks:AccelHyper"]},{"damage_healed":0.0,"max_hp_gain":0.0,"max_hp_loss":0.0,"gold_gain":0.0,"event_name":"Addict","player_choice":"Stole Relic","floor":22.0,"gold_loss":0.0,"damage_taken":0.0,"relics_obtained":["Boot"],"cards_obtained":["Shame"]},{"damage_healed":23.0,"max_hp_gain":0.0,"max_hp_loss":0.0,"gold_gain":0.0,"event_name":"The Library","player_choice":"Heal","floor":30.0,"gold_loss":0.0,"damage_taken":0.0},{"damage_healed":0,"gold_gain":0,"player_choice":"Memory 1","damage_taken":0,"max_hp_gain":0,"max_hp_loss":0,"event_name":"SensoryStone","floor":39,"gold_loss":0}],"is_beta":false,"boss_relics":[{"not_picked":["Philosopher\u0027s Stone","Pandora\u0027s Box"],"picked":"Moonworks:SBBomb"},{"not_picked":["Astrolabe","Runic Dome","Velvet Choker"]}],"items_purged_floors":[37],"is_endless":false,"potions_floor_spawned":[4,5,6,8,13,16,19,23,28,29,38,42,44],"ascension_level":0}}