{"host":"6vv0uythevi5qk1w","time":1610182691,"event":{"mods":["ATMod(°¢èªMod)","Act Like it!","BaseMod","Gensokyo","Minty Spire (QoL Compilation)","Replay The Spire","StSLib"],"gold_per_floor":[109,109,120,173,11,46,66,391,391,167,195,205,56,90,90,186,186,199,216,9,9,9,9,9,485,512,797,810,981,981,981,1141,1234,1234,1553,1553,1996,1501,1501,1516,1516,1872,1903,1903,1903,1903,1927,2371,2383,1392,1392,1639,1639,1639,809,837,837],"floor_reached":58,"playtime":3282,"items_purged":["Pain","Defend_P","Strike_P"],"score":2739,"play_id":"7a2ce8b4-4f8c-4fa1-b7b4-47b375d5f137","local_time":"20210109165811","is_ascension_mode":true,"campfire_choices":[{"floor":15.0,"key":"RECALL"},{"data":"Gensokyo:MonkeysPaw","floor":23.0,"key":"SMITH"},{"data":"Hemogenesis","floor":34.0,"key":"SMITH"},{"data":"Strike_P","floor":44.0,"key":"PURGE"},{"data":"Hallucinations","floor":46.0,"key":"PURGE"},{"data":"Recycle","floor":51.0,"key":"SMITH"},{"data":"Phantasmal Killer","floor":54.0,"key":"SMITH"}],"circlet_count":0,"master_deck":["AscendersBane","Strike_P","Strike_P","Defend_P","Defend_P","Defend_P","Eruption","Vigilance+1","AT_IrregularMenstruation+1","BowlingBash","Pray","AT_RealColorLess","FearNoEvil","Adaptation","Gensokyo:RisingWorld","ReplayTheSpireMod:Omega Cannon","Gensokyo:MonkeysPaw+1","Recycle+1","PanicButton","Hemogenesis+1","Pommel Strike+1","Tantrum","Gensokyo:ShootingStar","Midas Touch","Replay:BasicMightCard","Shockwave+1","AT_KneejerkReflex","Phantasmal Killer+1","Gensokyo:Taser","Gensokyo:DepletedGenerator","Gensokyo:Doppelganger","Master of Strategy","Violence"],"relics":["PureWater","AT_ATBox","NeowsBlessing","Gensokyo:LunaticRedEyes","Replay:Accelerometer","War Paint","Blood Vial","Tiny Chest","Potion Belt","OrangePellets","Gremlin Food","PrismaticShard","Iron Hammer","AT_TrinityForce","Gensokyo:ConquerorOfFear","Gensokyo:RedStar","Pantograph","Boot","AT_EbonyIvory","Happy Flower","Smiling Mask","Ornamental Fan","ChewingGum","Peace Pipe","Bag of Marbles","ReplayTheSpireMod:Ring of Addiction","Ring of Searing","White Beast Statue","Chameleon Ring","Gensokyo:EmptyGrave","Ginger","CaptainsWheel","Omamori","Damaru","AT_DeathDance","Chemical X","ReplayTheSpireMod:EnergyBall","Medical Kit","Frozen Eye","Ice Cream","ReplayTheSpireMod:ShopPack","Orichalcum","Pen Nib"],"acts_visited":["Exordium","Gensokyo:Gensokyo","Gensokyo:Gensokyoer","TheEnding"],"potions_floor_usage":[56,57,57,57,57],"damage_taken":[{"damage":0.0,"enemies":"Gensokyo:2_Kodama","floor":1.0,"turns":1.0},{"damage":0.0,"enemies":"Gensokyo:Gryphon","floor":3.0,"turns":1.0},{"damage":2.0,"enemies":"Gensokyo:Mamizou","floor":6.0,"turns":4.0},{"damage":3.0,"enemies":"Gensokyo:Python","floor":7.0,"turns":4.0},{"damage":33.0,"enemies":"Gensokyo:Aya","floor":8.0,"turns":7.0},{"damage":0.0,"enemies":"Gensokyo:Mamizou","floor":11.0,"turns":5.0},{"damage":0.0,"enemies":"Gensokyo:Gryphon_and_Rabbit","floor":12.0,"turns":3.0},{"damage":1.0,"enemies":"Gensokyo:Cirno","floor":14.0,"turns":7.0},{"damage":0.0,"enemies":"Gensokyo:Kokoro","floor":16.0,"turns":7.0},{"damage":0.0,"enemies":"Gensokyo:3_Dogs","floor":18.0,"turns":3.0},{"damage":0.0,"enemies":"Gensokyo:CosmicMonolith","floor":19.0,"turns":1.0},{"damage":34.0,"enemies":"Gensokyo:Reisen","floor":25.0,"turns":3.0},{"damage":18.0,"enemies":"Gensokyo:Tenshi","floor":27.0,"turns":2.0},{"damage":0.0,"enemies":"Gensokyo:Chomper_and_Gloop","floor":28.0,"turns":1.0},{"damage":11.0,"enemies":"Gensokyo:Reisen","floor":29.0,"turns":4.0},{"damage":10.0,"enemies":"Gensokyo:Tenshi","floor":32.0,"turns":2.0},{"damage":6.0,"enemies":"Gensokyo:Mirror_and_Dog","floor":33.0,"turns":2.0},{"damage":17.0,"enemies":"Gensokyo:Eiki","floor":35.0,"turns":4.0},{"damage":35.0,"enemies":"Gensokyo:AncientGuardian","floor":37.0,"turns":1.0},{"damage":0.0,"enemies":"Gensokyo:3_Boulders","floor":40.0,"turns":2.0},{"damage":30.0,"enemies":"Gensokyo:Doremy","floor":42.0,"turns":2.0},{"damage":32.0,"enemies":"Gensokyo:Kasen","floor":48.0,"turns":1.0},{"damage":0.0,"enemies":"Gensokyo:Sharpion","floor":49.0,"turns":2.0},{"damage":24.0,"enemies":"Gensokyo:Yuyuko","floor":52.0,"turns":3.0},{"damage":5,"enemies":"Shield and Spear","floor":56,"turns":2},{"damage":24,"enemies":"The Heart","floor":57,"turns":3}],"seed_played":"1151667054218106283","potions_obtained":[{"floor":6.0,"key":"BottledMiracle"},{"floor":8.0,"key":"BottledMiracle"},{"floor":11.0,"key":"PowerPotion"},{"floor":14.0,"key":"Weak Potion"},{"floor":16.0,"key":"Block Potion"},{"floor":18.0,"key":"SkillPotion"},{"floor":29.0,"key":"Block Potion"},{"floor":39.0,"key":"LifebloodPotion"},{"floor":40.0,"key":"AttackPotion"},{"floor":42.0,"key":"SkillPotion"},{"floor":48.0,"key":"CultistPotion"},{"floor":56,"key":"ColorlessPotion"}],"is_trial":false,"path_per_floor":["M","?","M","T","COS","E","M","E","T","$","E","M","$","E","R","B",null,"M","M","COS","?","?","R","T","E","T","E","M","E","PTL","PTL","E","M","R","B",null,"M","$","?","M","?","E","?","R","T","R","T","E","M","COS","R","B",null,"R","$","E","B",null],"character_chosen":"WATCHER","items_purchased":["OrangePellets","PrismaticShard","Peace Pipe","Bag of Marbles","Ice Cream","Master of Strategy","ReplayTheSpireMod:ShopPack","Orichalcum","Elixir"],"campfire_rested":0,"item_purchase_floors":[10,13,38,38,55,55,55,55,55],"current_hp_per_floor":[65,65,65,65,65,63,60,27,27,27,29,31,31,32,32,34,63,65,67,67,67,67,67,67,35,35,19,21,12,12,12,11,7,7,53,67,51,51,51,53,53,36,36,67,67,65,65,33,43,43,43,43,58,58,58,55,58],"gold":837,"neow_bonus":"THREE_ENEMY_KILL","is_daily":false,"chose_seed":false,"campfire_upgraded":4,"win_rate":0.0,"timestamp":1610182691,"path_taken":["M","?","?","?","COS","E","M","E","T","?","E","M","$","E","R","BOSS","M","M","COS","?","?","R","?","E","T","E","M","E","PTL","PTL","E","M","R","BOSS","M","$","?","M","?","E","?","R","T","R","?","E","M","COS","R","BOSS","R","$","E","BOSS"],"items_purchased_type":["Relic","Relic","Relic","Relic","Relic","Card","Relic","Relic","Potion"],"build_version":"2020-12-22","purchased_purges":3,"victory":true,"max_hp_per_floor":[72,72,72,72,72,72,72,72,72,72,72,72,72,72,72,72,72,72,72,72,72,72,72,72,72,72,72,72,72,72,72,72,72,72,72,72,72,72,72,72,67,67,67,67,67,65,65,65,65,65,65,63,63,63,63,63,63],"card_choices":[{"not_picked":["FlyingSleeves","SashWhip"],"picked":"BowlingBash","floor":1.0},{"not_picked":["FlurryOfBlows","Prostrate","PathToVictory"],"picked":"SKIP","floor":3.0},{"not_picked":["CarveReality","AT_SoftenMuscles"],"picked":"Pray","floor":6.0},{"not_picked":["DeusExMachina","Devotion"],"picked":"AT_RealColorLess","floor":7.0},{"not_picked":["EmptyBody","Consecrate"],"picked":"FearNoEvil","floor":7.0},{"not_picked":["Consecrate","Collect","Replay:Hum"],"picked":"SKIP","floor":8.0},{"not_picked":["Replay:Battleflow","CarveReality"],"picked":"Adaptation","floor":11.0},{"not_picked":["Protect","FlyingSleeves"],"picked":"Adaptation","floor":12.0},{"not_picked":["Conserve Battery","Gensokyo:NewMoon"],"picked":"Gensokyo:RisingWorld","floor":14.0},{"not_picked":["Gensokyo:LifeSpringInfinity","ConjureBlade"],"picked":"ReplayTheSpireMod:Omega Cannon","floor":16.0},{"not_picked":["Massacre","PiercingWail","Defragment"],"picked":"SKIP","floor":18.0},{"not_picked":["Collect","AT_RobotInSpace+1","Rupture"],"picked":"SKIP","floor":19.0},{"not_picked":["Rampage","FlyingSleeves"],"picked":"Recycle","floor":25.0},{"not_picked":["Noxious Fumes","Conclude","Melter"],"picked":"SKIP","floor":27.0},{"not_picked":["Collect","Flying Knee","PanicButton"],"picked":"SKIP","floor":28.0},{"not_picked":["Collect","Flying Knee"],"picked":"PanicButton","floor":28.0},{"not_picked":["Ghostly Armor","ReplayTheSpireMod:The Works"],"picked":"Hemogenesis","floor":29.0},{"not_picked":["Static Discharge","Replay:AtTheReady"],"picked":"Pommel Strike+1","floor":32.0},{"not_picked":["Hologram+1","Coolheaded"],"picked":"Tantrum","floor":33.0},{"not_picked":[],"picked":"Gensokyo:ShootingStar","floor":35.0},{"not_picked":["ReplayTheSpireMod:Necrosis","Thinking Ahead"],"picked":"Midas Touch","floor":35.0},{"not_picked":["Crippling Poison","ReplayTheSpireMod:Trickstab"],"picked":"Replay:BasicMightCard","floor":37.0},{"not_picked":["ReplayTheSpireMod:Strike From Hell","Pray","Dodge and Roll"],"picked":"SKIP","floor":40.0},{"not_picked":["Massacre","Rebound"],"picked":"Shockwave+1","floor":42.0},{"not_picked":["Go for the Eyes+1","CutThroughFate"],"picked":"AT_KneejerkReflex","floor":43.0},{"not_picked":["Havoc","Power Through+1","Double Energy"],"picked":"SKIP","floor":48.0},{"not_picked":["Spot Weakness","Dagger Spray"],"picked":"Phantasmal Killer","floor":49.0},{"not_picked":["Deep Breath","ReplayTheSpireMod:Private Reserves"],"picked":"Violence","floor":55.0},{"not_picked":["Rip and Tear","Searing Blow","Turbo"],"picked":"SKIP","floor":56}],"player_experience":355081,"relics_obtained":[{"floor":6.0,"key":"Replay:Accelerometer"},{"floor":8.0,"key":"Tiny Chest"},{"floor":9.0,"key":"Potion Belt"},{"floor":11.0,"key":"Gremlin Food"},{"floor":14.0,"key":"Iron Hammer"},{"floor":24.0,"key":"Pantograph"},{"floor":25.0,"key":"Gensokyo:ConquerorOfFear"},{"floor":25.0,"key":"Boot"},{"floor":26.0,"key":"AT_EbonyIvory"},{"floor":27.0,"key":"Happy Flower"},{"floor":29.0,"key":"Smiling Mask"},{"floor":32.0,"key":"Ornamental Fan"},{"floor":39.0,"key":"ReplayTheSpireMod:Ring of Addiction"},{"floor":39.0,"key":"Ring of Searing"},{"floor":39.0,"key":"White Beast Statue"},{"floor":39.0,"key":"Chameleon Ring"},{"floor":42.0,"key":"Ginger"},{"floor":43.0,"key":"CaptainsWheel"},{"floor":45.0,"key":"Omamori"},{"floor":47.0,"key":"Damaru"},{"floor":48.0,"key":"AT_DeathDance"},{"floor":56,"key":"Pen Nib"}],"event_choices":[],"is_beta":false,"boss_relics":[{"not_picked":["Coffee Dripper","Cursed Key"],"picked":"AT_TrinityForce"},{"not_picked":["Pandora\u0027s Box","Ring of Chaos"],"picked":"ChewingGum"}],"items_purged_floors":[10,38,55],"is_endless":false,"potions_floor_spawned":[6,8,11,14,16,18,29,33,35,37,40,42,48,49,56],"ascension_level":12}}