{"host":"7krnriczr1b2ou5r","time":1610204242,"event":{"mods":["BaseMod","Keyboard Shortcuts","Marisa£¨Ùöéë¡¡Øª×âÞÞ£©","Minty Spire (QoL Compilation)","Relic Stats","StSLib"],"gold_per_floor":[361,361,65,65,100,100,140,153,153,53,99,124,157,169,169,289,289,318,344,42,76,1,1,45,90,90,90,123,123,181,131,131,253,253,289,88,133,133,168,226,267,325,351,430,430,483,518,578,578,578,578,578,261,314,314],"floor_reached":56,"playtime":2140,"items_purged":["Defend_MRS","Strike_MRS","Strike_MRS","UnstableBomb+1","Defend_MRS+1"],"score":2381,"play_id":"c89833f7-da66-4d0d-b7e5-109c367107e7","local_time":"20210109235722","is_ascension_mode":true,"campfire_choices":[{"data":"PowerUp","floor":6.0,"key":"SMITH"},{"data":"UnstableBomb","floor":15.0,"key":"SMITH"},{"data":"Master of Strategy","floor":23.0,"key":"SMITH"},{"data":"UpSweep","floor":27.0,"key":"SMITH"},{"data":"WitchOfGreed","floor":29.0,"key":"SMITH"},{"data":"MasterSpark","floor":32.0,"key":"SMITH"},{"floor":49,"key":"DIG"},{"floor":52,"key":"DIG"}],"circlet_count":0,"master_deck":["MasterSpark+1","UpSweep+1","WitchOfGreed+1","Master of Strategy+1","PowerUp+1","Acceleration+1","Singularity+1","MilkyWay+1","UltimateShortwave+1","StarBarrage+1","CollectingQuirk+1","PulseMagic+1","Acceleration+1","DeepEcoloBomb+1","Madness","Madness","ManaConvection","MilkyWay"],"relics":["MiniHakkero","Mummified Hand","BreadOfAWashokuLover","Frozen Egg 2","Molten Egg 2","Nunchaku","Calling Bell","Smiling Mask","Gremlin Horn","MagicBroom","Black Star","Bottled Tornado","Kunai","War Paint","Red Mask","Bottled Lightning","White Beast Statue","CaptainsWheel","Fusion Hammer","Membership Card","Bag of Preparation","Pantograph","Orichalcum","FossilizedHelix","Vajra","Shovel","Torii","Omamori","Toy Ornithopter","Art of War","Anchor","Sundial","Strawberry","Eternal Feather","Pen Nib","Turnip"],"acts_visited":["Exordium","TheCity","TheBeyond","TheEnding"],"potions_floor_usage":[55,55],"damage_taken":[{"damage":0.0,"enemies":"Small Slimes","floor":1.0,"turns":2.0},{"damage":2.0,"enemies":"Jaw Worm","floor":5.0,"turns":2.0},{"damage":0.0,"enemies":"Lagavulin","floor":7.0,"turns":4.0},{"damage":0.0,"enemies":"2 Louse","floor":8.0,"turns":2.0},{"damage":20.0,"enemies":"3 Sentries","floor":11.0,"turns":8.0},{"damage":0.0,"enemies":"Large Slime","floor":12.0,"turns":2.0},{"damage":6.0,"enemies":"Gremlin Gang","floor":13.0,"turns":3.0},{"damage":0.0,"enemies":"3 Louse","floor":14.0,"turns":2.0},{"damage":6.0,"enemies":"The Guardian","floor":16.0,"turns":4.0},{"damage":0.0,"enemies":"Spheric Guardian","floor":18.0,"turns":2.0},{"damage":3.0,"enemies":"Shell Parasite","floor":19.0,"turns":2.0},{"damage":0.0,"enemies":"Snecko","floor":21.0,"turns":3.0},{"damage":30.0,"enemies":"Slavers","floor":24.0,"turns":2.0},{"damage":4.0,"enemies":"Masked Bandits","floor":25.0,"turns":2.0},{"damage":0.0,"enemies":"3 Cultists","floor":28.0,"turns":2.0},{"damage":0.0,"enemies":"Gremlin Leader","floor":30.0,"turns":1.0},{"damage":0.0,"enemies":"Automaton","floor":33.0,"turns":2.0},{"damage":0.0,"enemies":"3 Shapes","floor":35.0,"turns":2.0},{"damage":1,"enemies":"Orb Walker","floor":37,"turns":2},{"damage":0,"enemies":"Transient","floor":39,"turns":3},{"damage":0,"enemies":"Reptomancer","floor":40,"turns":2},{"damage":0,"enemies":"Writhing Mass","floor":41,"turns":1},{"damage":0,"enemies":"Nemesis","floor":42,"turns":1},{"damage":0,"enemies":"2 Orb Walkers","floor":44,"turns":1},{"damage":0,"enemies":"Giant Head","floor":46,"turns":1},{"damage":0,"enemies":"3 Darklings","floor":47,"turns":1},{"damage":0,"enemies":"Reptomancer","floor":48,"turns":2},{"damage":0,"enemies":"Awakened One","floor":50,"turns":3},{"damage":0,"enemies":"Shield and Spear","floor":54,"turns":1},{"damage":0,"enemies":"The Heart","floor":55,"turns":3}],"seed_played":"8260065796440770339","potions_obtained":[{"floor":5.0,"key":"DistilledChaos"},{"floor":7.0,"key":"Fire Potion"},{"floor":7.0,"key":"BlessingOfTheForge"},{"floor":8.0,"key":"Weak Potion"},{"floor":11.0,"key":"Strength Potion"},{"floor":13.0,"key":"EssenceOfSteel"},{"floor":16.0,"key":"SneckoOil"},{"floor":18.0,"key":"GamblersBrew"},{"floor":19.0,"key":"GamblersBrew"},{"floor":24.0,"key":"ShroomBrew"},{"floor":24.0,"key":"CultistPotion"},{"floor":25.0,"key":"FearPotion"},{"floor":28.0,"key":"LiquidMemories"},{"floor":42,"key":"AttackPotion"}],"is_trial":false,"path_per_floor":["M","?","$","?","M","R","E","M","T","$","E","M","M","M","R","B",null,"M","M","$","M","?","R","E","?","T","R","M","R","E","?","R","B",null,"M","$","M","?","M","E","M","E","T","?","?","E","M","E","R","B",null,"R","$","E","B",null],"character_chosen":"MARISA","items_purchased":["Mummified Hand","Master of Strategy","PowerUp","UnstableBomb","Bottled Tornado","Membership Card","ManaConvection","Strawberry","Eternal Feather","MilkyWay"],"campfire_rested":0,"item_purchase_floors":[3,3,3,3,20,36,53,53,53,53],"current_hp_per_floor":[68,68,68,65,63,63,63,63,63,63,69,69,63,63,63,57,80,80,77,77,77,77,77,47,43,43,43,43,43,43,43,43,43,77,77,77,76,76,76,76,76,76,76,76,65,65,65,65,65,88,88,88,95,95,95],"gold":314,"neow_bonus":"TWO_FIFTY_GOLD","is_daily":false,"chose_seed":false,"campfire_upgraded":6,"win_rate":0.0,"timestamp":1610204242,"path_taken":["M","?","$","?","M","R","E","M","T","?","E","M","M","M","R","BOSS","BOSS","M","M","$","M","?","R","E","?","T","R","M","R","E","?","R","BOSS","M","$","?","?","M","E","M","E","T","?","?","E","M","E","R","BOSS","R","$","E","BOSS"],"items_purchased_type":["Relic","Card","Card","Card","Relic","Relic","Card","Relic","Relic","Card"],"build_version":"2020-12-22","purchased_purges":5,"victory":true,"max_hp_per_floor":[75,75,75,75,75,75,75,75,75,75,88,88,88,88,88,88,88,88,88,88,88,88,88,88,88,88,88,88,88,88,88,88,88,88,88,88,88,88,88,88,88,88,88,88,88,88,88,88,88,88,88,88,95,95,95],"relic_stats":{"Gremlin Horn":[13,13],"Torii":0,"counters":[30,68],"Eternal Feather":0,"Pen Nib":[0],"Bag of Preparation":[18],"War Paint":["Defend_MRS","Acceleration"],"Orichalcum":[0],"Smiling Mask":138,"Nunchaku":[8],"Shovel":2,"Mummified Hand":[50],"Sundial":[6],"Pantograph":23,"Turnip":[2],"Black Star":7,"Art of War":[0],"Kunai":[5],"obtain_stats":[{"Gremlin Horn":17,"Torii":46,"Vajra":43,"Bag of Preparation":40,"Bottled Tornado":20,"Smiling Mask":17,"Nunchaku":11,"Shovel":44,"Mummified Hand":3,"Sundial":52,"Pantograph":40,"Strawberry":53,"Fusion Hammer":34,"Red Mask":25,"Kunai":24,"MagicBroom":17,"BreadOfAWashokuLover":4,"Eternal Feather":53,"Pen Nib":54,"Omamori":46,"Frozen Egg 2":7,"War Paint":24,"Orichalcum":42,"White Beast Statue":30,"Calling Bell":17,"CaptainsWheel":30,"Anchor":49,"Molten Egg 2":9,"Turnip":54,"Black Star":17,"Art of War":48,"MiniHakkero":0,"Bottled Lightning":26,"Membership Card":36,"FossilizedHelix":42,"Toy Ornithopter":48},{"Gremlin Horn":9,"Torii":25,"Vajra":23,"Bag of Preparation":21,"Bottled Tornado":11,"Smiling Mask":9,"Nunchaku":5,"Shovel":24,"Mummified Hand":1,"Sundial":28,"Pantograph":21,"Strawberry":28,"Fusion Hammer":17,"Red Mask":14,"Kunai":13,"MagicBroom":9,"BreadOfAWashokuLover":1,"Eternal Feather":28,"Pen Nib":29,"Omamori":25,"Frozen Egg 2":3,"War Paint":13,"Orichalcum":23,"White Beast Statue":16,"Calling Bell":9,"CaptainsWheel":16,"Anchor":27,"Molten Egg 2":4,"Turnip":29,"Black Star":9,"Art of War":27,"MiniHakkero":0,"Bottled Lightning":14,"Membership Card":18,"FossilizedHelix":23,"Toy Ornithopter":27},{"Gremlin Horn":29,"Torii":58,"Vajra":56,"Bag of Preparation":54,"Bottled Tornado":33,"Smiling Mask":29,"Nunchaku":18,"Shovel":57,"Mummified Hand":2,"Sundial":64,"Pantograph":54,"Strawberry":64,"Fusion Hammer":45,"Red Mask":40,"Kunai":38,"MagicBroom":29,"BreadOfAWashokuLover":2,"Eternal Feather":64,"Pen Nib":65,"Omamori":58,"Frozen Egg 2":8,"War Paint":38,"Orichalcum":56,"White Beast Statue":43,"Calling Bell":29,"CaptainsWheel":43,"Anchor":61,"Molten Egg 2":10,"Turnip":65,"Black Star":29,"Art of War":61,"MiniHakkero":0,"Bottled Lightning":40,"Membership Card":47,"FossilizedHelix":56,"Toy Ornithopter":61}],"Toy Ornithopter":0},"card_choices":[{"not_picked":["SporeBomb","LuminesStrike","6A"],"picked":"SKIP","floor":1.0},{"not_picked":["PowerUp","ShootTheMoon","GalacticHalo"],"picked":"SKIP","floor":5.0},{"not_picked":["GrandCross","Robbery","NonDirectionalLaser"],"picked":"SKIP","floor":7.0},{"not_picked":["OpenUniverse","IllusionStar","DC"],"picked":"SKIP","floor":8.0},{"not_picked":["LuminesStrike+1","AsteroidBelt"],"picked":"Acceleration","floor":11.0},{"not_picked":["SporeBomb","IllusionStar","SuperNova+1"],"picked":"SKIP","floor":12.0},{"not_picked":["IllusionStar","GrandCross+1","NonDirectionalLaser+1"],"picked":"SKIP","floor":13.0},{"not_picked":["ChargingUp","OpenUniverse"],"picked":"Singularity+1","floor":14.0},{"not_picked":["SprinkleStarSeal+1","PropBag","FairyDestructionRay+1"],"picked":"SKIP","floor":18.0},{"not_picked":["6A+1","DarkMatter","LuminesStrike+1"],"picked":"SKIP","floor":19.0},{"not_picked":["GrandCross+1","6A+1","Occultation"],"picked":"SKIP","floor":21.0},{"not_picked":["OneTimeOff","GalacticHalo+1","DoubleSpark+1"],"picked":"SKIP","floor":24.0},{"not_picked":["IllusionStar+1","OneTimeOff","6A+1"],"picked":"SKIP","floor":28.0},{"not_picked":["GalacticHalo+1","WitchLeyline+1"],"picked":"CollectingQuirk+1","floor":30.0},{"not_picked":["ShootingEcho+1","AsteroidBelt+1","GravityBeat+1"],"picked":"SKIP","floor":35.0},{"not_picked":["ShootingEcho+1","AsteroidBelt+1","GravityBeat+1"],"picked":"SKIP","floor":35.0},{"not_picked":["DC+1","MagicChant","6A+1"],"picked":"SKIP","floor":37},{"not_picked":["Acceleration","WitchOfGreed+1","GrandCross+1"],"picked":"SKIP","floor":39},{"not_picked":["LuminesStrike+1","Orbital+1","OneTimeOff+1"],"picked":"SKIP","floor":40},{"not_picked":["FairyDestructionRay+1","DeepEcoloBomb+1","DoubleSpark+1"],"picked":"SKIP","floor":41},{"not_picked":["FairyDestructionRay+1","DoubleSpark+1"],"picked":"DeepEcoloBomb+1","floor":41},{"not_picked":["ChargingUp","AsteroidBelt+1","MagicChant+1"],"picked":"SKIP","floor":42},{"not_picked":["FinalSpark+1","FairyDestructionRay+1","BigCrunch"],"picked":"SKIP","floor":46},{"not_picked":["WitchLeyline+1","OrrerysSun+1","PulseMagic"],"picked":"SKIP","floor":47},{"not_picked":["DarkSpark+1","GrandCross+1","GravityBeat+1"],"picked":"SKIP","floor":48},{"not_picked":["ShootingEcho+1","Occultation+1","Acceleration+1"],"picked":"SKIP","floor":54}],"player_experience":1102680,"relics_obtained":[{"floor":7.0,"key":"Frozen Egg 2"},{"floor":9.0,"key":"Molten Egg 2"},{"floor":11.0,"key":"Nunchaku"},{"floor":17.0,"key":"Smiling Mask"},{"floor":17.0,"key":"Gremlin Horn"},{"floor":17.0,"key":"MagicBroom"},{"floor":24.0,"key":"Kunai"},{"floor":24.0,"key":"War Paint"},{"floor":25.0,"key":"Red Mask"},{"floor":26.0,"key":"Bottled Lightning"},{"floor":30.0,"key":"White Beast Statue"},{"floor":30.0,"key":"CaptainsWheel"},{"floor":40,"key":"Bag of Preparation"},{"floor":40,"key":"Pantograph"},{"floor":42,"key":"Orichalcum"},{"floor":42,"key":"FossilizedHelix"},{"floor":43,"key":"Vajra"},{"floor":44,"key":"Shovel"},{"floor":46,"key":"Torii"},{"floor":46,"key":"Omamori"},{"floor":48,"key":"Toy Ornithopter"},{"floor":48,"key":"Art of War"},{"floor":49,"key":"Anchor"},{"floor":52,"key":"Sundial"},{"floor":54,"key":"Pen Nib"},{"floor":54,"key":"Turnip"}],"event_choices":[{"damage_healed":0.0,"max_hp_gain":0.0,"max_hp_loss":0.0,"gold_gain":0.0,"cards_transformed":["Strike_MRS"],"event_name":"Living Wall","player_choice":"Change","floor":2.0,"gold_loss":0.0,"damage_taken":0.0,"cards_obtained":["WitchOfGreed"]},{"damage_healed":0.0,"max_hp_gain":0.0,"max_hp_loss":0.0,"gold_gain":0.0,"event_name":"Scrap Ooze","player_choice":"Success","floor":4.0,"gold_loss":0.0,"damage_taken":3.0,"relics_obtained":["BreadOfAWashokuLover"]},{"cards_removed":["Defend_MRS"],"damage_healed":0.0,"max_hp_gain":0.0,"max_hp_loss":0.0,"gold_gain":0.0,"event_name":"Beggar","player_choice":"Gave Gold","floor":22.0,"gold_loss":75.0,"damage_taken":0.0},{"damage_healed":0.0,"max_hp_gain":0.0,"max_hp_loss":0.0,"gold_gain":0.0,"event_name":"Masked Bandits","player_choice":"Fought Bandits","floor":25.0,"gold_loss":0.0,"damage_taken":0.0},{"damage_healed":0.0,"max_hp_gain":0.0,"max_hp_loss":0.0,"gold_gain":0.0,"event_name":"The Joust","player_choice":"Bet on Murderer","floor":31.0,"gold_loss":50.0,"damage_taken":0.0},{"damage_healed":0,"gold_gain":0,"player_choice":"Memory 1","damage_taken":0,"max_hp_gain":0,"max_hp_loss":0,"event_name":"SensoryStone","floor":38,"gold_loss":0},{"damage_healed":0,"gold_gain":0,"player_choice":"Fight","damage_taken":0,"max_hp_gain":0,"max_hp_loss":0,"event_name":"Mysterious Sphere","floor":44,"gold_loss":0},{"damage_healed":0,"gold_gain":0,"player_choice":"Embrace Madness","damage_taken":11,"max_hp_gain":0,"max_hp_loss":0,"event_name":"Winding Halls","floor":45,"gold_loss":0,"cards_obtained":["Madness","Madness"]}],"is_beta":false,"boss_relics":[{"not_picked":["Astrolabe","Cursed Key"],"picked":"Calling Bell"},{"not_picked":["SacredBark","RampagingMagicTools"],"picked":"Fusion Hammer"}],"items_purged_floors":[3,10,20,36,53],"is_endless":false,"potions_floor_spawned":[7,8,12,14,19,24,28,30,33,35,37,39,40,41,42,44,46,47,48,54],"ascension_level":8}}