{"host":"1p0ug38l8q9et435","time":1610233703,"event":{"mods":["AchievementEnabler","BaseMod","Colored Powertips","Downfall","Minty Spire (QoL Compilation)","StSLib","UnlockEverythingMod"],"gold_per_floor":[117,117,117,129,129,163,163,186,186,30,30,53,74,115,115,236,236,254,277,146,146,14,49,49,67,93,105,117,142,169,206,218,230,230],"floor_reached":33,"playtime":1458,"items_purged":[],"score":302,"play_id":"d9e3fa52-ab72-4578-a2c2-0ed14c7a47d6","local_time":"20210109150823","is_ascension_mode":false,"campfire_choices":[{"data":"Eruption","floor":7,"key":"SMITH"},{"floor":15,"key":"REST"},{"floor":24,"key":"REST"},{"floor":27,"key":"REST"},{"floor":32,"key":"REST"}],"circlet_count":0,"master_deck":["Strike_P+1","Strike_P+1","Strike_P+1","Strike_P+1","Defend_P+1","Defend_P+1","Defend_P+1","Defend_P+1","Eruption+1","Vigilance","Prostrate","Evaluate","SandsOfTime","ForeignInfluence","DeceiveReality","SashWhip","Wish+1","EmptyFist+1","Prostrate","Consecrate","ReachHeaven","Dramatic Entrance","EmptyBody","Tantrum","EmptyFist+1","Prostrate+1"],"relics":["PureWater","NeowsBlessing","Golden Idol","CloakClasp","Kunai","Sling","Omamori","Fusion Hammer","Blue Candle","MawBank"],"acts_visited":["Exordium","TheCity"],"potions_floor_usage":[16,16,23,23,29,33,33],"damage_taken":[{"damage":0,"enemies":"2 Louse","floor":1,"turns":1},{"damage":0,"enemies":"Jaw Worm","floor":4,"turns":1},{"damage":0,"enemies":"Lagavulin","floor":6,"turns":1},{"damage":0,"enemies":"Small Slimes","floor":8,"turns":4},{"damage":15,"enemies":"Exordium Wildlife","floor":12,"turns":5},{"damage":0,"enemies":"Blue Slaver","floor":13,"turns":4},{"damage":13,"enemies":"3 Sentries","floor":14,"turns":7},{"damage":41,"enemies":"The Guardian","floor":16,"turns":15},{"damage":18,"enemies":"Spheric Guardian","floor":18,"turns":3},{"damage":6,"enemies":"Shell Parasite","floor":19,"turns":6},{"damage":12,"enemies":"Slavers","floor":23,"turns":4},{"damage":40,"enemies":"Centurion and Healer","floor":25,"turns":4},{"damage":2,"enemies":"Snake Plant","floor":29,"turns":4},{"damage":9,"enemies":"Shelled Parasite and Fungi","floor":30,"turns":4},{"damage":3,"enemies":"3 Cultists","floor":31,"turns":4},{"damage":49,"enemies":"Automaton","floor":33,"turns":4}],"seed_played":"8246724222833602463","potions_obtained":[{"floor":1,"key":"SpeedPotion"},{"floor":4,"key":"champ:CounterPotion"},{"floor":12,"key":"Weak Potion"},{"floor":23,"key":"Block Potion"},{"floor":29,"key":"GamblersBrew"},{"floor":31,"key":"GamblersBrew"}],"is_trial":false,"path_per_floor":["M","?","?","M","?","E","R","M","T","$","?","M","M","E","R","B",null,"M","M","$","?","$","E","R","M","T","R","?","M","M","M","R","B"],"character_chosen":"WATCHER","items_purchased":["Sling","Consecrate","ReachHeaven","Dramatic Entrance","ColorlessPotion"],"campfire_rested":4,"item_purchase_floors":[10,20,20,22,22],"current_hp_per_floor":[72,72,77,77,71,71,71,71,71,71,71,56,56,43,64,23,71,53,47,47,47,47,35,56,18,18,39,39,37,28,25,46,0,0],"gold":230,"neow_bonus":"THREE_ENEMY_KILL","is_daily":false,"chose_seed":false,"campfire_upgraded":1,"win_rate":0.0,"timestamp":1610233703,"path_taken":["M","?","?","M","?","E","R","?","T","$","?","M","M","E","R","BOSS","M","M","$","?","$","E","R","M","T","R","?","?","M","M","R","BOSS"],"items_purchased_type":["Relic","Card","Card","Card","Potion"],"build_version":"2020-12-22","purchased_purges":0,"victory":false,"max_hp_per_floor":[72,72,77,77,71,71,71,71,71,71,71,71,71,71,71,71,71,71,71,71,71,71,71,71,71,71,71,71,71,71,71,71,71,71],"card_choices":[{"not_picked":["BowlingBash","Sanctity"],"picked":"Prostrate","floor":1},{"not_picked":["Nirvana","Weave"],"picked":"Evaluate","floor":4},{"not_picked":["ThirdEye","Protect"],"picked":"SandsOfTime","floor":6},{"not_picked":["CutThroughFate","SignatureMove"],"picked":"ForeignInfluence","floor":8},{"not_picked":["Swivel","EmptyFist"],"picked":"DeceiveReality","floor":12},{"not_picked":["TalkToTheHand","Wallop"],"picked":"SashWhip","floor":13},{"not_picked":["JustLucky","DeceiveReality"],"picked":"Wish","floor":14},{"not_picked":["PathToVictory+1","Crescendo+1"],"picked":"EmptyFist+1","floor":18},{"not_picked":["CutThroughFate","Halt"],"picked":"Prostrate","floor":19},{"not_picked":["Worship","CrushJoints"],"picked":"EmptyBody","floor":23},{"not_picked":["SandsOfTime","Consecrate"],"picked":"Tantrum","floor":25},{"not_picked":["SandsOfTime","JustLucky+1"],"picked":"EmptyFist+1","floor":29},{"not_picked":["WheelKick+1","Ragnarok"],"picked":"Prostrate+1","floor":30},{"not_picked":["SashWhip","TalkToTheHand","BowlingBash"],"picked":"SKIP","floor":31}],"player_experience":20134,"relics_obtained":[{"floor":6,"key":"CloakClasp"},{"floor":9,"key":"Kunai"},{"floor":14,"key":"Omamori"},{"floor":23,"key":"Blue Candle"},{"floor":26,"key":"MawBank"}],"event_choices":[{"damage_healed":0,"gold_gain":0,"player_choice":"Leave","damage_taken":0,"max_hp_gain":0,"max_hp_loss":0,"event_name":"The Cleric","floor":2,"gold_loss":0},{"damage_healed":0,"gold_gain":0,"player_choice":"Donut","damage_taken":0,"max_hp_gain":5,"max_hp_loss":0,"event_name":"Big Fish","floor":3,"gold_loss":0},{"damage_healed":0,"gold_gain":0,"player_choice":"Lose Max HP","damage_taken":0,"relics_obtained":["Golden Idol"],"max_hp_gain":0,"max_hp_loss":6,"event_name":"Golden Idol","floor":5,"gold_loss":0},{"damage_healed":0,"gold_gain":0,"player_choice":"Ignored","damage_taken":0,"max_hp_gain":0,"max_hp_loss":0,"event_name":"Liars Game","floor":11,"gold_loss":0},{"damage_healed":0,"gold_gain":0,"player_choice":"Simplicity","damage_taken":0,"max_hp_gain":0,"max_hp_loss":0,"event_name":"Back to Basics","floor":21,"gold_loss":0,"cards_upgraded":["Strike_P","Strike_P","Strike_P","Strike_P","Defend_P","Defend_P","Defend_P","Defend_P"]},{"damage_healed":0,"gold_gain":0,"player_choice":"Upgraded","damage_taken":0,"max_hp_gain":0,"max_hp_loss":0,"event_name":"Upgrade Shrine","floor":28,"gold_loss":0,"cards_upgraded":["Wish"]}],"is_beta":false,"boss_relics":[{"not_picked":["Astrolabe","Cursed Key"],"picked":"Fusion Hammer"}],"items_purged_floors":[],"is_endless":false,"potions_floor_spawned":[1,4,12,23,29,31],"killed_by":"Automaton","ascension_level":0}}