{"host":"19t2eyow02s954g8","time":1610192081,"event":{"mods":["BaseMod","Colored Map","DeckTracker","Minty Spire (QoL Compilation)","StSLib","SuperFastMode"],"gold_per_floor":[115,265,265,265,190,225,47,47,127,144,165,179,179,198,198,275,275,291,303,303,317,317,317],"floor_reached":22,"playtime":5226,"items_purged":["Strike_G"],"score":418,"play_id":"f049a318-c2ea-412d-ac8a-e4c105fd8394","local_time":"20210109203441","is_ascension_mode":true,"campfire_choices":[{"data":"Neutralize","floor":8,"key":"SMITH"},{"data":"Footwork","floor":13,"key":"SMITH"},{"floor":15,"key":"REST"}],"circlet_count":0,"master_deck":["AscendersBane","Strike_G","Strike_G","Strike_G","Strike_G","Defend_G","Defend_G","Defend_G","Defend_G","Defend_G","Survivor","Neutralize+1","Cloak And Dagger+1","Blade Dance+1","Cloak And Dagger+1","Impatience+1","Footwork+1","Tactician+1","PiercingWail+1","Venomology+1","Backflip+1"],"relics":["Ring of the Snake","NeowsBlessing","Ancient Tea Set","Toxic Egg 2","Letter Opener","Odd Mushroom","Cursed Key"],"acts_visited":["Exordium","TheCity"],"potions_floor_usage":[11,11,16,21,21,21],"damage_taken":[{"damage":0,"enemies":"Small Slimes","floor":1,"turns":1},{"damage":0,"enemies":"3 Sentries","floor":6,"turns":1},{"damage":0,"enemies":"Jaw Worm","floor":10,"turns":1},{"damage":0,"enemies":"The Mushroom Lair","floor":11,"turns":2},{"damage":0,"enemies":"2 Louse","floor":12,"turns":3},{"damage":0,"enemies":"Exordium Thugs","floor":14,"turns":3},{"damage":43,"enemies":"Slime Boss","floor":16,"turns":14},{"damage":3,"enemies":"2 Thieves","floor":18,"turns":4},{"damage":0,"enemies":"3 Byrds","floor":19,"turns":5},{"damage":23,"enemies":"Cultist and Chosen","floor":21,"turns":9},{"damage":0,"enemies":"Cultist and Chosen","floor":22,"turns":1}],"seed_played":"7710039055895148898","potions_obtained":[{"floor":1,"key":"SteroidPotion"},{"floor":10,"key":"SteroidPotion"},{"floor":14,"key":"Poison Potion"}],"is_trial":false,"path_per_floor":["M","?","?","?","$","E","$","R","T","M","?","M","R","M","R","B",null,"M","M","?","M","?"],"character_chosen":"THE_SILENT","items_purchased":["Blade Dance+1","Cloak And Dagger+1","Impatience+1"],"campfire_rested":1,"item_purchase_floors":[7,7,7],"current_hp_per_floor":[59,59,59,33,33,33,33,33,33,33,33,33,33,33,52,9,52,49,49,31,8,8,8],"gold":317,"neow_bonus":"THREE_ENEMY_KILL","is_daily":false,"chose_seed":false,"campfire_upgraded":2,"win_rate":0.0,"timestamp":1610192081,"path_taken":["M","?","?","?","?","E","$","R","T","M","?","M","R","M","R","BOSS","M","M","?","M","?"],"items_purchased_type":["Card","Card","Card"],"build_version":"2020-12-22","purchased_purges":1,"victory":false,"max_hp_per_floor":[66,66,66,66,66,66,66,66,66,66,66,66,66,66,66,66,66,66,66,71,71,71,71],"card_choices":[{"not_picked":["Riddle With Holes","Outmaneuver","Sucker Punch"],"picked":"SKIP","floor":1},{"not_picked":["Finisher","Dash"],"picked":"Cloak And Dagger+1","floor":6},{"not_picked":["Acrobatics+1","Deadly Poison+1"],"picked":"Footwork","floor":10},{"not_picked":["Deadly Poison+1","Cloak And Dagger+1"],"picked":"Tactician+1","floor":11},{"not_picked":["Deadly Poison+1","Setup+1"],"picked":"PiercingWail+1","floor":12},{"not_picked":["Quick Slash","Bullet Time+1","Outmaneuver+1"],"picked":"SKIP","floor":14},{"not_picked":["Envenom","Wraith Form v2"],"picked":"Venomology+1","floor":16},{"not_picked":["All Out Attack","Bane","Quick Slash"],"picked":"SKIP","floor":18},{"not_picked":["Bane","Poisoned Stab"],"picked":"Backflip+1","floor":19},{"not_picked":["Cloak And Dagger+1","Sucker Punch","Deflect+1"],"picked":"SKIP","floor":21}],"player_experience":4225899,"relics_obtained":[{"floor":6,"key":"Toxic Egg 2"},{"floor":9,"key":"Letter Opener"},{"floor":11,"key":"Odd Mushroom"}],"event_choices":[{"damage_healed":0,"gold_gain":150,"player_choice":"AGREE","damage_taken":0,"max_hp_gain":0,"max_hp_loss":0,"event_name":"Liars Game","floor":2,"gold_loss":0,"cards_obtained":["Doubt"]},{"cards_removed":["Doubt"],"damage_healed":0,"gold_gain":0,"player_choice":"Forget","damage_taken":0,"max_hp_gain":0,"max_hp_loss":0,"event_name":"Living Wall","floor":3,"gold_loss":0},{"damage_healed":0,"gold_gain":0,"player_choice":"Success","damage_taken":26,"relics_obtained":["Ancient Tea Set"],"max_hp_gain":0,"max_hp_loss":0,"event_name":"Scrap Ooze","floor":4,"gold_loss":0},{"damage_healed":0,"gold_gain":0,"player_choice":"Fought Mushrooms","damage_taken":0,"max_hp_gain":0,"max_hp_loss":0,"event_name":"Mushrooms","floor":11,"gold_loss":0},{"damage_healed":0,"gold_gain":0,"player_choice":"Shed Blood","damage_taken":23,"max_hp_gain":5,"max_hp_loss":0,"event_name":"Forgotten Altar","floor":20,"gold_loss":0}],"is_beta":false,"boss_relics":[{"not_picked":["Philosopher\u0027s Stone","Ectoplasm"],"picked":"Cursed Key"}],"items_purged_floors":[5],"is_endless":false,"potions_floor_spawned":[1,10,14],"killed_by":"Cultist and Chosen","ascension_level":20}}