{"host":"dculp0u5sf459im8","time":1610203358,"event":{"mods":["BaseMod","Downfall","Infinite Spire","Jedi Mod","Minty Spire (QoL Compilation)","Replay The Spire","StSLib","The Bug Knight","The Construct","The Cursed","The Jungle"],"gold_per_floor":[99,117,131,231,244,271,271,421,434,434,446,446,5,5,5,15,35,136,186,36,54,69,69,69,54,54,71,82,82,82,97,22,22,39,140,140,140,160,177,188,203,203,203,203,20,40,40,58,78,78,94,94],"floor_reached":53,"playtime":8181,"items_purged":["hexamod:Defend"],"score":742,"play_id":"952087e8-4a07-4ac4-a0e5-4ad63e1b1f89","local_time":"20210109224238","is_ascension_mode":false,"campfire_choices":[{"floor":1,"key":"RECALL"},{"data":"hexamod:GiftsFromTheDead","floor":20,"key":"SMITH"},{"data":"RitualDagger","floor":32,"key":"SMITH"},{"data":"hexamod:ParanormalForm","floor":37,"key":"SMITH"},{"data":"hexamod:SearingWound","floor":44,"key":"SMITH"},{"data":"Apotheosis","floor":47,"key":"SMITH"}],"circlet_count":0,"master_deck":["hexamod:Defend+1","hexamod:Defend","hexamod:Sear","hexamod:Float","hexamod:FlamesFromBeyond","hexamod:NightmareGuise","hexamod:HeatCrush","hexamod:FourthSeal","Slimebound:Icky","hexamod:SoulSteal","hexamod:NightmareGuise","hexamod:GhostLash","hexamod:TimeOfNeed","hexamod:FirstSeal","hexamod:GhostShield","hexamod:GiftsFromTheDead+1","hexamod:BacktrackSmack","hexamod:RecurringNightmare+1","hexamod:TimeWarp","Bite+1","Bite+1","Bite+1","Bite+1","Bite+1","hexamod:GhostflameBarrier+1","hexamod:GhostLash+1","hexamod:Haunt","RitualDagger+1","hexamod:DynamicBlow","ReplayTheSpireMod:Echoes of Time","hexamod:PowerFromBeyond","hexamod:ParanormalForm+1","hexamod:PhantomFireball+1","hexamod:ThermalTransfer","hexamod:SearingWound+1","hexamod:NecessarySacrifice+1","Apotheosis+1","Parasite","hexamod:FifthSeal","hexamod:SixthSeal","hexamod:HeatMetal","hexamod:ThirdSeal","hexamod:SpectersWail+1","Parasite"],"relics":["hexamod:SpiritBrand","Bottled Lightning","Replay:Bottled Snecko","Replay:Ringing Soul","Tiny House","downfall:HeartBlessingRed","downfall:HeartBlessingGreen","downfall:HeartBlessingBlue","Counterbalance","SacredBark","Replay:Bottled Eggs"],"acts_visited":["Exordium","TheCity","TheBeyond"],"potions_floor_usage":[6,9,13,16,17,18,18,18,18,21,21,22,22,27,28,28,31,31,34,35,35,38,40,41,45,48,49,51,52],"damage_taken":[{"damage":2,"enemies":"2 Louse","floor":2,"turns":4},{"damage":0,"enemies":"Jaw Worm","floor":3,"turns":3},{"damage":0,"enemies":"Small Slimes","floor":5,"turns":3},{"damage":24,"enemies":"Gremlin Nob","floor":6,"turns":4},{"damage":0,"enemies":"3 Louse","floor":9,"turns":4},{"damage":6,"enemies":"Blue Slaver","floor":11,"turns":3},{"damage":4,"enemies":"downfall:FleeingMerchant","floor":13,"turns":4},{"damage":0,"enemies":"Exordium Wildlife","floor":16,"turns":4},{"damage":0,"enemies":"Gremlin Gang","floor":17,"turns":3},{"damage":18,"enemies":"downfall:Watcher","floor":18,"turns":7},{"damage":3,"enemies":"Shell Parasite","floor":21,"turns":5},{"damage":5,"enemies":"Spheric Guardian","floor":22,"turns":5},{"damage":9,"enemies":"downfall:FleeingMerchant","floor":25,"turns":4},{"damage":0,"enemies":"Cultist and Chosen","floor":27,"turns":5},{"damage":6,"enemies":"Chosen and Byrds","floor":28,"turns":5},{"damage":0,"enemies":"Snake Plant","floor":31,"turns":1},{"damage":12,"enemies":"Centurion and Healer","floor":34,"turns":5},{"damage":1,"enemies":"downfall:Ironclad","floor":35,"turns":6},{"damage":23,"enemies":"3 Darklings","floor":38,"turns":4},{"damage":0,"enemies":"Orb Walker","floor":39,"turns":4},{"damage":22,"enemies":"Sphere and 2 Shapes","floor":40,"turns":6},{"damage":16,"enemies":"Maw","floor":41,"turns":7},{"damage":0,"enemies":"downfall:FleeingMerchant","floor":45,"turns":4},{"damage":61,"enemies":"Writhing Mass","floor":46,"turns":8},{"damage":17,"enemies":"3 Darklings","floor":48,"turns":7},{"damage":0,"enemies":"Maw","floor":49,"turns":8},{"damage":44,"enemies":"Writhing Mass","floor":51,"turns":10},{"damage":54,"enemies":"downfall:Defect","floor":52,"turns":8}],"seed_played":"8919132121973837925","potions_obtained":[{"floor":2,"key":"Dexterity Potion"},{"floor":5,"key":"Guardian:BlockOnCardUsePotion"},{"floor":9,"key":"PowerPotion"},{"floor":9,"key":"Block Potion"},{"floor":11,"key":"Fire Potion"},{"floor":13,"key":"Fire Potion"},{"floor":16,"key":"ColorlessPotion"},{"floor":17,"key":"Dexterity Potion"},{"floor":18,"key":"DistilledChaos"},{"floor":19,"key":"Guardian:BlockOnCardUsePotion"},{"floor":21,"key":"Ancient Potion"},{"floor":22,"key":"LiquidMemories"},{"floor":25,"key":"Guardian:BlockOnCardUsePotion"},{"floor":27,"key":"SpeedPotion"},{"floor":27,"key":"Strength Potion"},{"floor":28,"key":"SneckoOil"},{"floor":28,"key":"champ:CounterPotion"},{"floor":31,"key":"Death Potion"},{"floor":34,"key":"SpeedPotion"},{"floor":35,"key":"hexamod:EctoCoolerPotion"},{"floor":39,"key":"Guardian:BlockOnCardUsePotion"},{"floor":39,"key":"jedi:wingpotion"},{"floor":40,"key":"FairyPotion"},{"floor":40,"key":"Explosive Potion"},{"floor":41,"key":"Reflective Coating"},{"floor":46,"key":"CultistPotion"},{"floor":48,"key":"Dexterity Potion"},{"floor":49,"key":"jedi:mysterypotion"},{"floor":51,"key":"Explosive Potion"}],"is_trial":false,"path_per_floor":["R","M","M","?","M","E","T","?","M","?","M","?","$","PTL","PTL","M","M","B",null,"R","M","M","?","?","$","T","M","M","?","?","M","R","AVR","M","B",null,"R","M","M","M","M","?","T","R","$","M","R","M","M","?","M","B",null],"character_chosen":"THE_SPIRIT","items_purchased":["hexamod:TimeOfNeed","Replay:Ringing Soul","Apotheosis"],"campfire_rested":0,"item_purchase_floors":[13,13,45],"current_hp_per_floor":[77,75,75,75,75,51,51,51,51,76,70,70,66,66,66,69,79,64,94,94,97,100,100,72,68,68,78,81,81,78,83,93,96,103,106,106,106,100,112,100,108,108,108,108,121,88,88,99,127,127,109,77],"gold":94,"neow_bonus":"TEN_PERCENT_HP_BONUS","is_daily":false,"chose_seed":false,"campfire_upgraded":5,"win_rate":0.0,"timestamp":1610203358,"path_taken":["R","M","M","?","M","E","T","?","M","?","M","?","?","PTL","PTL","?","M","BOSS","R","M","M","?","?","?","T","M","?","?","?","M","R","AVR","M","BOSS","R","M","M","M","M","?","T","R","$","M","R","M","?","?","M","BOSS"],"items_purchased_type":["Card","Relic","Card"],"build_version":"2020-12-22","purchased_purges":1,"victory":true,"max_hp_per_floor":[77,77,77,77,77,77,77,77,77,77,77,77,77,77,77,80,83,86,94,94,97,100,100,72,75,75,78,81,81,84,87,97,100,103,106,106,106,109,112,115,118,118,118,118,121,124,124,127,130,130,133,133],"card_choices":[{"not_picked":["hexamod:SpectersWail","hexamod:BacktrackSmack"],"picked":"hexamod:FlamesFromBeyond","floor":2},{"not_picked":["hexamod:AdvancingGuard","hexamod:FastForward"],"picked":"hexamod:NightmareGuise","floor":3},{"not_picked":["hexamod:ThermalTransfer","hexamod:InspiringFlames"],"picked":"hexamod:HeatCrush","floor":5},{"not_picked":["hexamod:GhostLash","hexamod:RainOfEmbers"],"picked":"hexamod:FourthSeal","floor":6},{"not_picked":["hexamod:GhostLash","hexamod:AdvancingGuard"],"picked":"hexamod:SoulSteal","floor":9},{"not_picked":["hexamod:ShieldOfDarkness","hexamod:SwordOfDarkness"],"picked":"hexamod:NightmareGuise","floor":11},{"not_picked":["hexamod:Haunt","hexamod:FastForward"],"picked":"hexamod:GhostLash","floor":13},{"not_picked":["hexamod:ThermalTransfer","hexamod:RadiantFlame"],"picked":"hexamod:FirstSeal","floor":16},{"not_picked":["hexamod:Incineration","hexamod:SpectersWail"],"picked":"hexamod:GhostShield","floor":17},{"not_picked":["hexamod:WildfireWeapon","hexamod:CrushingStance"],"picked":"hexamod:GiftsFromTheDead","floor":18},{"not_picked":["hexamod:GhostShield","hexamod:Firestarter"],"picked":"hexamod:BacktrackSmack","floor":19},{"not_picked":["hexamod:SecondSeal","hexamod:Incineration"],"picked":"hexamod:RecurringNightmare+1","floor":21},{"not_picked":["hexamod:NightmareStrike","hexamod:GhostShield+1"],"picked":"hexamod:TimeWarp","floor":22},{"not_picked":["hexamod:InspiringFlames+1","hexamod:NightmareGuise"],"picked":"hexamod:GhostflameBarrier+1","floor":25},{"not_picked":["hexamod:Firestarter+1","hexamod:HauntingEcho"],"picked":"hexamod:GhostLash+1","floor":27},{"not_picked":["hexamod:GhostOfSpirePast","hexamod:FourthSeal"],"picked":"hexamod:Haunt","floor":28},{"not_picked":["hexamod:HauntingEcho","hexamod:NightmareStrike"],"picked":"hexamod:DynamicBlow","floor":31},{"not_picked":["hexamod:SpectersWail+1","hexamod:PhantomCloak"],"picked":"hexamod:PowerFromBeyond","floor":34},{"not_picked":["hexamod:GhostflameInferno","hexamod:WildfireWeapon"],"picked":"hexamod:ParanormalForm","floor":35},{"not_picked":["hexamod:GhostLash","hexamod:BurningTouch"],"picked":"hexamod:PhantomFireball+1","floor":38},{"not_picked":["hexamod:NightmareGuise","hexamod:AdvancingGuard"],"picked":"hexamod:ThermalTransfer","floor":39},{"not_picked":["hexamod:NightmareGuise","hexamod:AdvancingGuard+1"],"picked":"hexamod:SearingWound","floor":40},{"not_picked":["hexamod:RainOfEmbers","hexamod:GhostflameBarrier"],"picked":"hexamod:NecessarySacrifice+1","floor":41},{"not_picked":["hexamod:SpectersWail","hexamod:Again","hexamod:GhostShield"],"picked":"SKIP","floor":45},{"not_picked":["hexamod:AdvancingGuard","hexamod:FastForward+1"],"picked":"hexamod:FifthSeal","floor":46},{"not_picked":["hexamod:ThirdSeal","hexamod:SecondSeal"],"picked":"hexamod:SixthSeal","floor":48},{"not_picked":["hexamod:GhostOfSpirePast+1","hexamod:GhostOfSpireFuture"],"picked":"hexamod:HeatMetal","floor":48},{"not_picked":["hexamod:SixthSeal","hexamod:FourthSeal"],"picked":"hexamod:ThirdSeal","floor":49},{"not_picked":["hexamod:ThirdSeal","hexamod:InspiringFlames+1"],"picked":"hexamod:SpectersWail+1","floor":49},{"not_picked":["hexamod:ThirdSeal","hexamod:FlamesFromBeyond","hexamod:Firestarter"],"picked":"SKIP","floor":51},{"not_picked":["hexamod:SixthSeal","hexamod:ThirdSeal","hexamod:FirstSeal"],"picked":"SKIP","floor":51},{"not_picked":["hexamod:ThermalTransfer+1","hexamod:NightmareGuise+1","hexamod:GhostOfSpireFuture"],"picked":"SKIP","floor":51}],"player_experience":298964,"relics_obtained":[{"floor":6,"key":"Bottled Lightning"},{"floor":7,"key":"Replay:Bottled Snecko"},{"floor":43,"key":"Replay:Bottled Eggs"}],"event_choices":[{"damage_healed":25,"gold_gain":0,"player_choice":"Banana","damage_taken":0,"max_hp_gain":0,"max_hp_loss":0,"event_name":"Big Fish","floor":10,"gold_loss":0},{"damage_healed":0,"gold_gain":0,"player_choice":"Became a vampire","damage_taken":0,"max_hp_gain":0,"max_hp_loss":31,"event_name":"Vampires","floor":24,"gold_loss":0,"cards_obtained":["Bite","Bite","Bite","Bite","Bite"]}],"is_beta":false,"boss_relics":[{"not_picked":["Sozu","Fusion Hammer"],"picked":"Tiny House"},{"not_picked":["Snecko Eye","Abe\u0027s Treasure"],"picked":"SacredBark"}],"items_purged_floors":[33],"is_endless":false,"potions_floor_spawned":[2,5,9,27,28,31,39,40,41,48],"ascension_level":0}}