{"host":"pl1fbpkom0aq337f","time":1610214244,"event":{"mods":["AchievementEnabler","BaseMod","Colored Map","Minty Spire (QoL Compilation)"],"gold_per_floor":[118,193,158,158,177,26,52,52,87,102,156,180,190,204,215,215,241,241,312,312,312,165,165,165,165,165,165,165,165,165,165,165,165,165,165],"floor_reached":34,"playtime":1296,"items_purged":["Pain"],"score":615,"play_id":"ecbe8a24-58fa-460d-b45c-847a5bf8b8d6","local_time":"20210109184404","is_ascension_mode":true,"campfire_choices":[{"floor":8.0,"key":"REST"},{"data":"Well Laid Plans","floor":16.0,"key":"SMITH"},{"floor":18.0,"key":"REST"},{"floor":27.0,"key":"REST"},{"data":"Phantasmal Killer","floor":29.0,"key":"SMITH"}],"circlet_count":0,"master_deck":["AscendersBane","Survivor","Neutralize","Tactician","Well Laid Plans+1","Noxious Fumes","Heel Hook","Skewer","Tactician","Noxious Fumes","Phantasmal Killer+1","Deadly Poison","Dagger Throw","Dash","Bane","All Out Attack","Backflip","Underhanded Strike","Adrenaline","A Thousand Cuts+1","Corpse Explosion","Escape Plan","Acrobatics","Backflip","Calculated Gamble"],"relics":["Pandora\u0027s Box","WarpedTongs","Frozen Egg 2","Smiling Mask","Orichalcum","Bag of Marbles","Pen Nib","Ectoplasm","Pantograph","Bronze Scales","MutagenicStrength"],"acts_visited":["Exordium","TheCity"],"potions_floor_usage":[34],"damage_taken":[{"damage":4.0,"enemies":"Jaw Worm","floor":1.0,"turns":2.0},{"damage":6.0,"enemies":"2 Louse","floor":5.0,"turns":3.0},{"damage":27.0,"enemies":"Lagavulin","floor":7.0,"turns":4.0},{"damage":10.0,"enemies":"3 Sentries","floor":9.0,"turns":4.0},{"damage":6.0,"enemies":"Cultist","floor":10.0,"turns":3.0},{"damage":0.0,"enemies":"Exordium Thugs","floor":13.0,"turns":3.0},{"damage":0.0,"enemies":"Exordium Wildlife","floor":14.0,"turns":3.0},{"damage":0.0,"enemies":"3 Louse","floor":15.0,"turns":3.0},{"damage":0.0,"enemies":"Slime Boss","floor":19.0,"turns":3.0},{"damage":14.0,"enemies":"Shell Parasite","floor":21.0,"turns":4.0},{"damage":1.0,"enemies":"3 Byrds","floor":24.0,"turns":4.0},{"damage":0.0,"enemies":"Slavers","floor":28.0,"turns":2.0},{"damage":17.0,"enemies":"Book of Stabbing","floor":30.0,"turns":4.0},{"damage":35.0,"enemies":"Snake Plant","floor":32.0,"turns":3.0},{"damage":9,"enemies":"Centurion and Healer","floor":34,"turns":2}],"seed_played":"-1348230438695123540","potions_obtained":[{"floor":1.0,"key":"SteroidPotion"},{"floor":5.0,"key":"FearPotion"},{"floor":9.0,"key":"Dexterity Potion"},{"floor":15.0,"key":"SkillPotion"},{"floor":21.0,"key":"EssenceOfSteel"},{"floor":32.0,"key":"Poison Potion"}],"is_trial":false,"path_per_floor":["M","?","$","?","M","$","E","R","E","M","T","T","M","M","M","R","T","R","B",null,"M","$","?","M","?","?","R","E","R","E","T","M","?","M"],"character_chosen":"THE_SILENT","items_purchased":["Dash","All Out Attack","Corpse Explosion"],"campfire_rested":3,"item_purchase_floors":[3,6,22],"current_hp_per_floor":[59,48,48,48,42,42,15,36,26,20,20,20,20,20,20,20,20,41,41,63,49,49,49,48,48,35,57,57,57,40,40,5,5,0,0],"gold":165,"neow_bonus":"BOSS_RELIC","is_daily":false,"chose_seed":false,"campfire_upgraded":2,"win_rate":0.0,"timestamp":1610214244,"path_taken":["M","?","$","?","M","$","E","R","E","M","T","T","?","M","M","R","?","R","BOSS","M","$","?","M","?","?","R","E","R","E","T","M","?","M"],"items_purchased_type":["Card","Card","Card"],"build_version":"2020-12-22","purchased_purges":1,"victory":false,"max_hp_per_floor":[70,70,70,70,70,70,70,70,70,70,70,70,70,70,70,70,70,70,70,70,70,70,70,70,70,75,75,75,75,75,75,75,75,75,75],"card_choices":[{"not_picked":["Reflex","Quick Slash"],"picked":"Dagger Throw","floor":1.0},{"not_picked":["Blade Dance","Flechettes"],"picked":"Bane","floor":5.0},{"not_picked":["Choke","Endless Agony","Expertise"],"picked":"SKIP","floor":7.0},{"not_picked":["Cloak And Dagger","Night Terror","Backstab"],"picked":"SKIP","floor":9.0},{"not_picked":["Deflect","Flying Knee"],"picked":"Backflip","floor":10.0},{"not_picked":["Slice","Infinite Blades+1","Cloak And Dagger"],"picked":"SKIP","floor":13.0},{"not_picked":["Acrobatics","Blade Dance"],"picked":"Underhanded Strike","floor":14.0},{"not_picked":["Deflect","Backflip"],"picked":"Adrenaline","floor":15.0},{"not_picked":["Unload","Bullet Time"],"picked":"A Thousand Cuts+1","floor":19.0},{"not_picked":["Deadly Poison","Quick Slash","Bane"],"picked":"SKIP","floor":21.0},{"not_picked":["Eviscerate","Quick Slash"],"picked":"Escape Plan","floor":24.0},{"not_picked":["Deflect","Blade Dance","Masterful Stab"],"picked":"SKIP","floor":28.0},{"not_picked":["Blade Dance","Die Die Die"],"picked":"Backflip","floor":30.0},{"not_picked":["Deadly Poison","Cloak And Dagger"],"picked":"Calculated Gamble","floor":32.0}],"player_experience":443485,"relics_obtained":[{"floor":7.0,"key":"Frozen Egg 2"},{"floor":9.0,"key":"Smiling Mask"},{"floor":11.0,"key":"Orichalcum"},{"floor":12.0,"key":"Bag of Marbles"},{"floor":17.0,"key":"Pen Nib"},{"floor":28.0,"key":"Pantograph"},{"floor":30.0,"key":"Bronze Scales"}],"event_choices":[{"damage_healed":0.0,"max_hp_gain":0.0,"max_hp_loss":0.0,"gold_gain":75.0,"event_name":"World of Goop","player_choice":"Gather Gold","floor":2.0,"gold_loss":0.0,"damage_taken":11.0},{"damage_healed":0.0,"max_hp_gain":0.0,"max_hp_loss":0.0,"gold_gain":0.0,"event_name":"Accursed Blacksmith","player_choice":"Rummage","floor":4.0,"gold_loss":0.0,"damage_taken":0.0,"relics_obtained":["WarpedTongs"],"cards_obtained":["Pain"]},{"cards_removed":["Flying Knee"],"damage_healed":0.0,"max_hp_gain":0.0,"max_hp_loss":0.0,"gold_gain":0.0,"event_name":"Back to Basics","player_choice":"Elegance","floor":23.0,"gold_loss":0.0,"damage_taken":0.0},{"damage_healed":0.0,"max_hp_gain":0.0,"max_hp_loss":0.0,"gold_gain":0.0,"event_name":"The Library","player_choice":"Read","floor":25.0,"gold_loss":0.0,"damage_taken":0.0,"cards_obtained":["Acrobatics"]},{"damage_healed":0.0,"max_hp_gain":5.0,"max_hp_loss":0.0,"gold_gain":0.0,"event_name":"Forgotten Altar","player_choice":"Shed Blood","floor":26.0,"gold_loss":0.0,"damage_taken":18.0},{"damage_healed":0.0,"max_hp_gain":0.0,"max_hp_loss":0.0,"gold_gain":0.0,"event_name":"Drug Dealer","player_choice":"Inject Mutagens","floor":33.0,"gold_loss":0.0,"damage_taken":0.0,"relics_obtained":["MutagenicStrength"]}],"is_beta":false,"boss_relics":[{"not_picked":["SacredBark","Runic Dome"],"picked":"Ectoplasm"}],"items_purged_floors":[6],"is_endless":false,"potions_floor_spawned":[1,5,9,15,21,32],"killed_by":"Centurion and Healer","ascension_level":13}}