{"host":"z4nt7tdd4gjrinn7","time":1610230219,"event":{"mods":["BaseMod","Minty Spire (QoL Compilation)","StSLib","The Servant 0.9.4"],"gold_per_floor":[111,64,124,134,134,134,54,54,104,104,120,146,160,180,180,285,285,295,314,95,194,194,224,236,248,331,41,51,67,67,94,94,94,94],"floor_reached":33,"playtime":1462,"items_purged":[],"score":283,"play_id":"90a753ca-627b-4d60-8f71-a1570ce0ebb0","local_time":"20210109171019","is_ascension_mode":false,"campfire_choices":[{"data":"Blood for Blood","floor":6,"key":"SMITH"},{"data":"Fire Breathing","floor":8,"key":"SMITH"},{"floor":15,"key":"REST"},{"floor":24,"key":"REST"},{"floor":32,"key":"REST"}],"circlet_count":0,"master_deck":["Strike_R","Strike_R","Strike_R","Strike_R","Strike_R","Defend_R","Defend_R","Defend_R","Defend_R","Bash","Wild Strike","Thunderclap","Blood for Blood+1","Shockwave","Fire Breathing+1","Wild Strike","Twin Strike","Iron Wave","Intimidate","Immolate","Intimidate+1","Flame Barrier","Immolate","Reaper","Reckless Charge+1","Fire Breathing","Reckless Charge","Anger","Thunderclap","Perfected Strike","Rampage+1"],"relics":["Burning Blood","Bag of Marbles","Paper Frog","Black Star","MawBank","Toxic Egg 2","White Beast Statue","Lee\u0027s Waffle","PreservedInsect","Omamori"],"acts_visited":["Exordium","TheCity"],"potions_floor_usage":[16,18,28,29,33,33,33],"damage_taken":[{"damage":10,"enemies":"Cultist","floor":1,"turns":4},{"damage":11,"enemies":"Jaw Worm","floor":4,"turns":3},{"damage":0,"enemies":"Small Slimes","floor":11,"turns":3},{"damage":23,"enemies":"Gremlin Nob","floor":12,"turns":4},{"damage":16,"enemies":"Blue Slaver","floor":13,"turns":3},{"damage":9,"enemies":"2 Fungi Beasts","floor":14,"turns":2},{"damage":29,"enemies":"The Guardian","floor":16,"turns":7},{"damage":10,"enemies":"3 Byrds","floor":18,"turns":3},{"damage":5,"enemies":"Chosen","floor":19,"turns":4},{"damage":30,"enemies":"Gremlin Leader","floor":23,"turns":5},{"damage":10,"enemies":"Snecko","floor":28,"turns":4},{"damage":12,"enemies":"Centurion and Healer","floor":29,"turns":5},{"damage":10,"enemies":"Slavers","floor":31,"turns":2},{"damage":96,"enemies":"Automaton","floor":33,"turns":8}],"seed_played":"-1505490024027639108","potions_obtained":[{"floor":1,"key":"DistilledChaos"},{"floor":12,"key":"Energy Potion"},{"floor":14,"key":"Dexterity Potion"},{"floor":19,"key":"Energy Potion"},{"floor":28,"key":"Block Potion"},{"floor":29,"key":"GamblersBrew"},{"floor":31,"key":"DuplicationPotion"}],"is_trial":false,"path_per_floor":["M","$","?","M","?","R","$","R","T","?","M","E","M","M","R","B",null,"M","M","$","?","?","E","R","?","T","$","M","M","?","E","R","B"],"character_chosen":"IRONCLAD","items_purchased":["Thunderclap","Fire Breathing","Immolate","Reaper","Lee\u0027s Waffle","Fire Breathing","Reckless Charge"],"campfire_rested":3,"item_purchase_floors":[2,7,20,20,27,27,27],"current_hp_per_floor":[76,76,76,71,71,71,71,71,71,71,77,60,50,47,71,48,80,76,77,77,77,77,53,77,77,77,87,83,81,81,77,87,0,0],"gold":94,"neow_bonus":"ONE_RANDOM_RARE_CARD","is_daily":false,"chose_seed":false,"campfire_upgraded":2,"win_rate":0.0,"timestamp":1610230219,"path_taken":["M","?","?","M","?","R","$","R","T","?","M","E","M","?","R","BOSS","M","M","$","?","?","E","R","?","T","$","M","M","?","E","R","BOSS"],"items_purchased_type":["Card","Card","Card","Card","Relic","Card","Card"],"build_version":"2020-12-22","purchased_purges":0,"victory":false,"max_hp_per_floor":[80,80,80,80,80,80,80,80,80,80,80,80,80,80,80,80,80,80,80,80,80,80,80,80,80,80,87,87,87,87,87,87,87,87],"card_choices":[{"not_picked":["Seeing Red","Metallicize"],"picked":"Wild Strike","floor":1},{"not_picked":["Ghostly Armor","Flex"],"picked":"Blood for Blood","floor":4},{"not_picked":["True Grit","Sword Boomerang"],"picked":"Wild Strike","floor":11},{"not_picked":["Armaments","Entrench"],"picked":"Twin Strike","floor":12},{"not_picked":["Warcry","Seeing Red"],"picked":"Iron Wave","floor":13},{"not_picked":["Rampage","Shrug It Off"],"picked":"Intimidate","floor":14},{"not_picked":["Impervious","Corruption"],"picked":"Immolate","floor":16},{"not_picked":["Warcry","Twin Strike"],"picked":"Intimidate+1","floor":18},{"not_picked":["Warcry","Seeing Red+1"],"picked":"Flame Barrier","floor":19},{"not_picked":["Immolate","Flex+1"],"picked":"Reckless Charge+1","floor":23},{"not_picked":["Flex+1","Headbutt"],"picked":"Anger","floor":28},{"not_picked":["Dark Embrace","Flex+1"],"picked":"Thunderclap","floor":29},{"not_picked":["Headbutt","Carnage"],"picked":"Rampage+1","floor":31}],"player_experience":34637,"relics_obtained":[{"floor":9,"key":"Bag of Marbles"},{"floor":12,"key":"Paper Frog"},{"floor":23,"key":"MawBank"},{"floor":23,"key":"Toxic Egg 2"},{"floor":26,"key":"White Beast Statue"},{"floor":31,"key":"PreservedInsect"},{"floor":31,"key":"Omamori"}],"event_choices":[{"damage_healed":0,"gold_gain":60,"player_choice":"Gained Gold","damage_taken":0,"max_hp_gain":0,"max_hp_loss":0,"event_name":"Golden Wing","floor":3,"gold_loss":0},{"damage_healed":0,"gold_gain":0,"cards_transformed":["Berserk"],"player_choice":"Change","damage_taken":0,"max_hp_gain":0,"max_hp_loss":0,"event_name":"Living Wall","floor":5,"gold_loss":0,"cards_obtained":["Shockwave"]},{"damage_healed":0,"gold_gain":0,"player_choice":"Ignored","damage_taken":0,"max_hp_gain":0,"max_hp_loss":0,"event_name":"Shining Light","floor":10,"gold_loss":0},{"damage_healed":0,"gold_gain":99,"player_choice":"Stole From Cult","damage_taken":0,"max_hp_gain":0,"max_hp_loss":0,"event_name":"Nest","floor":21,"gold_loss":0},{"damage_healed":0,"gold_gain":0,"player_choice":"Ignored","damage_taken":0,"max_hp_gain":0,"max_hp_loss":0,"event_name":"Vampires","floor":22,"gold_loss":0},{"damage_healed":0,"gold_gain":0,"player_choice":"Ignored","damage_taken":0,"max_hp_gain":0,"max_hp_loss":0,"event_name":"Beggar","floor":25,"gold_loss":0},{"damage_healed":0,"gold_gain":0,"player_choice":"Read","damage_taken":0,"max_hp_gain":0,"max_hp_loss":0,"event_name":"The Library","floor":30,"gold_loss":0,"cards_obtained":["Perfected Strike"]}],"is_beta":false,"boss_relics":[{"not_picked":["Sozu","Philosopher\u0027s Stone"],"picked":"Black Star"}],"items_purged_floors":[],"is_endless":false,"potions_floor_spawned":[1,12,14,19,28,29,31],"killed_by":"Automaton","ascension_level":0}}