{"host":"o7j6aatxjwpw1421","time":1610174972,"event":{"mods":["2.2 Compatiblity","AchievementEnabler","BaseMod","Colored Map","DeckTracker","Highlight Path","Keyboard Shortcuts","Minty Spire (QoL Compilation)","Permanent Neow","Quick Restart","StSLib","SuperFastMode","everything is the same but u backflip on backflip"],"gold_per_floor":[16,28,28,48,60,60,76,76,101,130,143,193,204,215,215,290,290,300,13,28,48,59,59,70,80,106,145,157,181,227,251,263,275,275],"floor_reached":33,"playtime":1688,"items_purged":["Bash"],"score":579,"play_id":"0a71ba0c-a600-4186-9f7d-86a318b9a49e","local_time":"20210109154932","is_ascension_mode":true,"campfire_choices":[{"data":"Body Slam","floor":6.0,"key":"SMITH"},{"data":"Uppercut","floor":8.0,"key":"SMITH"},{"data":"Power Through","floor":15.0,"key":"SMITH"},{"floor":23.0,"key":"REST"},{"floor":32.0,"key":"REST"}],"circlet_count":0,"master_deck":["AscendersBane","Defend_R","Defend_R","Pummel","Body Slam+1","Uppercut+1","Battle Trance","Power Through+1","Immolate","Evolve+1","Sword Boomerang+1","Limit Break+1","Impervious","True Grit+1","Flex","Blood for Blood"],"relics":["Burning Blood","Bag of Marbles","Regal Pillow","Astrolabe","Membership Card","MawBank","Orichalcum","Bottled Tornado"],"acts_visited":["Exordium","TheCity"],"potions_floor_usage":[],"damage_taken":[{"damage":16.0,"enemies":"Jaw Worm","floor":1.0,"turns":7.0},{"damage":6.0,"enemies":"Cultist","floor":2.0,"turns":3.0},{"damage":10.0,"enemies":"2 Louse","floor":4.0,"turns":3.0},{"damage":7.0,"enemies":"Looter","floor":5.0,"turns":4.0},{"damage":9.0,"enemies":"Large Slime","floor":7.0,"turns":4.0},{"damage":20.0,"enemies":"3 Sentries","floor":10.0,"turns":8.0},{"damage":12.0,"enemies":"2 Fungi Beasts","floor":11.0,"turns":3.0},{"damage":0.0,"enemies":"Blue Slaver","floor":13.0,"turns":2.0},{"damage":0.0,"enemies":"Looter","floor":14.0,"turns":3.0},{"damage":36.0,"enemies":"Slime Boss","floor":16.0,"turns":12.0},{"damage":15.0,"enemies":"Chosen","floor":18.0,"turns":6.0},{"damage":2.0,"enemies":"2 Thieves","floor":20.0,"turns":3.0},{"damage":15.0,"enemies":"Snake Plant","floor":21.0,"turns":4.0},{"damage":21.0,"enemies":"Shelled Parasite and Fungi","floor":22.0,"turns":4.0},{"damage":11.0,"enemies":"Chosen and Byrds","floor":24.0,"turns":6.0},{"damage":12.0,"enemies":"3 Cultists","floor":25.0,"turns":3.0},{"damage":24.0,"enemies":"Book of Stabbing","floor":27.0,"turns":6.0},{"damage":4.0,"enemies":"Snake Plant","floor":29.0,"turns":3.0},{"damage":18.0,"enemies":"Gremlin Leader","floor":30.0,"turns":4.0},{"damage":10.0,"enemies":"Centurion and Healer","floor":31.0,"turns":6.0},{"damage":42,"enemies":"Automaton","floor":33,"turns":10}],"seed_played":"5818513434822363655","potions_obtained":[{"floor":1.0,"key":"LiquidBronze"},{"floor":2.0,"key":"FearPotion"},{"floor":4.0,"key":"AttackPotion"},{"floor":10.0,"key":"BlessingOfTheForge"},{"floor":21.0,"key":"SteroidPotion"},{"floor":22.0,"key":"PowerPotion"},{"floor":24.0,"key":"Strength Potion"},{"floor":29.0,"key":"CultistPotion"},{"floor":30.0,"key":"FearPotion"}],"is_trial":false,"path_per_floor":["M","M","?","M","M","R","M","R","T","E","M","?","M","M","R","B",null,"M","$","M","M","M","R","M","M","T","E","?","M","E","M","R","B"],"character_chosen":"IRONCLAD","items_purchased":["Membership Card","Impervious"],"campfire_rested":2,"item_purchase_floors":[19,19],"current_hp_per_floor":[58,58,58,54,53,53,50,50,50,36,30,30,36,42,42,12,59,50,50,54,45,30,67,62,56,56,38,38,40,28,24,61,19,19],"gold":275,"neow_bonus":"REMOVE_TWO","is_daily":false,"chose_seed":false,"campfire_upgraded":3,"win_rate":0.0,"timestamp":1610174972,"path_taken":["M","M","?","M","M","R","M","R","T","E","M","?","?","M","R","BOSS","M","$","M","?","M","R","M","M","T","E","?","M","E","?","R","BOSS"],"items_purchased_type":["Relic","Card"],"build_version":"2020-12-22","purchased_purges":1,"victory":false,"max_hp_per_floor":[75,75,75,75,75,75,75,75,75,75,75,75,75,75,75,75,75,75,75,75,75,75,75,75,75,75,75,75,75,75,75,75,75,75],"card_choices":[{"not_picked":["Rupture","Heavy Blade","Shrug It Off"],"picked":"SKIP","floor":1.0},{"not_picked":["Headbutt","Disarm"],"picked":"Pummel","floor":2.0},{"not_picked":["Dropkick","True Grit"],"picked":"Body Slam","floor":4.0},{"not_picked":["Body Slam","Pommel Strike","Twin Strike"],"picked":"SKIP","floor":5.0},{"not_picked":["Infernal Blade","Heavy Blade"],"picked":"Uppercut","floor":7.0},{"not_picked":["Heavy Blade","Bloodletting"],"picked":"Battle Trance","floor":10.0},{"not_picked":["Body Slam","Demon Form"],"picked":"Power Through","floor":11.0},{"not_picked":["Flex","Rampage","Anger"],"picked":"SKIP","floor":13.0},{"not_picked":["Wild Strike","Twin Strike","Heavy Blade"],"picked":"SKIP","floor":14.0},{"not_picked":["Corruption","Offering"],"picked":"Immolate","floor":16.0},{"not_picked":["Searing Blow","Pommel Strike","Armaments"],"picked":"SKIP","floor":18.0},{"not_picked":["Twin Strike","Body Slam","Warcry"],"picked":"SKIP","floor":20.0},{"not_picked":["Whirlwind","Thunderclap","Sentinel"],"picked":"SKIP","floor":21.0},{"not_picked":["Headbutt","Power Through","Dropkick"],"picked":"SKIP","floor":22.0},{"not_picked":["Inflame","Clash","Warcry"],"picked":"SKIP","floor":24.0},{"not_picked":["Cleave","Immolate"],"picked":"True Grit+1","floor":25.0},{"not_picked":["Spot Weakness","Searing Blow"],"picked":"Flex","floor":27.0},{"not_picked":["Perfected Strike","Cleave","Clash"],"picked":"SKIP","floor":29.0},{"not_picked":["Sword Boomerang+1","Headbutt","Body Slam"],"picked":"SKIP","floor":30.0},{"not_picked":["Headbutt","Sword Boomerang+1","Burning Pact+1"],"picked":"SKIP","floor":31.0}],"player_experience":441820,"relics_obtained":[{"floor":9.0,"key":"Bag of Marbles"},{"floor":10.0,"key":"Regal Pillow"},{"floor":26.0,"key":"MawBank"},{"floor":27.0,"key":"Orichalcum"},{"floor":30.0,"key":"Bottled Tornado"}],"event_choices":[{"cards_removed":["Strike_R"],"damage_healed":0.0,"max_hp_gain":0.0,"max_hp_loss":0.0,"gold_gain":0.0,"event_name":"Living Wall","player_choice":"Forget","floor":3.0,"gold_loss":0.0,"damage_taken":0.0},{"damage_healed":0.0,"max_hp_gain":0.0,"max_hp_loss":0.0,"gold_gain":50.0,"event_name":"Golden Shrine","player_choice":"Pray","floor":12.0,"gold_loss":0.0,"damage_taken":0.0},{"damage_healed":0.0,"max_hp_gain":0.0,"max_hp_loss":0.0,"gold_gain":0.0,"cards_transformed":["Defend_R"],"event_name":"Transmorgrifier","player_choice":"Transformed","floor":28.0,"gold_loss":0.0,"damage_taken":0.0,"cards_obtained":["Blood for Blood"]}],"is_beta":false,"boss_relics":[{"not_picked":["Velvet Choker","Busted Crown"],"picked":"Astrolabe"}],"items_purged_floors":[19],"is_endless":false,"potions_floor_spawned":[1,2,4,10,13,21,22,24,29,30],"killed_by":"Automaton","ascension_level":19}}