{"host":"ELF","time":1610206409,"event":{"mods":["BaseMod","Minty Spire (QoL Compilation)"],"gold_per_floor":[115,115,115,115,178,178,203,218,218,218,268,282,282,300,300,375,375,391,401,501,264,314,314,330,330,330,147,163,213,213,233,233,233,233],"floor_reached":33,"playtime":1216,"items_purged":["Strike_G","Strike_G"],"score":540,"play_id":"6dd070d5-98ed-49a1-8834-2b453d3c64c7","local_time":"20210109093329","is_ascension_mode":true,"campfire_choices":[{"floor":6,"key":"REST"},{"data":"Noxious Fumes","floor":10,"key":"SMITH"},{"floor":13,"key":"REST"},{"data":"Deadly Poison","floor":15,"key":"SMITH"},{"data":"Corpse Explosion","floor":23,"key":"SMITH"},{"floor":25,"key":"REST"},{"floor":30,"key":"REST"},{"floor":32,"key":"REST"}],"circlet_count":0,"master_deck":["AscendersBane","Strike_G+1","Strike_G","Strike_G","Defend_G","Defend_G","Defend_G","Defend_G","Defend_G","Survivor+1","Neutralize","Deadly Poison+1","Noxious Fumes+1","Backflip","Poisoned Stab","All Out Attack","Tools of the Trade","CurseOfTheBell","Acrobatics","Corpse Explosion+1","Footwork","Deadly Poison"],"relics":["Ring of the Snake","NeowsBlessing","SsserpentHead","Blue Candle","Pantograph","Happy Flower","Calling Bell","Snake Skull","The Specimen","Meat on the Bone","Membership Card","Paper Crane","Pear"],"acts_visited":["Exordium","TheCity"],"potions_floor_usage":[18,31],"damage_taken":[{"damage":0,"enemies":"2 Louse","floor":1,"turns":1},{"damage":0,"enemies":"Cultist","floor":5,"turns":1},{"damage":0,"enemies":"Gremlin Nob","floor":7,"turns":1},{"damage":0,"enemies":"Jaw Worm","floor":8,"turns":4},{"damage":0,"enemies":"2 Fungi Beasts","floor":12,"turns":4},{"damage":19,"enemies":"Large Slime","floor":14,"turns":6},{"damage":8,"enemies":"The Guardian","floor":16,"turns":10},{"damage":35,"enemies":"Shell Parasite","floor":18,"turns":5},{"damage":23,"enemies":"3 Byrds","floor":19,"turns":4},{"damage":23,"enemies":"Snake Plant","floor":24,"turns":4},{"damage":16,"enemies":"Centurion and Healer","floor":28,"turns":5},{"damage":24,"enemies":"Sentry and Sphere","floor":31,"turns":5},{"damage":90,"enemies":"Champ","floor":33,"turns":13}],"seed_played":"-3491439134621221958","potions_obtained":[{"floor":5,"key":"Explosive Potion"},{"floor":8,"key":"GamblersBrew"},{"floor":16,"key":"CunningPotion"},{"floor":28,"key":"PowerPotion"}],"is_trial":false,"path_per_floor":["M","$","?","?","M","R","E","M","T","R","?","M","R","M","R","B",null,"M","M","?","$","?","R","M","R","T","$","M","?","R","M","R","B"],"character_chosen":"THE_SILENT","items_purchased":["Membership Card","Footwork","Pear"],"campfire_rested":5,"item_purchase_floors":[21,21,27],"current_hp_per_floor":[59,59,39,39,39,58,58,58,58,58,40,40,59,40,40,57,64,41,30,30,30,43,43,32,51,51,61,45,23,47,35,59,0,0],"gold":233,"neow_bonus":"THREE_ENEMY_KILL","is_daily":false,"chose_seed":false,"campfire_upgraded":3,"win_rate":0.0,"timestamp":1610206409,"path_taken":["M","$","?","?","?","R","E","M","T","R","?","M","R","M","R","BOSS","M","M","?","$","?","R","M","R","T","$","M","?","R","M","R","BOSS"],"items_purchased_type":["Relic","Card","Relic"],"build_version":"2020-12-18","purchased_purges":2,"victory":false,"max_hp_per_floor":[66,66,66,66,66,66,66,66,66,66,66,66,66,66,66,66,66,66,66,66,66,66,66,66,66,66,76,76,81,81,81,81,81,81],"card_choices":[{"not_picked":["Choke","Cloak And Dagger"],"picked":"Deadly Poison","floor":1},{"not_picked":["Dodge and Roll","Outmaneuver"],"picked":"Noxious Fumes","floor":5},{"not_picked":["Dagger Spray","Slice"],"picked":"Backflip","floor":7},{"not_picked":["Quick Slash","Masterful Stab"],"picked":"Poisoned Stab","floor":8},{"not_picked":["Setup","Outmaneuver","Underhanded Strike"],"picked":"SKIP","floor":12},{"not_picked":["Blade Dance","Well Laid Plans"],"picked":"All Out Attack","floor":14},{"not_picked":["A Thousand Cuts","Grand Finale"],"picked":"Tools of the Trade","floor":16},{"not_picked":["Dagger Throw","Flying Knee+1"],"picked":"Acrobatics","floor":18},{"not_picked":["Quick Slash","Escape Plan+1"],"picked":"Corpse Explosion","floor":19},{"not_picked":["Cloak And Dagger","Bane"],"picked":"Deadly Poison","floor":24},{"not_picked":["Accuracy","Underhanded Strike","Caltrops"],"picked":"SKIP","floor":28},{"not_picked":["Endless Agony","Terror","Outmaneuver"],"picked":"SKIP","floor":31}],"player_experience":3153834,"relics_obtained":[{"floor":7,"key":"Blue Candle"},{"floor":9,"key":"Pantograph"},{"floor":17,"key":"Snake Skull"},{"floor":17,"key":"The Specimen"},{"floor":17,"key":"Meat on the Bone"},{"floor":26,"key":"Paper Crane"}],"event_choices":[{"damage_healed":0,"gold_gain":0,"player_choice":"Entered Light","damage_taken":20,"max_hp_gain":0,"max_hp_loss":0,"event_name":"Shining Light","floor":3,"gold_loss":0,"cards_upgraded":["Strike_G","Survivor"]},{"damage_healed":0,"gold_gain":0,"player_choice":"Trade","damage_taken":0,"relics_obtained":["SsserpentHead"],"max_hp_gain":0,"max_hp_loss":0,"event_name":"FaceTrader","floor":4,"gold_loss":0},{"damage_healed":0,"gold_gain":0,"player_choice":"Success","damage_taken":18,"relics_obtained":["Happy Flower"],"max_hp_gain":0,"max_hp_loss":0,"event_name":"Scrap Ooze","floor":11,"gold_loss":0},{"damage_healed":0,"gold_gain":50,"player_choice":"Stole From Cult","damage_taken":0,"max_hp_gain":0,"max_hp_loss":0,"event_name":"Nest","floor":20,"gold_loss":0},{"damage_healed":13,"gold_gain":0,"player_choice":"Heal","damage_taken":0,"max_hp_gain":0,"max_hp_loss":0,"event_name":"The Library","floor":22,"gold_loss":0},{"damage_healed":0,"gold_gain":0,"player_choice":"Shed Blood","damage_taken":27,"max_hp_gain":5,"max_hp_loss":0,"event_name":"Forgotten Altar","floor":29,"gold_loss":0}],"is_beta":true,"boss_relics":[{"not_picked":["Philosopher\u0027s Stone","SacredBark"],"picked":"Calling Bell"}],"items_purged_floors":[21,27],"is_endless":false,"potions_floor_spawned":[5,8,16,28],"killed_by":"Champ","ascension_level":20}}