{"host":"r40cn8c2kv7g6k3i","time":1610214206,"event":{"mods":["Act Like it!","BaseMod","Colored Powertips","Downfall","Gensokyo","Hallownest","KinomotoSakuraMod(ƒæ÷Æ±æ”£)","Marisa£®ÏF”Í°°ƒß¿Ì…≥£©","Minty Spire (QoL Compilation)","Onozuka Komachi Mod","Prisma Mod","Reimu£®≤©¿ˆ¡È√Œ£©","Remilia£®¿Ÿ√◊¿Ú—«£©","Replay The Spire","Shop Mod","Spicy Shops","StSLib","The Alterego","The Bug Knight","The Servant 0.9.4","UnlockEverythingMod","WarShipGirlsR/’ΩΩ¢…Ÿ≈ÆR mod","Youmu£®ªÍ∆«—˝√Œ£©","Yuri Mod"],"gold_per_floor":[118,133,33,51,69,69,82,82,82,32,32,557,574,609,609,704,704,717,728,381,401,713,945,945,976,1003,1036,1046,1057,1057,63,63,190,190,209,209,233,173,188,242,242,297,297,353,397,457,473,102,102,102],"floor_reached":51,"playtime":8645,"items_purged":["Defend_MRS"],"score":1055,"play_id":"a2e9a0c3-1c2e-4fb5-8e64-ddbdf202eb54","local_time":"20210110014326","is_ascension_mode":true,"campfire_choices":[{"data":"MagicChant","floor":6,"key":"SMITH"},{"data":"OortCloud","floor":15,"key":"SMITH"},{"floor":24,"key":"REST"},{"floor":32,"key":"REST"},{"data":"StarDustReverie","floor":41,"key":"SMITH"},{"data":"Gensokyo:TurboGranny","floor":49,"key":"SMITH"}],"circlet_count":0,"master_deck":["Strike_MRS","Strike_MRS+1","Strike_MRS","Defend_MRS","Defend_MRS","Defend_MRS+1","MasterSpark","UpSweep","MagicChant+1","ShootTheMoon","OrrerysSun","NonDirectionalLaser","StarDustReverie+1","Gensokyo:BlessingOfConstitution","Parasite","Parasite","OortCloud+1","MysteriousBeam","EnergyFlow","BinaryStars+1","SporeBomb","BlazeAway","Gensokyo:SlitMouthedWoman","DeepEcoloBomb+1","EarthLightRay","SatelliteIllusion+1","GrandCross","MysteriousBeam","PowerUp","SuperPerseids+1","WitchOfGreed+1","StarDustReverie+1","Singularity+1","FinalSpark+1","StarBarrage+1","IllusionStar+1","OortCloud","RefractionSpark+1","Acceleration","MillisecondPulsars+1","OortCloud","Gensokyo:BlemishedSteel","Gensokyo:ScrapIron","Gensokyo:Shovel","Gensokyo:TurboGranny+1"],"relics":["MiniHakkero","NeowsBlessing","Lantern","ShroomBag","Golden Egg","Replay:Bottled Steam","Snecko Eye","Gremlin Food","Pet Ghost","Akabeko","Durian","SproutingBranch","Gensokyo:ChorusOfJoy","Replay:Wax Seal","Blood Vial","Molten Egg 2","Bronze Scales","Chemical X","Strange Spoon","Black Star","Replay:Rubber Ducky","Replay:Baseball","Smiling Mask","Girya","Singing Bowl","Ice Cream","Centennial Puzzle","Orichalcum","Tea:ReiMu"],"acts_visited":["Gensokyo:Gensokyo","Gensokyo:Gensokyoer","Gensokyo:Gensokyoest"],"potions_floor_usage":[12,12,14,21,22,23,23,25,28,42,42,42,42,42,44,45,45],"damage_taken":[{"damage":0,"enemies":"Gensokyo:2_Kodama","floor":1,"turns":1},{"damage":0,"enemies":"Gensokyo:3_Fairies","floor":2,"turns":1},{"damage":0,"enemies":"Gensokyo:Python","floor":4,"turns":1},{"damage":13,"enemies":"Gensokyo:Kitsune","floor":5,"turns":4},{"damage":6,"enemies":"Gensokyo:2_Rabbits","floor":7,"turns":4},{"damage":28,"enemies":"Gensokyo:Cirno","floor":12,"turns":7},{"damage":0,"enemies":"Gensokyo:VengefulSpirit","floor":13,"turns":5},{"damage":1,"enemies":"Gensokyo:Aya","floor":14,"turns":4},{"damage":5,"enemies":"Gensokyo:Kokoro","floor":16,"turns":9},{"damage":3,"enemies":"Gensokyo:AngelMirror","floor":18,"turns":4},{"damage":0,"enemies":"Gensokyo:Chomper","floor":19,"turns":3},{"damage":6,"enemies":"Gensokyo:Wraith","floor":21,"turns":4},{"damage":44,"enemies":"Gensokyo:Chomper_and_Gloop","floor":22,"turns":6},{"damage":35,"enemies":"Gensokyo:Reisen","floor":23,"turns":8},{"damage":16,"enemies":"Gensokyo:Koishi","floor":25,"turns":3},{"damage":22,"enemies":"Gensokyo:Reisen","floor":27,"turns":4},{"damage":5,"enemies":"Gensokyo:Slime_Group","floor":28,"turns":4},{"damage":23,"enemies":"Gensokyo:Wraith","floor":29,"turns":3},{"damage":18,"enemies":"Gensokyo:Kaguya","floor":33,"turns":9},{"damage":8,"enemies":"Gensokyo:AncientGuardian","floor":35,"turns":3},{"damage":0,"enemies":"Gensokyo:3_Boulders","floor":38,"turns":5},{"damage":0,"enemies":"Gensokyo:SeedOfUnknown","floor":39,"turns":2},{"damage":35,"enemies":"Gensokyo:Marisa","floor":40,"turns":5},{"damage":38,"enemies":"Gensokyo:Kasen","floor":42,"turns":6},{"damage":26,"enemies":"Gensokyo:Doremy","floor":44,"turns":5},{"damage":0,"enemies":"Gensokyo:4_Bats","floor":45,"turns":5},{"damage":12,"enemies":"Gensokyo:Kasen","floor":46,"turns":4},{"damage":0,"enemies":"Gensokyo:AtlasGolem","floor":47,"turns":3},{"damage":0,"enemies":"Gensokyo:Shinki","floor":50,"turns":8}],"seed_played":"6638237911998949971","potions_obtained":[{"floor":1,"key":"Strength Potion"},{"floor":5,"key":"Fire Potion"},{"floor":7,"key":"Cursed Concoction"},{"floor":13,"key":"BlessingOfTheForge"},{"floor":16,"key":"hexamod:EctoCoolerPotion"},{"floor":18,"key":"Reflective Coating"},{"floor":21,"key":"Elixir"},{"floor":23,"key":"MagicPotion:ReiMu"},{"floor":25,"key":"Ancient Potion"},{"floor":33,"key":"Fire Potion"},{"floor":35,"key":"EssenceOfSteel"},{"floor":38,"key":"Fire Potion"},{"floor":42,"key":"CultistPotion"},{"floor":42,"key":"Fire Potion"},{"floor":44,"key":"Fire Potion"},{"floor":45,"key":"SpeedPotion"},{"floor":45,"key":"Block Potion"},{"floor":46,"key":"StarNLove"}],"is_trial":false,"path_per_floor":["M","M","COS","M","M","R","M","?","T","?","$","E","M","E","R","B",null,"M","M","COS","M","M","E","R","E","T","E","M","M","?","$","R","B",null,"M","?","T","M","M","E","R","E","T","E","M","E","M","COS","R","B",null],"character_chosen":"MARISA","items_purchased":["Replay:Wax Seal","Blood Vial","SuperPerseids","Molten Egg 2","Bronze Scales","Chemical X","Strange Spoon","EntropicBrew","WitchOfGreed"],"campfire_rested":2,"item_purchase_floors":[31,31,31,31,31,31,31,31,31],"current_hp_per_floor":[75,75,75,75,62,62,56,56,56,56,56,28,32,35,35,34,75,75,75,75,71,31,4,26,14,14,5,20,12,12,12,36,45,80,74,74,74,80,80,53,53,40,40,36,60,64,79,79,79,82],"gold":102,"neow_bonus":"THREE_ENEMY_KILL","is_daily":false,"chose_seed":false,"campfire_upgraded":4,"win_rate":0.0,"timestamp":1610214206,"path_taken":["M","M","COS","M","M","R","M","?","T","?","?","E","?","E","R","BOSS","M","M","COS","M","M","E","R","E","T","E","M","M","?","$","R","BOSS","M","?","?","M","M","E","R","E","T","E","?","E","M","COS","R","BOSS"],"items_purchased_type":["Relic","Relic","Card","Relic","Relic","Relic","Relic","Potion","Card"],"build_version":"2020-12-22","purchased_purges":1,"victory":true,"max_hp_per_floor":[75,75,75,75,75,75,75,75,75,75,75,75,75,75,75,75,75,75,75,75,75,75,75,75,75,75,80,80,80,80,80,80,80,80,80,80,80,80,80,80,80,80,80,80,80,80,82,82,82,82],"card_choices":[{"not_picked":["DoubleSpark","GravityBeat"],"picked":"MagicChant","floor":1},{"not_picked":["BlazeAway","PowerUp"],"picked":"ShootTheMoon","floor":2},{"not_picked":["IllusionStar","SporeBomb"],"picked":"OrrerysSun","floor":4},{"not_picked":["MilkyWay","DC"],"picked":"NonDirectionalLaser","floor":5},{"not_picked":["WitchLeyline","DarkMatter"],"picked":"StarDustReverie","floor":7},{"not_picked":["GalacticHalo","DarkSpark"],"picked":"OortCloud","floor":12},{"not_picked":["BlazeAway","GasGiant"],"picked":"MysteriousBeam","floor":13},{"not_picked":["IllusionStar","DoubleSpark"],"picked":"EnergyFlow","floor":14},{"not_picked":["BlazingStar","BigCrunch"],"picked":"BinaryStars","floor":16},{"not_picked":["ShootingEcho","DoubleSpark"],"picked":"SporeBomb","floor":18},{"not_picked":["AsteroidBelt","BigCrunch"],"picked":"BlazeAway","floor":19},{"not_picked":["NonDirectionalLaser+1","DarkMatter"],"picked":"DeepEcoloBomb+1","floor":21},{"not_picked":["Acceleration","DC"],"picked":"EarthLightRay","floor":22},{"not_picked":["MilkyWay","DarkSpark"],"picked":"SatelliteIllusion","floor":23},{"not_picked":["UnstableBomb+1","BigCrunch"],"picked":"GrandCross","floor":25},{"not_picked":["NonDirectionalLaser","SatelliteIllusion"],"picked":"LuminesStrike","floor":27},{"not_picked":["ShootingEcho","GravityBeat"],"picked":"MysteriousBeam","floor":28},{"not_picked":["EarthLightRay","DeepEcoloBomb"],"picked":"PowerUp","floor":29},{"not_picked":["BlazingStar+1","SatelliteIllusion"],"picked":"StarDustReverie","floor":33},{"not_picked":["WitchLeyline+1","LuminesStrike+1"],"picked":"Singularity+1","floor":35},{"not_picked":["EnergyFlow","PowerUp"],"picked":"StarBarrage+1","floor":38},{"not_picked":["GravityBeat+1","MagicChant"],"picked":"IllusionStar+1","floor":39},{"not_picked":["BlazingStar+1","MysteriousBeam+1"],"picked":"OortCloud","floor":40},{"not_picked":["WitchLeyline+1","WitchOfGreed"],"picked":"RefractionSpark+1","floor":42},{"not_picked":["GrandCross+1","WitchLeyline+1"],"picked":"Acceleration","floor":44},{"not_picked":["MilkyWay","PowerUp"],"picked":"MillisecondPulsars","floor":45},{"not_picked":["EnergyRecoil","DarkSpark+1"],"picked":"OortCloud","floor":46},{"not_picked":["NonDirectionalLaser+1","PulseMagic+1","FairyDestructionRay+1"],"picked":"Singing Bowl","floor":47}],"player_experience":150471,"relics_obtained":[{"floor":9,"key":"Lantern"},{"floor":12,"key":"Golden Egg"},{"floor":14,"key":"Replay:Bottled Steam"},{"floor":23,"key":"Gremlin Food"},{"floor":25,"key":"Pet Ghost"},{"floor":26,"key":"Akabeko"},{"floor":27,"key":"SproutingBranch"},{"floor":37,"key":"Replay:Rubber Ducky"},{"floor":40,"key":"Replay:Baseball"},{"floor":40,"key":"Smiling Mask"},{"floor":42,"key":"Girya"},{"floor":42,"key":"Singing Bowl"},{"floor":44,"key":"Ice Cream"},{"floor":44,"key":"Centennial Puzzle"},{"floor":46,"key":"Orichalcum"},{"floor":46,"key":"Tea:ReiMu"}],"event_choices":[],"is_beta":false,"boss_relics":[{"not_picked":["Fusion Hammer","Astrolabe"],"picked":"Snecko Eye"},{"not_picked":["ReplayTheSpireMod:DimensionalGlitch","Replay:Drink Me"],"picked":"Black Star"}],"items_purged_floors":[31],"is_endless":false,"potions_floor_spawned":[1,5,7,13,16,18,21,23,25,35,40,42,45,46,47],"ascension_level":2}}