{"host":"1c52r9kaxdyo25eq","time":1610182319,"event":{"mods":["AchievementEnabler","BaseMod","Minty Spire (QoL Compilation)","Rare Cards Sparkle","SuperFastMode","everything is the same but u backflip on backflip"],"gold_per_floor":[112,132,132,152,164,164,177,177,204,204,228,56,56,56,56,56,56],"floor_reached":16,"playtime":299,"items_purged":[],"score":180,"play_id":"73caaf55-ae52-4071-99bd-d1d8445ff660","local_time":"20210109175159","is_ascension_mode":true,"campfire_choices":[{"data":"Neutralize","floor":6.0,"key":"SMITH"},{"data":"Prepared","floor":10.0,"key":"SMITH"},{"data":"Prepared","floor":13,"key":"SMITH"},{"data":"A Thousand Cuts","floor":15,"key":"SMITH"}],"circlet_count":0,"master_deck":["AscendersBane","Strike_G","Strike_G","Strike_G","Strike_G","Strike_G","Defend_G","Defend_G","Defend_G","Defend_G","Defend_G","Survivor","Neutralize+1","After Image","Heel Hook","Heel Hook","Prepared+1","Prepared+1","A Thousand Cuts+1"],"relics":["Ring of the Snake","Happy Flower","Potion Belt","Boot","Orrery","Golden Idol"],"acts_visited":["Exordium"],"potions_floor_usage":[],"damage_taken":[{"damage":0.0,"enemies":"Small Slimes","floor":1.0,"turns":5.0},{"damage":7.0,"enemies":"Jaw Worm","floor":2.0,"turns":5.0},{"damage":2.0,"enemies":"2 Louse","floor":4.0,"turns":4.0},{"damage":9.0,"enemies":"Blue Slaver","floor":5.0,"turns":6.0},{"damage":5.0,"enemies":"Exordium Wildlife","floor":7.0,"turns":6.0},{"damage":19,"enemies":"Slime Boss","floor":16,"turns":5}],"seed_played":"-5113516868774743325","potions_obtained":[{"floor":2.0,"key":"SpeedPotion"},{"floor":4.0,"key":"CunningPotion"}],"is_trial":false,"path_per_floor":["M","M","?","M","M","R","M","?","T","R","T","$","R","?","R","B"],"character_chosen":"THE_SILENT","items_purchased":["Orrery"],"campfire_rested":0,"item_purchase_floors":[12],"current_hp_per_floor":[59,52,34,32,23,23,18,40,40,40,40,40,40,40,40,21,21],"gold":56,"neow_bonus":"ONE_RANDOM_RARE_CARD","is_daily":false,"chose_seed":false,"campfire_upgraded":4,"win_rate":0.0,"timestamp":1610182319,"path_taken":["M","M","?","M","M","R","M","?","T","R","?","$","R","?","R","BOSS"],"items_purchased_type":["Relic"],"build_version":"2020-12-22","purchased_purges":0,"victory":false,"max_hp_per_floor":[66,66,66,66,66,66,66,66,66,66,66,66,66,60,60,60,60],"card_choices":[{"not_picked":["Dodge and Roll","Deadly Poison"],"picked":"Heel Hook","floor":1.0},{"not_picked":["Flechettes","Quick Slash"],"picked":"Heel Hook","floor":2.0},{"not_picked":["Crippling Poison","Quick Slash"],"picked":"Prepared","floor":4.0},{"not_picked":["Heel Hook","Sucker Punch","Quick Slash"],"picked":"SKIP","floor":5.0},{"not_picked":["Prepared","Blade Dance","Dash"],"picked":"SKIP","floor":7.0},{"not_picked":["Backflip","PiercingWail"],"picked":"Prepared","floor":12},{"not_picked":["Expertise","Bane"],"picked":"A Thousand Cuts","floor":12}],"player_experience":567850,"relics_obtained":[{"floor":9.0,"key":"Potion Belt"},{"floor":11.0,"key":"Boot"}],"event_choices":[{"damage_healed":0.0,"max_hp_gain":0.0,"max_hp_loss":0.0,"gold_gain":0.0,"event_name":"Scrap Ooze","player_choice":"Success","floor":3.0,"gold_loss":0.0,"damage_taken":18.0,"relics_obtained":["Happy Flower"]},{"damage_healed":22.0,"max_hp_gain":0.0,"max_hp_loss":0.0,"gold_gain":0.0,"event_name":"Big Fish","player_choice":"Banana","floor":8.0,"gold_loss":0.0,"damage_taken":0.0},{"damage_healed":0,"gold_gain":0,"player_choice":"Lose Max HP","damage_taken":0,"relics_obtained":["Golden Idol"],"max_hp_gain":0,"max_hp_loss":6,"event_name":"Golden Idol","floor":14,"gold_loss":0}],"is_beta":false,"boss_relics":[],"items_purged_floors":[],"is_endless":false,"potions_floor_spawned":[2,4,5],"killed_by":"Slime Boss","ascension_level":20}}