{"host":"ydujlihd8f5px9gp","time":1610232952,"event":{"mods":["AchievementEnabler","BaseMod","Block Reminder","Colored Map","Minty Spire (QoL Compilation)","ojb\u0027s Info Mod"],"gold_per_floor":[115,127,4,4,0,31,48,77,77,90,100,113,113,132,132,236,236,249,149,149,160,35,63,63,63,90,107,107,107,118,136,136,136,136],"floor_reached":33,"playtime":1169,"items_purged":["Strike_R","Defend_R","Strike_R"],"score":387,"play_id":"7626ad90-90f0-44ef-87d1-a0044cea1853","local_time":"20210109205552","is_ascension_mode":true,"campfire_choices":[{"data":"Rampage","floor":13,"key":"SMITH"},{"data":"Headbutt","floor":15,"key":"SMITH"},{"data":"Armaments","floor":25,"key":"SMITH"},{"data":"Double Tap","floor":29,"key":"SMITH"},{"floor":32,"key":"REST"}],"circlet_count":0,"master_deck":["Strike_R","Strike_R","Defend_R","Defend_R","Bash","Rampage+1","Cleave","Clash","Clash","Uppercut","Headbutt+1","Double Tap+1","Armaments+1","Headbutt+1","Warcry+1","Shrug It Off+1"],"relics":["Empty Cage","Anchor","Turnip","Pear","Runic Pyramid","Red Skull","Omamori"],"acts_visited":["Exordium","TheCity"],"potions_floor_usage":[8,16,23,27,30,33],"damage_taken":[{"damage":0,"enemies":"Small Slimes","floor":1,"turns":3},{"damage":2,"enemies":"Jaw Worm","floor":2,"turns":3},{"damage":15,"enemies":"Gremlin Nob","floor":6,"turns":4},{"damage":0,"enemies":"Cultist","floor":7,"turns":1},{"damage":4,"enemies":"3 Sentries","floor":8,"turns":7},{"damage":0,"enemies":"Large Slime","floor":10,"turns":2},{"damage":0,"enemies":"Red Slaver","floor":11,"turns":2},{"damage":0,"enemies":"Looter","floor":12,"turns":2},{"damage":0,"enemies":"3 Louse","floor":14,"turns":2},{"damage":0,"enemies":"Slime Boss","floor":16,"turns":4},{"damage":3,"enemies":"3 Byrds","floor":18,"turns":4},{"damage":2,"enemies":"2 Thieves","floor":21,"turns":3},{"damage":37,"enemies":"Slavers","floor":23,"turns":4},{"damage":0,"enemies":"Centurion and Healer","floor":27,"turns":4},{"damage":0,"enemies":"Sentry and Sphere","floor":30,"turns":2},{"damage":16,"enemies":"Shelled Parasite and Fungi","floor":31,"turns":4},{"damage":63,"enemies":"Collector","floor":33,"turns":6}],"seed_played":"-2247343752727496502","potions_obtained":[{"floor":2,"key":"SmokeBomb"},{"floor":7,"key":"LiquidBronze"},{"floor":10,"key":"LiquidBronze"},{"floor":14,"key":"BlessingOfTheForge"},{"floor":18,"key":"GamblersBrew"},{"floor":23,"key":"LiquidMemories"},{"floor":27,"key":"AttackPotion"}],"is_trial":false,"path_per_floor":["M","M","$","?","?","E","M","E","T","M","M","M","R","M","R","B",null,"M","$","?","M","$","E","$","R","T","M","?","R","M","M","R","B"],"character_chosen":"IRONCLAD","items_purchased":["Clash"],"campfire_rested":1,"item_purchase_floors":[3],"current_hp_per_floor":[80,78,78,83,83,68,68,64,74,74,74,74,74,74,74,74,95,92,92,92,90,90,53,53,53,53,53,53,53,53,37,65,2,2],"gold":136,"neow_bonus":"BOSS_RELIC","is_daily":false,"chose_seed":false,"campfire_upgraded":4,"win_rate":0.0,"timestamp":1610232952,"path_taken":["M","M","$","?","?","E","M","E","T","M","M","M","R","M","R","BOSS","M","$","?","M","$","E","?","R","T","M","?","R","M","M","R","BOSS"],"items_purchased_type":["Card"],"build_version":"2020-12-22","purchased_purges":3,"victory":false,"max_hp_per_floor":[80,80,80,85,85,85,85,85,95,95,95,95,95,95,95,95,95,95,95,95,95,95,95,95,95,95,95,95,95,95,95,95,95,95],"card_choices":[{"not_picked":["Shrug It Off","True Grit"],"picked":"Rampage","floor":1},{"not_picked":["Warcry","Flex"],"picked":"Cleave","floor":2},{"not_picked":["Iron Wave","Sword Boomerang"],"picked":"Clash","floor":6},{"not_picked":["Burning Pact","Spot Weakness"],"picked":"Uppercut","floor":7},{"not_picked":["Limit Break","Burning Pact","Warcry"],"picked":"SKIP","floor":8},{"not_picked":["Thunderclap","Clothesline","Sword Boomerang"],"picked":"SKIP","floor":10},{"not_picked":["Iron Wave","Power Through","Thunderclap"],"picked":"SKIP","floor":11},{"not_picked":["Thunderclap","Limit Break","Havoc"],"picked":"SKIP","floor":12},{"not_picked":["Warcry","Burning Pact"],"picked":"Headbutt","floor":14},{"not_picked":["Limit Break","Corruption"],"picked":"Double Tap","floor":16},{"not_picked":["Searing Blow+1","Sentinel"],"picked":"Armaments","floor":18},{"not_picked":["Anger","Iron Wave"],"picked":"Warcry+1","floor":21},{"not_picked":["Clash","Iron Wave+1","Flex+1"],"picked":"SKIP","floor":23},{"not_picked":["Anger+1","Offering"],"picked":"Shrug It Off","floor":27},{"not_picked":["Rage","Armaments+1","Sword Boomerang"],"picked":"SKIP","floor":30},{"not_picked":["Twin Strike","Intimidate","Armaments"],"picked":"SKIP","floor":31}],"player_experience":107177,"relics_obtained":[{"floor":6,"key":"Anchor"},{"floor":8,"key":"Turnip"},{"floor":9,"key":"Pear"},{"floor":23,"key":"Red Skull"},{"floor":26,"key":"Omamori"}],"event_choices":[{"damage_healed":0,"gold_gain":0,"player_choice":"Donut","damage_taken":0,"max_hp_gain":5,"max_hp_loss":0,"event_name":"Big Fish","floor":4,"gold_loss":0},{"damage_healed":0,"gold_gain":0,"player_choice":"Left Gold","damage_taken":0,"max_hp_gain":0,"max_hp_loss":0,"event_name":"World of Goop","floor":5,"gold_loss":4},{"damage_healed":0,"gold_gain":0,"player_choice":"Copied","damage_taken":0,"max_hp_gain":0,"max_hp_loss":0,"event_name":"Duplicator","floor":20,"gold_loss":0,"cards_obtained":["Headbutt"]},{"damage_healed":0,"gold_gain":0,"player_choice":"Forge","damage_taken":0,"max_hp_gain":0,"max_hp_loss":0,"event_name":"Accursed Blacksmith","floor":28,"gold_loss":0,"cards_upgraded":["Shrug It Off"]}],"is_beta":false,"boss_relics":[{"not_picked":["Philosopher\u0027s Stone","Mark of Pain"],"picked":"Runic Pyramid"}],"items_purged_floors":[3,19,22],"is_endless":false,"potions_floor_spawned":[2,7,10,14,18,23,27],"killed_by":"Collector","ascension_level":2}}