{"host":"0vobf7lgf552vogm","time":1610169460,"event":{"mods":["AchievementEnabler","Act Like it!","BaseMod","Better Sensory Stone","Colored Map","DeckTracker","Downfall","Hermit","Minty Spire (QoL Compilation)","Pale of the Ancients","Rare Cards Sparkle","Relic Stats","StSLib","Synergy Search","Unceasing Turn Reminder","Wandering Minibosses"],"gold_per_floor":[99,109,19,4,4,23,23,23,8,19,37,65,65,65,81,178,178,103,121,121,140,154,154,154,174,174,186,71,71,66,66,84,182,232,232,252,252,268,79,79,79,99,118,468,518,518,535,547,564,564,564,581,581,626,551,551,551,551],"floor_reached":56,"playtime":8062,"items_purged":["champ:Strike","champ:Strike","champ:Defend","champ:Strike"],"score":832,"play_id":"cca44c80-b897-4082-9149-c6520f4ab23c","local_time":"20210109061740","is_ascension_mode":false,"campfire_choices":[{"floor":1,"key":"RECALL"},{"data":"champ:Taunt","floor":8,"key":"SMITH"},{"data":"champ:RecklessLeap","floor":13,"key":"SMITH"},{"data":"champ:VampiricStrike","floor":18,"key":"SMITH"},{"data":"champ:SteelEdge","floor":35,"key":"SMITH"},{"data":"champ:Backstep","floor":40,"key":"SMITH"},{"data":"champ:HoldFirm","floor":46,"key":"SMITH"},{"data":"champ:Control","floor":55,"key":"SMITH"}],"circlet_count":0,"master_deck":["champ:Strike+1","champ:Defend+1","champ:Defend+1","champ:Defend+1","champ:Execute","champ:Taunt+1","champ:DeathBlow","champ:FanOfKnives","champ:BringItOn","champ:RecklessLeap+1","champ:FocusedGladiator","champ:IronFortress+1","champ:VampiricStrike+1","champ:ViciousMockery+1","champ:Backstep+1","champ:Backstep+1","champ:Aggression+1","champ:GladiatorStyle+1","Violence","Finesse","champ:SteelEdge+1","champ:StanceDance+1","champ:CalledShot+1","champ:Control+1","champ:HoldFirm+1","champ:DefensiveStyle+1","champ:ArenaPreparation+1"],"relics":["champ:ChampionCrownUpgraded","champ:LiftRelic","Singing Bowl","Bag of Preparation","downfall:HeartBlessingRed","Spirit Poop","Frozen Egg 2","Pear","Tiny House","Turnip","Old Coin","Pocketwatch","paleoftheancients:Timepiece","paleoftheancients:KeyRelic","Ice Cream","CultistMask","paleoftheancients:SoulOfTheShowman","downfall:HeartBlessingBlue"],"acts_visited":["Exordium","TheCity","TheBeyond","paleoftheancients:PaleOfTheAncients"],"potions_floor_usage":[12,27,28,28,48,52,56,56,56],"damage_taken":[{"damage":15,"enemies":"Cultist","floor":2,"turns":4},{"damage":18,"enemies":"downfall:FleeingMerchant","floor":3,"turns":4},{"damage":23,"enemies":"downfall:FleeingMerchant","floor":4,"turns":4},{"damage":0,"enemies":"2 Louse","floor":6,"turns":2},{"damage":36,"enemies":"downfall:FleeingMerchant","floor":9,"turns":4},{"damage":28,"enemies":"Jaw Worm","floor":10,"turns":3},{"damage":5,"enemies":"Blue Slaver","floor":11,"turns":4},{"damage":31,"enemies":"Gremlin Nob","floor":12,"turns":3},{"damage":54,"enemies":"Large Slime","floor":15,"turns":4},{"damage":67,"enemies":"downfall:Ironclad","floor":16,"turns":9},{"damage":42,"enemies":"Spheric Guardian","floor":19,"turns":3},{"damage":36,"enemies":"Chosen","floor":21,"turns":4},{"damage":71,"enemies":"Shelled Parasite and Fungi","floor":22,"turns":7},{"damage":39,"enemies":"Snake Plant","floor":25,"turns":3},{"damage":65,"enemies":"Sentry and Sphere","floor":27,"turns":7},{"damage":40,"enemies":"downfall:FleeingMerchant","floor":28,"turns":4},{"damage":39,"enemies":"downfall:FleeingMerchant","floor":30,"turns":4},{"damage":56,"enemies":"Snecko","floor":32,"turns":4},{"damage":93,"enemies":"downfall:Watcher","floor":33,"turns":15},{"damage":25,"enemies":"3 Darklings","floor":36,"turns":5},{"damage":34,"enemies":"Orb Walker","floor":38,"turns":4},{"damage":28,"enemies":"Jaw Worm Horde","floor":42,"turns":6},{"damage":63,"enemies":"Maw","floor":43,"turns":8},{"damage":119,"enemies":"Mind Bloom Boss Battle","floor":44,"turns":10},{"damage":48,"enemies":"2 Orb Walkers","floor":45,"turns":6},{"damage":19,"enemies":"4 Shapes","floor":47,"turns":5},{"damage":30,"enemies":"Writhing Mass","floor":48,"turns":4},{"damage":69,"enemies":"Spire Growth","floor":49,"turns":7},{"damage":80,"enemies":"downfall:Defect","floor":50,"turns":11},{"damage":179,"enemies":"downfall:Defect","floor":51,"turns":8},{"damage":114,"enemies":"downfall:Defect","floor":52,"turns":12},{"damage":312,"enemies":"downfall:Defect","floor":56,"turns":11}],"seed_played":"2971853732979526286","potions_obtained":[{"floor":2,"key":"Strength Potion"},{"floor":10,"key":"champ:OpenerPotion"},{"floor":12,"key":"Block Potion"},{"floor":15,"key":"champ:CounterPotion"},{"floor":32,"key":"Energy Potion"},{"floor":33,"key":"champ:UltimateStancePotion"},{"floor":34,"key":"BlessingOfTheForge"},{"floor":48,"key":"SpeedPotion"},{"floor":52,"key":"Explosive Potion"}],"is_trial":false,"path_per_floor":["R","M","$","$","?","M","T","R","$","M","M","E","R","?","M","B",null,"R","M","?","M","M","?","T","M","?","M","$","?","$","?","M","B",null,"R","M","?","M","$","R","T","M","M","?","?","R","M","M","M","B","M","M","?","T","R","M"],"character_chosen":"THE_CHAMP","items_purchased":["Pear","champ:CalledShot+1"],"campfire_rested":0,"item_purchase_floors":[30,39],"current_hp_per_floor":[90,85,85,85,85,85,85,85,87,89,91,82,82,82,77,40,98,98,98,98,90,73,73,73,73,73,57,48,48,72,72,89,70,121,121,123,123,117,117,117,117,123,125,91,109,109,127,127,129,129,129,127,127,127,137,0,0,0],"gold":551,"neow_bonus":"THREE_CARDS","is_daily":false,"chose_seed":false,"campfire_upgraded":7,"win_rate":0.0,"timestamp":1610169460,"path_taken":["R","M","?","$","?","M","T","R","?","M","?","E","R","?","M","BOSS","R","M","?","M","M","?","T","?","?","M","$","?","$","?","M","BOSS","R","M","?","M","$","R","T","M","M","?","?","R","M","M","M","BOSS","M","M","?","T","R","M"],"items_purchased_type":["Relic","Card"],"build_version":"2020-12-22","purchased_purges":4,"victory":false,"max_hp_per_floor":[90,90,90,90,90,90,90,90,92,94,96,98,98,98,98,98,98,98,98,98,98,100,100,100,100,100,102,102,102,112,112,114,114,121,121,123,123,123,123,123,123,123,125,125,125,125,127,127,129,129,129,131,131,131,141,141,141,141],"relic_stats":{"Singing Bowl":26,"counters":[32,189],"Turnip":[7],"Bag of Preparation":[48],"obtain_stats":[{"Ice Cream":50,"paleoftheancients:KeyRelic":50,"Pear":30,"Tiny House":34,"Singing Bowl":7,"downfall:HeartBlessingRed":18,"Spirit Poop":23,"champ:ChampionCrown":0,"champ:ChampionCrownUpgraded":17,"Bag of Preparation":12,"Frozen Egg 2":24,"Old Coin":44,"paleoftheancients:Timepiece":50,"downfall:HeartBlessingBlue":55,"champ:LiftRelic":5,"Turnip":41,"CultistMask":50,"paleoftheancients:SoulOfTheShowman":52,"Pocketwatch":45},{"Ice Cream":29,"paleoftheancients:KeyRelic":29,"Pear":17,"Tiny House":19,"Singing Bowl":4,"downfall:HeartBlessingRed":10,"Spirit Poop":13,"champ:ChampionCrown":0,"champ:ChampionCrownUpgraded":10,"Bag of Preparation":8,"Frozen Egg 2":13,"Old Coin":24,"paleoftheancients:Timepiece":29,"downfall:HeartBlessingBlue":31,"champ:LiftRelic":3,"Turnip":21,"CultistMask":29,"paleoftheancients:SoulOfTheShowman":31,"Pocketwatch":25},{"Ice Cream":158,"paleoftheancients:KeyRelic":158,"Pear":73,"Tiny House":92,"Singing Bowl":14,"downfall:HeartBlessingRed":41,"Spirit Poop":55,"champ:ChampionCrown":0,"champ:ChampionCrownUpgraded":41,"Bag of Preparation":28,"Frozen Egg 2":55,"Old Coin":125,"paleoftheancients:Timepiece":158,"downfall:HeartBlessingBlue":178,"champ:LiftRelic":12,"Turnip":101,"CultistMask":158,"paleoftheancients:SoulOfTheShowman":178,"Pocketwatch":131}],"Pocketwatch":[51]},"card_choices":[{"not_picked":["champ:Backstep","champ:GutPunch"],"picked":"champ:DeathBlow","floor":0},{"not_picked":["champ:Backstep","champ:PerfectedStrike"],"picked":"champ:FanOfKnives","floor":2},{"not_picked":["champ:FlashCut","champ:TornadoPunch"],"picked":"champ:BringItOn","floor":3},{"not_picked":["champ:CrookedStrike","champ:RisingSlash"],"picked":"champ:RecklessLeap","floor":4},{"not_picked":["champ:EnGarde","champ:GutPunch"],"picked":"champ:FocusedGladiator","floor":6},{"not_picked":["champ:DeathBlow","champ:RecklessLeap","champ:EnGarde"],"picked":"Singing Bowl","floor":9},{"not_picked":["champ:RecklessLeap","champ:TornadoPunch","champ:GutPunch"],"picked":"Singing Bowl","floor":10},{"not_picked":["champ:BerserkersShout","champ:EndlessRage","champ:HeartStrike"],"picked":"Singing Bowl","floor":11},{"not_picked":["champ:StanceDance","champ:GladiatorsShout","champ:FanOfKnives"],"picked":"Singing Bowl","floor":12},{"not_picked":["champ:EnragedBash","champ:LastStand"],"picked":"champ:IronFortress","floor":15},{"not_picked":["champ:HeavySlash","champ:ShieldThrow"],"picked":"champ:VampiricStrike","floor":16},{"not_picked":["champ:Circumvent+1","champ:StanceDance"],"picked":"champ:ViciousMockery+1","floor":19},{"not_picked":["champ:DefensiveShout+1","champ:StanceDance"],"picked":"champ:Backstep","floor":21},{"not_picked":["champ:EnGarde","champ:PerfectedStrike","champ:GutPunch"],"picked":"Singing Bowl","floor":22},{"not_picked":["champ:Riposte","champ:FocusedGladiator"],"picked":"champ:Backstep+1","floor":25},{"not_picked":["champ:FlashCut","champ:GutPunch","champ:BringItOn"],"picked":"Singing Bowl","floor":27},{"not_picked":["champ:GladiatorsShout","champ:FocusedBerserking"],"picked":"champ:Aggression+1","floor":28},{"not_picked":["champ:StanceDance+1","champ:ViciousMockery"],"picked":"champ:GladiatorStyle+1","floor":30},{"not_picked":["Mayhem+1","The Bomb"],"picked":"Violence","floor":31},{"not_picked":["Panacea","expansioncontent:Flail"],"picked":"Finesse","floor":31},{"not_picked":["champ:FocusedBerserking+1","champ:FlashCut","champ:BladeFlurry"],"picked":"Singing Bowl","floor":32},{"not_picked":["champ:StrikeOfGenius+1","champ:Improvising+1"],"picked":"champ:SteelEdge","floor":33},{"not_picked":["champ:BringItOn+1","champ:AdrenalArmor","champ:BladeFlurry"],"picked":"Singing Bowl","floor":34},{"not_picked":["champ:FanOfKnives","champ:Backstep","champ:EnGarde"],"picked":"Singing Bowl","floor":36},{"not_picked":["champ:FalseCounter+1","champ:CrookedStrike+1"],"picked":"champ:StanceDance+1","floor":38},{"not_picked":["champ:DefensiveShout","champ:FanOfKnives+1"],"picked":"champ:Control","floor":42},{"not_picked":["champ:StanceDance","champ:FaceSlap+1","champ:FocusedDefense+1"],"picked":"Singing Bowl","floor":43},{"not_picked":["champ:Riposte+1","champ:Backstep"],"picked":"champ:HoldFirm","floor":44},{"not_picked":["champ:BerserkersShout+1","champ:BladeFlurry"],"picked":"champ:DefensiveStyle+1","floor":45},{"not_picked":["champ:CrookedStrike","champ:ShieldThrow","champ:EnGarde"],"picked":"Singing Bowl","floor":47},{"not_picked":["champ:BerserkersShout+1","champ:PerfectedStrike+1"],"picked":"champ:ArenaPreparation+1","floor":48},{"not_picked":["champ:BerserkersShout+1","champ:Balance","champ:AdrenalArmor+1"],"picked":"Singing Bowl","floor":49},{"not_picked":["champ:GladiatorsShout+1","champ:DeathBlow","champ:Control"],"picked":"Singing Bowl","floor":52}],"player_experience":879344,"relics_obtained":[{"floor":7,"key":"Singing Bowl"},{"floor":12,"key":"Bag of Preparation"},{"floor":24,"key":"Frozen Egg 2"},{"floor":41,"key":"Turnip"},{"floor":44,"key":"Old Coin"},{"floor":45,"key":"Pocketwatch"},{"floor":52,"key":"paleoftheancients:SoulOfTheShowman"}],"event_choices":[{"cards_removed":["Regret"],"damage_healed":0,"gold_gain":0,"player_choice":"Offered Curse","damage_taken":0,"relics_obtained":["Spirit Poop"],"max_hp_gain":0,"max_hp_loss":0,"event_name":"Bonfire Elementals","floor":23,"gold_loss":0},{"damage_healed":0,"gold_gain":0,"player_choice":"Ignored","damage_taken":0,"max_hp_gain":0,"max_hp_loss":0,"event_name":"Vampires","floor":26,"gold_loss":0},{"damage_healed":0,"gold_gain":0,"player_choice":"Ignored","damage_taken":0,"max_hp_gain":0,"max_hp_loss":0,"event_name":"Ghosts","floor":29,"gold_loss":0},{"damage_healed":0,"gold_gain":2,"player_choice":"1","damage_taken":0,"max_hp_gain":0,"max_hp_loss":0,"event_name":"betterStone:BetterStone","floor":31,"gold_loss":0},{"damage_healed":0,"gold_gain":0,"player_choice":"Fight","damage_taken":0,"max_hp_gain":0,"max_hp_loss":0,"event_name":"Mysterious Sphere","floor":45,"gold_loss":0},{"damage_healed":0,"gold_gain":0,"player_choice":"Forge","damage_taken":0,"max_hp_gain":0,"max_hp_loss":0,"event_name":"Accursed Blacksmith","floor":53,"gold_loss":0,"cards_upgraded":["champ:IronFortress"]}],"is_beta":false,"boss_relics":[{"not_picked":["Philosopher\u0027s Stone","Snecko Eye"],"picked":"champ:ChampionCrownUpgraded"},{"not_picked":["Pandora\u0027s Box","Cursed Key"],"picked":"Tiny House"}],"items_purged_floors":[3,28,30,39],"is_endless":false,"potions_floor_spawned":[2,10,12,15,19,22,32,33,42,43,47,48,49,52],"killed_by":"downfall:Defect","ascension_level":0}}