{"host":"ELF","time":1610211551,"event":{"mods":["BaseMod","Minty Spire (QoL Compilation)"],"gold_per_floor":[119,119,133,147,163,163,198,198,198,212,228,228,244,244,244,321,321,340,359,373,27,38,73,73,73,73,92,112,128,12,41,41,41,41],"floor_reached":33,"playtime":1269,"items_purged":["Strike_B"],"score":620,"play_id":"e6f4371f-7eb4-4085-a547-f5f96a76bf3d","local_time":"20210109105911","is_ascension_mode":true,"campfire_choices":[{"data":"Darkness","floor":6.0,"key":"SMITH"},{"floor":8.0,"key":"REST"},{"data":"Sunder","floor":12.0,"key":"SMITH"},{"data":"Leap","floor":15.0,"key":"SMITH"},{"data":"Apotheosis","floor":24.0,"key":"SMITH"},{"floor":32,"key":"REST"}],"circlet_count":0,"master_deck":["AscendersBane","Strike_B","Strike_B","Strike_B","Defend_B","Defend_B","Defend_B","Defend_B+1","Zap+1","Dualcast","Darkness+1","Sweeping Beam","Compile Driver","Cold Snap","Cold Snap","Leap+1","Sunder+1","Barrage","Creative AI","Redo","Heatsinks","Glacier","Apotheosis+1","Doom and Gloom","Biased Cognition","Double Energy","Recycle","Core Surge","Storm","Stack"],"relics":["Cracked Core","Akabeko","War Paint","Mummified Hand","Sozu","Lee\u0027s Waffle","Nloth\u0027s Gift","Symbiotic Virus","Kunai"],"acts_visited":["Exordium","TheCity"],"potions_floor_usage":[31],"damage_taken":[{"damage":2.0,"enemies":"Jaw Worm","floor":1.0,"turns":4.0},{"damage":0.0,"enemies":"Cultist","floor":3.0,"turns":3.0},{"damage":1.0,"enemies":"2 Louse","floor":4.0,"turns":2.0},{"damage":15.0,"enemies":"Gremlin Gang","floor":5.0,"turns":4.0},{"damage":28.0,"enemies":"Gremlin Nob","floor":7.0,"turns":4.0},{"damage":1.0,"enemies":"Red Slaver","floor":10.0,"turns":3.0},{"damage":0.0,"enemies":"Looter","floor":11.0,"turns":3.0},{"damage":7.0,"enemies":"Gremlin Gang","floor":13.0,"turns":2.0},{"damage":15.0,"enemies":"Hexaghost","floor":16.0,"turns":9.0},{"damage":9.0,"enemies":"Spheric Guardian","floor":18.0,"turns":3.0},{"damage":26.0,"enemies":"3 Byrds","floor":19.0,"turns":4.0},{"damage":17.0,"enemies":"Snecko","floor":20.0,"turns":4.0},{"damage":17.0,"enemies":"Snake Plant","floor":22.0,"turns":4.0},{"damage":0.0,"enemies":"Gremlin Leader","floor":23.0,"turns":4.0},{"damage":0.0,"enemies":"3 Cultists","floor":27.0,"turns":5.0},{"damage":0.0,"enemies":"Sentry and Sphere","floor":28.0,"turns":3.0},{"damage":20,"enemies":"Snake Plant","floor":29,"turns":3},{"damage":23,"enemies":"Book of Stabbing","floor":31,"turns":4},{"damage":46,"enemies":"Collector","floor":33,"turns":3}],"seed_played":"-6755030872865297971","potions_obtained":[{"floor":1.0,"key":"SpeedPotion"},{"floor":3.0,"key":"ColorlessPotion"},{"floor":7.0,"key":"Dexterity Potion"},{"floor":11.0,"key":"Swift Potion"},{"floor":16.0,"key":"SneckoOil"}],"is_trial":false,"path_per_floor":["M","?","M","M","M","R","E","R","T","M","M","R","M","?","R","B",null,"M","M","M","$","M","E","R","?","T","M","M","M","$","E","R","B"],"character_chosen":"DEFECT","items_purchased":["Lee\u0027s Waffle","Apotheosis","Storm"],"campfire_rested":2,"item_purchase_floors":[21,21,30],"current_hp_per_floor":[62,71,71,70,55,55,27,48,48,47,47,47,40,36,36,21,59,50,24,7,78,61,61,61,61,61,61,61,41,41,18,41,0,0],"gold":41,"neow_bonus":"RANDOM_COMMON_RELIC","is_daily":false,"chose_seed":false,"campfire_upgraded":4,"win_rate":0.0,"timestamp":1610211551,"path_taken":["M","?","M","M","M","R","E","R","T","?","M","R","M","?","R","BOSS","M","M","?","?","M","E","R","?","T","?","M","M","?","E","R","BOSS"],"items_purchased_type":["Relic","Card","Card"],"build_version":"2020-12-18","purchased_purges":1,"victory":false,"max_hp_per_floor":[71,71,71,71,71,71,71,71,71,71,71,71,71,71,71,71,71,71,71,71,78,78,78,78,78,78,78,78,78,78,78,78,78,78],"card_choices":[{"not_picked":["Storm","Steam Power"],"picked":"Darkness","floor":1.0},{"not_picked":["Beam Cell","Ball Lightning"],"picked":"Sweeping Beam","floor":3.0},{"not_picked":["Force Field","Storm"],"picked":"Compile Driver","floor":4.0},{"not_picked":["Capacitor","Undo"],"picked":"Cold Snap","floor":5.0},{"not_picked":["Blizzard","Rebound"],"picked":"Cold Snap","floor":7.0},{"not_picked":["Tempest","Conserve Battery"],"picked":"Leap","floor":10.0},{"not_picked":["Hello World","Redo"],"picked":"Sunder","floor":11.0},{"not_picked":["Conserve Battery","Ball Lightning"],"picked":"Barrage","floor":13.0},{"not_picked":["All For One","Reboot"],"picked":"Creative AI","floor":16.0},{"not_picked":["Sweeping Beam","Go for the Eyes"],"picked":"Redo","floor":18.0},{"not_picked":["Stack","Sweeping Beam"],"picked":"Heatsinks","floor":19.0},{"not_picked":["Go for the Eyes","Static Discharge"],"picked":"Glacier","floor":20.0},{"not_picked":["Stack","Sweeping Beam"],"picked":"Doom and Gloom","floor":22.0},{"not_picked":["Glacier","Sunder"],"picked":"Biased Cognition","floor":23.0},{"not_picked":["Rebound","Reboot"],"picked":"Double Energy","floor":27.0},{"not_picked":["Redo","Beam Cell"],"picked":"Recycle","floor":28.0},{"not_picked":["Sunder","Gash"],"picked":"Core Surge","floor":29},{"not_picked":["Hello World","Sunder"],"picked":"Stack","floor":31}],"player_experience":3158389,"relics_obtained":[{"floor":7.0,"key":"War Paint"},{"floor":9.0,"key":"Mummified Hand"},{"floor":23.0,"key":"Gambling Chip"},{"floor":26.0,"key":"Symbiotic Virus"},{"floor":31,"key":"Kunai"}],"event_choices":[{"damage_healed":9.0,"max_hp_gain":0.0,"max_hp_loss":0.0,"gold_gain":0.0,"event_name":"Wheel of Change","player_choice":"Full Heal","floor":2.0,"gold_loss":0.0,"damage_taken":0.0},{"damage_healed":0.0,"max_hp_gain":0.0,"max_hp_loss":0.0,"gold_gain":0.0,"event_name":"The Woman in Blue","player_choice":"Bought 0 Potions","floor":14.0,"gold_loss":0.0,"damage_taken":0.0},{"damage_healed":0.0,"max_hp_gain":0.0,"max_hp_loss":0.0,"gold_gain":0.0,"event_name":"N\u0027loth","player_choice":"Traded Relic","floor":25.0,"relics_lost":["Gambling Chip"],"gold_loss":0.0,"damage_taken":0.0,"relics_obtained":["Nloth\u0027s Gift"]}],"is_beta":true,"boss_relics":[{"not_picked":["Tiny House","SacredBark"],"picked":"Sozu"}],"items_purged_floors":[30],"is_endless":false,"potions_floor_spawned":[1,3,7,11,16,18,19,28,31],"killed_by":"Collector","ascension_level":19}}