{"host":"ta9mufxydm4vkknf","time":1610216715,"event":{"mods":["AchievementEnabler","BaseMod","Minty Spire (QoL Compilation)","Quick Restart"],"gold_per_floor":[118,118,138,138,148,148,175,189,212,228,178,204,204,214,214,214,214],"floor_reached":16,"playtime":482,"items_purged":[],"score":140,"play_id":"b30682f0-8100-49b5-bb93-581e420ed5c5","local_time":"20210109192515","is_ascension_mode":true,"campfire_choices":[{"data":"Wild Strike","floor":6,"key":"SMITH"},{"data":"Flex","floor":13,"key":"SMITH"},{"data":"Bash","floor":15,"key":"SMITH"}],"circlet_count":0,"master_deck":["Strike_R","Strike_R","Strike_R","Strike_R+1","Defend_R","Defend_R","Defend_R","Defend_R+1","Bash+1","Shrug It Off","Shrug It Off","Wild Strike+1","Intimidate","Flex+1","Dark Embrace","Cleave"],"relics":["Coffee Dripper","Omamori","Bag of Preparation","Pen Nib","PreservedInsect"],"acts_visited":["Exordium"],"potions_floor_usage":[16],"damage_taken":[{"damage":2,"enemies":"Jaw Worm","floor":1,"turns":3},{"damage":5,"enemies":"Small Slimes","floor":3,"turns":3},{"damage":0,"enemies":"Cultist","floor":5,"turns":3},{"damage":30,"enemies":"Lagavulin","floor":7,"turns":5},{"damage":9,"enemies":"Exordium Thugs","floor":8,"turns":4},{"damage":0,"enemies":"Red Slaver","floor":10,"turns":4},{"damage":7,"enemies":"3 Sentries","floor":12,"turns":7},{"damage":2,"enemies":"Lots of Slimes","floor":14,"turns":4},{"damage":7,"enemies":"Hexaghost","floor":16,"turns":7}],"seed_played":"6537941046349729068","potions_obtained":[{"floor":1,"key":"FearPotion"},{"floor":7,"key":"SkillPotion"},{"floor":8,"key":"LiquidBronze"},{"floor":14,"key":"Ancient Potion"}],"is_trial":false,"path_per_floor":["M","?","M","?","M","R","E","M","T","M","?","E","R","M","R","B"],"character_chosen":"IRONCLAD","items_purchased":[],"campfire_rested":0,"item_purchase_floors":[],"current_hp_per_floor":[78,62,57,54,54,54,24,15,15,15,15,8,8,6,6,0,0],"gold":214,"neow_bonus":"BOSS_RELIC","is_daily":false,"chose_seed":false,"campfire_upgraded":3,"win_rate":0.0,"timestamp":1610216715,"path_taken":["M","?","M","?","?","R","E","M","T","M","?","E","R","M","R","BOSS"],"items_purchased_type":[],"build_version":"2020-12-22","purchased_purges":0,"victory":false,"max_hp_per_floor":[80,80,80,80,80,80,80,80,80,80,80,80,80,80,80,80,80],"card_choices":[{"not_picked":["Bloodletting","Sever Soul"],"picked":"Shrug It Off","floor":1},{"not_picked":["Searing Blow","Perfected Strike"],"picked":"Shrug It Off","floor":3},{"not_picked":["Armaments","Clash"],"picked":"Wild Strike","floor":5},{"not_picked":["Heavy Blade","Inflame","Clash"],"picked":"SKIP","floor":7},{"not_picked":["Wild Strike","Perfected Strike"],"picked":"Intimidate","floor":8},{"not_picked":["Cleave","Heavy Blade"],"picked":"Flex","floor":10},{"not_picked":["Perfected Strike","Searing Blow"],"picked":"Dark Embrace","floor":12},{"not_picked":["Brutality","Anger"],"picked":"Cleave","floor":14}],"player_experience":259280,"relics_obtained":[{"floor":7,"key":"Bag of Preparation"},{"floor":9,"key":"Pen Nib"},{"floor":12,"key":"PreservedInsect"}],"event_choices":[{"damage_healed":0,"gold_gain":0,"player_choice":"Entered Light","damage_taken":16,"max_hp_gain":0,"max_hp_loss":0,"event_name":"Shining Light","floor":2,"gold_loss":0,"cards_upgraded":["Defend_R","Strike_R"]},{"damage_healed":0,"gold_gain":0,"player_choice":"Success","damage_taken":3,"relics_obtained":["Omamori"],"max_hp_gain":0,"max_hp_loss":0,"event_name":"Scrap Ooze","floor":4,"gold_loss":0},{"cards_removed":["Strike_R"],"damage_healed":0,"gold_gain":0,"player_choice":"Card Removal","damage_taken":0,"max_hp_gain":0,"max_hp_loss":0,"event_name":"The Cleric","floor":11,"gold_loss":50}],"is_beta":false,"boss_relics":[],"items_purged_floors":[],"is_endless":false,"potions_floor_spawned":[1,7,8,14],"killed_by":"Hexaghost","ascension_level":5}}