{"host":"wwmqne3dwir10erh","time":1610205819,"event":{"mods":["BaseMod","Better Note","Hubris","Mimic Mod","Minty Spire (QoL Compilation)","Replay The Spire","StSLib","The Bladedancer"],"gold_per_floor":[117,117,2,14,33,33,65,65,97,97,129,129,204,238,238,335,335,354,27,39,51,51,51,51,51],"floor_reached":24,"playtime":1071,"items_purged":["ReplayTheSpireMod:Shiv Toss"],"score":244,"play_id":"2ed562b3-f9ac-421b-91de-7b2da2787353","local_time":"20210109102339","is_ascension_mode":true,"campfire_choices":[{"data":"Noxious Fumes","floor":6.0,"key":"SMITH"},{"floor":8,"key":"REST"},{"data":"Envenom","floor":10,"key":"SMITH"},{"data":"Dash","floor":12,"key":"SMITH"},{"floor":15,"key":"REST"},{"data":"Catalyst","floor":23,"key":"SMITH"}],"circlet_count":0,"master_deck":["Survivor","Neutralize","Dagger Throw","Finisher+1","Reflex+1","Hidden Blade","Deflect","Expertise","Footwork","Envenom+1","Crippling Poison","Backflip","Noxious Fumes+1","Dash+1","hubris:Sniper","Catalyst+1","Slice","Poisoned Strike+1","Cloak And Dagger","Setup+1","ReplayTheSpireMod:Speed Training"],"relics":["Pandora\u0027s Box","Dream Catcher","Blue Doll","hubris:FunFungus","Shuriken","WristBlade","Guide Book","hubris:BottledHeart"],"acts_visited":["Exordium","TheCity"],"potions_floor_usage":[16,16],"damage_taken":[{"damage":1.0,"enemies":"2 Louse","floor":1.0,"turns":2.0},{"damage":1.0,"enemies":"Jaw Worm","floor":4.0,"turns":4.0},{"damage":3.0,"enemies":"Small Slimes","floor":5.0,"turns":4.0},{"damage":15,"enemies":"Lagavulin","floor":7,"turns":5},{"damage":0,"enemies":"Exordium Wildlife","floor":9,"turns":5},{"damage":12,"enemies":"Replay:BlueRogue","floor":11,"turns":5},{"damage":9,"enemies":"Lagavulin","floor":14,"turns":6},{"damage":19,"enemies":"Hexaghost","floor":16,"turns":8},{"damage":22,"enemies":"Spheric Guardian","floor":18,"turns":6},{"damage":3,"enemies":"Shell Parasite","floor":20,"turns":4},{"damage":23,"enemies":"Centurion and Healer","floor":21,"turns":5},{"damage":2,"enemies":"Book of Stabbing","floor":24,"turns":4}],"seed_played":"732253068001581753","potions_obtained":[{"floor":1.0,"key":"Venom Potion"},{"floor":11,"key":"ColorlessPotion"},{"floor":14,"key":"Weak Potion"},{"floor":20,"key":"Dexterity Potion"}],"is_trial":false,"path_per_floor":["M","?","$","M","M","R","E","R","MIM","R","E","R","?","E","R","B",null,"M","$","M","M","?","R","E"],"character_chosen":"THE_SILENT","items_purchased":["Noxious Fumes","Poisoned Strike+1","Cloak And Dagger","Guide Book"],"campfire_rested":2,"item_purchase_floors":[3,19,19,19],"current_hp_per_floor":[69,69,69,68,65,65,50,70,70,70,58,58,47,38,59,40,70,48,48,45,23,1,1,0,0],"gold":51,"neow_bonus":"BOSS_RELIC","is_daily":false,"chose_seed":false,"campfire_upgraded":4,"win_rate":0.0,"timestamp":1610205819,"path_taken":["M","?","$","M","M","R","E","R","MIM","R","E","R","?","E","R","BOSS","M","$","M","M","?","R","E"],"items_purchased_type":["Card","Card","Card","Relic"],"build_version":"2020-12-22","purchased_purges":1,"victory":false,"max_hp_per_floor":[70,70,70,70,70,70,70,70,70,70,70,70,70,70,70,70,70,70,70,70,70,1,1,1,1],"card_choices":[{"not_picked":["Choke","Quick Slash"],"picked":"Backflip","floor":1.0},{"not_picked":["Concentrate","Leg Sweep","Quick Slash"],"picked":"SKIP","floor":4.0},{"not_picked":["Leg Sweep","Sucker Punch","Calculated Gamble"],"picked":"SKIP","floor":5.0},{"not_picked":["Catalyst","Dagger Spray"],"picked":"Dash","floor":7},{"not_picked":["Dagger Spray","PiercingWail","Tactician"],"picked":"SKIP","floor":11},{"not_picked":["hubris:SlightOfHand","Unload"],"picked":"hubris:Sniper","floor":14},{"not_picked":["Acrobatics","Deflect"],"picked":"Catalyst","floor":15},{"not_picked":["Dagger Spray+1","Deflect"],"picked":"Slice","floor":18},{"not_picked":["Dagger Throw+1","Quick Slash"],"picked":"Setup+1","floor":20},{"not_picked":["hubris:Sniper+1","Quick Slash+1"],"picked":"ReplayTheSpireMod:Speed Training","floor":21}],"player_experience":2263997,"relics_obtained":[{"floor":7,"key":"Dream Catcher"},{"floor":9,"key":"Blue Doll"},{"floor":11,"key":"hubris:FunFungus"},{"floor":14,"key":"Shuriken"}],"event_choices":[{"damage_healed":0,"gold_gain":75,"player_choice":"Gather Gold","damage_taken":11,"max_hp_gain":0,"max_hp_loss":0,"event_name":"World of Goop","floor":13,"gold_loss":0}],"is_beta":false,"boss_relics":[{"not_picked":["Replay:Ancient Bell","SacredBark"],"picked":"WristBlade"}],"items_purged_floors":[3],"is_endless":false,"potions_floor_spawned":[1,11,14,20],"killed_by":"Book of Stabbing","ascension_level":3}}