{"host":"bq4pt811tk9yrmjl","time":1610197455,"event":{"mods":["AchievementEnabler","BaseMod","Colored Map","Colored Powertips","Defuse TimeMaze Blight","Hermit","Minty Spire (QoL Compilation)","StSLib","SuperFastMode"],"gold_per_floor":[109,109,109,163,173,173,198,198,225,225,240,240,315,333,333,428,428,444,290,290,135,59,95,95,95,95,123,123,123,123],"floor_reached":29,"playtime":482,"items_purged":[],"score":275,"play_id":"6d45a890-598d-4fde-b14c-950da8eac9ad","local_time":"20210109110415","is_ascension_mode":true,"campfire_choices":[{"data":"hermit:Determination","floor":6,"key":"SMITH"},{"data":"hermit:Covet","floor":8,"key":"SMITH"},{"floor":12,"key":"RECALL"},{"floor":15,"key":"REST"},{"floor":24,"key":"REST"}],"circlet_count":0,"master_deck":["hermit:Strike_Hermit","hermit:Strike_Hermit","hermit:Strike_Hermit","hermit:Strike_Hermit","hermit:Defend_Hermit","hermit:Defend_Hermit","hermit:Defend_Hermit+1","hermit:Defend_Hermit","hermit:Snapshot+1","hermit:Covet+1","hermit:Glare+1","hermit:Determination+1","hermit:Quickdraw","hermit:Feint","hermit:TakeAim","hermit:SprayPray+1","hermit:Vantage"],"relics":["hermit:Momento","NeowsBlessing","Kunai","Sozu","Juzu Bracelet","Bronze Scales","CeramicFish","Meat on the Bone","The Courier"],"acts_visited":["Exordium","TheCity"],"potions_floor_usage":[16,18],"damage_taken":[{"damage":0,"enemies":"Cultist","floor":1,"turns":1},{"damage":0,"enemies":"Jaw Worm","floor":5,"turns":1},{"damage":0,"enemies":"Gremlin Nob","floor":7,"turns":1},{"damage":6,"enemies":"Small Slimes","floor":11,"turns":2},{"damage":1,"enemies":"3 Louse","floor":14,"turns":2},{"damage":11,"enemies":"The Guardian","floor":16,"turns":17},{"damage":0,"enemies":"3 Byrds","floor":18,"turns":8},{"damage":39,"enemies":"Slavers","floor":23,"turns":8},{"damage":15,"enemies":"Chosen","floor":27,"turns":5},{"damage":22,"enemies":"Book of Stabbing","floor":29,"turns":4}],"seed_played":"5886898922548651317","potions_obtained":[{"floor":14,"key":"Dexterity Potion"},{"floor":16,"key":"DistilledChaos"}],"is_trial":false,"path_per_floor":["M","?","$","?","M","R","E","R","T","?","M","R","?","M","R","B",null,"M","$","?","$","$","E","R","T","T","M","?","E"],"character_chosen":"HERMIT","items_purchased":["Juzu Bracelet","Bronze Scales","hermit:TakeAim"],"campfire_rested":2,"item_purchase_floors":[19,21,22],"current_hp_per_floor":[75,75,75,75,75,75,75,75,75,60,54,54,43,42,64,53,75,75,75,75,75,75,36,58,58,58,43,29,7,7],"gold":123,"neow_bonus":"THREE_ENEMY_KILL","is_daily":false,"chose_seed":false,"campfire_upgraded":2,"win_rate":0.0,"timestamp":1610197455,"path_taken":["M","?","$","?","M","R","E","R","T","?","M","R","?","?","R","BOSS","M","$","?","?","$","E","R","?","T","M","?","E"],"items_purchased_type":["Relic","Relic","Card"],"build_version":"2020-12-22","purchased_purges":0,"victory":false,"max_hp_per_floor":[75,75,75,75,75,75,75,75,75,75,75,75,75,75,75,75,75,75,75,75,75,75,75,75,75,75,75,80,80,80],"card_choices":[{"not_picked":["hermit:Feint","hermit:Desperado"],"picked":"hermit:Glare","floor":1},{"not_picked":["hermit:HoleUp","hermit:BigShot"],"picked":"hermit:Determination","floor":5},{"not_picked":["hermit:Roulette","hermit:RoundhouseKick"],"picked":"hermit:Quickdraw","floor":7},{"not_picked":["hermit:Combo","hermit:Ricochet","hermit:Misfire"],"picked":"SKIP","floor":11},{"not_picked":["hermit:LowProfile","hermit:Coalescence","hermit:WideOpen"],"picked":"SKIP","floor":14},{"not_picked":["hermit:Glare","hermit:Gestalt"],"picked":"hermit:Feint","floor":18},{"not_picked":["hermit:Cheat","hermit:WideOpen"],"picked":"hermit:SprayPray+1","floor":23},{"not_picked":["hermit:Glare","hermit:HoleUp"],"picked":"hermit:Vantage","floor":27}],"player_experience":147093,"relics_obtained":[{"floor":7,"key":"Kunai"},{"floor":23,"key":"CeramicFish"},{"floor":25,"key":"Meat on the Bone"},{"floor":26,"key":"The Courier"}],"event_choices":[{"damage_healed":0,"gold_gain":0,"player_choice":"Grow","damage_taken":0,"max_hp_gain":0,"max_hp_loss":0,"event_name":"Living Wall","floor":2,"gold_loss":0,"cards_upgraded":["hermit:Snapshot"]},{"damage_healed":0,"gold_gain":54,"player_choice":"Gained Gold","damage_taken":0,"max_hp_gain":0,"max_hp_loss":0,"event_name":"Golden Wing","floor":4,"gold_loss":0},{"damage_healed":0,"gold_gain":0,"player_choice":"Entered Light","damage_taken":15,"max_hp_gain":0,"max_hp_loss":0,"event_name":"Shining Light","floor":10,"gold_loss":0,"cards_upgraded":["hermit:Glare","hermit:Defend_Hermit"]},{"damage_healed":0,"gold_gain":75,"player_choice":"Gather Gold","damage_taken":11,"max_hp_gain":0,"max_hp_loss":0,"event_name":"World of Goop","floor":13,"gold_loss":0},{"damage_healed":0,"gold_gain":0,"player_choice":"Ignored","damage_taken":0,"max_hp_gain":0,"max_hp_loss":0,"event_name":"Vampires","floor":20,"gold_loss":0},{"damage_healed":0,"gold_gain":0,"player_choice":"Shed Blood","damage_taken":19,"max_hp_gain":5,"max_hp_loss":0,"event_name":"Forgotten Altar","floor":28,"gold_loss":0}],"is_beta":false,"boss_relics":[{"not_picked":["Ectoplasm","Snecko Eye"],"picked":"Sozu"}],"items_purged_floors":[],"is_endless":false,"potions_floor_spawned":[14,16],"killed_by":"Book of Stabbing","ascension_level":1}}