{"host":"8u7tvcybuv0u72fd","time":1610169288,"event":{"mods":["BaseMod","BetterRewards","Colored Map","Colored Powertips","Minty Spire (QoL Compilation)","Quick Restart","Shop Mod"],"gold_per_floor":[117,117,129,204,204,204,156,156,204,204,218,218,218,242,242,348,348,358,358,391,306,306,10,10,40,40,40,40,68,68,78,78,174,174,197,217,244,272,272,272,272,303,315,344,356,385,397,432,444,456,468,480,31,70,70],"floor_reached":56,"playtime":2741,"items_purged":["Strike_R"],"score":1597,"play_id":"26ed2637-19ea-4517-b5ef-fe10cca02723","local_time":"20210109001448","is_ascension_mode":false,"campfire_choices":[{"data":"Bash","floor":6.0,"key":"SMITH"},{"data":"Flex","floor":8.0,"key":"SMITH"},{"floor":10.0,"key":"REST"},{"data":"1","floor":12.0,"key":"LIFT"},{"data":"2","floor":15.0,"key":"LIFT"},{"data":"Body Slam","floor":24.0,"key":"SMITH"},{"data":"Berserk","floor":27.0,"key":"SMITH"},{"data":"3","floor":32.0,"key":"LIFT"},{"data":"Ghostly Armor","floor":40.0,"key":"SMITH"},{"data":"Enlightenment","floor":45.0,"key":"SMITH"},{"floor":47,"key":"RECALL"},{"data":"Heavy Blade","floor":49,"key":"SMITH"},{"data":"Defend_R","floor":52,"key":"SMITH"}],"circlet_count":0,"master_deck":["Strike_R","Strike_R","Strike_R","Strike_R","Defend_R","Defend_R+1","Defend_R","Defend_R+1","Bash+1","Flex+1","Headbutt+1","Berserk+1","Body Slam+1","Ghostly Armor+1","Clash+1","Impatience+1","Enlightenment+1","Trip","Clothesline+1","Heavy Blade+1","Apotheosis","Iron Wave+1"],"relics":["Black Blood","Charon\u0027s Ashes","Girya","PreservedInsect","Thread and Needle","CeramicFish","Busted Crown","Lizard Tail","Red Mask","Anchor","Nilry\u0027s Codex","Orichalcum","Pen Nib","Self Forming Clay","Mummified Hand","MerchantsRug","Cauldron","Red Skull","Pear"],"acts_visited":["Exordium","TheCity","TheBeyond","TheEnding"],"potions_floor_usage":[50,54,55,55],"damage_taken":[{"damage":0.0,"enemies":"Jaw Worm","floor":1.0,"turns":3.0},{"damage":0.0,"enemies":"Small Slimes","floor":3.0,"turns":2.0},{"damage":0.0,"enemies":"Cultist","floor":11.0,"turns":2.0},{"damage":69.0,"enemies":"Hexaghost","floor":16.0,"turns":10.0},{"damage":8.0,"enemies":"3 Byrds","floor":18.0,"turns":6.0},{"damage":18.0,"enemies":"Masked Bandits","floor":20.0,"turns":4.0},{"damage":13.0,"enemies":"Gremlin Leader","floor":25.0,"turns":10.0},{"damage":0.0,"enemies":"Book of Stabbing","floor":29.0,"turns":4.0},{"damage":0.0,"enemies":"2 Thieves","floor":31.0,"turns":3.0},{"damage":61.0,"enemies":"Collector","floor":33.0,"turns":10.0},{"damage":0.0,"enemies":"Orb Walker","floor":35.0,"turns":2.0},{"damage":5.0,"enemies":"3 Shapes","floor":36.0,"turns":3.0},{"damage":8.0,"enemies":"Spire Growth","floor":38.0,"turns":4.0},{"damage":40.0,"enemies":"Reptomancer","floor":42.0,"turns":6.0},{"damage":2.0,"enemies":"Transient","floor":44.0,"turns":5.0},{"damage":8.0,"enemies":"4 Shapes","floor":46.0,"turns":5.0},{"damage":0,"enemies":"Sphere and 2 Shapes","floor":48,"turns":4},{"damage":75,"enemies":"Awakened One","floor":50,"turns":11},{"damage":12,"enemies":"Shield and Spear","floor":54,"turns":5},{"damage":91,"enemies":"The Heart","floor":55,"turns":8}],"seed_played":"7894392133774780191","potions_obtained":[{"floor":18.0,"key":"GamblersBrew"},{"floor":29.0,"key":"DistilledChaos"},{"floor":36.0,"key":"Swift Potion"},{"floor":46,"key":"Swift Potion"},{"floor":53,"key":"PowerPotion"},{"floor":53,"key":"Weak Potion"},{"floor":53,"key":"LiquidMemories"}],"is_trial":false,"path_per_floor":["M","?","M","?","?","R","$","R","T","R","M","R","?","T","R","B",null,"M","T","?","?","?","$","R","E","T","R","?","E","$","M","R","B",null,"M","M","?","M","T","R","T","E","T","M","R","M","R","M","R","B",null,"R","$","E","B",null],"character_chosen":"IRONCLAD","items_purchased":["Charon\u0027s Ashes","Flex","PreservedInsect","Thread and Needle","Fire Potion","Headbutt","Weak Potion","Body Slam","Strawberry","Ghostly Armor","AttackPotion","MerchantsRug","Cauldron","Red Skull","Apotheosis"],"campfire_rested":1,"item_purchase_floors":[0,0,0,0,0,0,7,23,23,23,23,53,53,53,53],"current_hp_per_floor":[46,51,57,46,39,39,39,39,39,64,70,70,70,70,70,7,85,83,83,71,71,55,62,62,55,55,55,55,61,61,67,67,12,92,92,92,82,86,86,86,86,58,58,68,68,72,72,84,84,21,92,92,92,102,23],"gold":70,"neow_bonus":"","is_daily":false,"chose_seed":false,"campfire_upgraded":8,"win_rate":0.0,"timestamp":1610169288,"path_taken":["M","?","M","?","?","R","$","R","T","R","M","R","?","?","R","BOSS","M","?","?","?","?","$","R","E","T","R","?","E","?","M","R","BOSS","M","M","?","M","?","R","?","E","T","M","R","M","R","M","R","BOSS","R","$","E","BOSS"],"items_purchased_type":["Relic","Card","Relic","Relic","Potion","Card","Potion","Card","Relic","Card","Potion","Relic","Relic","Relic","Card"],"build_version":"2020-12-22","purchased_purges":1,"victory":true,"max_hp_per_floor":[80,85,85,85,85,85,85,85,85,85,85,85,85,85,85,85,85,85,85,85,85,85,92,92,92,92,92,92,92,92,92,92,92,92,92,92,92,92,92,92,92,92,92,92,92,92,92,92,92,92,92,92,92,102,102],"card_choices":[{"not_picked":["Clash","Feel No Pain","Havoc"],"picked":"SKIP","floor":1.0},{"not_picked":["Reckless Charge","Intimidate","Blood for Blood"],"picked":"SKIP","floor":3.0},{"not_picked":["Armaments","Warcry","Pommel Strike"],"picked":"SKIP","floor":11.0},{"not_picked":["Immolate","Feed"],"picked":"Berserk","floor":16.0},{"not_picked":["True Grit"],"picked":"SKIP","floor":18.0},{"not_picked":["Anger+1"],"picked":"SKIP","floor":25.0},{"not_picked":["Fire Breathing"],"picked":"SKIP","floor":29.0},{"not_picked":["Havoc"],"picked":"SKIP","floor":31.0},{"not_picked":[],"picked":"Clash+1","floor":35.0},{"not_picked":["Armaments"],"picked":"SKIP","floor":36.0},{"not_picked":[],"picked":"Impatience","floor":37.0},{"not_picked":[],"picked":"Enlightenment","floor":37.0},{"not_picked":[],"picked":"Trip","floor":37.0},{"not_picked":[],"picked":"Clothesline+1","floor":38.0},{"not_picked":["Rupture"],"picked":"SKIP","floor":42.0},{"not_picked":["Flex"],"picked":"SKIP","floor":44.0},{"not_picked":["Metallicize"],"picked":"SKIP","floor":46},{"not_picked":[],"picked":"Heavy Blade","floor":48},{"not_picked":[],"picked":"Iron Wave+1","floor":54}],"player_experience":1285602,"relics_obtained":[{"floor":9.0,"key":"Juzu Bracelet"},{"floor":19.0,"key":"Lizard Tail"},{"floor":20.0,"key":"Red Mask"},{"floor":22.0,"key":"Nilry\u0027s Codex"},{"floor":25.0,"key":"Tiny Chest"},{"floor":26.0,"key":"Orichalcum"},{"floor":29.0,"key":"Pen Nib"},{"floor":39.0,"key":"Self Forming Clay"},{"floor":41.0,"key":"Mummified Hand"},{"floor":42.0,"key":"MawBank"},{"floor":43.0,"key":"War Paint"},{"floor":54,"key":"Pear"}],"event_choices":[{"damage_healed":0.0,"max_hp_gain":5.0,"max_hp_loss":0.0,"gold_gain":0.0,"event_name":"Big Fish","player_choice":"Donut","floor":2.0,"gold_loss":0.0,"damage_taken":0.0},{"damage_healed":0.0,"max_hp_gain":0.0,"max_hp_loss":0.0,"gold_gain":75.0,"event_name":"World of Goop","player_choice":"Gather Gold","floor":4.0,"gold_loss":0.0,"damage_taken":11.0},{"damage_healed":0.0,"max_hp_gain":0.0,"max_hp_loss":0.0,"gold_gain":0.0,"event_name":"Scrap Ooze","player_choice":"Success","floor":5.0,"gold_loss":0.0,"damage_taken":7.0,"relics_obtained":["CeramicFish"]},{"damage_healed":0.0,"max_hp_gain":0.0,"max_hp_loss":0.0,"gold_gain":0.0,"event_name":"Living Wall","player_choice":"Grow","floor":13.0,"gold_loss":0.0,"damage_taken":0.0,"cards_upgraded":["Headbutt"]},{"damage_healed":0.0,"max_hp_gain":0.0,"max_hp_loss":0.0,"gold_gain":0.0,"event_name":"Masked Bandits","player_choice":"Fought Bandits","floor":20.0,"gold_loss":0.0,"damage_taken":0.0},{"damage_healed":0.0,"max_hp_gain":0.0,"max_hp_loss":0.0,"gold_gain":0.0,"event_name":"Addict","player_choice":"Obtained Relic","floor":21.0,"gold_loss":85.0,"damage_taken":0.0,"relics_obtained":["Anchor"]},{"damage_healed":0.0,"max_hp_gain":0.0,"max_hp_loss":0.0,"gold_gain":0.0,"event_name":"Cursed Tome","player_choice":"Obtained Book","floor":22.0,"gold_loss":0.0,"damage_taken":16.0},{"damage_healed":0.0,"max_hp_gain":0.0,"max_hp_loss":0.0,"gold_gain":0.0,"event_name":"Vampires","player_choice":"Ignored","floor":28.0,"gold_loss":0.0,"damage_taken":0.0},{"damage_healed":0.0,"max_hp_gain":0.0,"max_hp_loss":0.0,"gold_gain":0.0,"event_name":"SensoryStone","player_choice":"Memory 3","floor":37.0,"gold_loss":0.0,"damage_taken":10.0}],"is_beta":false,"boss_relics":[{"not_picked":["Runic Pyramid","Astrolabe"],"picked":"Busted Crown"},{"not_picked":["Sozu","Velvet Choker"],"picked":"Black Blood"}],"items_purged_floors":[0],"is_endless":false,"potions_floor_spawned":[18,29,31,36,46],"ascension_level":0}}