{"host":"fnk117zi8wf5078t","time":1610189878,"event":{"mods":["AchievementEnabler","BaseMod","Colored Map","Minty Spire (QoL Compilation)","Rare Cards Sparkle","SuperFastMode","everything is the same but u backflip on backflip"],"gold_per_floor":[117,42,53,68,68,68,84,84,111,186,186,196,215,250,250,329,329,329],"floor_reached":17,"playtime":1804,"items_purged":["Strike_R"],"score":290,"play_id":"b4c7fe8e-aca8-4c4b-9840-9041ac993242","local_time":"20210109195758","is_ascension_mode":true,"campfire_choices":[{"data":"Searing Blow","floor":6,"key":"SMITH"},{"data":"Searing Blow+1","floor":8,"key":"SMITH"},{"floor":15,"key":"REST"}],"circlet_count":0,"master_deck":["AscendersBane","Strike_R","Defend_R","Defend_R","Defend_R","Defend_R","Bash","Juggernaut","Flame Barrier","Searing Blow+2","Body Slam","Combust","Corruption","Offering+1","Intimidate+1","Reaper+1"],"relics":["Burning Blood","Bronze Scales","Orichalcum","MealTicket","Astrolabe"],"acts_visited":["Exordium","TheCity"],"potions_floor_usage":[7,7,14,16],"damage_taken":[{"damage":12,"enemies":"Jaw Worm","floor":1,"turns":2},{"damage":6,"enemies":"Small Slimes","floor":3,"turns":5},{"damage":9,"enemies":"2 Louse","floor":4,"turns":3},{"damage":19,"enemies":"Gremlin Gang","floor":7,"turns":5},{"damage":8,"enemies":"Exordium Wildlife","floor":12,"turns":4},{"damage":9,"enemies":"3 Louse","floor":13,"turns":3},{"damage":22,"enemies":"3 Sentries","floor":14,"turns":7},{"damage":12,"enemies":"Hexaghost","floor":16,"turns":9}],"seed_played":"6620281815265638006","potions_obtained":[{"floor":1,"key":"LiquidBronze"},{"floor":4,"key":"SkillPotion"},{"floor":12,"key":"ColorlessPotion"},{"floor":13,"key":"Fruit Juice"}],"is_trial":false,"path_per_floor":["M","$","M","M","$","R","M","R","T","?","?","M","M","E","R","B",null],"character_chosen":"IRONCLAD","items_purchased":[],"campfire_rested":1,"item_purchase_floors":[],"current_hp_per_floor":[62,62,62,59,59,59,46,46,46,35,24,22,19,8,32,26,67,67],"gold":329,"neow_bonus":"ONE_RANDOM_RARE_CARD","is_daily":false,"chose_seed":false,"campfire_upgraded":2,"win_rate":0.0,"timestamp":1610189878,"path_taken":["M","$","M","M","$","R","M","R","T","?","?","M","M","E","R","BOSS"],"items_purchased_type":[],"build_version":"2020-12-22","purchased_purges":1,"victory":false,"max_hp_per_floor":[75,75,75,75,75,75,75,75,75,75,75,75,75,80,80,80,80,80],"card_choices":[{"not_picked":["Dropkick","Clash"],"picked":"Flame Barrier","floor":1},{"not_picked":["Disarm","Clothesline"],"picked":"Searing Blow","floor":3},{"not_picked":["Heavy Blade","Metallicize","Thunderclap"],"picked":"SKIP","floor":4},{"not_picked":["Anger","Twin Strike"],"picked":"Body Slam","floor":7},{"not_picked":["Carnage","Spot Weakness"],"picked":"Combust","floor":12},{"not_picked":["Heavy Blade","Clash","Thunderclap"],"picked":"SKIP","floor":13},{"not_picked":["Fire Breathing","Clash","Wild Strike"],"picked":"SKIP","floor":14},{"not_picked":["Berserk","Brutality"],"picked":"Corruption","floor":16}],"player_experience":354987,"relics_obtained":[{"floor":9,"key":"Bronze Scales"},{"floor":14,"key":"MealTicket"}],"event_choices":[{"damage_healed":0,"gold_gain":75,"player_choice":"Gather Gold","damage_taken":11,"max_hp_gain":0,"max_hp_loss":0,"event_name":"World of Goop","floor":10,"gold_loss":0},{"damage_healed":0,"gold_gain":0,"player_choice":"Success","damage_taken":11,"relics_obtained":["Orichalcum"],"max_hp_gain":0,"max_hp_loss":0,"event_name":"Scrap Ooze","floor":11,"gold_loss":0}],"is_beta":false,"boss_relics":[{"not_picked":["Cursed Key","Black Star"],"picked":"Astrolabe"}],"items_purged_floors":[2],"is_endless":false,"potions_floor_spawned":[1,4,12,13],"ascension_level":17}}