{"host":"uonldg9uriwfhjjx","time":1610168627,"event":{"mods":["AchievementEnabler","BaseMod","Minty Spire (QoL Compilation)","Relic Stats"],"gold_per_floor":[117,132,132,282,282,282,316,316,340,358,30,50,86,107,107,203,203,222,222,232,71,89,121,121,150,150,0,0,0],"floor_reached":28,"playtime":769,"items_purged":["Doubt","Rage"],"score":479,"play_id":"230c76e8-0af4-47b4-8046-eceb70495426","local_time":"20210109000347","is_ascension_mode":true,"campfire_choices":[{"data":"Armaments","floor":6,"key":"SMITH"},{"floor":8,"key":"REST"},{"data":"Sword Boomerang","floor":15,"key":"SMITH"},{"data":"1","floor":24,"key":"LIFT"}],"circlet_count":0,"master_deck":["AscendersBane","Bash+1","Armaments+1","Battle Trance","Twin Strike","Inflame+1","Whirlwind","Sword Boomerang+1","Limit Break","Ghostly Armor+1","Fire Breathing+1","Iron Wave","Headbutt","Inflame+1","Rage","Rage+1","Perfected Strike","Heavy Blade","Evolve+1","Flex","Sword Boomerang"],"relics":["Burning Blood","Bloody Idol","Frozen Egg 2","Orichalcum","Vajra","Pantograph","Pandora\u0027s Box","Lantern","Girya","Tiny Chest","War Paint"],"acts_visited":["Exordium","TheCity"],"potions_floor_usage":[7,23,25],"damage_taken":[{"damage":6,"enemies":"Cultist","floor":1,"turns":3},{"damage":19,"enemies":"Small Slimes","floor":2,"turns":4},{"damage":25,"enemies":"Gremlin Nob","floor":7,"turns":4},{"damage":0,"enemies":"2 Louse","floor":10,"turns":3},{"damage":13,"enemies":"Large Slime","floor":12,"turns":5},{"damage":11,"enemies":"Lagavulin","floor":13,"turns":7},{"damage":0,"enemies":"2 Fungi Beasts","floor":14,"turns":2},{"damage":39,"enemies":"The Guardian","floor":16,"turns":12},{"damage":10,"enemies":"3 Byrds","floor":18,"turns":4},{"damage":10,"enemies":"Shell Parasite","floor":20,"turns":4},{"damage":14,"enemies":"Snake Plant","floor":22,"turns":3},{"damage":29,"enemies":"Book of Stabbing","floor":23,"turns":5},{"damage":31,"enemies":"Gremlin Leader","floor":25,"turns":5},{"damage":26,"enemies":"Shelled Parasite and Fungi","floor":28,"turns":3}],"seed_played":"7071263131381601592","potions_obtained":[{"floor":2,"key":"Fire Potion"},{"floor":16,"key":"BlessingOfTheForge"},{"floor":23,"key":"EssenceOfSteel"}],"is_trial":false,"path_per_floor":["M","M","?","?","?","R","E","R","T","M","$","M","E","M","R","B",null,"M","?","M","$","M","E","R","E","T","$","M"],"character_chosen":"IRONCLAD","items_purchased":["Inflame+1","Vajra","Lantern","Sword Boomerang"],"campfire_rested":1,"item_purchase_floors":[11,11,21,27],"current_hp_per_floor":[68,55,55,55,35,35,16,36,36,42,42,35,30,36,36,28,58,54,54,55,55,52,34,34,14,14,14,0,0],"gold":0,"neow_bonus":"UPGRADE_CARD","is_daily":false,"chose_seed":false,"campfire_upgraded":2,"win_rate":0.0,"timestamp":1610168627,"path_taken":["M","?","?","?","?","R","E","R","T","M","$","M","E","M","R","BOSS","M","?","M","$","M","E","R","E","T","?","M"],"items_purchased_type":["Card","Relic","Relic","Card"],"build_version":"2020-12-22","purchased_purges":2,"victory":false,"max_hp_per_floor":[75,75,68,68,68,68,68,68,68,68,68,68,68,68,68,68,68,68,68,68,68,68,68,68,68,68,68,68,68],"relic_stats":{"counters":[14,64],"Bloody Idol":20,"Pantograph":25,"Pandora\u0027s Box":["Ghostly Armor","Fire Breathing","Iron Wave","Rage","Headbutt","Inflame","Rage","Rage","Perfected Strike"],"Tiny Chest":0,"Orichalcum":[66],"War Paint":["Ghostly Armor","Rage"],"obtain_stats":[{"Girya":23,"Lantern":21,"Golden Idol":3,"Pantograph":13,"Bloody Idol":19,"Vajra":11,"Pandora\u0027s Box":17,"Tiny Chest":25,"Frozen Egg 2":7,"Orichalcum":9,"War Paint":26,"Burning Blood":0},{"Girya":12,"Lantern":10,"Golden Idol":2,"Pantograph":6,"Bloody Idol":9,"Vajra":4,"Pandora\u0027s Box":8,"Tiny Chest":13,"Frozen Egg 2":3,"Orichalcum":3,"War Paint":13,"Burning Blood":0},{"Girya":56,"Lantern":48,"Golden Idol":7,"Pantograph":26,"Bloody Idol":44,"Vajra":14,"Pandora\u0027s Box":40,"Tiny Chest":61,"Frozen Egg 2":11,"Orichalcum":11,"War Paint":61,"Burning Blood":0}],"Burning Blood":78},"card_choices":[{"not_picked":["Heavy Blade","Disarm"],"picked":"Armaments","floor":1},{"not_picked":["Body Slam","Havoc"],"picked":"Battle Trance","floor":2},{"not_picked":["Offering","Body Slam"],"picked":"Twin Strike","floor":7},{"not_picked":["Clash","Carnage","Bloodletting"],"picked":"SKIP","floor":10},{"not_picked":["Body Slam","Shrug It Off"],"picked":"Whirlwind","floor":12},{"not_picked":["Second Wind","Thunderclap"],"picked":"Sword Boomerang","floor":13},{"not_picked":["Power Through","Dropkick","Reckless Charge"],"picked":"SKIP","floor":14},{"not_picked":["Reaper","Fiend Fire"],"picked":"Limit Break","floor":16},{"not_picked":["Flame Barrier","Thunderclap","Warcry"],"picked":"SKIP","floor":18},{"not_picked":["Flame Barrier","Havoc"],"picked":"Heavy Blade","floor":20},{"not_picked":["Havoc","Searing Blow+1"],"picked":"Evolve+1","floor":22},{"not_picked":["Flame Barrier+1","Searing Blow"],"picked":"Flex","floor":23},{"not_picked":["Uppercut","Armaments","Metallicize+1"],"picked":"SKIP","floor":25}],"player_experience":748515,"relics_obtained":[{"floor":7,"key":"Frozen Egg 2"},{"floor":9,"key":"Orichalcum"},{"floor":13,"key":"Pantograph"},{"floor":23,"key":"Girya"},{"floor":25,"key":"Tiny Chest"},{"floor":26,"key":"War Paint"}],"event_choices":[{"damage_healed":0,"gold_gain":0,"player_choice":"Lose Max HP","damage_taken":0,"relics_obtained":["Golden Idol"],"max_hp_gain":0,"max_hp_loss":7,"event_name":"Golden Idol","floor":3,"gold_loss":0},{"damage_healed":0,"gold_gain":150,"player_choice":"AGREE","damage_taken":0,"max_hp_gain":0,"max_hp_loss":0,"event_name":"Liars Game","floor":4,"gold_loss":0,"cards_obtained":["Doubt"]},{"damage_healed":0,"gold_gain":0,"player_choice":"Entered Light","damage_taken":20,"max_hp_gain":0,"max_hp_loss":0,"event_name":"Shining Light","floor":5,"gold_loss":0,"cards_upgraded":["Defend_R","Strike_R"]},{"damage_healed":0,"gold_gain":0,"player_choice":"Gave Idol","damage_taken":0,"relics_obtained":["Bloody Idol"],"max_hp_gain":0,"max_hp_loss":0,"event_name":"Forgotten Altar","floor":19,"relics_lost":["Golden Idol"],"gold_loss":0}],"is_beta":false,"boss_relics":[{"not_picked":["Philosopher\u0027s Stone","Ectoplasm"],"picked":"Pandora\u0027s Box"}],"items_purged_floors":[11,27],"is_endless":false,"potions_floor_spawned":[2,16,23],"killed_by":"Shelled Parasite and Fungi","ascension_level":16}}