{"host":"vlqejv0notyktumz","time":1610218683,"event":{"mods":["AchievementEnabler","BaseMod","Googly Eyes","Minty Spire (QoL Compilation)"],"gold_per_floor":[111,131,143,68,143,171,171,191,214,230,230,230,244,244,244,347,347,358,457,213,224,238,238,271,271,298,298,23,23,23],"floor_reached":29,"playtime":800,"items_purged":["Strike_R","Strike_R","Strike_R"],"score":267,"play_id":"3ba4dc3c-9e79-4f07-9910-f1a85d9fdfe6","local_time":"20210109125803","is_ascension_mode":true,"campfire_choices":[{"data":"Demon Form","floor":7,"key":"SMITH"},{"floor":11,"key":"REST"},{"data":"Iron Wave","floor":15,"key":"SMITH"},{"floor":23,"key":"REST"},{"data":"Entrench","floor":25,"key":"SMITH"},{"data":"Defend_R","floor":27,"key":"SMITH"}],"circlet_count":0,"master_deck":["Strike_R","Defend_R","Defend_R+1","Defend_R","Defend_R","Bash","Jack Of All Trades","Dropkick","Iron Wave+1","Dropkick","Demon Form+1","Entrench+1","Shockwave","Heavy Blade","Hemokinesis","Uppercut","Limit Break"],"relics":["Burning Blood","Omamori","Lantern","Runic Pyramid","Happy Flower","Bag of Marbles","Smiling Mask","Membership Card"],"acts_visited":["Exordium","TheCity"],"potions_floor_usage":[6,10,16,22,24,24],"damage_taken":[{"damage":7,"enemies":"Cultist","floor":1,"turns":4},{"damage":6,"enemies":"2 Louse","floor":2,"turns":3},{"damage":2,"enemies":"Small Slimes","floor":3,"turns":3},{"damage":6,"enemies":"Gremlin Nob","floor":6,"turns":3},{"damage":16,"enemies":"Red Slaver","floor":8,"turns":4},{"damage":28,"enemies":"3 Louse","floor":10,"turns":5},{"damage":20,"enemies":"2 Fungi Beasts","floor":13,"turns":4},{"damage":27,"enemies":"Hexaghost","floor":16,"turns":8},{"damage":46,"enemies":"Shell Parasite","floor":18,"turns":8},{"damage":4,"enemies":"Chosen","floor":21,"turns":4},{"damage":20,"enemies":"Snake Plant","floor":22,"turns":4},{"damage":31,"enemies":"Book of Stabbing","floor":24,"turns":6},{"damage":33,"enemies":"Colosseum Slavers","floor":29,"turns":3}],"seed_played":"1813003945487863317","potions_obtained":[{"floor":2,"key":"DistilledChaos"},{"floor":6,"key":"BlessingOfTheForge"},{"floor":8,"key":"LiquidMemories"},{"floor":13,"key":"HeartOfIron"},{"floor":16,"key":"Ancient Potion"},{"floor":21,"key":"Block Potion"}],"is_trial":false,"path_per_floor":["M","M","M","$","?","E","R","M","T","M","R","?","M","?","R","B",null,"M","?","$","M","M","R","E","R","T","R","$","?"],"character_chosen":"IRONCLAD","items_purchased":["Happy Flower","Membership Card","Limit Break"],"campfire_rested":2,"item_purchase_floors":[20,28,28],"current_hp_per_floor":[79,79,80,80,69,69,69,59,59,37,61,80,66,66,66,45,80,40,40,40,42,28,52,27,27,27,27,27,0,0],"gold":23,"neow_bonus":"RANDOM_COLORLESS","is_daily":false,"chose_seed":false,"campfire_upgraded":4,"win_rate":0.0,"timestamp":1610218683,"path_taken":["M","M","M","$","?","E","R","M","T","M","R","?","M","?","R","BOSS","M","?","$","M","M","R","E","R","T","R","$","?"],"items_purchased_type":["Relic","Relic","Card"],"build_version":"2020-12-22","purchased_purges":3,"victory":false,"max_hp_per_floor":[80,80,80,80,80,80,80,80,80,80,80,80,80,80,80,80,80,80,80,80,80,80,80,80,80,80,80,80,80,80],"card_choices":[{"not_picked":["Deep Breath","PanicButton"],"picked":"Jack Of All Trades","floor":0},{"not_picked":["Perfected Strike","Blood for Blood"],"picked":"Dropkick","floor":1},{"not_picked":["Headbutt","Disarm"],"picked":"Iron Wave","floor":2},{"not_picked":["Double Tap","Flex"],"picked":"Dropkick","floor":3},{"not_picked":["Flex","Clash"],"picked":"Demon Form","floor":6},{"not_picked":["Clash","Battle Trance"],"picked":"Entrench","floor":8},{"not_picked":["Twin Strike","Armaments"],"picked":"Shockwave","floor":10},{"not_picked":["Warcry","Perfected Strike"],"picked":"Heavy Blade","floor":13},{"not_picked":["Havoc","Armaments","Pummel"],"picked":"SKIP","floor":18},{"not_picked":["Pommel Strike","Cleave+1"],"picked":"Uppercut","floor":21},{"not_picked":["Second Wind+1","Blood for Blood","Wild Strike+1"],"picked":"SKIP","floor":22},{"not_picked":["True Grit+1","Bloodletting","Heavy Blade"],"picked":"SKIP","floor":24}],"player_experience":310593,"relics_obtained":[{"floor":6,"key":"Omamori"},{"floor":9,"key":"Lantern"},{"floor":24,"key":"Bag of Marbles"},{"floor":26,"key":"Smiling Mask"}],"event_choices":[{"damage_healed":0,"gold_gain":75,"player_choice":"Gather Gold","damage_taken":11,"max_hp_gain":0,"max_hp_loss":0,"event_name":"World of Goop","floor":5,"gold_loss":0},{"damage_healed":20,"gold_gain":0,"player_choice":"Healed and dodged fight","damage_taken":0,"max_hp_gain":0,"max_hp_loss":0,"event_name":"Mushrooms","floor":12,"gold_loss":0,"cards_obtained":["Parasite"]},{"damage_healed":0,"gold_gain":0,"cards_transformed":["Strike_R"],"player_choice":"Transformed","damage_taken":0,"max_hp_gain":0,"max_hp_loss":0,"event_name":"Transmorgrifier","floor":14,"gold_loss":0,"cards_obtained":["Hemokinesis"]},{"damage_healed":0,"gold_gain":99,"player_choice":"Stole From Cult","damage_taken":0,"max_hp_gain":0,"max_hp_loss":0,"event_name":"Nest","floor":19,"gold_loss":0},{"damage_healed":0,"gold_gain":0,"player_choice":"Fight","damage_taken":0,"max_hp_gain":0,"max_hp_loss":0,"event_name":"Colosseum","floor":29,"gold_loss":0}],"is_beta":false,"boss_relics":[{"not_picked":["Mark of Pain","Calling Bell"],"picked":"Runic Pyramid"}],"items_purged_floors":[4,20,28],"is_endless":false,"potions_floor_spawned":[2,6,8,13,16,21],"killed_by":"Colosseum Slavers","ascension_level":2}}