{"host":"eeuhgv8goqdjv4ip","time":1610210046,"event":{"mods":["2.2 Compatiblity","AchievementEnabler","BaseMod","Challenge The Spire","Colored Map","Colored Powertips","Conspire","Dark Map","Hubris","Infinite Spire","Marisa????????","Minty Spire (QoL Compilation)","Remilia??????","Replay The Spire","SIMod","StSLib","The Animator","The Saiyan","The Servant 0.9.4","The Wild Card"],"gold_per_floor":[112,17,17,17,31,31,62,62,88,119,130,242,262,280,280,377,377,397,160,160,162,87,123,123,147,198,198,212,222,222,241,241,358,358,374,384,384,398,23,23,51,107,107,117,117,39,39,39,39,39,39,39,39,75,77],"floor_reached":56,"playtime":8239,"items_purged":["Strike_B"],"score":1509,"play_id":"293aebc2-fb24-4dd2-9928-31b1571b6320","local_time":"20210109123406","is_ascension_mode":true,"campfire_choices":[{"data":"ReplayTheSpireMod:Calculation Training","floor":6,"key":"SMITH"},{"data":"Zap","floor":8,"key":"SMITH"},{"data":"Dualcast","floor":15,"key":"SMITH"},{"data":"Amplify","floor":24,"key":"SMITH"},{"data":"Blizzard","floor":27,"key":"SMITH"},{"data":"Seek","floor":30,"key":"SMITH"},{"floor":32,"key":"REST"},{"data":"White Noise","floor":40,"key":"SMITH"},{"data":"Consume","floor":45,"key":"SMITH"},{"data":"Chill","floor":47,"key":"SMITH"},{"floor":49,"key":"RECALL"},{"data":"Loop","floor":52,"key":"SMITH"}],"circlet_count":0,"master_deck":["Strike_B","Strike_B","Defend_B","Defend_B","Defend_B","Defend_B","Zap+1","Dualcast+1","Redo+1","Sweeping Beam","Hello World","ReplayTheSpireMod:Calculation Training+1","Cold Snap","Hello World","Coolheaded","Compile Driver","Turbo","Machine Learning","Blizzard+1","Aggregate","Coolheaded","Compile Driver","Leap","Seek+1","Hologram","Stack","Capacitor","hubris:Insight","Amplify+1","Skim","Coolheaded+1","Loop+1","Panic Button+1","Aggregate+1","BasicCrystalCard+1","Core Surge","Cold Snap+1","Stack+1","Compile Driver+1","FIFO Queue+1","Coolheaded+1","Redo+1","Redo+1","Capacitor","White Noise+1","Barrage","Hologram+1","Force Field+1","Consume+1","Cold Snap","Chill+1","Beam Cell+1"],"relics":["Cracked Core","Prayer Wheel","infinitespire:Midas Blood","Anchor","Bronze Scales","Replay:Bronze Core","hubris:Icosahedron","Emotion Chip","Nuclear Battery","Strawberry","Replay:Rubber Ducky","Bird Faced Urn","Omamori","ReplayTheSpireMod:Shallot"],"acts_visited":["Exordium","TheCity","TheBeyond","TheEnding"],"potions_floor_usage":[16,16,16,28,35,41,42],"damage_taken":[{"damage":8,"enemies":"Cultist","floor":1,"turns":5},{"damage":1,"enemies":"Jaw Worm","floor":5,"turns":3},{"damage":27,"enemies":"Gremlin Nob","floor":7,"turns":4},{"damage":0,"enemies":"Lagavulin","floor":10,"turns":6},{"damage":0,"enemies":"2 Louse","floor":11,"turns":2},{"damage":0,"enemies":"Large Slime","floor":13,"turns":4},{"damage":0,"enemies":"3 Louse","floor":14,"turns":3},{"damage":0,"enemies":"Slime Boss","floor":16,"turns":7},{"damage":12,"enemies":"Chosen","floor":18,"turns":6},{"damage":13,"enemies":"conspire:Head Lice","floor":23,"turns":8},{"damage":19,"enemies":"Spheric Guardian","floor":25,"turns":6},{"damage":2,"enemies":"conspire:HollyBat","floor":28,"turns":6},{"damage":0,"enemies":"Shelled Parasite and Fungi","floor":29,"turns":6},{"damage":0,"enemies":"Centurion and Healer","floor":31,"turns":7},{"damage":35,"enemies":"hubris:MusketHawk","floor":33,"turns":10},{"damage":0,"enemies":"Orb Walker","floor":35,"turns":3},{"damage":0,"enemies":"3 Darklings","floor":36,"turns":6},{"damage":0,"enemies":"Maw","floor":38,"turns":10},{"damage":0,"enemies":"Giant Head","floor":41,"turns":9},{"damage":11,"enemies":"2 Orb Walkers","floor":42,"turns":5},{"damage":0,"enemies":"Writhing Mass","floor":44,"turns":8},{"damage":0,"enemies":"hubris:GrandSnecko","floor":50,"turns":17},{"damage":15,"enemies":"Shield and Spear","floor":54,"turns":4},{"damage":22,"enemies":"The Heart","floor":55,"turns":14}],"seed_played":"8697900741731247035","potions_obtained":[{"floor":1,"key":"SpeedPotion"},{"floor":10,"key":"PowerPotion"},{"floor":11,"key":"Fire Potion"},{"floor":13,"key":"FocusPotion"},{"floor":25,"key":"Weak Potion"},{"floor":28,"key":"Milkshake"},{"floor":35,"key":"FearPotion"},{"floor":41,"key":"SkillPotion"}],"is_trial":false,"path_per_floor":["M","$","$","?","M","R","E","R","T","E","M","?","M","M","R","B",null,"M","$","?","?","?","E","R","M","T","R","M","M","R","M","R","B",null,"M","M","?","M","$","R","E","?","T","M","R","$","R","$","R","B",null,"R","$","E","B",null],"character_chosen":"DEFECT","items_purchased":["Sweeping Beam","Hello World","Capacitor","hubris:Insight","Redo+1","Capacitor","White Noise","Barrage","Strawberry","Chill"],"campfire_rested":1,"item_purchase_floors":[2,2,19,19,39,39,39,39,39,46],"current_hp_per_floor":[67,67,67,67,66,66,39,39,39,39,39,9,9,9,9,9,75,63,63,63,49,49,36,36,17,17,17,15,15,15,15,39,4,80,80,80,80,80,87,87,87,76,76,87,87,87,87,87,87,87,87,87,87,72,66],"gold":77,"neow_bonus":"ONE_RANDOM_RARE_CARD","is_daily":false,"chose_seed":false,"campfire_upgraded":10,"win_rate":0.0,"timestamp":1610210046,"path_taken":["M","?","$","?","M","R","E","R","T","E","M","?","M","M","R","BOSS","M","$","?","?","?","E","R","M","T","R","M","M","R","M","R","BOSS","M","M","?","M","$","R","E","?","T","M","R","$","R","?","R","BOSS","R","$","E","BOSS"],"items_purchased_type":["Card","Card","Card","Card","Card","Card","Card","Card","Relic","Card"],"build_version":"2020-12-22","purchased_purges":1,"victory":true,"max_hp_per_floor":[75,75,75,75,75,75,75,75,75,75,75,75,75,75,75,75,75,75,75,75,80,80,80,80,80,80,80,80,80,80,80,80,80,80,80,80,80,80,87,87,87,87,87,87,87,87,87,87,87,87,87,87,87,87,87],"card_choices":[{"not_picked":["Ball Lightning","ReplaySort"],"picked":"Redo","floor":1},{"not_picked":["Coolheaded","Consume","Go for the Eyes"],"picked":"SKIP","floor":1},{"not_picked":["Time Bomb","Lockon"],"picked":"ReplayTheSpireMod:Calculation Training","floor":5},{"not_picked":["ReplayTheSpireMod:Reroute Power","Streamline"],"picked":"Cold Snap","floor":5},{"not_picked":["ReplayTheSpireMod:Reroute Power","Hologram"],"picked":"Hello World","floor":7},{"not_picked":["Panic Button","Turbo"],"picked":"Coolheaded","floor":10},{"not_picked":["Lockon","Redo"],"picked":"Compile Driver","floor":11},{"not_picked":["Leap","Barrage","hubris:Ukulele"],"picked":"SKIP","floor":11},{"not_picked":["Recycle","conspire:SharedLibrary"],"picked":"Turbo","floor":12},{"not_picked":["Streamline","Redo"],"picked":"Machine Learning","floor":12},{"not_picked":["Redo","Barrage"],"picked":"Blizzard","floor":12},{"not_picked":["Crystallizer","Go for the Eyes"],"picked":"Aggregate","floor":13},{"not_picked":["Gash","Compile Driver"],"picked":"Coolheaded","floor":13},{"not_picked":["Rip and Tear","Chaos"],"picked":"Compile Driver","floor":14},{"not_picked":["Rebound","Force Field"],"picked":"Leap","floor":14},{"not_picked":["Buffer","All For One"],"picked":"Seek","floor":16},{"not_picked":["Crystallizer","Skim"],"picked":"Hologram","floor":18},{"not_picked":["Streamline+1","Lockon"],"picked":"Stack","floor":18},{"not_picked":["Leap","Glacier"],"picked":"Amplify","floor":23},{"not_picked":["Steam","Sweeping Beam"],"picked":"Skim","floor":25},{"not_picked":["Gash","Genetic Algorithm+1"],"picked":"Coolheaded+1","floor":25},{"not_picked":["Ball Lightning","Panic Button","Gash"],"picked":"SKIP","floor":28},{"not_picked":["Go for the Eyes","BasicCrystalCard","Ball Lightning"],"picked":"SKIP","floor":28},{"not_picked":["Turbo","Sunder+1"],"picked":"Loop","floor":29},{"not_picked":["All For One","Rebound"],"picked":"Panic Button+1","floor":29},{"not_picked":["Beam Cell","Panic Button"],"picked":"Aggregate+1","floor":31},{"not_picked":["Panic Button","Sunder"],"picked":"BasicCrystalCard+1","floor":31},{"not_picked":["ReplayTheSpireMod:Fabricate Wheel","ReplayTheSpireMod:Omega Cannon"],"picked":"Core Surge","floor":33},{"not_picked":["Ball Lightning","Turbo"],"picked":"Cold Snap+1","floor":35},{"not_picked":["Cold Snap+1","Beam Cell"],"picked":"Stack+1","floor":35},{"not_picked":["ReplayGash+1","BasicCrystalCard+1"],"picked":"Compile Driver+1","floor":36},{"not_picked":["Ball Lightning","conspire:Rain+1"],"picked":"FIFO Queue+1","floor":36},{"not_picked":["hubris:SpecializedCircuitry","Stack"],"picked":"Coolheaded+1","floor":38},{"not_picked":["Stack","Storm"],"picked":"Redo+1","floor":38},{"not_picked":["Beam Cell","Ball Lightning"],"picked":"Hologram+1","floor":41},{"not_picked":["Self Repair+1","Machine Learning"],"picked":"Force Field+1","floor":42},{"not_picked":["Turbo+1","Go for the Eyes"],"picked":"Consume","floor":44},{"not_picked":["Beam Cell","Hello World+1"],"picked":"Cold Snap","floor":44},{"not_picked":["Gash","Turbo"],"picked":"Beam Cell+1","floor":54}],"player_experience":440542,"relics_obtained":[{"floor":7,"key":"infinitespire:Midas Blood"},{"floor":9,"key":"Anchor"},{"floor":10,"key":"Bronze Scales"},{"floor":23,"key":"Emotion Chip"},{"floor":41,"key":"Replay:Rubber Ducky"},{"floor":42,"key":"Bird Faced Urn"},{"floor":43,"key":"Omamori"},{"floor":54,"key":"ReplayTheSpireMod:Shallot"}],"event_choices":[{"damage_healed":0,"gold_gain":0,"player_choice":"Shed Blood","damage_taken":19,"max_hp_gain":5,"max_hp_loss":0,"event_name":"Forgotten Altar","floor":21,"gold_loss":0},{"cards_removed":["Strike_B"],"damage_healed":0,"gold_gain":0,"player_choice":"Gave Gold","damage_taken":0,"max_hp_gain":0,"max_hp_loss":0,"event_name":"Beggar","floor":22,"gold_loss":75},{"damage_healed":0,"gold_gain":0,"player_choice":"Ignored","damage_taken":0,"max_hp_gain":0,"max_hp_loss":0,"event_name":"Tomb of Lord Red Mask","floor":37,"gold_loss":0},{"damage_healed":0,"gold_gain":0,"player_choice":"Fight","damage_taken":0,"max_hp_gain":0,"max_hp_loss":0,"event_name":"Mysterious Sphere","floor":42,"gold_loss":0}],"is_beta":false,"boss_relics":[{"not_picked":["conspire:RoyalGoblet","Ring of Chaos"],"picked":"Replay:Bronze Core"},{"not_picked":["Snecko Eye","Runic Dome"],"picked":"Nuclear Battery"}],"items_purged_floors":[19],"is_endless":false,"potions_floor_spawned":[1,10,11,13,25,28,35,41],"ascension_level":1}}