{"host":"Fun","time":1610224950,"event":{"mods":["BaseMod","Colored Map","Minty Spire (QoL Compilation)","Relic Stats","StSLib"],"gold_per_floor":[118,143,143,143,156,156,67,95,95,95,109,109,124,157,157,236,236,256,272,222,242,252,287,267,267,291,291,301,313,327,339,339,339,339],"floor_reached":33,"playtime":3693,"items_purged":["Strike_R"],"score":555,"play_id":"67376041-0e59-43e2-a535-08ee16456d37","local_time":"20210109154230","is_ascension_mode":true,"campfire_choices":[{"data":"Cleave","floor":6,"key":"SMITH"},{"data":"Perfected Strike","floor":10,"key":"SMITH"},{"data":"Clothesline","floor":12,"key":"SMITH"},{"data":"Ghostly Armor","floor":15,"key":"SMITH"},{"floor":25,"key":"REST"},{"floor":27,"key":"REST"},{"floor":32,"key":"REST"}],"circlet_count":0,"master_deck":["AscendersBane","Strike_R","Strike_R","Strike_R","Strike_R","Defend_R","Defend_R","Defend_R+1","Defend_R","Bash+1","Cleave+1","Battle Trance+1","True Grit","Jack Of All Trades","Perfected Strike+1","Clothesline+1","Ghostly Armor+1","Immolate","CurseOfTheBell","Inflame+1","Reaper","Inflame+1"],"relics":["Burning Blood","WarpedTongs","War Paint","FossilizedHelix","Self Forming Clay","Paper Frog","Kunai","Calling Bell","Smiling Mask","Frozen Egg 2","Mango","The Courier","Strawberry"],"acts_visited":["Exordium","TheCity"],"potions_floor_usage":[22,23,30,33,33],"damage_taken":[{"damage":6,"enemies":"Cultist","floor":1,"turns":3},{"damage":0,"enemies":"Jaw Worm","floor":5,"turns":4},{"damage":28,"enemies":"Gremlin Nob","floor":8,"turns":4},{"damage":0,"enemies":"2 Louse","floor":11,"turns":2},{"damage":0,"enemies":"Blue Slaver","floor":13,"turns":3},{"damage":15,"enemies":"Lagavulin","floor":14,"turns":5},{"damage":13,"enemies":"The Guardian","floor":16,"turns":14},{"damage":5,"enemies":"3 Byrds","floor":18,"turns":4},{"damage":18,"enemies":"Chosen","floor":19,"turns":6},{"damage":28,"enemies":"3 Cultists","floor":21,"turns":5},{"damage":23,"enemies":"Chosen and Byrds","floor":22,"turns":6},{"damage":39,"enemies":"Book of Stabbing","floor":23,"turns":7},{"damage":15,"enemies":"Snecko","floor":28,"turns":5},{"damage":23,"enemies":"Shelled Parasite and Fungi","floor":29,"turns":8},{"damage":36,"enemies":"Centurion and Healer","floor":30,"turns":8},{"damage":30,"enemies":"Cultist and Chosen","floor":31,"turns":9},{"damage":48,"enemies":"Champ","floor":33,"turns":15}],"seed_played":"3326829078075348630","potions_obtained":[{"floor":5,"key":"SteroidPotion"},{"floor":14,"key":"SpeedPotion"},{"floor":19,"key":"PowerPotion"},{"floor":22,"key":"BloodPotion"},{"floor":23,"key":"SteroidPotion"},{"floor":24,"key":"Dexterity Potion"},{"floor":31,"key":"Dexterity Potion"}],"is_trial":false,"path_per_floor":["M","T","?","?","M","R","$","E","T","R","M","R","M","E","R","B",null,"M","M","$","M","M","E","?","R","T","R","M","M","M","M","R","B"],"character_chosen":"IRONCLAD","items_purchased":["Jack Of All Trades"],"campfire_rested":3,"item_purchase_floors":[7],"current_hp_per_floor":[68,68,50,50,56,56,56,34,34,34,40,40,46,37,37,30,78,79,67,67,45,28,12,12,38,45,73,64,47,17,7,35,0,0],"gold":339,"neow_bonus":"THREE_CARDS","is_daily":false,"chose_seed":false,"campfire_upgraded":4,"win_rate":0.0,"timestamp":1610224950,"path_taken":["M","?","?","?","M","R","?","E","T","R","?","R","M","E","R","BOSS","M","?","$","M","M","E","?","R","T","R","M","?","M","M","R","BOSS"],"items_purchased_type":["Card"],"build_version":"2020-12-18","purchased_purges":1,"victory":false,"max_hp_per_floor":[75,75,75,75,75,75,75,75,75,75,75,75,75,75,75,75,89,89,89,89,89,89,89,89,89,96,96,96,96,96,96,96,96,96],"relic_stats":{"counters":[17,108],"Self Forming Clay":[123],"Kunai":[2],"War Paint":["Battle Trance","Defend_R"],"Smiling Mask":25,"obtain_stats":[{"Self Forming Clay":8,"Mango":17,"The Courier":23,"War Paint":2,"Frozen Egg 2":17,"Smiling Mask":17,"Burning Blood":0,"WarpedTongs":0,"Calling Bell":17,"Strawberry":26,"Kunai":14,"FossilizedHelix":3,"Paper Frog":9},{"Self Forming Clay":3,"Mango":7,"The Courier":12,"War Paint":1,"Frozen Egg 2":7,"Smiling Mask":7,"Burning Blood":0,"WarpedTongs":0,"Calling Bell":7,"Strawberry":12,"Kunai":6,"FossilizedHelix":1,"Paper Frog":3},{"Self Forming Clay":11,"Mango":35,"The Courier":63,"War Paint":3,"Frozen Egg 2":35,"Smiling Mask":35,"Burning Blood":0,"WarpedTongs":0,"Calling Bell":35,"Strawberry":63,"Kunai":21,"FossilizedHelix":3,"Paper Frog":11}],"Burning Blood":96,"WarpedTongs":[94]},"card_choices":[{"not_picked":["Evolve","Burning Pact"],"picked":"Cleave","floor":0},{"not_picked":["Clothesline","Armaments"],"picked":"Battle Trance","floor":1},{"not_picked":["Cleave","Barricade"],"picked":"True Grit","floor":5},{"not_picked":["Infernal Blade","Blood for Blood"],"picked":"Perfected Strike","floor":8},{"not_picked":["Pommel Strike","Carnage"],"picked":"Clothesline","floor":11},{"not_picked":["True Grit","Power Through","Anger"],"picked":"SKIP","floor":13},{"not_picked":["Sword Boomerang","Cleave"],"picked":"Ghostly Armor","floor":14},{"not_picked":["Juggernaut","Exhume"],"picked":"Immolate","floor":16},{"not_picked":["Carnage","Warcry","Cleave+1"],"picked":"SKIP","floor":18},{"not_picked":["Sword Boomerang","Hemokinesis+1","Pommel Strike"],"picked":"SKIP","floor":19},{"not_picked":["Dropkick","Clash","Headbutt"],"picked":"SKIP","floor":21},{"not_picked":["Sword Boomerang+1","Warcry"],"picked":"Inflame+1","floor":22},{"not_picked":["Dual Wield","Cleave","Dropkick"],"picked":"SKIP","floor":23},{"not_picked":["Havoc","Entrench","Warcry"],"picked":"SKIP","floor":28},{"not_picked":["Clothesline","Cleave","Body Slam"],"picked":"SKIP","floor":29},{"not_picked":["Second Wind","Armaments"],"picked":"Reaper","floor":30},{"not_picked":["Dropkick","Flex"],"picked":"Inflame+1","floor":31}],"player_experience":163298,"relics_obtained":[{"floor":2,"key":"War Paint"},{"floor":8,"key":"Self Forming Clay"},{"floor":9,"key":"Paper Frog"},{"floor":14,"key":"Kunai"},{"floor":17,"key":"Smiling Mask"},{"floor":17,"key":"Frozen Egg 2"},{"floor":17,"key":"Mango"},{"floor":23,"key":"The Courier"},{"floor":26,"key":"Strawberry"}],"event_choices":[{"damage_healed":0,"gold_gain":0,"player_choice":"Success","damage_taken":18,"relics_obtained":["FossilizedHelix"],"max_hp_gain":0,"max_hp_loss":0,"event_name":"Scrap Ooze","floor":3,"gold_loss":0},{"damage_healed":0,"gold_gain":0,"player_choice":"Grow","damage_taken":0,"max_hp_gain":0,"max_hp_loss":0,"event_name":"Living Wall","floor":4,"gold_loss":0,"cards_upgraded":["Bash"]},{"damage_healed":0,"gold_gain":0,"player_choice":"Bought 1 Potion","damage_taken":0,"max_hp_gain":0,"max_hp_loss":0,"event_name":"The Woman in Blue","floor":24,"gold_loss":0}],"is_beta":true,"boss_relics":[{"not_picked":["Black Blood","Runic Cube"],"picked":"Calling Bell"}],"items_purged_floors":[20],"is_endless":false,"potions_floor_spawned":[5,14,16,19,22,23,31],"killed_by":"Champ","ascension_level":18}}