{"host":"l12hrjjiowxu1z6t","time":1610236170,"event":{"mods":["100% Spire Juice","2.2 Compatiblity","AlwaysNeverKeys","Arknights The Spire","BaseMod","Better Third Choice","BetterRewards","ChefMod","Dark Map","Ekko","Evolution","Googly Eyes","Jedi Mod","Minty Spire (QoL Compilation)","Permanent Neow","Replay The Spire","Shop Mod","StSLib","The Alterego","The Fake Hero","TheWitcher","Yakumo Yukari mod","[IsaacMod]????","vexMod"],"gold_per_floor":[122,155,186,215,65,97,97,123,172,197,228,168,188,213,213,324,324,371,371,419,464,241,282,282,381,381,381,429,458,458,514,514,584,584],"floor_reached":33,"playtime":2972,"items_purged":[],"score":393,"play_id":"fab7849c-aa40-4e10-85c8-d82ebf514322","local_time":"20210109234930","is_ascension_mode":false,"campfire_choices":[{"floor":7,"key":"REST"},{"data":"ats:Emotion Absorption","floor":15,"key":"SMITH"},{"floor":27,"key":"REST"},{"floor":30,"key":"REST"},{"floor":32,"key":"REST"}],"circlet_count":0,"master_deck":["ats:Strike C","ats:Strike G","ats:Strike S","ats:Strike V","ats:Armor Crushing Shot","ats:Defend","ats:Defend","ats:Defend","ats:Defend","ats:Emotion Absorption+1","ats:Poison Spread","ats:Hammer On","ats:Red Shift","ats:Calcification","ats:Closed Bolt Burst Fire","ats:Defend Order","ats:Blood Oath+1","ats:Support Order","ats:Shadow Assault","ats:Thorns","ats:Overload","ats:Curse Doll","ats:Leaping Hammer","ats:Calcification","ats:Disruption Kick","ats:Rapid Magazine","ats:Magnetic Hammer+1"],"relics":["ats:Sanity","EVO:Axolotl","HushsDoor","SalivaCoin","Lantern","ats:Originium","HornCleat","Orichalcum","Replay:Ringing Soul","vexMod:BigBerry","Omamori","Replay:WaspNest"],"acts_visited":["Exordium","TheCity"],"potions_floor_usage":[16,25,33,33],"damage_taken":[{"damage":1,"enemies":"Cultist","floor":1,"turns":3},{"damage":10,"enemies":"Jaw Worm","floor":2,"turns":5},{"damage":2,"enemies":"2 Louse","floor":3,"turns":3},{"damage":6,"enemies":"2 Fungi Beasts","floor":4,"turns":3},{"damage":16,"enemies":"Gremlin Nob","floor":6,"turns":3},{"damage":3,"enemies":"Red Slaver","floor":8,"turns":3},{"damage":3,"enemies":"Exordium Thugs","floor":10,"turns":4},{"damage":0,"enemies":"3 Sentries","floor":11,"turns":1},{"damage":1,"enemies":"2 Fungi Beasts","floor":13,"turns":3},{"damage":0,"enemies":"Gremlin Nob","floor":14,"turns":2},{"damage":12,"enemies":"Slime Boss","floor":16,"turns":10},{"damage":31,"enemies":"Spheric Guardian","floor":18,"turns":6},{"damage":16,"enemies":"Shell Parasite","floor":20,"turns":6},{"damage":19,"enemies":"Snake Plant","floor":21,"turns":5},{"damage":32,"enemies":"Snecko","floor":23,"turns":7},{"damage":73,"enemies":"Slavers","floor":25,"turns":8},{"damage":20,"enemies":"Centurion and Healer","floor":28,"turns":8},{"damage":17,"enemies":"Sentry and Sphere","floor":29,"turns":4},{"damage":34,"enemies":"Shelled Parasite and Fungi","floor":31,"turns":8},{"damage":114,"enemies":"Automaton","floor":33,"turns":10}],"seed_played":"-1463482329799692097","potions_obtained":[{"floor":1,"key":"Adrenaline Potion"},{"floor":4,"key":"SkillPotion"},{"floor":6,"key":"jedi:StrikingPotion"},{"floor":11,"key":"Reflective Coating"},{"floor":18,"key":"Reflective Coating"},{"floor":21,"key":"PowerPotion"},{"floor":29,"key":"Elixir"}],"is_trial":false,"path_per_floor":["M","M","M","M","$","E","R","M","T","M","E","$","M","E","R","B",null,"M","?","M","M","$","M","?","E","T","R","M","M","R","M","R","B"],"character_chosen":"DOCTOR_CLASS","items_purchased":["Lantern","ats:Blood Oath+1","ats:Calcification","ats:Disruption Kick"],"campfire_rested":4,"item_purchase_floors":[5,12,22,22],"current_hp_per_floor":[78,68,66,60,60,44,67,65,65,63,66,69,77,86,86,87,124,102,105,99,89,92,68,68,11,11,52,43,29,72,46,89,0,0],"gold":584,"neow_bonus":"TEN_PERCENT_HP_BONUS","is_daily":false,"chose_seed":false,"campfire_upgraded":1,"win_rate":0.0,"timestamp":1610236170,"path_taken":["M","M","M","M","$","E","R","M","T","M","E","?","M","E","R","BOSS","M","?","M","M","$","M","?","E","T","R","M","?","R","M","R","BOSS"],"items_purchased_type":["Relic","Card","Card","Card"],"build_version":"2020-12-22","purchased_purges":0,"victory":false,"max_hp_per_floor":[79,79,79,79,79,79,79,79,79,79,82,85,88,91,91,94,124,127,130,133,136,139,139,139,139,139,139,142,145,145,145,145,145,145],"card_choices":[{"not_picked":["ats:Part Time Job","ats:Rapid Magazine"],"picked":"ats:Poison Spread","floor":1},{"not_picked":["ats:Directed Diagnosis","ats:Shadow Raid"],"picked":"Bomb","floor":2},{"not_picked":["ats:Leaping Hammer","ats:Assault Order"],"picked":"ats:Hammer On","floor":3},{"not_picked":["Bomb","ats:Apocalypse"],"picked":"ats:Red Shift","floor":4},{"not_picked":["ats:Closed Bolt Burst Fire","ats:Very Hot Blade"],"picked":"ats:Calcification","floor":6},{"not_picked":["ats:Soul Absorption","ats:Revitalization"],"picked":"ats:Closed Bolt Burst Fire","floor":8},{"not_picked":["ats:Hammer On","ats:LN2 Cannon"],"picked":"Bomb","floor":10},{"not_picked":["ats:Apocalypse","ats:Explosion Area Strengthen"],"picked":"ats:Defend Order","floor":11},{"not_picked":["ats:Shell Defense","ats:Encircling Forest"],"picked":"Bomb","floor":13},{"not_picked":["ats:Neurotoxin","ats:Demon Strength"],"picked":"ats:Support Order","floor":14},{"not_picked":["ats:Dogmatic Field","ats:Roar Of Ursus"],"picked":"ats:Shadow Assault","floor":16},{"not_picked":["ats:Hammer On","ats:Childhood Dance+1"],"picked":"ats:Thorns","floor":18},{"not_picked":["ats:Poison Spread","ats:Ignite"],"picked":"ats:Curse Doll","floor":20},{"not_picked":["ats:Demon Strength+1","ats:Powerful Strike"],"picked":"ats:Leaping Hammer","floor":21},{"not_picked":["ats:Revitalization","ats:Defend Order","ats:Blood Oath"],"picked":"SKIP","floor":23},{"not_picked":["ats:Explosion Area Strengthen","ats:Roar Of Ursus","ats:Hammer On"],"picked":"SKIP","floor":25},{"not_picked":["ats:Apocalypse","ats:Assault Order"],"picked":"ats:Rapid Magazine","floor":28},{"not_picked":["ats:Directed Diagnosis","ats:Healing Strengthening"],"picked":"ats:Magnetic Hammer+1","floor":29},{"not_picked":["ats:Apocalypse","ats:Revitalization","ats:Cat Scratch"],"picked":"SKIP","floor":31}],"player_experience":71498,"relics_obtained":[{"floor":6,"key":"ats:Originium"},{"floor":6,"key":"HornCleat"},{"floor":9,"key":"Orichalcum"},{"floor":11,"key":"ats:Originium"},{"floor":11,"key":"Replay:Ringing Soul"},{"floor":14,"key":"ats:Originium"},{"floor":25,"key":"Omamori"},{"floor":26,"key":"Replay:WaspNest"}],"event_choices":[{"damage_healed":0,"gold_gain":0,"player_choice":"Read","damage_taken":0,"max_hp_gain":0,"max_hp_loss":0,"event_name":"The Library","floor":19,"gold_loss":0,"cards_obtained":["ats:Overload"]}],"is_beta":false,"boss_relics":[{"not_picked":["Calling Bell","Tiny House"],"picked":"vexMod:BigBerry"},{"not_picked":[]}],"items_purged_floors":[],"is_endless":false,"potions_floor_spawned":[1,4,6,8,11,13,18,20,21,29],"killed_by":"Automaton","ascension_level":0}}