{"host":"sav7uxregyirlf69","time":1610215755,"event":{"mods":["AchievementEnabler","BaseMod","Colored Map","DeckTracker","Keyboard Shortcuts","Minty Spire (QoL Compilation)","READ ME - Guardian Mod","StSLib","SuperFastMode"],"gold_per_floor":[110,129,54,54,54,80,80,155,155,190,209,223,223,240,240,317,317,331,55,55,55,75,105,120,120,120,138,157,177,177,177,177,177,177],"floor_reached":33,"playtime":699,"items_purged":["Strike_G"],"score":604,"play_id":"9a339429-3780-4d84-a02d-d9d50ee536da","local_time":"20210110030915","is_ascension_mode":true,"campfire_choices":[{"data":"Neutralize","floor":7,"key":"SMITH"},{"floor":13,"key":"REST"},{"data":"Deadly Poison","floor":15,"key":"SMITH"},{"floor":25,"key":"REST"},{"floor":32,"key":"REST"}],"circlet_count":0,"master_deck":["AscendersBane","Strike_G","Strike_G","Strike_G","Strike_G","Defend_G","Defend_G","Defend_G+1","Defend_G","Defend_G","Survivor","Neutralize+1","Deadly Poison+1","Poisoned Stab","Deadly Poison+1","Backstab","Prepared+1","PiercingWail+1","Crippling Poison+1","Noxious Fumes","Bouncing Flask+1","Venomology+1"],"relics":["Ring of the Snake","Anchor","InkBottle","Gremlin Horn","SacredBark","Toxic Egg 2","Nloth\u0027s Gift","Matryoshka","Potion Belt","Pear"],"acts_visited":["Exordium","TheCity"],"potions_floor_usage":[10,10,12,23,24,28,30,33,33],"damage_taken":[{"damage":0,"enemies":"Jaw Worm","floor":1,"turns":1},{"damage":0,"enemies":"2 Louse","floor":2,"turns":1},{"damage":0,"enemies":"Lagavulin","floor":6,"turns":1},{"damage":12,"enemies":"3 Sentries","floor":10,"turns":10},{"damage":0,"enemies":"Small Slimes","floor":11,"turns":3},{"damage":0,"enemies":"Gremlin Gang","floor":12,"turns":3},{"damage":0,"enemies":"Looter","floor":14,"turns":2},{"damage":14,"enemies":"Hexaghost","floor":16,"turns":8},{"damage":10,"enemies":"Spheric Guardian","floor":18,"turns":4},{"damage":5,"enemies":"3 Byrds","floor":22,"turns":7},{"damage":21,"enemies":"Book of Stabbing","floor":23,"turns":5},{"damage":0,"enemies":"Centurion and Healer","floor":24,"turns":5},{"damage":3,"enemies":"Snake Plant","floor":27,"turns":4},{"damage":15,"enemies":"Sentry and Sphere","floor":28,"turns":4},{"damage":17,"enemies":"Shelled Parasite and Fungi","floor":29,"turns":5},{"damage":3,"enemies":"Colosseum Slavers","floor":30,"turns":4},{"damage":40,"enemies":"Champ","floor":33,"turns":7}],"seed_played":"7797592687177522535","potions_obtained":[{"floor":1,"key":"EntropicBrew"},{"floor":10,"key":"CunningPotion"},{"floor":12,"key":"Fire Potion"},{"floor":23,"key":"Swift Potion"},{"floor":28,"key":"Weak Potion"}],"is_trial":false,"path_per_floor":["M","M","$","?","?","E","R","?","T","E","M","M","R","M","R","B",null,"M","$","?","?","M","E","M","R","T","M","M","M","?","?","R","B"],"character_chosen":"THE_SILENT","items_purchased":["Toxic Egg 2"],"campfire_rested":3,"item_purchase_floors":[19],"current_hp_per_floor":[59,59,59,59,39,39,39,28,28,16,16,16,35,35,35,21,55,45,45,45,45,40,19,19,38,48,45,30,13,10,10,32,0,0],"gold":177,"neow_bonus":"THREE_ENEMY_KILL","is_daily":false,"chose_seed":false,"campfire_upgraded":2,"win_rate":0.0,"timestamp":1610215755,"path_taken":["M","M","$","?","?","E","R","?","T","E","M","M","R","M","R","BOSS","M","$","?","?","?","E","M","R","T","M","?","M","?","?","R","BOSS"],"items_purchased_type":["Relic"],"build_version":"2020-12-22","purchased_purges":1,"victory":false,"max_hp_per_floor":[66,66,66,66,66,66,66,66,66,66,66,66,66,66,66,66,66,66,66,66,66,66,66,66,66,76,76,76,76,76,76,76,76,76],"card_choices":[{"not_picked":["Endless Agony","Slice"],"picked":"Deadly Poison","floor":1},{"not_picked":["Deflect","Deadly Poison"],"picked":"Poisoned Stab","floor":2},{"not_picked":["Prepared","Dodge and Roll","Cloak And Dagger"],"picked":"SKIP","floor":6},{"not_picked":["Prepared","Slice"],"picked":"Deadly Poison","floor":10},{"not_picked":["Cloak And Dagger","Setup"],"picked":"Backstab","floor":11},{"not_picked":["Choke","A Thousand Cuts","Poisoned Stab"],"picked":"SKIP","floor":12},{"not_picked":["Slice","Deflect","Cloak And Dagger"],"picked":"SKIP","floor":14},{"not_picked":["Poisoned Stab","Dagger Spray"],"picked":"Prepared+1","floor":18},{"not_picked":["Dagger Throw+1","Finisher"],"picked":"PiercingWail+1","floor":22},{"not_picked":["Concentrate+1","Terror+1"],"picked":"Crippling Poison+1","floor":23},{"not_picked":["Deflect+1","Expertise+1","Eviscerate"],"picked":"SKIP","floor":24},{"not_picked":["Endless Agony","Infinite Blades"],"picked":"Noxious Fumes","floor":27},{"not_picked":["Dagger Throw","Cloak And Dagger+1"],"picked":"Bouncing Flask+1","floor":28},{"not_picked":["Heel Hook","Quick Slash"],"picked":"Venomology+1","floor":29}],"player_experience":1222940,"relics_obtained":[{"floor":6,"key":"Anchor"},{"floor":9,"key":"InkBottle"},{"floor":10,"key":"Gremlin Horn"},{"floor":23,"key":"Matryoshka"},{"floor":26,"key":"Potion Belt"},{"floor":26,"key":"Pear"}],"event_choices":[{"damage_healed":0,"gold_gain":0,"player_choice":"Leave","damage_taken":0,"max_hp_gain":0,"max_hp_loss":0,"event_name":"The Cleric","floor":4,"gold_loss":0},{"damage_healed":0,"gold_gain":0,"player_choice":"Entered Light","damage_taken":20,"max_hp_gain":0,"max_hp_loss":0,"event_name":"Shining Light","floor":5,"gold_loss":0,"cards_upgraded":["Defend_G","Deadly Poison"]},{"damage_healed":0,"gold_gain":75,"player_choice":"Gather Gold","damage_taken":11,"max_hp_gain":0,"max_hp_loss":0,"event_name":"World of Goop","floor":8,"gold_loss":0},{"damage_healed":0,"gold_gain":0,"player_choice":"Ignored","damage_taken":0,"max_hp_gain":0,"max_hp_loss":0,"event_name":"Vampires","floor":20,"gold_loss":0},{"damage_healed":0,"gold_gain":0,"player_choice":"Traded Relic","damage_taken":0,"relics_obtained":["Nloth\u0027s Gift"],"max_hp_gain":0,"max_hp_loss":0,"event_name":"N\u0027loth","floor":21,"relics_lost":["NeowsBlessing"],"gold_loss":0},{"damage_healed":0,"gold_gain":0,"player_choice":"Fight","damage_taken":0,"max_hp_gain":0,"max_hp_loss":0,"event_name":"Colosseum","floor":30,"gold_loss":0},{"damage_healed":0,"gold_gain":0,"player_choice":"Fled From Nobs","damage_taken":0,"max_hp_gain":0,"max_hp_loss":0,"event_name":"Colosseum","floor":30,"gold_loss":0},{"damage_healed":0,"gold_gain":0,"player_choice":"Ignored","damage_taken":0,"max_hp_gain":0,"max_hp_loss":0,"event_name":"The Mausoleum","floor":31,"gold_loss":0}],"is_beta":false,"boss_relics":[{"not_picked":["WristBlade","Velvet Choker"],"picked":"SacredBark"}],"items_purged_floors":[3],"is_endless":false,"potions_floor_spawned":[1,10,12,22,23,28],"killed_by":"Champ","ascension_level":20}}