{"host":"19tvufa8xx4wr4o1","time":1610234180,"event":{"mods":["AchievementEnabler","BaseMod","Better Sensory Stone","Better Third Choice","Highlight Path","Minty Spire (QoL Compilation)","Relic Stats","StSLib"],"gold_per_floor":[112,112,125,95,107,134,134,146,170,197,207,225,225,238,238,314,314,330,330,330,345,362,362,380,380,380,407,407,422,12,112,112,188,188,198,1197,558,568,212,212,245,245,245,245,259,272,272,306,306,306],"floor_reached":51,"playtime":2004,"items_purged":["Regret","Normality","Normality"],"score":1374,"play_id":"a501c204-ba97-4d4d-8b7c-fe607dea5f29","local_time":"20210109171620","is_ascension_mode":true,"campfire_choices":[{"floor":7.0,"key":"REST"},{"floor":13.0,"key":"REST"},{"data":"Cloak And Dagger","floor":15.0,"key":"SMITH"},{"floor":23.0,"key":"REST"},{"floor":25.0,"key":"REST"},{"data":"Footwork","floor":28.0,"key":"SMITH"},{"floor":32.0,"key":"REST"},{"data":"A Thousand Cuts","floor":40.0,"key":"SMITH"},{"data":"Noxious Fumes","floor":42.0,"key":"SMITH"},{"floor":47,"key":"REST"},{"data":"Malaise","floor":49,"key":"SMITH"}],"circlet_count":0,"master_deck":["AscendersBane","Survivor","Neutralize+1","Die Die Die","Glass Knife+1","Underhanded Strike","Eviscerate","Dagger Throw","Crippling Poison","A Thousand Cuts+1","Acrobatics+1","Envenom","Bouncing Flask+1","Double Energy+1","Backflip","Calculated Gamble","Cloak And Dagger+1","Corpse Explosion","Backflip","Footwork+1","Leg Sweep","Injury","Noxious Fumes+1","PiercingWail","Choke","Leg Sweep","Caltrops+1","Dodge and Roll","Accuracy+1","Bullet Time","AscendersBane","Malaise+1","PiercingWail","Crippling Poison"],"relics":["Pandora\u0027s Box","War Paint","Toy Ornithopter","Ancient Tea Set","Whetstone","Cursed Key","Enchiridion","Pen Nib","Akabeko","Meat on the Bone","Calipers","Frozen Egg 2","Runic Pyramid","Bag of Marbles","Bag of Preparation","Sling","Happy Flower","Smiling Mask","Nunchaku"],"acts_visited":["Exordium","TheCity","TheBeyond"],"potions_floor_usage":[50],"damage_taken":[{"damage":1.0,"enemies":"Jaw Worm","floor":1.0,"turns":4.0},{"damage":10.0,"enemies":"Small Slimes","floor":3.0,"turns":3.0},{"damage":0.0,"enemies":"Cultist","floor":5.0,"turns":2.0},{"damage":1.0,"enemies":"Gremlin Nob","floor":6.0,"turns":3.0},{"damage":0.0,"enemies":"Blue Slaver","floor":8.0,"turns":2.0},{"damage":30.0,"enemies":"Lagavulin","floor":10.0,"turns":4.0},{"damage":0.0,"enemies":"Lots of Slimes","floor":11.0,"turns":2.0},{"damage":11.0,"enemies":"Exordium Thugs","floor":12.0,"turns":4.0},{"damage":0.0,"enemies":"3 Louse","floor":14.0,"turns":1.0},{"damage":10.0,"enemies":"Hexaghost","floor":16.0,"turns":4.0},{"damage":0.0,"enemies":"3 Byrds","floor":18.0,"turns":2.0},{"damage":13.0,"enemies":"Shell Parasite","floor":21.0,"turns":4.0},{"damage":12.0,"enemies":"Snecko","floor":22.0,"turns":5.0},{"damage":4.0,"enemies":"Shelled Parasite and Fungi","floor":24.0,"turns":6.0},{"damage":2.0,"enemies":"3 Cultists","floor":29.0,"turns":3.0},{"damage":14.0,"enemies":"Colosseum Slavers","floor":31.0,"turns":5.0},{"damage":7.0,"enemies":"Colosseum Nobs","floor":31.0,"turns":3.0},{"damage":50.0,"enemies":"Champ","floor":33.0,"turns":10.0},{"damage":1.0,"enemies":"Orb Walker","floor":35.0,"turns":3.0},{"damage":0.0,"enemies":"3 Shapes","floor":38.0,"turns":3.0},{"damage":0.0,"enemies":"Reptomancer","floor":41.0,"turns":3.0},{"damage":0.0,"enemies":"3 Darklings","floor":45.0,"turns":1.0},{"damage":10,"enemies":"Sphere and 2 Shapes","floor":46,"turns":4},{"damage":0,"enemies":"Nemesis","floor":48,"turns":5},{"damage":29,"enemies":"Donu and Deca","floor":50,"turns":6}],"seed_played":"-180556752214168433","potions_obtained":[{"floor":4.0,"key":"GhostInAJar"},{"floor":4.0,"key":"GhostInAJar"},{"floor":6.0,"key":"Explosive Potion"},{"floor":10.0,"key":"EntropicBrew"},{"floor":11.0,"key":"DistilledChaos"},{"floor":12.0,"key":"Fruit Juice"},{"floor":22.0,"key":"SpeedPotion"},{"floor":24.0,"key":"BlessingOfTheForge"},{"floor":29.0,"key":"Weak Potion"},{"floor":33.0,"key":"Fire Potion"},{"floor":46,"key":"FairyPotion"},{"floor":48,"key":"Dexterity Potion"}],"is_trial":false,"path_per_floor":["M","?","M","?","M","E","R","M","T","E","M","M","R","M","R","B",null,"M","?","?","M","M","R","M","R","T","T","R","M","$","?","R","B",null,"M","?","$","M","$","R","E","R","T","?","M","M","R","E","R","B",null],"character_chosen":"THE_SILENT","items_purchased":["Meat on the Bone","Noxious Fumes","PiercingWail","Caltrops+1","Bag of Marbles","Bag of Preparation","Sling","Happy Flower","Accuracy+1"],"campfire_rested":6,"item_purchase_floors":[30,30,30,37,37,37,37,39,39],"current_hp_per_floor":[58,33,23,23,23,22,41,46,46,16,26,25,46,46,46,41,64,64,43,43,30,18,39,35,56,56,56,56,54,54,45,66,33,62,61,61,61,61,61,61,61,61,61,61,61,51,71,71,71,42],"gold":306,"neow_bonus":"BOSS_RELIC","is_daily":false,"chose_seed":false,"campfire_upgraded":5,"win_rate":0.0,"timestamp":1610234180,"path_taken":["M","?","M","?","M","E","R","M","T","E","M","M","R","M","R","BOSS","M","?","?","M","M","R","M","R","T","?","R","?","$","?","R","BOSS","M","?","$","M","$","R","E","R","T","?","M","M","R","E","R","BOSS"],"items_purchased_type":["Relic","Card","Card","Card","Relic","Relic","Relic","Relic","Card"],"build_version":"2020-12-22","purchased_purges":3,"victory":true,"max_hp_per_floor":[66,66,66,66,66,66,66,66,66,66,66,71,71,71,71,71,71,71,71,71,71,71,71,71,71,71,71,71,71,71,71,71,71,71,71,71,71,71,71,71,71,71,71,71,71,71,71,71,71,71],"relic_stats":{"Happy Flower":[6],"counters":[19,101],"Pen Nib":[7],"Bag of Preparation":[12],"Whetstone":["Neutralize","Glass Knife"],"War Paint":["Bouncing Flask","Acrobatics"],"Cursed Key":2,"Smiling Mask":0,"Nunchaku":[3],"Pandora\u0027s Box":["Die Die Die","Glass Knife","Underhanded Strike","Eviscerate","Dagger Throw","Crippling Poison","A Thousand Cuts","Acrobatics","Envenom","Bouncing Flask"],"obtain_stats":[{"Calipers":0,"Gremlin Horn":8,"Enchiridion":0,"Bag of Preparation":0,"Whetstone":0,"Ancient Tea Set":0,"Cursed Key":0,"Sling":0,"Smiling Mask":0,"Sozu":17,"Nunchaku":26,"Strawberry":14,"Ring of the Snake":0,"Runic Pyramid":0,"Happy Flower":0,"The Courier":6,"Pen Nib":0,"War Paint":0,"Frozen Egg 2":0,"Akabeko":0,"Pandora\u0027s Box":0,"Bag of Marbles":27,"StrikeDummy":9,"Toy Ornithopter":0,"Meat on the Bone":0},{"Calipers":0,"Gremlin Horn":5,"Enchiridion":0,"Bag of Preparation":0,"Whetstone":0,"Ancient Tea Set":0,"Cursed Key":0,"Sling":0,"Smiling Mask":0,"Sozu":9,"Nunchaku":13,"Strawberry":8,"Ring of the Snake":0,"Runic Pyramid":0,"Happy Flower":0,"The Courier":4,"Pen Nib":0,"War Paint":0,"Frozen Egg 2":0,"Akabeko":0,"Pandora\u0027s Box":0,"Bag of Marbles":13,"StrikeDummy":5,"Toy Ornithopter":0,"Meat on the Bone":0},{"Calipers":0,"Gremlin Horn":25,"Enchiridion":0,"Bag of Preparation":0,"Whetstone":0,"Ancient Tea Set":0,"Cursed Key":0,"Sling":0,"Smiling Mask":0,"Sozu":51,"Nunchaku":76,"Strawberry":38,"Ring of the Snake":0,"Runic Pyramid":0,"Happy Flower":0,"The Courier":15,"Pen Nib":0,"War Paint":0,"Frozen Egg 2":0,"Akabeko":0,"Pandora\u0027s Box":0,"Bag of Marbles":76,"StrikeDummy":25,"Toy Ornithopter":0,"Meat on the Bone":0}],"Toy Ornithopter":30,"Meat on the Bone":24},"card_choices":[{"not_picked":["Outmaneuver","Quick Slash","Flechettes"],"picked":"SKIP","floor":1.0},{"not_picked":["Distraction","Caltrops","Prepared"],"picked":"SKIP","floor":3.0},{"not_picked":["Poisoned Stab","Finisher"],"picked":"Backflip","floor":5.0},{"not_picked":["Quick Slash","Accuracy","Deadly Poison"],"picked":"SKIP","floor":6.0},{"not_picked":["Heel Hook","Sucker Punch","Caltrops"],"picked":"SKIP","floor":8.0},{"not_picked":["Outmaneuver","Flying Knee"],"picked":"Calculated Gamble","floor":10.0},{"not_picked":["Deadly Poison","Poisoned Stab","Unload"],"picked":"SKIP","floor":11.0},{"not_picked":["Sucker Punch","Setup","Flying Knee"],"picked":"SKIP","floor":12.0},{"not_picked":["Acrobatics","Dagger Spray"],"picked":"Cloak And Dagger","floor":14.0},{"not_picked":["Bullet Time","Die Die Die"],"picked":"Corpse Explosion","floor":16.0},{"not_picked":["Deadly Poison","Underhanded Strike","Flying Knee"],"picked":"SKIP","floor":18.0},{"not_picked":["Dagger Spray","Backflip"],"picked":"Footwork","floor":21.0},{"not_picked":["Dagger Spray","Bane","Finisher"],"picked":"SKIP","floor":22.0},{"not_picked":["Backstab","Deflect"],"picked":"Leg Sweep","floor":24.0},{"not_picked":["Dagger Spray","Skewer","Quick Slash"],"picked":"SKIP","floor":29.0},{"not_picked":["Flying Knee","Sucker Punch"],"picked":"Choke","floor":31.0},{"not_picked":["Prepared+1","Predator"],"picked":"Leg Sweep","floor":35.0},{"not_picked":["Flying Knee","Dagger Spray+1"],"picked":"Dodge and Roll","floor":38.0},{"not_picked":["PiercingWail","Poisoned Stab+1"],"picked":"Bullet Time","floor":41.0},{"not_picked":["Eviscerate","Deflect","Dagger Throw+1"],"picked":"SKIP","floor":45.0},{"not_picked":["Finisher","Concentrate"],"picked":"PiercingWail","floor":46},{"not_picked":["Dagger Spray","Poisoned Stab"],"picked":"Crippling Poison","floor":48}],"player_experience":563659,"relics_obtained":[{"floor":6.0,"key":"Toy Ornithopter"},{"floor":9.0,"key":"Ancient Tea Set"},{"floor":10.0,"key":"Whetstone"},{"floor":19.0,"key":"Enchiridion"},{"floor":26.0,"key":"Pen Nib"},{"floor":27.0,"key":"Akabeko"},{"floor":31.0,"key":"Calipers"},{"floor":31.0,"key":"Frozen Egg 2"},{"floor":41.0,"key":"Smiling Mask"},{"floor":48,"key":"Nunchaku"}],"event_choices":[{"damage_healed":0.0,"max_hp_gain":0.0,"max_hp_loss":0.0,"gold_gain":0.0,"event_name":"The Woman in Blue","player_choice":"Bought 2 Potions","floor":4.0,"gold_loss":0.0,"damage_taken":0.0},{"damage_healed":0.0,"max_hp_gain":0.0,"max_hp_loss":0.0,"gold_gain":0.0,"event_name":"Cursed Tome","player_choice":"Obtained Book","floor":19.0,"gold_loss":0.0,"damage_taken":21.0},{"damage_healed":0.0,"max_hp_gain":0.0,"max_hp_loss":0.0,"gold_gain":0.0,"event_name":"The Library","player_choice":"Read","floor":20.0,"gold_loss":0.0,"damage_taken":0.0,"cards_obtained":["Backflip"]},{"damage_healed":0.0,"max_hp_gain":0.0,"max_hp_loss":0.0,"gold_gain":0.0,"event_name":"Colosseum","player_choice":"Fight","floor":31.0,"gold_loss":0.0,"damage_taken":0.0},{"damage_healed":0.0,"max_hp_gain":0.0,"max_hp_loss":0.0,"gold_gain":0.0,"event_name":"Colosseum","player_choice":"Fought Nobs","floor":31.0,"gold_loss":0.0,"damage_taken":0.0},{"damage_healed":0.0,"max_hp_gain":0.0,"max_hp_loss":0.0,"gold_gain":999.0,"event_name":"MindBloom","player_choice":"Gold","floor":36.0,"gold_loss":0.0,"damage_taken":0.0,"cards_obtained":["Normality","Normality"]},{"damage_healed":0.0,"max_hp_gain":0.0,"max_hp_loss":0.0,"gold_gain":3.0,"event_name":"betterStone:BetterStone","player_choice":"3","floor":44.0,"gold_loss":0.0,"damage_taken":0.0,"cards_obtained":["Malaise"]}],"is_beta":false,"boss_relics":[{"not_picked":["WristBlade","SlaversCollar"],"picked":"Cursed Key"},{"not_picked":["Philosopher\u0027s Stone","Tiny House"],"picked":"Runic Pyramid"}],"items_purged_floors":[30,37,39],"is_endless":false,"potions_floor_spawned":[5,6,10,11,12,22,24,29,31,33,46,48],"ascension_level":15}}