{"host":"h4lp0eeso8a0ssq0","time":1610172206,"event":{"mods":["2.2 Compatiblity","AchievementEnabler","BaseMod","CapriCore","Colored Map","Minty Spire (QoL Compilation)","StSLib","SuperFastMode"],"gold_per_floor":[110,71,71,90,90,90,119,119,145,156,81,93,105,139,139,243,243,255,255,255,268,286,286,316,415,439,439,439,473,492,527,527,624,624,639,652,669,313,313,344,39,53,80,99,99,114,114,141,141,141,141,141,91,119,119],"floor_reached":56,"playtime":2748,"items_purged":["Strike_G","Predator"],"score":1590,"play_id":"23c7e7b2-0e8b-48d5-b313-8f11fb8c1fd0","local_time":"20210109150326","is_ascension_mode":true,"campfire_choices":[{"data":"Noxious Fumes","floor":6.0,"key":"SMITH"},{"data":"Blur","floor":8.0,"key":"SMITH"},{"data":"Tactician","floor":15.0,"key":"SMITH"},{"data":"Wraith Form v2","floor":28.0,"key":"SMITH"},{"data":"Concentrate","floor":32,"key":"SMITH"},{"data":"Tactician","floor":45,"key":"SMITH"},{"floor":49,"key":"RECALL"},{"data":"Reflex","floor":52,"key":"SMITH"}],"circlet_count":0,"master_deck":["Survivor","Neutralize","Acrobatics","Noxious Fumes+1","Backflip+1","Blur+1","Reflex+1","Bouncing Flask+1","Tactician+1","Concentrate+1","Wraith Form v2+1","Flechettes","Acrobatics","Bouncing Flask","Corpse Explosion","Malaise","Flying Knee","Ghostly","Ghostly","Ghostly","Ghostly","Ghostly","Concentrate+1","After Image","Prepared+1","Well Laid Plans+1","Corpse Explosion","Tactician+1","Crippling Poison","Caltrops+1"],"relics":["Ring of the Snake","NeowsBlessing","PreservedInsect","Akabeko","Strawberry","Pandora\u0027s Box","Bag of Marbles","White Beast Statue","War Paint","Philosopher\u0027s Stone","Juzu Bracelet","Smiling Mask","Ice Cream","Omamori","Blood Vial","Ornamental Fan"],"acts_visited":["Exordium","TheCity","TheBeyond","TheEnding"],"potions_floor_usage":[55],"damage_taken":[{"damage":0.0,"enemies":"Cultist","floor":1.0,"turns":1.0},{"damage":0.0,"enemies":"Jaw Worm","floor":4.0,"turns":1.0},{"damage":0.0,"enemies":"3 Sentries","floor":7.0,"turns":2.0},{"damage":0.0,"enemies":"2 Louse","floor":10.0,"turns":3.0},{"damage":24.0,"enemies":"Exordium Thugs","floor":12.0,"turns":5.0},{"damage":0.0,"enemies":"3 Louse","floor":13.0,"turns":3.0},{"damage":0.0,"enemies":"Gremlin Nob","floor":14.0,"turns":3.0},{"damage":24.0,"enemies":"Slime Boss","floor":16.0,"turns":12.0},{"damage":6.0,"enemies":"Chosen","floor":18.0,"turns":3.0},{"damage":4.0,"enemies":"2 Thieves","floor":21.0,"turns":3.0},{"damage":3.0,"enemies":"Snake Plant","floor":22.0,"turns":4.0},{"damage":4.0,"enemies":"Book of Stabbing","floor":24.0,"turns":6.0},{"damage":2.0,"enemies":"Gremlin Leader","floor":29.0,"turns":5.0},{"damage":0.0,"enemies":"Snecko","floor":30.0,"turns":6.0},{"damage":0,"enemies":"Book of Stabbing","floor":31,"turns":5},{"damage":2,"enemies":"Champ","floor":33,"turns":11},{"damage":1,"enemies":"3 Shapes","floor":35,"turns":5},{"damage":4,"enemies":"3 Darklings","floor":36,"turns":4},{"damage":0,"enemies":"Maw","floor":37,"turns":7},{"damage":0,"enemies":"Reptomancer","floor":40,"turns":6},{"damage":1,"enemies":"Transient","floor":42,"turns":5},{"damage":6,"enemies":"Spire Growth","floor":44,"turns":6},{"damage":0,"enemies":"Writhing Mass","floor":46,"turns":6},{"damage":1,"enemies":"Giant Head","floor":48,"turns":8},{"damage":30,"enemies":"Time Eater","floor":50,"turns":12},{"damage":3,"enemies":"Shield and Spear","floor":54,"turns":5},{"damage":34,"enemies":"The Heart","floor":55,"turns":10}],"seed_played":"-3590325481577189731","potions_obtained":[{"floor":7.0,"key":"AttackPotion"},{"floor":10.0,"key":"SteroidPotion"},{"floor":13.0,"key":"SkillPotion"},{"floor":14.0,"key":"FairyPotion"},{"floor":24.0,"key":"SkillPotion"},{"floor":33,"key":"Energy Potion"}],"is_trial":false,"path_per_floor":["M","$","?","M","?","R","E","R","T","M","$","M","M","E","R","B",null,"M","?","?","M","M","?","E","?","T","?","R","E","M","E","R","B",null,"M","M","M","$","?","E","$","M","T","M","R","M","?","E","R","B",null,"R","$","E","B",null],"character_chosen":"THE_SILENT","items_purchased":["Noxious Fumes","GhostInAJar","Juzu Bracelet","Ice Cream","Weak Potion"],"campfire_rested":0,"item_purchase_floors":[2,38,38,41,53],"current_hp_per_floor":[70,70,63,63,68,68,68,68,68,68,68,44,44,51,51,27,82,76,41,41,37,34,29,25,25,25,56,56,54,54,54,54,52,56,55,51,51,51,51,51,51,50,50,44,44,44,44,43,43,15,53,53,53,50,18],"gold":119,"neow_bonus":"THREE_ENEMY_KILL","is_daily":false,"chose_seed":false,"campfire_upgraded":7,"win_rate":0.0,"timestamp":1610172206,"path_taken":["M","?","?","M","?","R","E","R","T","M","$","M","M","E","R","BOSS","M","?","?","M","M","?","E","?","T","?","R","E","M","E","R","BOSS","M","M","M","$","?","E","$","M","T","M","R","M","?","E","R","BOSS","R","$","E","BOSS"],"items_purchased_type":["Card","Potion","Relic","Relic","Potion"],"build_version":"2020-12-22","purchased_purges":2,"victory":true,"max_hp_per_floor":[70,70,70,70,75,75,75,75,75,75,75,75,75,82,82,82,82,82,41,41,41,41,46,46,46,46,56,56,56,56,56,56,56,56,56,56,56,56,56,56,56,56,56,56,56,56,53,53,53,53,53,53,53,53,53],"card_choices":[{"not_picked":["Cloak And Dagger","Underhanded Strike"],"picked":"Acrobatics","floor":1.0},{"not_picked":["Blur","Terror"],"picked":"Backflip","floor":4.0},{"not_picked":["Underhanded Strike","Slice"],"picked":"Blur","floor":7.0},{"not_picked":["Flying Knee","Outmaneuver"],"picked":"Reflex","floor":10.0},{"not_picked":["Deflect","Finisher"],"picked":"Bouncing Flask","floor":12.0},{"not_picked":["Caltrops","Setup"],"picked":"Tactician","floor":13.0},{"not_picked":["Acrobatics","Bouncing Flask"],"picked":"Concentrate","floor":14.0},{"not_picked":["Doppelganger","Phantasmal Killer"],"picked":"Wraith Form v2","floor":16.0},{"not_picked":["Accuracy+1","Sucker Punch"],"picked":"Flying Knee","floor":18.0},{"not_picked":["PiercingWail","Dagger Spray"],"picked":"Concentrate+1","floor":21.0},{"not_picked":["Dodge and Roll","Outmaneuver+1","Skewer"],"picked":"SKIP","floor":22.0},{"not_picked":["Flechettes","Flying Knee","Choke"],"picked":"SKIP","floor":24.0},{"not_picked":["Flying Knee","Finisher"],"picked":"After Image","floor":29.0},{"not_picked":["Sucker Punch","Distraction+1"],"picked":"Prepared+1","floor":30.0},{"not_picked":["Dagger Throw","Expertise"],"picked":"Well Laid Plans+1","floor":31},{"not_picked":["Doppelganger","Venomology"],"picked":"Corpse Explosion","floor":33},{"not_picked":["Bouncing Flask","Calculated Gamble+1"],"picked":"Tactician","floor":35},{"not_picked":["Bane+1","Outmaneuver+1","Endless Agony"],"picked":"SKIP","floor":36},{"not_picked":["Dagger Throw","Flying Knee+1","Quick Slash+1"],"picked":"SKIP","floor":37},{"not_picked":["Unload","Doppelganger","All Out Attack+1"],"picked":"SKIP","floor":40},{"not_picked":["Unload","Doppelganger","All Out Attack+1"],"picked":"SKIP","floor":40},{"not_picked":["Slice+1","Backflip+1","Sucker Punch"],"picked":"SKIP","floor":42},{"not_picked":["Quick Slash","Blade Dance","Doppelganger"],"picked":"SKIP","floor":44},{"not_picked":["Sucker Punch+1","Accuracy+1","Cloak And Dagger"],"picked":"SKIP","floor":46},{"not_picked":["Dagger Spray","Heel Hook","Sucker Punch"],"picked":"SKIP","floor":48},{"not_picked":["Finisher+1","Adrenaline"],"picked":"Caltrops+1","floor":54}],"player_experience":109938,"relics_obtained":[{"floor":7.0,"key":"PreservedInsect"},{"floor":9.0,"key":"Akabeko"},{"floor":14.0,"key":"Strawberry"},{"floor":24.0,"key":"Bag of Marbles"},{"floor":29.0,"key":"White Beast Statue"},{"floor":31,"key":"War Paint"},{"floor":40,"key":"Smiling Mask"},{"floor":43,"key":"Omamori"},{"floor":48,"key":"Blood Vial"},{"floor":54,"key":"Ornamental Fan"}],"event_choices":[{"cards_removed":["Strike_G"],"damage_healed":0.0,"max_hp_gain":0.0,"max_hp_loss":0.0,"gold_gain":0.0,"event_name":"Golden Wing","player_choice":"Card Removal","floor":3.0,"gold_loss":0.0,"damage_taken":7.0},{"damage_healed":0.0,"max_hp_gain":5.0,"max_hp_loss":0.0,"gold_gain":0.0,"event_name":"Big Fish","player_choice":"Donut","floor":5.0,"gold_loss":0.0,"damage_taken":0.0},{"damage_healed":0.0,"max_hp_gain":0.0,"max_hp_loss":41.0,"gold_gain":0.0,"event_name":"Ghosts","player_choice":"Became a Ghost","floor":19.0,"gold_loss":0.0,"damage_taken":0.0,"cards_obtained":["Ghostly","Ghostly","Ghostly","Ghostly","Ghostly"]},{"cards_removed":["Accuracy"],"damage_healed":0.0,"max_hp_gain":0.0,"max_hp_loss":0.0,"gold_gain":0.0,"event_name":"Back to Basics","player_choice":"Elegance","floor":20.0,"gold_loss":0.0,"damage_taken":0.0},{"damage_healed":0.0,"max_hp_gain":5.0,"max_hp_loss":0.0,"gold_gain":0.0,"event_name":"Forgotten Altar","player_choice":"Shed Blood","floor":23.0,"gold_loss":0.0,"damage_taken":10.0},{"damage_healed":0.0,"max_hp_gain":0.0,"max_hp_loss":0.0,"gold_gain":99.0,"event_name":"Nest","player_choice":"Stole From Cult","floor":25.0,"gold_loss":0.0,"damage_taken":0.0},{"cards_removed":["A Thousand Cuts"],"damage_healed":21.0,"max_hp_gain":10.0,"max_hp_loss":0.0,"gold_gain":0.0,"event_name":"Bonfire Elementals","player_choice":"Offered Rare","floor":27.0,"gold_loss":0.0,"damage_taken":0.0},{"damage_healed":0,"gold_gain":0,"player_choice":"1 cards matched","damage_taken":0,"max_hp_gain":0,"max_hp_loss":0,"event_name":"Match and Keep!","floor":39,"gold_loss":0,"cards_obtained":["Crippling Poison"]},{"damage_healed":0,"gold_gain":0,"player_choice":"Max HP","damage_taken":0,"max_hp_gain":0,"max_hp_loss":3,"event_name":"Winding Halls","floor":47,"gold_loss":0}],"is_beta":false,"boss_relics":[{"not_picked":["Snecko Eye","Calling Bell"],"picked":"Pandora\u0027s Box"},{"not_picked":["Tiny House","SlaversCollar"],"picked":"Philosopher\u0027s Stone"}],"items_purged_floors":[11,38],"is_endless":false,"potions_floor_spawned":[7,10,13,14,21,24,30,31,33,35,36,37,40,42,44,46,48,54],"ascension_level":4}}