{"host":"j4g6ia6asvpyu2b0","time":1610153526,"event":{"mods":["BaseMod","Colored Map","Minty Spire (QoL Compilation)","Permanent Neow","Quick Restart","Relic Stats","StSLib","Unceasing Turn Reminder"],"gold_per_floor":[116,128,128,143,218,248,248,274,274,274,12,12,12,43,55,198,210,238,250,273,303,330,373,385,74,121,121,155,39,139,166,166,262,262,279,279,279,290,309,343,343,375,375,335,370,370,389,122,122,122,122,122,7,37,37,37],"floor_reached":55,"playtime":1749,"items_purged":[],"score":1480,"play_id":"7db8c359-facf-4e86-abd4-9820d3256437","local_time":"20210108175206","is_ascension_mode":true,"campfire_choices":[{"floor":7.0,"key":"REST"},{"data":"Storm","floor":15.0,"key":"SMITH"},{"data":"Heatsinks","floor":27,"key":"SMITH"},{"data":"Fission","floor":32,"key":"SMITH"},{"floor":41,"key":"RECALL"},{"data":"Amplify","floor":46,"key":"SMITH"},{"data":"Storm","floor":49,"key":"SMITH"},{"data":"Recycle","floor":52,"key":"SMITH"}],"circlet_count":0,"master_deck":["Zap+1","Dualcast","Steam+1","Hologram","Biased Cognition+1","Capacitor","Storm+1","Loop","Storm+1","Hello World","Coolheaded","Fission+1","Self Repair","Tempest","Genetic Algorithm","Amplify+1","Biased Cognition","Heatsinks+1","Electrodynamics","Recycle+1","White Noise+1","Hologram","Lockon","Reinforced Body","Core Surge","Static Discharge+1","Self Repair","Loop","Capacitor","Loop","Hologram+1","Creative AI","White Noise","Chill","Defragment+1","Meteor Strike","Compile Driver","Hello World","Loop","Loop","Master of Strategy+1","Capacitor","Storm","Electrodynamics"],"relics":["Cracked Core","Lantern","Pocketwatch","The Courier","Bloody Idol","Mummified Hand","MawBank","Pandora\u0027s Box","Du-Vu Doll","Gremlin Horn","Bronze Scales","Mercury Hourglass","CaptainsWheel","Kunai","Ancient Tea Set","Coffee Dripper","HornCleat","Toxic Egg 2","Orichalcum","Pantograph"],"acts_visited":["Exordium","TheCity","TheBeyond","TheEnding"],"potions_floor_usage":[23,54,55,55],"damage_taken":[{"damage":0.0,"enemies":"Cultist","floor":1.0,"turns":4.0},{"damage":5.0,"enemies":"Small Slimes","floor":2.0,"turns":3.0},{"damage":0.0,"enemies":"2 Louse","floor":4.0,"turns":2.0},{"damage":13.0,"enemies":"Gremlin Nob","floor":6.0,"turns":4.0},{"damage":13.0,"enemies":"3 Sentries","floor":8.0,"turns":7.0},{"damage":0.0,"enemies":"Gremlin Nob","floor":14.0,"turns":2.0},{"damage":0.0,"enemies":"Slime Boss","floor":16.0,"turns":3.0},{"damage":16,"enemies":"2 Thieves","floor":18,"turns":2},{"damage":0,"enemies":"Spheric Guardian","floor":20,"turns":2},{"damage":0,"enemies":"Snecko","floor":21,"turns":2},{"damage":0,"enemies":"Sentry and Sphere","floor":22,"turns":2},{"damage":16,"enemies":"Slavers","floor":23,"turns":2},{"damage":9,"enemies":"Gremlin Leader","floor":28,"turns":3},{"damage":0,"enemies":"Colosseum Slavers","floor":30,"turns":1},{"damage":7,"enemies":"Colosseum Nobs","floor":30,"turns":3},{"damage":24,"enemies":"Book of Stabbing","floor":31,"turns":3},{"damage":0,"enemies":"Automaton","floor":33,"turns":2},{"damage":11,"enemies":"3 Shapes","floor":35,"turns":2},{"damage":0,"enemies":"Orb Walker","floor":38,"turns":2},{"damage":0,"enemies":"Transient","floor":39,"turns":5},{"damage":0,"enemies":"Giant Head","floor":40,"turns":4},{"damage":18,"enemies":"Nemesis","floor":42,"turns":3},{"damage":8,"enemies":"Reptomancer","floor":45,"turns":2},{"damage":21,"enemies":"Writhing Mass","floor":47,"turns":3},{"damage":18,"enemies":"Donu and Deca","floor":50,"turns":3},{"damage":44,"enemies":"Shield and Spear","floor":54,"turns":4},{"damage":74,"enemies":"The Heart","floor":55,"turns":2}],"seed_played":"-3097927395131203216","potions_obtained":[{"floor":2.0,"key":"Energy Potion"},{"floor":4.0,"key":"SkillPotion"},{"floor":8.0,"key":"Regen Potion"},{"floor":20,"key":"Energy Potion"},{"floor":21,"key":"Explosive Potion"},{"floor":31,"key":"AttackPotion"},{"floor":35,"key":"LiquidBronze"},{"floor":54,"key":"PotionOfCapacity"}],"is_trial":false,"path_per_floor":["M","M","?","M","?","E","R","E","T","?","$","?","?","E","R","B",null,"M","?","M","M","M","E","?","$","T","R","E","$","?","E","R","B",null,"M","?","?","M","M","E","R","E","T","?","E","R","M","$","R","B",null,"R","$","E","B"],"character_chosen":"DEFECT","items_purchased":["Capacitor","Storm","Loop","Storm","Hello World","Gremlin Horn","Static Discharge","Self Repair","Capacitor","Loop","Loop","Loop","Master of Strategy+1","Capacitor","Storm"],"campfire_rested":1,"item_purchase_floors":[11,11,11,11,11,25,25,25,29,29,48,48,48,53,53],"current_hp_per_floor":[68,63,48,48,37,24,46,33,33,33,33,33,8,13,13,13,55,46,46,63,69,69,58,63,68,69,69,69,69,67,55,55,69,69,63,63,63,69,69,69,69,56,56,56,60,60,44,44,44,40,62,62,62,37,0,0],"gold":37,"neow_bonus":"UPGRADE_CARD","is_daily":false,"chose_seed":false,"campfire_upgraded":6,"win_rate":0.0,"timestamp":1610153526,"path_taken":["M","?","?","M","?","E","R","E","T","?","?","?","?","E","R","BOSS","M","?","M","M","M","E","?","$","T","R","E","?","?","E","R","BOSS","M","?","?","M","M","E","R","E","T","?","E","R","?","?","R","BOSS","R","$","E","BOSS"],"items_purchased_type":["Card","Card","Card","Card","Card","Relic","Card","Card","Card","Card","Card","Card","Card","Card","Card"],"build_version":"2020-12-22","purchased_purges":0,"victory":false,"max_hp_per_floor":[75,75,75,75,75,75,75,75,75,75,75,69,69,69,69,69,69,69,69,69,69,69,69,69,69,69,69,69,69,69,69,69,69,69,69,69,69,69,69,69,69,69,69,69,69,69,69,69,69,69,69,69,69,69,69,69],"relic_stats":{"Gremlin Horn":[14,15],"counters":[27,76],"Orichalcum":[18],"MawBank":132,"Mercury Hourglass":[163],"Mummified Hand":[205],"Bloody Idol":66,"Bronze Scales":[97],"Pantograph":25,"Pandora\u0027s Box":["Self Repair","Tempest","Genetic Algorithm","Amplify","Biased Cognition","Heatsinks","Electrodynamics","Recycle"],"Kunai":[2],"obtain_stats":[{"Lantern":6,"Gremlin Horn":25,"Golden Idol":12,"The Courier":9,"Orichalcum":45,"MawBank":14,"Ancient Tea Set":31,"Mercury Hourglass":28,"Du-Vu Doll":23,"CaptainsWheel":30,"HornCleat":40,"Mummified Hand":13,"Bloody Idol":19,"Bronze Scales":26,"Pantograph":54,"Pandora\u0027s Box":17,"Coffee Dripper":34,"Kunai":30,"Toxic Egg 2":42,"Cracked Core":0,"Pocketwatch":8},{"Lantern":4,"Gremlin Horn":12,"Golden Idol":5,"The Courier":5,"Orichalcum":23,"MawBank":6,"Ancient Tea Set":16,"Mercury Hourglass":13,"Du-Vu Doll":12,"CaptainsWheel":15,"HornCleat":21,"Mummified Hand":5,"Bloody Idol":8,"Bronze Scales":12,"Pantograph":26,"Pandora\u0027s Box":7,"Coffee Dripper":17,"Kunai":15,"Toxic Egg 2":22,"Cracked Core":0,"Pocketwatch":5},{"Lantern":13,"Gremlin Horn":35,"Golden Idol":20,"The Courier":20,"Orichalcum":64,"MawBank":22,"Ancient Tea Set":45,"Mercury Hourglass":38,"Du-Vu Doll":35,"CaptainsWheel":42,"HornCleat":59,"Mummified Hand":20,"Bloody Idol":27,"Bronze Scales":35,"Pantograph":74,"Pandora\u0027s Box":25,"Coffee Dripper":47,"Kunai":42,"Toxic Egg 2":62,"Cracked Core":0,"Pocketwatch":20}],"Pocketwatch":[12]},"card_choices":[{"not_picked":["Go for the Eyes","Double Energy"],"picked":"Steam","floor":1.0},{"not_picked":["Go for the Eyes","Turbo"],"picked":"Hologram","floor":2.0},{"not_picked":["Sweeping Beam","Stack"],"picked":"Gash","floor":4.0},{"not_picked":["Scrape","Rebound"],"picked":"Biased Cognition","floor":6.0},{"not_picked":["Reprogram","Amplify","Beam Cell"],"picked":"SKIP","floor":8.0},{"not_picked":["Sweeping Beam","Force Field"],"picked":"Coolheaded","floor":14.0},{"not_picked":["Machine Learning","Thunder Strike"],"picked":"Fission","floor":16.0},{"not_picked":["Rebound","Beam Cell","Stack+1"],"picked":"SKIP","floor":18},{"not_picked":["Lockon","Stack+1"],"picked":"White Noise+1","floor":20},{"not_picked":["Gash","Sweeping Beam"],"picked":"Hologram","floor":21},{"not_picked":["Steam","Leap"],"picked":"Lockon","floor":22},{"not_picked":["Hologram","Rip and Tear+1"],"picked":"Reinforced Body","floor":23},{"not_picked":["Leap","Hologram+1"],"picked":"Loop","floor":28},{"not_picked":["Cold Snap","Hyperbeam"],"picked":"Hologram+1","floor":30},{"not_picked":["Rebound+1","Streamline","Steam+1"],"picked":"SKIP","floor":31},{"not_picked":["Biased Cognition","Seek"],"picked":"Creative AI","floor":33},{"not_picked":["Cold Snap","Conserve Battery"],"picked":"White Noise","floor":35},{"not_picked":["BootSequence","Ball Lightning"],"picked":"Chill","floor":38},{"not_picked":["Steam","Chaos+1"],"picked":"Defragment+1","floor":39},{"not_picked":["Hello World","Steam Power"],"picked":"Meteor Strike","floor":40},{"not_picked":["Aggregate+1","Leap+1","Recycle+1"],"picked":"SKIP","floor":42},{"not_picked":["Doom and Gloom+1","Leap+1"],"picked":"Compile Driver","floor":45},{"not_picked":["Compile Driver+1","Leap+1"],"picked":"Hello World","floor":47},{"not_picked":["Scrape","Reprogram+1"],"picked":"Electrodynamics","floor":54}],"player_experience":771347,"relics_obtained":[{"floor":6.0,"key":"Lantern"},{"floor":8.0,"key":"Pocketwatch"},{"floor":9.0,"key":"The Courier"},{"floor":14.0,"key":"MawBank"},{"floor":23,"key":"Du-Vu Doll"},{"floor":26,"key":"Bronze Scales"},{"floor":28,"key":"Mercury Hourglass"},{"floor":30,"key":"CaptainsWheel"},{"floor":30,"key":"Kunai"},{"floor":31,"key":"Ancient Tea Set"},{"floor":40,"key":"HornCleat"},{"floor":42,"key":"Toxic Egg 2"},{"floor":45,"key":"Orichalcum"},{"floor":54,"key":"Pantograph"}],"event_choices":[{"damage_healed":0.0,"max_hp_gain":0.0,"max_hp_loss":0.0,"gold_gain":0.0,"event_name":"Shining Light","player_choice":"Entered Light","floor":3.0,"gold_loss":0.0,"damage_taken":15.0,"cards_upgraded":["Defend_B","Strike_B"]},{"damage_healed":0.0,"max_hp_gain":0.0,"max_hp_loss":0.0,"gold_gain":75.0,"event_name":"World of Goop","player_choice":"Gather Gold","floor":5.0,"gold_loss":0.0,"damage_taken":11.0},{"damage_healed":0.0,"max_hp_gain":0.0,"max_hp_loss":0.0,"gold_gain":0.0,"event_name":"Living Wall","player_choice":"Grow","floor":10.0,"gold_loss":0.0,"damage_taken":0.0,"cards_upgraded":["Biased Cognition"]},{"damage_healed":0.0,"max_hp_gain":0.0,"max_hp_loss":6.0,"gold_gain":0.0,"event_name":"Golden Idol","player_choice":"Lose Max HP","floor":12.0,"gold_loss":0.0,"damage_taken":0.0,"relics_obtained":["Golden Idol"]},{"damage_healed":0.0,"max_hp_gain":0.0,"max_hp_loss":0.0,"gold_gain":0.0,"event_name":"Scrap Ooze","player_choice":"Success","floor":13.0,"gold_loss":0.0,"damage_taken":25.0,"relics_obtained":["Mummified Hand"]},{"damage_healed":0,"gold_gain":0,"player_choice":"Gave Idol","damage_taken":0,"relics_obtained":["Bloody Idol"],"max_hp_gain":0,"max_hp_loss":0,"event_name":"Forgotten Altar","floor":19,"relics_lost":["Golden Idol"],"gold_loss":0},{"damage_healed":0,"gold_gain":0,"player_choice":"Read","damage_taken":0,"max_hp_gain":0,"max_hp_loss":0,"event_name":"The Library","floor":24,"gold_loss":0,"cards_obtained":["Core Surge"]},{"damage_healed":0,"gold_gain":0,"player_choice":"Fight","damage_taken":0,"max_hp_gain":0,"max_hp_loss":0,"event_name":"Colosseum","floor":30,"gold_loss":0},{"damage_healed":0,"gold_gain":0,"player_choice":"Fought Nobs","damage_taken":0,"max_hp_gain":0,"max_hp_loss":0,"event_name":"Colosseum","floor":30,"gold_loss":0},{"damage_healed":0,"gold_gain":0,"player_choice":"Ignored","damage_taken":0,"max_hp_gain":0,"max_hp_loss":0,"event_name":"Tomb of Lord Red Mask","floor":36,"gold_loss":0},{"cards_removed":["Gash"],"damage_healed":0,"gold_gain":0,"player_choice":"Removed Attack","damage_taken":0,"max_hp_gain":0,"max_hp_loss":0,"event_name":"Falling","floor":37,"gold_loss":0},{"damage_healed":0,"gold_gain":0,"player_choice":"Upgraded Two","damage_taken":0,"max_hp_gain":0,"max_hp_loss":0,"event_name":"Designer","floor":44,"gold_loss":40,"cards_upgraded":["Static Discharge","Steam"]}],"is_beta":false,"boss_relics":[{"not_picked":["SlaversCollar","Busted Crown"],"picked":"Pandora\u0027s Box"},{"not_picked":["Tiny House","Empty Cage"],"picked":"Coffee Dripper"}],"items_purged_floors":[],"is_endless":false,"potions_floor_spawned":[2,4,8,20,21,30,31,35,38,42,47,54],"killed_by":"The Heart","ascension_level":9}}