{"host":"oy4pyvr762z5n0bb","time":1610152617,"event":{"mods":["AchievementEnabler","BaseMod","Colored Map","Colored Powertips","Googly Eyes","Key Reminder","Minty Spire (QoL Compilation)","Quick Restart","Relic Sorter","Slay the Relics Exporter","StSLib","SuperFastMode","Unceasing Turn Reminder","slay the spire mod where everything is the same but ironclad has a cowboy hat"],"gold_per_floor":[15,31,31,31,31,31,31,63,102,145,170,147,159,28,28,131,131,150,164,14,14,24,24,52,52,52],"floor_reached":25,"playtime":568,"items_purged":[],"score":318,"play_id":"c32e6830-848d-4fe8-8b71-11a6655a197f","local_time":"20210108163657","is_ascension_mode":true,"campfire_choices":[{"data":"Wild Strike","floor":6,"key":"SMITH"},{"data":"Inflame","floor":15,"key":"SMITH"},{"floor":23,"key":"REST"}],"circlet_count":0,"master_deck":["Strike_R","Strike_R","Strike_R+1","Defend_R+1","Defend_R+1","Defend_R","Defend_R","Bash+1","Berserk+1","Wild Strike+1","Infernal Blade","Shrug It Off","Inflame+1","Disarm","Feed","Cleave+1","Headbutt","Dropkick","Burning Pact","Second Wind+1","True Grit"],"relics":["Burning Blood","Bottled Tornado","MawBank","Lantern","Vajra","PreservedInsect","Mark of Pain","War Paint"],"acts_visited":["Exordium","TheCity"],"potions_floor_usage":[10,11,22,25],"damage_taken":[{"damage":0,"enemies":"Small Slimes","floor":1,"turns":3},{"damage":7,"enemies":"2 Louse","floor":2,"turns":4},{"damage":30,"enemies":"3 Sentries","floor":8,"turns":9},{"damage":27,"enemies":"Lagavulin","floor":10,"turns":6},{"damage":0,"enemies":"Jaw Worm","floor":11,"turns":3},{"damage":27,"enemies":"Slime Boss","floor":16,"turns":9},{"damage":16,"enemies":"2 Thieves","floor":18,"turns":3},{"damage":29,"enemies":"Shell Parasite","floor":19,"turns":4},{"damage":52,"enemies":"Chosen and Byrds","floor":22,"turns":7},{"damage":61,"enemies":"Gremlin Leader","floor":24,"turns":7},{"damage":14,"enemies":"Centurion and Healer","floor":25,"turns":3}],"seed_played":"-9183106346916409834","potions_obtained":[{"floor":8,"key":"DistilledChaos"},{"floor":10,"key":"LiquidMemories"},{"floor":19,"key":"BloodPotion"},{"floor":22,"key":"Ancient Potion"}],"is_trial":false,"path_per_floor":["M","M","$","?","?","R","T","E","T","E","M","?","?","$","R","B",null,"M","M","$","?","M","R","E","M"],"character_chosen":"IRONCLAD","items_purchased":["PreservedInsect","Dropkick","Burning Pact"],"campfire_rested":1,"item_purchase_floors":[14,20,20],"current_hp_per_floor":[78,77,77,77,61,61,61,37,37,16,22,42,68,68,68,47,72,65,42,42,69,43,68,13,0,0],"gold":52,"neow_bonus":"TRANSFORM_TWO_CARDS","is_daily":false,"chose_seed":false,"campfire_upgraded":2,"win_rate":0.0,"timestamp":1610152617,"path_taken":["M","M","$","?","?","R","?","E","T","E","M","?","?","$","R","BOSS","M","M","$","?","M","R","E","M"],"items_purchased_type":["Relic","Card","Card"],"build_version":"2020-12-22","purchased_purges":0,"victory":false,"max_hp_per_floor":[80,80,80,80,80,80,80,80,80,80,80,80,80,80,80,80,80,83,83,83,83,86,86,86,86,86],"card_choices":[{"not_picked":["Warcry","Rupture"],"picked":"Infernal Blade","floor":1},{"not_picked":["Armaments","Power Through"],"picked":"Shrug It Off","floor":2},{"not_picked":["Metallicize","Fire Breathing"],"picked":"Inflame","floor":8},{"not_picked":["Clothesline","Berserk"],"picked":"Disarm","floor":10},{"not_picked":["Bloodletting","Rage","Havoc"],"picked":"SKIP","floor":11},{"not_picked":["Exhume","Berserk"],"picked":"Feed","floor":16},{"not_picked":["Wild Strike","Burning Pact"],"picked":"Cleave+1","floor":18},{"not_picked":["Thunderclap+1","Twin Strike"],"picked":"Headbutt","floor":19},{"not_picked":["Heavy Blade+1","Perfected Strike+1"],"picked":"Second Wind+1","floor":22},{"not_picked":["Pommel Strike","Rage"],"picked":"True Grit","floor":24}],"player_experience":722730,"relics_obtained":[{"floor":7,"key":"Bottled Tornado"},{"floor":8,"key":"MawBank"},{"floor":9,"key":"Lantern"},{"floor":10,"key":"Vajra"},{"floor":24,"key":"War Paint"}],"event_choices":[{"damage_healed":0,"gold_gain":0,"player_choice":"Grow","damage_taken":0,"max_hp_gain":0,"max_hp_loss":0,"event_name":"Living Wall","floor":4,"gold_loss":0,"cards_upgraded":["Berserk"]},{"damage_healed":0,"gold_gain":0,"player_choice":"Entered Light","damage_taken":16,"max_hp_gain":0,"max_hp_loss":0,"event_name":"Shining Light","floor":5,"gold_loss":0,"cards_upgraded":["Bash","Strike_R"]},{"damage_healed":20,"gold_gain":0,"player_choice":"Healed","damage_taken":0,"max_hp_gain":0,"max_hp_loss":0,"event_name":"The Cleric","floor":12,"gold_loss":35},{"damage_healed":26,"gold_gain":0,"player_choice":"Banana","damage_taken":0,"max_hp_gain":0,"max_hp_loss":0,"event_name":"Big Fish","floor":13,"gold_loss":0},{"damage_healed":27,"gold_gain":0,"player_choice":"Heal","damage_taken":0,"max_hp_gain":0,"max_hp_loss":0,"event_name":"The Library","floor":21,"gold_loss":0}],"is_beta":false,"boss_relics":[{"not_picked":["SacredBark","Pandora\u0027s Box"],"picked":"Mark of Pain"}],"items_purged_floors":[],"is_endless":false,"potions_floor_spawned":[8,10,19,22],"killed_by":"Centurion and Healer","ascension_level":8}}