{"host":"exyz3r55z4kt6m9o","time":1610164921,"event":{"mods":["100% Spire Juice","2.2 Compatiblity","AchievementEnabler","Aspiration","BaseMod","Better Altar","Better Match","Better Note","Better Sensory Stone","Better Skull","Better Third Choice","BetterRewards","Colored Powertips","Energized Spire","Friendly Minions","GifTheSpireLib","Infinite Spire","Ironclad Rager","Jorbs\u0027s Wanderer Trilogy","Luminous","Marisa????????","Minty Spire (QoL Compilation)","Permanent Neow","Poor People Problems","Rare Cards Sparkle","Reimu??????","Relic Filter","Replay The Spire","Spicy Shops","StSLib","The Bladedancer","The Blue Laboratory","The Gatherer","The Hayseed","The Mystic","The Runesmith","Wandering Minibosses","yUi"],"gold_per_floor":[12,12,12,12,12,42,42,54,107,134,192,224,224,239,239,358,358,555,555,603,627,26,65,65,98,124,324,349,349,383,165,165,304,304,340,480,480,536,595,595,673,673,697,765,765,850,612,668,668,668,668,668,396,458,458],"floor_reached":56,"playtime":2623,"items_purged":["Runesmith:Strike_RS","Runesmith:Strike_RS","Runesmith:Strike_RS","Runesmith:Strike_RS","Runesmith:Defend_RS","Runesmith:EnergizedChisel"],"score":1773,"play_id":"53214951-d4d4-4312-95c3-e406c9efd6a4","local_time":"20210108230201","is_ascension_mode":true,"campfire_choices":[{"floor":7,"key":"REST"},{"data":"Runesmith:Reinforce","floor":15,"key":"SMITH"},{"floor":24,"key":"REST"},{"data":"Runesmith:ArcReactor","floor":32,"key":"SMITH"},{"floor":40,"key":"REST"},{"floor":45,"key":"REST"},{"floor":49,"key":"RECALL"},{"data":"Runesmith:LithiumIon","floor":52,"key":"SMITH"}],"circlet_count":0,"master_deck":["Runesmith:Defend_RS","Runesmith:Defend_RS","Runesmith:Defend_RS","Runesmith:CraftFirestone+1","Runesmith:Fortify","Apotheosis+1","infinitespire:Gouge","Runesmith:EnergizedChisel","Runesmith:CraftMagma","Runesmith:CraftMagma","Runesmith:Reinforce+1","Runesmith:BackupBattery+1","AbeCurse","Runesmith:GoWithTheFlow","infinitespire:Gouge","Runesmith:GoWithTheFlow+1","Runesmith:Firestorm+1","Runesmith:LithiumIon+1","Runesmith:Grindstone+1","Runesmith:ArcReactor+1","Runesmith:RuneHurl+1","Specialist+1","Runesmith:PoweredAnvil+1"],"relics":["Runesmith:BrokenRuby","Runesmith:EmergencyProvisions","RuthlessExorcism:ReiMu","MealTicket","Oddly Smooth Stone","The Courier","Golden Idol","Abe\u0027s Treasure","infinitespire:Cupcake","Blood Vial","Runesmith:MiniCore","Calipers","Gremlin Food","infinitespire:Broken Mirror","Lee\u0027s Waffle","infinitespire:EvilPickle","RedLine:ReiMu","wanderingMiniBosses:LockLocket","Golden Egg","Omamori","ReplayTheSpireMod:TigerMarble","BargainBundle","Vajra","Strawberry","ClockworkSouvenir","Torii"],"acts_visited":["Exordium","TheCity","TheBeyond","TheEnding"],"potions_floor_usage":[10,11,12,23,23,41,54,55],"damage_taken":[{"damage":5,"enemies":"Small Slimes","floor":1,"turns":3},{"damage":2,"enemies":"Lagavulin","floor":6,"turns":6},{"damage":1,"enemies":"Cultist","floor":8,"turns":3},{"damage":11,"enemies":"3 Sentries","floor":10,"turns":7},{"damage":4,"enemies":"Lagavulin Event","floor":11,"turns":3},{"damage":0,"enemies":"Gremlin Nob","floor":12,"turns":4},{"damage":0,"enemies":"2 Louse","floor":14,"turns":2},{"damage":7,"enemies":"Slime Boss","floor":16,"turns":7},{"damage":21,"enemies":"2 Thieves","floor":18,"turns":7},{"damage":0,"enemies":"Spheric Guardian","floor":20,"turns":4},{"damage":17,"enemies":"Chosen and Byrds","floor":21,"turns":5},{"damage":33,"enemies":"Slavers","floor":23,"turns":5},{"damage":8,"enemies":"Gremlin Leader","floor":25,"turns":6},{"damage":2,"enemies":"Centurion and Healer","floor":27,"turns":6},{"damage":2,"enemies":"Snake Plant","floor":28,"turns":3},{"damage":10,"enemies":"Slavers","floor":30,"turns":5},{"damage":8,"enemies":"Pondfish","floor":33,"turns":9},{"damage":3,"enemies":"3 Shapes","floor":35,"turns":3},{"damage":0,"enemies":"3 Darklings","floor":36,"turns":5},{"damage":13,"enemies":"Jaw Worm Horde","floor":38,"turns":3},{"damage":0,"enemies":"Transient","floor":39,"turns":5},{"damage":7,"enemies":"R_Hoarder","floor":41,"turns":6},{"damage":0,"enemies":"Spire Growth","floor":44,"turns":3},{"damage":4,"enemies":"Giant Head","floor":46,"turns":8},{"damage":0,"enemies":"Writhing Mass","floor":48,"turns":2},{"damage":0,"enemies":"Time Eater","floor":50,"turns":8},{"damage":0,"enemies":"Shield and Spear","floor":54,"turns":5},{"damage":17,"enemies":"The Heart","floor":55,"turns":7}],"seed_played":"5533174717503572516","potions_obtained":[{"floor":1,"key":"blueLaboratory:EnragingPotion"},{"floor":10,"key":"blueLaboratory:BottleOfRum"},{"floor":11,"key":"Block Potion"},{"floor":20,"key":"blueLaboratory:HummingbirdPotion"},{"floor":21,"key":"Energy Potion"},{"floor":25,"key":"blueLaboratory:TrueEctoplasm"},{"floor":30,"key":"SpeedPotion"},{"floor":35,"key":"blueLaboratory:HorrorPotion"}],"is_trial":false,"path_per_floor":["M","?","$","?","?","E","R","M","T","E","?","E","?","M","R","B",null,"M","AVR","M","M","$","E","R","E","T","M","M","?","E","$","R","B",null,"M","M","?","M","M","R","E","?","T","M","R","E","$","M","R","B",null,"R","$","E","B",null],"character_chosen":"RUNESMITH_CLASS","items_purchased":["Blood Vial","Runesmith:MiniCore","Runesmith:Firestorm","Runesmith:LithiumIon","Lee\u0027s Waffle","BargainBundle","Vajra","Strawberry","ClockworkSouvenir","Torii","Runesmith:RuneHurl","Specialist","Runesmith:PoweredAnvil"],"campfire_rested":4,"item_purchase_floors":[22,22,22,22,31,47,47,47,47,47,47,53,53],"current_hp_per_floor":[79,79,79,57,57,55,80,79,79,68,64,64,43,43,43,36,84,63,63,63,46,61,30,55,49,49,49,49,49,41,91,91,83,91,88,90,91,78,80,91,84,84,84,86,91,87,98,98,98,98,98,98,98,98,81],"gold":458,"neow_bonus":"TWENTY_PERCENT_HP_BONUS","is_daily":false,"chose_seed":false,"campfire_upgraded":3,"win_rate":0.0,"timestamp":1610164921,"path_taken":["M","?","$","?","?","E","R","?","T","E","?","E","?","M","R","BOSS","M","AVR","M","M","$","E","R","E","T","M","M","?","E","$","R","BOSS","M","M","?","M","M","R","E","?","T","M","R","E","?","M","R","BOSS","R","$","E","BOSS"],"items_purchased_type":["Relic","Relic","Card","Card","Relic","Relic","Relic","Relic","Relic","Relic","Card","Card","Card"],"build_version":"2020-12-22","purchased_purges":6,"victory":true,"max_hp_per_floor":[84,84,84,84,84,84,84,84,84,84,84,84,84,84,84,84,84,84,84,84,84,84,84,84,84,84,84,84,84,84,91,91,91,91,91,91,91,91,91,91,91,91,91,91,91,91,98,98,98,98,98,98,98,98,98],"card_choices":[{"not_picked":["Runesmith:FieryHammer","Runesmith:Malloc"],"picked":"Runesmith:EnergizedChisel","floor":1},{"not_picked":["infinitespire:TheBestDefense","infinitespire:NeuralNetwork"],"picked":"infinitespire:Gouge","floor":4},{"not_picked":["Runesmith:Overpower","Runesmith:ElementalConversion"],"picked":"Runesmith:EnergizedChisel","floor":6},{"not_picked":["Runesmith:BackupBattery","Runesmith:CraftProtectio"],"picked":"Runesmith:CraftMagma","floor":8},{"not_picked":["Runesmith:Malloc","Runesmith:NegativeSpace"],"picked":"Runesmith:CraftMagma","floor":10},{"not_picked":["Runesmith:WhiteBalance","Runesmith:Overpower"],"picked":"Runesmith:Reinforce","floor":12},{"not_picked":["Runesmith:EarthShield","Runesmith:ChargedHammer"],"picked":"Runesmith:BackupBattery","floor":14},{"not_picked":["Runesmith:CraftMagma","Runesmith:ShiftingStrike"],"picked":"Runesmith:GoWithTheFlow","floor":18},{"not_picked":["Runesmith:EnergizedChisel+1","Runesmith:CraftProtectio"],"picked":"Runesmith:GoWithTheFlow","floor":20},{"not_picked":["Runesmith:UnstableHammer+1","Runesmith:Reinforce+1","Runesmith:ChiselStab"],"picked":"SKIP","floor":21},{"not_picked":["Runesmith:CraftSpiculum","Runesmith:Grindstone","Runesmith:Malloc"],"picked":"SKIP","floor":23},{"not_picked":["Runesmith:StaticCage","Runesmith:ShiftingStrike","Runesmith:FieryHammer"],"picked":"SKIP","floor":25},{"not_picked":["Runesmith:CraftMagma+1","Runesmith:Terraform","Runesmith:MakeshiftArmor"],"picked":"SKIP","floor":27},{"not_picked":["Runesmith:BackupBattery","Runesmith:EnergizedChisel"],"picked":"Runesmith:Grindstone+1","floor":28},{"not_picked":["Runesmith:CraftProtectio+1","Runesmith:HammerThrow+1"],"picked":"Runesmith:ArcReactor","floor":30},{"not_picked":["Runesmith:RunicBlueprint","Runesmith:FrozenChisel+1","Runesmith:CraftProtectio+1"],"picked":"SKIP","floor":35},{"not_picked":["Runesmith:StaticCage","Runesmith:ShiftingStrike","Runesmith:CreatorForm"],"picked":"SKIP","floor":36},{"not_picked":["Runesmith:HeatedChisel+1","Runesmith:EnergizedChisel","Runesmith:BackupBattery+1"],"picked":"SKIP","floor":38},{"not_picked":["Runesmith:HeatedChisel","Runesmith:Discharge+1","Runesmith:ShiftingStrike"],"picked":"SKIP","floor":39},{"not_picked":["Runesmith:BackupBattery+1","Runesmith:Repurpose","Runesmith:MakeshiftArmor"],"picked":"SKIP","floor":41},{"not_picked":["Runesmith:Overpower+1","Runesmith:Grindstone","Runesmith:Repurpose+1"],"picked":"SKIP","floor":44},{"not_picked":["Runesmith:FrozenChisel+1","Runesmith:CraftReservo+1","aspiration:UnbridledHammer"],"picked":"SKIP","floor":46},{"not_picked":["Runesmith:CraftProtectio","Runesmith:HammerTime+1","Runesmith:CraftVitae+1"],"picked":"SKIP","floor":48},{"not_picked":["Runesmith:ChaoticBlast+1","Runesmith:Overpower","Runesmith:CraftIncendium"],"picked":"SKIP","floor":54}],"player_experience":685171,"relics_obtained":[{"floor":6,"key":"Runesmith:EmergencyProvisions"},{"floor":9,"key":"RuthlessExorcism:ReiMu"},{"floor":10,"key":"MealTicket"},{"floor":11,"key":"Oddly Smooth Stone"},{"floor":12,"key":"The Courier"},{"floor":23,"key":"Calipers"},{"floor":25,"key":"Gremlin Food"},{"floor":30,"key":"infinitespire:Broken Mirror"},{"floor":36,"key":"wanderingMiniBosses:LockLocket"},{"floor":41,"key":"Golden Egg"},{"floor":43,"key":"Omamori"},{"floor":46,"key":"ReplayTheSpireMod:TigerMarble"}],"event_choices":[{"damage_healed":79,"gold_gain":0,"player_choice":"Embrace","damage_taken":0,"max_hp_gain":0,"max_hp_loss":84,"event_name":"betterThird:BetterShining","floor":2,"gold_loss":0},{"damage_healed":0,"gold_gain":0,"player_choice":"Upgraded","damage_taken":0,"max_hp_gain":0,"max_hp_loss":0,"event_name":"Upgrade Shrine","floor":5,"gold_loss":0,"cards_upgraded":["Runesmith:CraftFirestone"]},{"damage_healed":0,"gold_gain":0,"player_choice":"Searched \u00271\u0027 times","damage_taken":0,"max_hp_gain":0,"max_hp_loss":0,"event_name":"Dead Adventurer","floor":11,"gold_loss":0},{"damage_healed":0,"gold_gain":0,"player_choice":"Take Damage","damage_taken":21,"relics_obtained":["Golden Idol"],"max_hp_gain":0,"max_hp_loss":0,"event_name":"Golden Idol","floor":13,"gold_loss":0},{"damage_healed":0,"gold_gain":0,"player_choice":"Upgraded","damage_taken":0,"max_hp_gain":0,"max_hp_loss":0,"event_name":"Upgrade Shrine","floor":29,"gold_loss":0,"cards_upgraded":["Runesmith:Firestorm"]}],"is_beta":false,"boss_relics":[{"not_picked":["Black Star","aspiration:SecretTechniqueScroll"],"picked":"Abe\u0027s Treasure"},{"not_picked":["Cursed Key","SacredBark"],"picked":"RedLine:ReiMu"}],"items_purged_floors":[19,22,22,31,47,53],"is_endless":false,"potions_floor_spawned":[1,10,11,20,21,25,30,35,36,39,48],"ascension_level":1}}