{"host":"l84l8xigz5v5foa2","time":1610180796,"event":{"mods":["2.2 Compatiblity","AchievementEnabler","BaseMod","Better Note","Better Vampires","Card Filter","Colored Map","DeckTracker","Downfall","Gremlin Skip","Highlight Path","Keyboard Shortcuts","Minty Spire (QoL Compilation)","Permanent Neow","Quick Restart","Relic Filter","Relic Stats","StSLib","SuperFastMode","Transform Curses","Unknown Chances"],"gold_per_floor":[349,365,376,386,386,386,386,399,424,424,459,476,9,22,40,119,119,119,137,137,149,162,162,239,269,269,288,300,300,300],"floor_reached":29,"playtime":1672,"items_purged":["Strike_B"],"score":568,"play_id":"42950ec4-fd73-466a-893b-02039b733a24","local_time":"20210109172636","is_ascension_mode":true,"campfire_choices":[{"data":"Zap","floor":1.0,"key":"SMITH"},{"data":"Sunder","floor":6.0,"key":"SMITH"},{"data":"Creative AI","floor":10.0,"key":"SMITH"},{"data":"Electrodynamics","floor":18.0,"key":"SMITH"},{"data":"Hologram","floor":23,"key":"SMITH"}],"circlet_count":0,"master_deck":["AscendersBane","Strike_B","Strike_B","Strike_B","Defend_B","Defend_B","Defend_B","Defend_B","Zap+1","Dualcast","Sunder+1","Conserve Battery","Self Repair","Auto Shields","Creative AI+1","Rebound","Heatsinks","Chill+1","Hologram+1","Electrodynamics+1","Undo","RitualDagger","BootSequence+1","Streamline+1","Hologram"],"relics":["Cracked Core","Cables","Boot","Blood Vial","Runic Capacitor","Oddly Smooth Stone","SlaversCollar","Meat on the Bone","War Paint"],"acts_visited":["Exordium","TheCity"],"potions_floor_usage":[28,29],"damage_taken":[{"damage":5.0,"enemies":"2 Louse","floor":2.0,"turns":3.0},{"damage":1.0,"enemies":"Cultist","floor":3.0,"turns":3.0},{"damage":2.0,"enemies":"Jaw Worm","floor":4.0,"turns":4.0},{"damage":1.0,"enemies":"Exordium Wildlife","floor":8.0,"turns":3.0},{"damage":0.0,"enemies":"Gremlin Nob","floor":9.0,"turns":4.0},{"damage":33.0,"enemies":"Lagavulin","floor":11.0,"turns":9.0},{"damage":0.0,"enemies":"Blue Slaver","floor":12.0,"turns":1.0},{"damage":0.0,"enemies":"downfall:FleeingMerchant","floor":13.0,"turns":4.0},{"damage":0.0,"enemies":"2 Fungi Beasts","floor":14.0,"turns":3.0},{"damage":0.0,"enemies":"Large Slime","floor":15.0,"turns":4.0},{"damage":29.0,"enemies":"downfall:Defect","floor":16.0,"turns":7.0},{"damage":22.0,"enemies":"Shell Parasite","floor":19.0,"turns":8.0},{"damage":12.0,"enemies":"3 Byrds","floor":21.0,"turns":4.0},{"damage":4,"enemies":"3 Cultists","floor":22,"turns":4},{"damage":6,"enemies":"Gremlin Leader","floor":25,"turns":7},{"damage":18,"enemies":"Snake Plant","floor":27,"turns":4},{"damage":0,"enemies":"Centurion and Healer","floor":28,"turns":8},{"damage":52,"enemies":"3 Cultists","floor":29,"turns":6}],"seed_played":"3222993090447322532","potions_obtained":[{"floor":4.0,"key":"PowerPotion"},{"floor":9.0,"key":"Energy Potion"},{"floor":11.0,"key":"EntropicBrew"},{"floor":14.0,"key":"DistilledChaos"},{"floor":15.0,"key":"ColorlessPotion"},{"floor":19.0,"key":"Fire Potion"},{"floor":27,"key":"Dexterity Potion"}],"is_trial":false,"path_per_floor":["R","M","M","M","?","R","T","M","E","R","E","M","$","M","M","B",null,"R","M","?","M","M","R","T","E","?","M","M","M"],"character_chosen":"DEFECT","items_purchased":["Runic Capacitor","Oddly Smooth Stone","Heatsinks"],"campfire_rested":0,"item_purchase_floors":[13,13,13],"current_hp_per_floor":[46,41,40,38,38,38,38,44,51,51,25,34,43,52,61,41,64,64,51,45,42,40,40,40,43,43,39,48,0,0],"gold":300,"neow_bonus":"TWO_FIFTY_GOLD","is_daily":false,"chose_seed":false,"campfire_upgraded":5,"win_rate":0.0,"timestamp":1610180796,"path_taken":["R","M","M","M","?","R","T","?","E","R","E","M","$","M","M","BOSS","R","M","?","M","M","R","T","E","?","M","M","M"],"items_purchased_type":["Relic","Relic","Card"],"build_version":"2020-12-22","purchased_purges":1,"victory":false,"max_hp_per_floor":[71,71,71,71,71,71,71,71,71,71,71,71,71,71,71,71,71,71,71,71,71,71,71,71,71,71,71,71,71,71],"relic_stats":{"Blood Vial":24,"counters":[18,86],"War Paint":["Chill","BootSequence"],"Boot":[11],"obtain_stats":[{"Blood Vial":11,"SlaversCollar":17,"Oddly Smooth Stone":13,"Runic Capacitor":13,"War Paint":25,"Cracked Core":0,"Boot":9,"Cables":7,"Meat on the Bone":24},{"Blood Vial":6,"SlaversCollar":11,"Oddly Smooth Stone":8,"Runic Capacitor":8,"War Paint":15,"Cracked Core":0,"Boot":5,"Cables":3,"Meat on the Bone":14},{"Blood Vial":26,"SlaversCollar":45,"Oddly Smooth Stone":31,"Runic Capacitor":31,"War Paint":68,"Cracked Core":0,"Boot":17,"Cables":10,"Meat on the Bone":61}],"Cables":[69,63,6,0,0],"Meat on the Bone":12},"card_choices":[{"not_picked":["Steam","Sweeping Beam","Go for the Eyes"],"picked":"SKIP","floor":2.0},{"not_picked":["Steam","Sweeping Beam","Go for the Eyes"],"picked":"SKIP","floor":2.0},{"not_picked":["Recycle","Beam Cell"],"picked":"Sunder","floor":3.0},{"not_picked":["Chill","Chaos"],"picked":"Conserve Battery","floor":4.0},{"not_picked":["Sweeping Beam","Steam"],"picked":"Auto Shields","floor":8.0},{"not_picked":["Heatsinks","Gash"],"picked":"Creative AI","floor":9.0},{"not_picked":["Darkness","Rip and Tear","Sunder"],"picked":"SKIP","floor":11.0},{"not_picked":["Self Repair","Compile Driver","Redo"],"picked":"SKIP","floor":12.0},{"not_picked":["Biased Cognition","Streamline"],"picked":"Rebound","floor":13.0},{"not_picked":["Static Discharge","FTL"],"picked":"Chill","floor":14.0},{"not_picked":["Redo","Beam Cell"],"picked":"Hologram","floor":15.0},{"not_picked":["Meteor Strike","Reboot"],"picked":"Electrodynamics","floor":16.0},{"not_picked":["Steam","Turbo+1"],"picked":"Undo","floor":19.0},{"not_picked":["Hello World","Go for the Eyes"],"picked":"BootSequence","floor":21.0},{"not_picked":["Static Discharge","Heatsinks","Gash"],"picked":"SKIP","floor":22},{"not_picked":["Darkness","Sweeping Beam"],"picked":"Streamline+1","floor":25},{"not_picked":["Sweeping Beam","Self Repair","Streamline"],"picked":"SKIP","floor":27},{"not_picked":["Steam Power","Beam Cell"],"picked":"Hologram","floor":28}],"player_experience":3021364,"relics_obtained":[{"floor":7.0,"key":"Cables"},{"floor":9.0,"key":"Boot"},{"floor":11.0,"key":"Blood Vial"},{"floor":24,"key":"Meat on the Bone"},{"floor":25,"key":"War Paint"}],"event_choices":[{"damage_healed":0,"gold_gain":0,"player_choice":"Ignored","damage_taken":0,"max_hp_gain":0,"max_hp_loss":0,"event_name":"Vampires","floor":26,"gold_loss":0}],"is_beta":false,"boss_relics":[{"not_picked":["Runic Pyramid","Inserter"],"picked":"SlaversCollar"}],"items_purged_floors":[13],"is_endless":false,"potions_floor_spawned":[4,9,11,14,15,19,27],"killed_by":"3 Cultists","ascension_level":20}}