{"host":"o7j6aatxjwpw1421","time":1610211965,"event":{"mods":["2.2 Compatiblity","AchievementEnabler","BaseMod","Colored Map","DeckTracker","Highlight Path","Keyboard Shortcuts","Minty Spire (QoL Compilation)","Permanent Neow","Quick Restart","StSLib","SuperFastMode","everything is the same but u backflip on backflip"],"gold_per_floor":[117,117,129,54,64,64,64,83,158,158,178,99,99,129,129,129,129],"floor_reached":16,"playtime":576,"items_purged":["Clumsy"],"score":200,"play_id":"fa9b75e0-82d7-48e3-9c18-f124b8230ca0","local_time":"20210110020605","is_ascension_mode":true,"campfire_choices":[{"data":"Skewer","floor":6.0,"key":"SMITH"},{"data":"Adrenaline","floor":10.0,"key":"SMITH"},{"data":"Adrenaline","floor":13.0,"key":"SMITH"},{"floor":15.0,"key":"REST"}],"circlet_count":0,"master_deck":["AscendersBane","Strike_G","Strike_G","Strike_G","Strike_G","Strike_G","Defend_G","Defend_G","Defend_G+1","Defend_G","Defend_G+1","Survivor","Neutralize","Adrenaline+1","Skewer+1","Dagger Spray","Footwork","Escape Plan","Escape Plan","Adrenaline+1","After Image"],"relics":["Ring of the Snake","Paper Crane","Centennial Puzzle"],"acts_visited":["Exordium"],"potions_floor_usage":[16],"damage_taken":[{"damage":3.0,"enemies":"2 Louse","floor":1.0,"turns":2.0},{"damage":1.0,"enemies":"Jaw Worm","floor":3.0,"turns":5.0},{"damage":0.0,"enemies":"Cultist","floor":5.0,"turns":3.0},{"damage":0.0,"enemies":"2 Fungi Beasts","floor":8.0,"turns":3.0},{"damage":2.0,"enemies":"Exordium Thugs","floor":11.0,"turns":5.0},{"damage":12.0,"enemies":"Lagavulin","floor":14.0,"turns":6.0},{"damage":35,"enemies":"Hexaghost","floor":16,"turns":14}],"seed_played":"6973959738886190978","potions_obtained":[{"floor":3.0,"key":"Ancient Potion"},{"floor":11.0,"key":"Weak Potion"}],"is_trial":false,"path_per_floor":["M","?","M","$","M","R","?","M","T","R","M","$","R","E","R","B"],"character_chosen":"THE_SILENT","items_purchased":["Adrenaline"],"campfire_rested":1,"item_purchase_floors":[12],"current_hp_per_floor":[56,36,35,35,35,35,35,35,35,35,33,33,33,21,40,5,5],"gold":129,"neow_bonus":"THREE_RARE_CARDS","is_daily":false,"chose_seed":false,"campfire_upgraded":3,"win_rate":0.0,"timestamp":1610211965,"path_taken":["M","?","M","$","M","R","?","M","T","R","M","$","R","E","R","BOSS"],"items_purchased_type":["Card"],"build_version":"2020-12-22","purchased_purges":1,"victory":false,"max_hp_per_floor":[66,66,66,66,66,66,66,66,66,66,66,66,66,66,66,66,66],"card_choices":[{"not_picked":["Venomology","Storm of Steel"],"picked":"Adrenaline","floor":0.0},{"not_picked":["Quick Slash","All Out Attack"],"picked":"Skewer","floor":1.0},{"not_picked":["Catalyst","Heel Hook"],"picked":"Dagger Spray","floor":3.0},{"not_picked":["Expertise","Well Laid Plans"],"picked":"Footwork","floor":5.0},{"not_picked":["Outmaneuver","Dagger Spray"],"picked":"Escape Plan","floor":8.0},{"not_picked":["Dagger Throw","Bane"],"picked":"Escape Plan","floor":11.0},{"not_picked":["Prepared","Tactician"],"picked":"After Image","floor":14.0}],"player_experience":469858,"relics_obtained":[{"floor":9.0,"key":"Paper Crane"},{"floor":14.0,"key":"Centennial Puzzle"}],"event_choices":[{"damage_healed":0.0,"max_hp_gain":0.0,"max_hp_loss":0.0,"gold_gain":0.0,"event_name":"Shining Light","player_choice":"Entered Light","floor":2.0,"gold_loss":0.0,"damage_taken":20.0,"cards_upgraded":["Defend_G","Defend_G"]},{"damage_healed":0.0,"max_hp_gain":0.0,"max_hp_loss":0.0,"gold_gain":0.0,"event_name":"Liars Game","player_choice":"Ignored","floor":7.0,"gold_loss":0.0,"damage_taken":0.0}],"is_beta":false,"boss_relics":[],"items_purged_floors":[4],"is_endless":false,"potions_floor_spawned":[3,11,14],"killed_by":"Hexaghost","ascension_level":20}}