{"host":"zsm7bdfo51n66z45","time":1610175444,"event":{"mods":["AchievementEnabler","BaseMod","Bestiary","Better Skull","Better Third Choice","Colored Powertips","DeckTracker","Mimic Mod","Minty Spire (QoL Compilation)","MostiFishMod","Quick Restart","Relic Stats","Spicy Shops","StSLib","Waifu the Spire"],"gold_per_floor":[114,114,132,132,147,164,164,175,206,225,255,276,286,306,306,411,411,434,434,453,453,453,492,516,341,381,65,75,86,101,145,145,250,250,266,266,295,314,139,169,169,169,169,186,205,205,205,258,258,258,258,258,113,154,154],"floor_reached":56,"playtime":1288,"items_purged":["Defend_R+1","Defend_R+1","Defend_R+1","Defend_R+1","Inflame"],"score":1550,"play_id":"a4a04016-0a8d-4c92-9704-8cd1e276236e","local_time":"20210109005724","is_ascension_mode":false,"campfire_choices":[{"data":"Whirlwind","floor":15.0,"key":"SMITH"},{"data":"Offering","floor":32.0,"key":"SMITH"},{"floor":41.0,"key":"RECALL"},{"floor":47.0,"key":"REST"},{"floor":49.0,"key":"REST"},{"floor":52.0,"key":"REST"}],"circlet_count":0,"master_deck":["Strike_R+1","Strike_R+1","Strike_R+1","Strike_R+1","Strike_R+1","Bash+1","Thunderclap+1","Whirlwind+1","Iron Wave+1","Power Through+1","Pommel Strike+1","Offering+1","Whirlwind+1","MostiFishMod:RacingGame+1","Twin Strike+1","MostiFishMod:#F4004+1","Sword Boomerang+1","Armaments+1","Sword Boomerang+1","Sword Boomerang+1","Fiend Fire+1","Whirlwind+1","Heavy Blade+1","MostiFishMod:CullingBlade"],"relics":["DaveBox","Transparent","OneHitWonderSystem","SynthV:TestCard","Akabeko","CeramicFish","GreenFoldingFan","ImprovedEquipment","Ornamental Fan","Blue Candle","ThornShield","Mark of the Bloom","Pocketwatch","Lantern","Blood Vial"],"acts_visited":["Exordium","TheCity","TheBeyond","TheEnding"],"potions_floor_usage":[55,55,55],"damage_taken":[{"damage":0.0,"enemies":"Jaw Worm","floor":1.0,"turns":1.0},{"damage":0.0,"enemies":"2 Louse","floor":3.0,"turns":2.0},{"damage":0.0,"enemies":"Cultist","floor":5.0,"turns":1.0},{"damage":0.0,"enemies":"Large Slime","floor":6.0,"turns":2.0},{"damage":0.0,"enemies":"Exordium Thugs","floor":8.0,"turns":2.0},{"damage":0.0,"enemies":"Red Slaver","floor":9.0,"turns":3.0},{"damage":0.0,"enemies":"Red Slaver","floor":10.0,"turns":1.0},{"damage":0.0,"enemies":"3 Sentries","floor":11.0,"turns":1.0},{"damage":0.0,"enemies":"3 Louse","floor":12.0,"turns":1.0},{"damage":0.0,"enemies":"Blue Slaver","floor":13.0,"turns":1.0},{"damage":0.0,"enemies":"Lots of Slimes","floor":14.0,"turns":1.0},{"damage":0.0,"enemies":"The Guardian","floor":16.0,"turns":3.0},{"damage":0.0,"enemies":"Spheric Guardian","floor":18.0,"turns":1.0},{"damage":0.0,"enemies":"Chosen","floor":20.0,"turns":1.0},{"damage":0.0,"enemies":"Gremlin Leader","floor":23.0,"turns":2.0},{"damage":0.0,"enemies":"Snecko","floor":24.0,"turns":2.0},{"damage":0.0,"enemies":"Snake Plant","floor":26.0,"turns":2.0},{"damage":0.0,"enemies":"Snake Plant","floor":28.0,"turns":1.0},{"damage":0.0,"enemies":"Centurion and Healer","floor":29.0,"turns":2.0},{"damage":0.0,"enemies":"3 Cultists","floor":30.0,"turns":1.0},{"damage":0.0,"enemies":"Slavers","floor":31.0,"turns":1.0},{"damage":0.0,"enemies":"Automaton","floor":33.0,"turns":3.0},{"damage":0.0,"enemies":"Orb Walker","floor":35.0,"turns":1.0},{"damage":0.0,"enemies":"3 Darklings","floor":37.0,"turns":1.0},{"damage":0.0,"enemies":"4 Shapes","floor":38.0,"turns":1.0},{"damage":0.0,"enemies":"Nemesis","floor":40.0,"turns":3.0},{"damage":0.0,"enemies":"Writhing Mass","floor":44.0,"turns":2.0},{"damage":0.0,"enemies":"Jaw Worm Horde","floor":45.0,"turns":1.0},{"damage":0.0,"enemies":"2 Orb Walkers","floor":48.0,"turns":1.0},{"damage":0.0,"enemies":"Time Eater","floor":50.0,"turns":2.0},{"damage":0.0,"enemies":"Shield and Spear","floor":54.0,"turns":1.0},{"damage":0,"enemies":"The Heart","floor":55,"turns":3}],"seed_played":"-6204413482421993356","potions_obtained":[{"floor":6.0,"key":"SteroidPotion"},{"floor":10.0,"key":"GamblersBrew"},{"floor":11.0,"key":"Fruit Juice"},{"floor":12.0,"key":"SteroidPotion"},{"floor":14.0,"key":"PowerPotion"},{"floor":30.0,"key":"SteroidPotion"}],"is_trial":false,"path_per_floor":["M","?","M","?","M","M","?","M","MIM","M","E","M","M","M","R","B",null,"M","?","M","?","?","E","M","$","MIM","$","M","M","M","E","R","B",null,"M","?","M","M","$","E","R","?","T","M","M","?","R","?","R","B",null,"R","$","E","B",null],"character_chosen":"IRONCLAD","items_purchased":["Sword Boomerang","Lantern"],"campfire_rested":3,"item_purchase_floors":[27,53],"current_hp_per_floor":[1,1,1,1,1,1,1,1,1,1,6,1,1,1,1,1,1,1,1,1,1,1,1,1,1,1,1,1,1,1,1,1,1,1,1,1,1,1,1,1,1,1,1,1,1,1,1,1,1,1,1,1,1,1,1],"gold":154,"neow_bonus":"BOSS_RELIC","is_daily":false,"chose_seed":false,"campfire_upgraded":2,"win_rate":0.0,"timestamp":1610175444,"path_taken":["M","?","M","?","?","M","?","M","MIM","M","E","?","M","M","R","BOSS","M","?","M","?","?","E","M","$","MIM","$","M","M","M","E","R","BOSS","M","?","M","M","$","E","R","?","T","M","M","?","R","?","R","BOSS","R","$","E","BOSS"],"items_purchased_type":["Card","Relic"],"build_version":"2020-12-22","purchased_purges":5,"victory":true,"max_hp_per_floor":[1,1,1,1,1,1,1,1,1,1,6,1,1,1,1,1,1,1,1,1,1,1,1,1,1,1,1,1,1,1,1,1,1,1,1,1,1,1,1,1,1,1,1,1,1,1,1,1,1,1,1,1,1,1,1],"relic_stats":{"Blood Vial":0,"Mark of the Bloom":43,"counters":[32,51],"Ornamental Fan":[28],"CeramicFish":117,"Blue Candle":[0],"obtain_stats":[{"Mark of the Bloom":46,"Lantern":53,"DaveBox":0,"CeramicFish":11,"ImprovedEquipment":23,"Blue Candle":31,"ThornShield":40,"Burning Blood":0,"Akabeko":9,"Blood Vial":54,"GreenFoldingFan":17,"SynthV:TestCard":1,"Transparent":0,"Ornamental Fan":26,"OneHitWonderSystem":0,"Pocketwatch":48},{"Mark of the Bloom":28,"Lantern":30,"DaveBox":0,"CeramicFish":8,"ImprovedEquipment":15,"Blue Candle":21,"ThornShield":26,"Burning Blood":0,"Akabeko":6,"Blood Vial":31,"GreenFoldingFan":12,"SynthV:TestCard":1,"Transparent":0,"Ornamental Fan":17,"OneHitWonderSystem":0,"Pocketwatch":29},{"Mark of the Bloom":44,"Lantern":47,"DaveBox":0,"CeramicFish":13,"ImprovedEquipment":23,"Blue Candle":32,"ThornShield":41,"Burning Blood":0,"Akabeko":11,"Blood Vial":48,"GreenFoldingFan":19,"SynthV:TestCard":1,"Transparent":0,"Ornamental Fan":27,"OneHitWonderSystem":0,"Pocketwatch":45}],"Pocketwatch":[0]},"card_choices":[{"not_picked":["Body Slam","Headbutt","Burning Pact"],"picked":"SKIP","floor":1.0},{"not_picked":["MostiFishMod:BrandingRite","Reckless Charge","Battle Trance","Metallicize"],"picked":"Thunderclap","floor":3.0},{"not_picked":["Perfected Strike","Heavy Blade","Warcry","Wild Strike"],"picked":"Inflame","floor":5.0},{"not_picked":["Heavy Blade","Combust","Intimidate","Clothesline"],"picked":"Whirlwind","floor":6.0},{"not_picked":["Cleave","Warcry","Corruption","Shrug It Off"],"picked":"Iron Wave","floor":8.0},{"not_picked":["Perfected Strike","Clothesline","Metallicize","Hemokinesis"],"picked":"Power Through","floor":9.0},{"not_picked":["Carnage","Thunderclap","Sever Soul","True Grit"],"picked":"Pommel Strike","floor":10.0},{"not_picked":["Clothesline","Clash","Twin Strike","Anger","Perfected Strike"],"picked":"SKIP","floor":11.0},{"not_picked":["Body Slam","True Grit","Intimidate","Headbutt"],"picked":"Offering","floor":12.0},{"not_picked":["Flame Barrier","Cleave","Blood for Blood","Wild Strike","Barricade"],"picked":"SKIP","floor":13.0},{"not_picked":["Havoc","Heavy Blade","Disarm","Clothesline"],"picked":"Whirlwind","floor":14.0},{"not_picked":["Immolate","MostiFishMod:KnuckleDown","MostiFishMod:404NotFound","Impervious"],"picked":"MostiFishMod:RacingGame","floor":16.0},{"not_picked":["Evolve","Thunderclap","Rage","Armaments+1"],"picked":"Twin Strike+1","floor":18.0},{"not_picked":["Clothesline","Dark Embrace","Warcry+1","MostiFishMod:ChineseTea","Anger"],"picked":"SKIP","floor":20.0},{"not_picked":["Burning Pact","Reckless Charge","Dropkick","Pommel Strike"],"picked":"MostiFishMod:#F4004","floor":23.0},{"not_picked":["Fire Breathing","Shrug It Off","Evolve","Cleave+1"],"picked":"Sword Boomerang","floor":24.0},{"not_picked":["Burning Pact+1","Perfected Strike","Cleave","Wild Strike"],"picked":"Armaments+1","floor":26.0},{"not_picked":["True Grit","MostiFishMod:TemporaryOutbreak","Armaments","Shrug It Off","Pommel Strike"],"picked":"SKIP","floor":28.0},{"not_picked":["Second Wind","Anger","Evolve","Rampage+1","Seeing Red"],"picked":"SKIP","floor":29.0},{"not_picked":["Wild Strike","True Grit","Armaments","Cleave","Brutality"],"picked":"SKIP","floor":30.0},{"not_picked":["Wild Strike+1","Flex","Rupture","Headbutt+1"],"picked":"Sword Boomerang","floor":31.0},{"not_picked":["Limit Break","Bludgeon","MostiFishMod:RainCloud","MostiFishMod:HellRitual"],"picked":"Fiend Fire","floor":33.0},{"not_picked":["Shrug It Off","Body Slam","Flex+1","Headbutt","Havoc"],"picked":"SKIP","floor":35.0},{"not_picked":["Dark Embrace+1","Clothesline","Dropkick+1","Thunderclap"],"picked":"Whirlwind","floor":37.0},{"not_picked":["Seeing Red","Iron Wave+1","Cleave+1","Second Wind+1","Flex+1"],"picked":"SKIP","floor":38.0},{"not_picked":["Sever Soul","Havoc+1","Clash","MostiFishMod:NewArrival","Anger+1"],"picked":"SKIP","floor":40.0},{"not_picked":["Sentinel+1","Shockwave+1","Sever Soul+1","Uppercut+1","Flex+1"],"picked":"SKIP","floor":44.0},{"not_picked":["Cleave+1","Fire Breathing+1","Shockwave+1","Inflame"],"picked":"Heavy Blade+1","floor":45.0},{"not_picked":["Whirlwind","MostiFishMod:#F4004","Clothesline+1","Hemokinesis"],"picked":"MostiFishMod:CullingBlade","floor":54.0}],"player_experience":150605,"relics_obtained":[{"floor":1.0,"key":"SynthV:TestCard"},{"floor":9.0,"key":"Akabeko"},{"floor":11.0,"key":"CeramicFish"},{"floor":23.0,"key":"ImprovedEquipment"},{"floor":26.0,"key":"Ornamental Fan"},{"floor":31.0,"key":"Blue Candle"},{"floor":40.0,"key":"ThornShield"},{"floor":48.0,"key":"Pocketwatch"},{"floor":54.0,"key":"Blood Vial"}],"event_choices":[{"damage_healed":0.0,"max_hp_gain":0.0,"max_hp_loss":0.0,"gold_gain":0.0,"event_name":"betterThird:BetterSerpent","player_choice":"Ignored","floor":2.0,"gold_loss":0.0,"damage_taken":114.0},{"damage_healed":0.0,"max_hp_gain":0.0,"max_hp_loss":0.0,"gold_gain":0.0,"event_name":"betterSkull:BetterSkull","player_choice":"LEAVE ","floor":4.0,"gold_loss":0.0,"damage_taken":0.0,"cards_upgraded":[],"relics_obtained":[]},{"damage_healed":0.0,"max_hp_gain":0.0,"max_hp_loss":0.0,"gold_gain":0.0,"event_name":"Golden Idol","player_choice":"Ignored","floor":7.0,"gold_loss":0.0,"damage_taken":0.0},{"damage_healed":0.0,"max_hp_gain":0.0,"max_hp_loss":0.0,"gold_gain":0.0,"event_name":"The Library","player_choice":"Heal","floor":19.0,"gold_loss":0.0,"damage_taken":0.0},{"damage_healed":0.0,"max_hp_gain":0.0,"max_hp_loss":9.0,"gold_gain":0.0,"event_name":"betterThird:BetterWriting","player_choice":"Simplicity","floor":21.0,"gold_loss":0.0,"damage_taken":0.0},{"damage_healed":0.0,"max_hp_gain":0.0,"max_hp_loss":0.0,"gold_gain":0.0,"event_name":"FaceTrader","player_choice":"Leave","floor":22.0,"gold_loss":0.0,"damage_taken":0.0},{"damage_healed":0.0,"max_hp_gain":0.0,"max_hp_loss":0.0,"gold_gain":0.0,"event_name":"Tomb of Lord Red Mask","player_choice":"Ignored","floor":36.0,"gold_loss":0.0,"damage_taken":0.0},{"damage_healed":0.0,"max_hp_gain":0.0,"max_hp_loss":0.0,"gold_gain":0.0,"event_name":"Winding Halls","player_choice":"Max HP","floor":42.0,"gold_loss":0.0,"damage_taken":0.0},{"damage_healed":0.0,"max_hp_gain":0.0,"max_hp_loss":0.0,"gold_gain":0.0,"event_name":"MindBloom","player_choice":"Upgrade","floor":46.0,"gold_loss":0.0,"damage_taken":0.0,"cards_upgraded":["Bash","Thunderclap","Whirlwind","Iron Wave","Power Through","Pommel Strike","MostiFishMod:RacingGame","MostiFishMod:#F4004","Sword Boomerang","Sword Boomerang","Sword Boomerang","Fiend Fire","Whirlwind"],"relics_obtained":["Mark of the Bloom"]},{"damage_healed":0.0,"max_hp_gain":0.0,"max_hp_loss":0.0,"gold_gain":0.0,"event_name":"Mysterious Sphere","player_choice":"Fight","floor":48.0,"gold_loss":0.0,"damage_taken":0.0}],"is_beta":false,"boss_relics":[{"not_picked":["Sozu","Snecko Eye"],"picked":"GreenFoldingFan"},{"not_picked":["Calling Bell","Runic Cube","Runic Pyramid"]}],"items_purged_floors":[25,25,27,27,39],"is_endless":false,"potions_floor_spawned":[6,10,11,12,13,14,20,24,29,30,31,35,37,44,45],"ascension_level":0}}