{"host":"ty2cix8xj6r3ad26","time":1610152173,"event":{"mods":["AchievementEnabler","BaseMod","BetterRewards","Minty Spire (QoL Compilation)","StSLib","SuperFastMode"],"gold_per_floor":[119,133,144,144,114,114,129,160,160,160,160],"floor_reached":10,"playtime":450,"items_purged":["Strike_R","Strike_R","Defend_R"],"score":68,"play_id":"e24ea300-b2df-42be-ac17-56b1dc35b3fe","local_time":"20210109022933","is_ascension_mode":false,"campfire_choices":[{"data":"Bash","floor":6,"key":"SMITH"}],"circlet_count":0,"master_deck":["Strike_R","Strike_R","Defend_R","Defend_R","Defend_R","Bash+1"],"relics":["Burning Blood","Unceasing Top","StrikeDummy","Question Card"],"acts_visited":["Exordium"],"potions_floor_usage":[2],"damage_taken":[{"damage":0,"enemies":"Small Slimes","floor":1,"turns":3},{"damage":1,"enemies":"Jaw Worm","floor":2,"turns":5},{"damage":1,"enemies":"Cultist","floor":3,"turns":3},{"damage":0,"enemies":"Looter","floor":5,"turns":4},{"damage":18,"enemies":"Blue Slaver","floor":7,"turns":8},{"damage":24,"enemies":"Gremlin Nob","floor":8,"turns":4},{"damage":16,"enemies":"Lagavulin","floor":10,"turns":5}],"seed_played":"4689844092469704695","potions_obtained":[{"floor":2,"key":"BloodPotion"},{"floor":3,"key":"Swift Potion"}],"is_trial":false,"path_per_floor":["M","M","M","?","M","R","M","E","T","E"],"character_chosen":"IRONCLAD","items_purchased":["Unceasing Top","BloodPotion"],"campfire_rested":0,"item_purchase_floors":[0,0],"current_hp_per_floor":[50,71,76,76,80,80,68,50,50,34,34],"gold":160,"neow_bonus":"","is_daily":false,"chose_seed":false,"campfire_upgraded":1,"win_rate":0.0,"timestamp":1610152173,"path_taken":["M","M","M","?","M","R","M","E","T","E"],"items_purchased_type":["Relic","Potion"],"build_version":"2020-12-22","purchased_purges":3,"victory":false,"max_hp_per_floor":[80,80,80,80,80,80,80,80,80,80,80],"card_choices":[{"not_picked":["Entrench","Pommel Strike","Sever Soul"],"picked":"SKIP","floor":1},{"not_picked":["Flex","Warcry","Cleave"],"picked":"SKIP","floor":2},{"not_picked":["Rampage","Hemokinesis","Heavy Blade"],"picked":"SKIP","floor":3},{"not_picked":["Thunderclap","Iron Wave","Perfected Strike"],"picked":"SKIP","floor":5},{"not_picked":["Dark Embrace","Wild Strike","Juggernaut"],"picked":"SKIP","floor":7},{"not_picked":["Limit Break","Fire Breathing","Iron Wave"],"picked":"SKIP","floor":8}],"player_experience":461563,"relics_obtained":[{"floor":8,"key":"StrikeDummy"},{"floor":9,"key":"Question Card"}],"event_choices":[{"cards_removed":["Strike_R"],"damage_healed":0,"gold_gain":0,"player_choice":"Forget","damage_taken":0,"max_hp_gain":0,"max_hp_loss":0,"event_name":"Living Wall","floor":4,"gold_loss":0}],"is_beta":false,"boss_relics":[],"items_purged_floors":[0,0,0],"is_endless":false,"potions_floor_spawned":[2,3],"killed_by":"Lagavulin","ascension_level":0}}