{"host":"h5acbxt0wmjo1kpm","time":1610173174,"event":{"mods":["2.2 Compatiblity","Act Like it!","AlwaysNeverKeys","Aspiration","Bard","Bartender","BaseMod","Better Third Choice","Colored Map","Elementarium","Gensokyo","GifTheSpireLib","Hallownest","Marisa????????","Menagerie","Minty Spire (QoL Compilation)","Permanent Neow","Potionbrewer","Relic Filter","Replay The Spire","Robot Space Explorer","RumiaBox-????????","Shade Mod","Spicy Shops","StSLib","Strawberry Spire","The Blackbeard","The Dragon Tamer","The Gatherer","The Hayseed","The Problem Sleuth","The Servant 0.9.4","Wandering Minibosses","vexMod"],"gold_per_floor":[115,115,127,139,68,102,117,117,117,117,144,161,175,35,35,139,239,253,253,301,301,312,312,340,340,386,386,386,401,401,415,415,514,514,527,527,467,480,480,505,505,531,531,531,548,563,581,598,598,598,598,598,425,454,454],"floor_reached":56,"playtime":3745,"items_purged":[],"score":1581,"play_id":"d5a961b8-0eaf-45a0-8278-01386a40bda5","local_time":"20210108221934","is_ascension_mode":true,"campfire_choices":[{"data":"RobotSpaceExplorer:Counterblock","floor":8.0,"key":"SMITH"},{"data":"RobotSpaceExplorer:PowerCollector","floor":10.0,"key":"SMITH"},{"data":"RobotSpaceExplorer:LaserBurst","floor":15.0,"key":"SMITH"},{"data":"RobotSpaceExplorer:DoubleFind","floor":23.0,"key":"SMITH"},{"data":"RobotSpaceExplorer:DroneSwarm","floor":25.0,"key":"SMITH"},{"data":"RobotSpaceExplorer:MiniLasers","floor":27.0,"key":"SMITH"},{"data":"RobotSpaceExplorer:DualCore","floor":30.0,"key":"SMITH"},{"floor":32,"key":"REST"},{"data":"Gensokyo:PrivateSquare","floor":41,"key":"SMITH"},{"data":"RobotSpaceExplorer:MiniBoosters","floor":44,"key":"SMITH"},{"floor":49,"key":"RECALL"},{"floor":52,"key":"REST"}],"circlet_count":0,"master_deck":["RobotSpaceExplorer:Strike","RobotSpaceExplorer:Strike","RobotSpaceExplorer:Defend","RobotSpaceExplorer:Defend","RobotSpaceExplorer:Defend","RobotSpaceExplorer:Defend","RobotSpaceExplorer:Scan","RobotSpaceExplorer:MiniLasers+1","RobotSpaceExplorer:MetalStrike","RobotSpaceExplorer:DualCore+1","RobotSpaceExplorer:Counterblock+1","RobotSpaceExplorer:PowerCollector+1","RobotSpaceExplorer:DoubleFind+1","RobotSpaceExplorer:LaserBurst+1","RobotSpaceExplorer:DroneSwarm+1","RobotSpaceExplorer:Probe","RobotSpaceExplorer:StunGrenade+1","RobotSpaceExplorer:PowerCollector","RobotSpaceExplorer:MiniDrones","RobotSpaceExplorer:DroneSwarm","RobotSpaceExplorer:MiniBoosters+1","Gensokyo:CustomPotion","RobotSpaceExplorer:MiniDrones+1","Gensokyo:PrivateSquare+1","RobotSpaceExplorer:Pulsar+1","RobotSpaceExplorer:GearShield+1","ReplayTheSpireMod:Brewmster"],"relics":["aspiration:SecretTechniqueScroll","Smiling Mask","Durian","PreservedInsect","Torii","Replay:Wanted Poster","Replay:Wax Seal","Replay:Towering Pillar of Hats","RobotSpaceExplorer:FoglandsKnife","wanderingMiniBosses:CarrionFlame","Empty Cage","Mirror","Orichalcum","aspiration:ChemicalBlood"],"acts_visited":["Gensokyo:Gensokyo","Gensokyo:Gensokyoer","Gensokyo:Gensokyoest","TheEnding"],"potions_floor_usage":[33,54,54,55,55,55,55,55,55,55,55,55,55,55,55,55,55],"damage_taken":[{"damage":0.0,"enemies":"Gensokyo:2_Kodama","floor":1.0,"turns":3.0},{"damage":0.0,"enemies":"Gensokyo:Gryphon","floor":3.0,"turns":4.0},{"damage":1.0,"enemies":"Gensokyo:3_Fairies","floor":4.0,"turns":4.0},{"damage":13.0,"enemies":"Gensokyo:Cirno","floor":6.0,"turns":5.0},{"damage":8.0,"enemies":"Gensokyo:3_Kodama","floor":7.0,"turns":6.0},{"damage":6.0,"enemies":"Gensokyo:Mamizou","floor":11.0,"turns":7.0},{"damage":5.0,"enemies":"Gensokyo:Python_and_Kodama","floor":12.0,"turns":5.0},{"damage":14.0,"enemies":"Gensokyo:Gryphon_and_Rabbit","floor":13.0,"turns":5.0},{"damage":18.0,"enemies":"Gensokyo:Yukari","floor":16.0,"turns":9.0},{"damage":8.0,"enemies":"Gensokyo:AngelMirror","floor":18.0,"turns":3.0},{"damage":1.0,"enemies":"Gensokyo:CosmicMonolith","floor":22.0,"turns":6.0},{"damage":1.0,"enemies":"Gensokyo:Reisen","floor":24.0,"turns":4.0},{"damage":20.0,"enemies":"Gensokyo:Swordslinger","floor":29.0,"turns":6.0},{"damage":9,"enemies":"Gensokyo:Monolith_and_Dog","floor":31,"turns":3},{"damage":1,"enemies":"Gensokyo:Kaguya","floor":33,"turns":8},{"damage":0,"enemies":"Gensokyo:3_Bats","floor":35,"turns":2},{"damage":0,"enemies":"Gensokyo:AncientGuardian","floor":38,"turns":4},{"damage":18,"enemies":"Gensokyo:Kasen","floor":40,"turns":4},{"damage":0,"enemies":"Gensokyo:Doremy","floor":42,"turns":4},{"damage":6,"enemies":"Gensokyo:Sharpion","floor":45,"turns":5},{"damage":0,"enemies":"Gensokyo:SeedOfUnknown","floor":46,"turns":4},{"damage":6,"enemies":"Gensokyo:4_Bats","floor":47,"turns":2},{"damage":8,"enemies":"Gensokyo:Sharpion","floor":48,"turns":5},{"damage":6,"enemies":"Gensokyo:Shinki","floor":50,"turns":8},{"damage":8,"enemies":"Shield and Spear","floor":54,"turns":5},{"damage":42,"enemies":"The Heart","floor":55,"turns":7}],"seed_played":"8273455029943904073","potions_obtained":[{"floor":1.0,"key":"RobotSpaceExplorer:LiquidFusion"},{"floor":2.0,"key":"Languid Potion"},{"floor":3.0,"key":"DuplicationPotion"},{"floor":12.0,"key":"potionbrewer:FreezingPotion"},{"floor":16.0,"key":"SneckoOil"},{"floor":29.0,"key":"potionbrewer:BarricadePotion"},{"floor":35,"key":"potionbrewer:NoxiousPotion"},{"floor":45,"key":"Weak Potion"},{"floor":47,"key":"FearPotion"}],"is_trial":false,"path_per_floor":["M","?","M","M","$","E","M","R","T","R","E","M","M","?","R","B",null,"M","?","T","?","M","R","E","R","T","R","?","M","R","M","R","B",null,"M","?","?","M","?","E","R","E","T","R","M","M","M","M","R","B",null,"R","$","E","B",null],"character_chosen":"RobotSpaceExplorer","items_purchased":["RobotSpaceExplorer:PowerCollector","ReplayTheSpireMod:Brewmster"],"campfire_rested":2,"item_purchase_floors":[5,53],"current_hp_per_floor":[68,68,68,67,67,54,46,46,51,51,45,40,26,26,26,8,62,54,54,54,54,53,53,52,52,52,52,52,32,32,23,47,46,72,72,72,72,72,72,54,54,54,54,54,48,48,42,34,34,28,67,80,80,72,30],"gold":454,"neow_bonus":"BOSS_RELIC","is_daily":false,"chose_seed":false,"campfire_upgraded":9,"win_rate":0.0,"timestamp":1610173174,"path_taken":["M","?","M","M","$","E","M","R","T","R","E","?","M","?","R","BOSS","M","?","?","?","?","R","E","R","T","R","?","M","R","?","R","BOSS","M","?","?","M","?","E","R","E","T","R","M","?","M","M","R","BOSS","R","$","E","BOSS"],"items_purchased_type":["Card","Card"],"build_version":"2020-12-22","purchased_purges":0,"victory":true,"max_hp_per_floor":[75,75,75,75,75,75,75,75,80,80,80,80,80,80,80,80,80,80,80,80,80,80,80,80,80,80,80,80,80,80,80,80,80,80,80,80,80,80,80,80,80,80,80,80,80,80,80,80,80,80,80,80,80,80,80],"card_choices":[{"not_picked":["RobotSpaceExplorer:SurgingShield","RobotSpaceExplorer:ScrapToss"],"picked":"RobotSpaceExplorer:MetalStrike","floor":1.0},{"not_picked":["RobotSpaceExplorer:ShockKick","RobotSpaceExplorer:Blitz"],"picked":"RobotSpaceExplorer:DualCore","floor":3.0},{"not_picked":["RobotSpaceExplorer:IronShell","RobotSpaceExplorer:FrostMissile"],"picked":"RobotSpaceExplorer:Counterblock","floor":4.0},{"not_picked":["RobotSpaceExplorer:StunGrenade","RobotSpaceExplorer:Fix"],"picked":"RobotSpaceExplorer:Arsenal","floor":6.0},{"not_picked":["RobotSpaceExplorer:GlueSpray","RobotSpaceExplorer:SurgingStrike","RobotSpaceExplorer:SwiftStep"],"picked":"SKIP","floor":7.0},{"not_picked":["RobotSpaceExplorer:FranticSearch","RobotSpaceExplorer:Probe"],"picked":"RobotSpaceExplorer:DoubleFind","floor":11.0},{"not_picked":["RobotSpaceExplorer:DoubleBlock","RobotSpaceExplorer:Pulsar","RobotSpaceExplorer:FranticSearch"],"picked":"SKIP","floor":12.0},{"not_picked":["RobotSpaceExplorer:Pulsar","RobotSpaceExplorer:GlueSpray"],"picked":"RobotSpaceExplorer:LaserBurst","floor":13.0},{"not_picked":["RobotSpaceExplorer:Explosion","RobotSpaceExplorer:BlastShield"],"picked":"RobotSpaceExplorer:DroneSwarm","floor":16.0},{"not_picked":["RobotSpaceExplorer:Electropulse","RobotSpaceExplorer:Counterblock"],"picked":"RobotSpaceExplorer:Probe","floor":18.0},{"not_picked":["RobotSpaceExplorer:SlimeMissile","RobotSpaceExplorer:Blitz"],"picked":"RobotSpaceExplorer:StunGrenade+1","floor":22.0},{"not_picked":["RobotSpaceExplorer:GearShield","RobotSpaceExplorer:Pulsar"],"picked":"RobotSpaceExplorer:PowerCollector","floor":24.0},{"not_picked":["RobotSpaceExplorer:IronShell","RobotSpaceExplorer:SurgingStrike"],"picked":"RobotSpaceExplorer:MiniDrones","floor":29.0},{"not_picked":["RobotSpaceExplorer:Asteroid","RobotSpaceExplorer:DualCore","RobotSpaceExplorer:Blitz"],"picked":"SKIP","floor":31},{"not_picked":["RobotSpaceExplorer:Wormhole","RobotSpaceExplorer:ShockMissile"],"picked":"RobotSpaceExplorer:DroneSwarm","floor":33},{"not_picked":["RobotSpaceExplorer:GlueShot+1","RobotSpaceExplorer:SurgingShield+1"],"picked":"RobotSpaceExplorer:MiniBoosters","floor":35},{"not_picked":["RobotSpaceExplorer:Smokescreen+1","RobotSpaceExplorer:SurgingStrike+1"],"picked":"RobotSpaceExplorer:MiniDrones+1","floor":38},{"not_picked":["RobotSpaceExplorer:SurgingShield+1","RobotSpaceExplorer:ShovelStrike","RobotSpaceExplorer:FrostMissile+1"],"picked":"SKIP","floor":40},{"not_picked":["RobotSpaceExplorer:StunGrenade","RobotSpaceExplorer:RigExplosive"],"picked":"RobotSpaceExplorer:Pulsar+1","floor":42},{"not_picked":["RobotSpaceExplorer:Ammunition+1","RobotSpaceExplorer:MiniDrones","RobotSpaceExplorer:ShovelStrike"],"picked":"SKIP","floor":45},{"not_picked":["RobotSpaceExplorer:SwiftStep","RobotSpaceExplorer:ScrapMissile+1","RobotSpaceExplorer:SurgingStrike+1"],"picked":"SKIP","floor":46},{"not_picked":["RobotSpaceExplorer:SelfCleaning","RobotSpaceExplorer:Electroshield+1","RobotSpaceExplorer:MetalStrike"],"picked":"SKIP","floor":47},{"not_picked":["RobotSpaceExplorer:Pulsar","RobotSpaceExplorer:TurboDodge"],"picked":"RobotSpaceExplorer:GearShield+1","floor":48},{"not_picked":["RobotSpaceExplorer:LuckyStrike","RobotSpaceExplorer:FrostMissile+1","RobotSpaceExplorer:ShockKick+1"],"picked":"SKIP","floor":54}],"player_experience":2180703,"relics_obtained":[{"floor":6.0,"key":"Smiling Mask"},{"floor":9.0,"key":"Durian"},{"floor":11.0,"key":"PreservedInsect"},{"floor":20.0,"key":"Replay:Wax Seal"},{"floor":24.0,"key":"Replay:Towering Pillar of Hats"},{"floor":26.0,"key":"RobotSpaceExplorer:FoglandsKnife"},{"floor":29.0,"key":"wanderingMiniBosses:CarrionFlame"},{"floor":40,"key":"Mirror"},{"floor":42,"key":"Orichalcum"},{"floor":54,"key":"aspiration:ChemicalBlood"}],"event_choices":[],"is_beta":false,"boss_relics":[{"not_picked":["vexMod:DeviousBotling","Runic Pyramid"],"picked":"Replay:Wanted Poster"},{"not_picked":["Calling Bell","strawberrySpire:Dictionifier"],"picked":"Empty Cage"}],"items_purged_floors":[],"is_endless":false,"potions_floor_spawned":[1,3,12,16,29,35,45,47],"ascension_level":7}}