{"host":"9l4mw5jqza9qz9hr","time":1610229374,"event":{"mods":["AchievementEnabler","Always Whale","BaseMod","Colored Map","Minty Spire (QoL Compilation)","StSLib","SuperFastMode"],"gold_per_floor":[114,114,129,129,304,342,342,361,411,449,449,449,303,391,391,541,541,560,560,604,604,629,692,736,486,486,624,693,133,196,245,245,430,430,509,558,558,258,307,307,386,386,436,436,455,130,130,230,230,230],"floor_reached":51,"playtime":2421,"items_purged":["Envenom","Unload","Doppelganger","Storm of Steel","Establishment"],"score":921,"play_id":"9fe9bc5f-810e-4500-bc28-c8b5c7fa5522","local_time":"20210110065614","daily_mods":["Shiny","Green Cards","Terminal"],"is_ascension_mode":false,"campfire_choices":[{"data":"Adrenaline","floor":7,"key":"SMITH"},{"data":"Omniscience","floor":15,"key":"SMITH"},{"data":"DevaForm","floor":32,"key":"SMITH"},{"data":"Adrenaline","floor":40,"key":"SMITH"},{"data":"Wraith Form v2","floor":42,"key":"SMITH"},{"data":"A Thousand Cuts","floor":47,"key":"SMITH"},{"data":"ConjureBlade","floor":49,"key":"SMITH"}],"circlet_count":0,"master_deck":["Venomology","Corpse Explosion+1","Malaise","Phantasmal Killer","Die Die Die+1","Adrenaline+1","Burst","Wraith Form v2+1","Tools of the Trade+1","Night Terror","After Image+1","Bullet Time+1","Glass Knife+1","A Thousand Cuts+1","Judgement+1","ConjureBlade+1","MasterReality","Brilliance","Devotion","Blasphemy","Ragnarok","LessonLearned","Scrawl+1","Vault+1","Alpha+1","Wish+1","Omniscience+1","SpiritShield","DevaForm+1","DeusExMachina","Prepared","Prepared","Wireheading","Calculated Gamble+1","Prepared+1","Adrenaline+1","Vault","Vault+1"],"relics":["PureWater","Bird Faced Urn","Golden Idol","Letter Opener","Juzu Bracelet","Bronze Scales","Unceasing Top","White Beast Statue","Snecko Eye","MutagenicStrength","MealTicket","Gambling Chip","ClockworkSouvenir","Mango","FossilizedHelix","Happy Flower","War Paint","Toxic Egg 2","Busted Crown","Sling","Lantern","Bag of Preparation"],"acts_visited":["Exordium","TheCity","TheBeyond"],"potions_floor_usage":[10,16,27,28,31,33,33,45,50,50],"damage_taken":[{"damage":0.0,"enemies":"Small Slimes","floor":1.0,"turns":2.0},{"damage":6.0,"enemies":"2 Louse","floor":3.0,"turns":2.0},{"damage":1,"enemies":"3 Sentries","floor":6,"turns":7},{"damage":6,"enemies":"Jaw Worm","floor":8,"turns":4},{"damage":0,"enemies":"Gremlin Nob","floor":10,"turns":2},{"damage":9,"enemies":"3 Sentries","floor":14,"turns":4},{"damage":23,"enemies":"The Guardian","floor":16,"turns":8},{"damage":0,"enemies":"Spheric Guardian","floor":18,"turns":1},{"damage":11,"enemies":"Shell Parasite","floor":20,"turns":7},{"damage":23,"enemies":"Book of Stabbing","floor":23,"turns":5},{"damage":0,"enemies":"Shelled Parasite and Fungi","floor":24,"turns":3},{"damage":0,"enemies":"Gremlin Leader","floor":27,"turns":5},{"damage":0,"enemies":"3 Cultists","floor":28,"turns":2},{"damage":0,"enemies":"Book of Stabbing","floor":30,"turns":5},{"damage":0,"enemies":"Centurion and Healer","floor":31,"turns":6},{"damage":15,"enemies":"Automaton","floor":33,"turns":9},{"damage":0,"enemies":"Orb Walker","floor":35,"turns":5},{"damage":0,"enemies":"3 Darklings","floor":36,"turns":2},{"damage":19,"enemies":"Writhing Mass","floor":39,"turns":4},{"damage":0,"enemies":"4 Shapes","floor":41,"turns":3},{"damage":0,"enemies":"Transient","floor":45,"turns":6},{"damage":0,"enemies":"Donu and Deca","floor":50,"turns":6}],"seed_played":"579003938715623652","potions_obtained":[{"floor":3.0,"key":"ColorlessPotion"},{"floor":6,"key":"DuplicationPotion"},{"floor":14,"key":"StancePotion"},{"floor":16,"key":"AttackPotion"},{"floor":18,"key":"FairyPotion"},{"floor":20,"key":"Energy Potion"},{"floor":27,"key":"Fire Potion"},{"floor":33,"key":"Block Potion"},{"floor":35,"key":"DistilledChaos"}],"is_trial":false,"path_per_floor":["M","?","M","?","?","E","R","M","T","E","?","?","$","E","R","B",null,"M","?","M","?","T","E","M","$","T","E","M","$","E","M","R","B",null,"M","M","?","$","M","R","M","R","T","?","M","$","R","?","R","B",null],"character_chosen":"WATCHER","items_purchased":["Calculated Gamble","ClockworkSouvenir","Vault","Happy Flower","War Paint","Sling","Bag of Preparation"],"campfire_rested":0,"item_purchase_floors":[13,25,29,29,29,38,46],"current_hp_per_floor":[70,45,45,28,28,39,39,47,47,47,40,40,40,41,41,40,54,53,52,51,50,49,34,38,46,59,58,57,56,55,54,53,45,51,50,49,46,45,28,28,42,41,40,39,38,37,36,35,34,33],"gold":230,"neow_bonus":"","is_daily":true,"chose_seed":false,"campfire_upgraded":7,"win_rate":0.0,"timestamp":1610229374,"path_taken":["M","?","M","?","?","E","R","M","T","E","?","?","$","E","R","BOSS","M","?","M","?","?","E","M","$","T","E","M","$","E","M","R","BOSS","M","M","?","$","M","R","M","R","T","?","M","$","R","?","R","BOSS"],"items_purchased_type":["Card","Relic","Card","Relic","Relic","Relic","Relic"],"build_version":"2020-12-22","purchased_purges":5,"victory":true,"max_hp_per_floor":[70,69,68,67,66,65,64,63,62,61,60,59,58,57,56,55,54,53,52,51,50,49,48,47,46,59,58,57,56,55,54,53,52,51,50,49,46,45,44,43,42,41,40,39,38,37,36,35,34,33],"card_choices":[{"not_picked":["Quick Slash","Fasting2"],"picked":"Prepared","floor":1.0},{"not_picked":["Blade Dance","Outmaneuver","SandsOfTime"],"picked":"SKIP","floor":3.0},{"not_picked":["Quick Slash","Sucker Punch"],"picked":"Prepared","floor":6},{"not_picked":["Adaptation","CutThroughFate"],"picked":"Wireheading","floor":8},{"not_picked":["Unload","Distraction","ClearTheMind"],"picked":"SKIP","floor":10},{"not_picked":["Dagger Throw","Slice"],"picked":"Prepared","floor":14},{"not_picked":["Storm of Steel","A Thousand Cuts"],"picked":"Adrenaline","floor":16},{"not_picked":["WheelKick","EmptyBody+1","Predator"],"picked":"SKIP","floor":18},{"not_picked":["Conclude","Halt","ThirdEye+1"],"picked":"SKIP","floor":20},{"not_picked":["EmptyMind","Sucker Punch","Bane+1"],"picked":"SKIP","floor":23},{"not_picked":["Dash","Conclude","Deflect"],"picked":"SKIP","floor":24},{"not_picked":["Evaluate","BowlingBash","Crescendo"],"picked":"SKIP","floor":27},{"not_picked":["Predator","SashWhip+1","Choke"],"picked":"SKIP","floor":28},{"not_picked":["Halt+1","Judgement+1","Tantrum"],"picked":"SKIP","floor":30},{"not_picked":["BowlingBash","Skewer","Halt+1"],"picked":"SKIP","floor":31},{"not_picked":["SpiritShield+1","Alpha+1"],"picked":"Vault+1","floor":33},{"not_picked":["Pray+1"],"picked":"SKIP","floor":35},{"not_picked":["Prepared+1"],"picked":"SKIP","floor":36},{"not_picked":["Outmaneuver+1"],"picked":"SKIP","floor":39},{"not_picked":["PathToVictory+1"],"picked":"SKIP","floor":41},{"not_picked":["Prostrate+1"],"picked":"SKIP","floor":45}],"player_experience":201834,"relics_obtained":[{"floor":6,"key":"Letter Opener"},{"floor":9,"key":"Juzu Bracelet"},{"floor":10,"key":"Bronze Scales"},{"floor":14,"key":"White Beast Statue"},{"floor":22,"key":"MealTicket"},{"floor":23,"key":"Gambling Chip"},{"floor":26,"key":"Mango"},{"floor":27,"key":"FossilizedHelix"},{"floor":30,"key":"Toxic Egg 2"},{"floor":43,"key":"Lantern"}],"event_choices":[{"damage_healed":0.0,"max_hp_gain":0.0,"max_hp_loss":0.0,"gold_gain":0.0,"event_name":"Scrap Ooze","player_choice":"Success","floor":2.0,"gold_loss":0.0,"damage_taken":25.0,"relics_obtained":["Bird Faced Urn"]},{"damage_healed":0,"gold_gain":0,"player_choice":"Take Damage","damage_taken":17,"relics_obtained":["Golden Idol"],"max_hp_gain":0,"max_hp_loss":0,"event_name":"Golden Idol","floor":4,"gold_loss":0},{"damage_healed":0,"gold_gain":175,"player_choice":"AGREE","damage_taken":0,"max_hp_gain":0,"max_hp_loss":0,"event_name":"Liars Game","floor":5,"gold_loss":0,"cards_obtained":["Doubt"]},{"cards_removed":["Doubt"],"damage_healed":0,"gold_gain":0,"player_choice":"Card Removal","damage_taken":7,"max_hp_gain":0,"max_hp_loss":0,"event_name":"Golden Wing","floor":11,"gold_loss":0},{"cards_removed":["Grand Finale"],"damage_healed":0,"gold_gain":0,"player_choice":"Gave Card","damage_taken":0,"relics_obtained":["Unceasing Top"],"max_hp_gain":0,"max_hp_loss":0,"event_name":"WeMeetAgain","floor":12,"gold_loss":0},{"damage_healed":0,"gold_gain":0,"player_choice":"Ignored","damage_taken":0,"max_hp_gain":0,"max_hp_loss":0,"event_name":"Ghosts","floor":19,"gold_loss":0},{"damage_healed":0,"gold_gain":0,"player_choice":"Inject Mutagens","damage_taken":0,"relics_obtained":["MutagenicStrength"],"max_hp_gain":0,"max_hp_loss":0,"event_name":"Drug Dealer","floor":21,"gold_loss":0},{"damage_healed":0,"gold_gain":0,"player_choice":"Max HP","damage_taken":0,"max_hp_gain":0,"max_hp_loss":2,"event_name":"Winding Halls","floor":37,"gold_loss":0},{"damage_healed":0,"gold_gain":0,"player_choice":"Ignored","damage_taken":0,"max_hp_gain":0,"max_hp_loss":0,"event_name":"Tomb of Lord Red Mask","floor":44,"gold_loss":0},{"damage_healed":0,"gold_gain":100,"player_choice":"Pray","damage_taken":0,"max_hp_gain":0,"max_hp_loss":0,"event_name":"Golden Shrine","floor":48,"gold_loss":0}],"is_beta":false,"boss_relics":[{"not_picked":["VioletLotus","Black Star"],"picked":"Snecko Eye"},{"not_picked":["HolyWater","Runic Pyramid"],"picked":"Busted Crown"}],"items_purged_floors":[13,25,29,38,46],"is_endless":false,"potions_floor_spawned":[3,6,14,16,18,20,23,24,27,28,30,31,33,35,36,39,41,45],"ascension_level":0}}