{"host":"9ndbo4kgsfoemf7y","time":1610182138,"event":{"mods":["AchievementEnabler","BaseMod","Colored Map","DeckTracker","Keyboard Shortcuts","Minty Spire (QoL Compilation)","Permanent Neow","Quick Restart","Relic Stats","StSLib","SuperFastMode"],"gold_per_floor":[110,128,8,8,24,24,40,72,72,2,33,52,52,52],"floor_reached":13,"playtime":481,"items_purged":["Normality"],"score":124,"play_id":"d0e68132-c8e7-4da0-aef9-86ab936fdc56","local_time":"20210109174858","is_ascension_mode":true,"campfire_choices":[{"data":"Zap","floor":6.0,"key":"SMITH"}],"circlet_count":0,"master_deck":["Strike_B","Strike_B","Strike_B","Defend_B","Defend_B","Defend_B","Defend_B","Zap+1","Dualcast","Capacitor","Undo","Hologram","Conserve Battery","Capacitor","Meteor Strike","Lockon","Defragment+1"],"relics":["Cracked Core","TungstenRod","DataDisk","Frozen Egg 2","InkBottle"],"acts_visited":["Exordium"],"potions_floor_usage":[],"damage_taken":[{"damage":1.0,"enemies":"Jaw Worm","floor":1.0,"turns":5.0},{"damage":5.0,"enemies":"2 Louse","floor":2.0,"turns":2.0},{"damage":2.0,"enemies":"Cultist","floor":5.0,"turns":4.0},{"damage":0.0,"enemies":"2 Fungi Beasts","floor":7.0,"turns":4.0},{"damage":7.0,"enemies":"Lagavulin","floor":8.0,"turns":7.0},{"damage":28.0,"enemies":"3 Sentries","floor":11.0,"turns":8.0},{"damage":14,"enemies":"Lots of Slimes","floor":12,"turns":4},{"damage":23,"enemies":"Lagavulin","floor":13,"turns":4}],"seed_played":"-3606921409128906049","potions_obtained":[{"floor":1.0,"key":"BlessingOfTheForge"},{"floor":2.0,"key":"DuplicationPotion"},{"floor":8.0,"key":"Regen Potion"}],"is_trial":false,"path_per_floor":["M","M","$","?","M","R","M","E","T","$","E","M","E"],"character_chosen":"DEFECT","items_purchased":["Hologram","Meteor Strike"],"campfire_rested":0,"item_purchase_floors":[3,10],"current_hp_per_floor":[67,62,62,56,54,54,54,47,47,47,34,20,0,0],"gold":52,"neow_bonus":"ONE_RARE_RELIC","is_daily":false,"chose_seed":false,"campfire_upgraded":1,"win_rate":0.0,"timestamp":1610182138,"path_taken":["M","M","$","?","M","R","M","E","T","$","E","M","E"],"items_purchased_type":["Card","Card"],"build_version":"2020-12-22","purchased_purges":1,"victory":false,"max_hp_per_floor":[75,75,75,75,75,75,75,75,75,75,75,75,75,75],"relic_stats":{"counters":[8,38],"obtain_stats":[{"DataDisk":8,"Frozen Egg 2":9,"Cracked Core":0,"TungstenRod":0,"InkBottle":11},{"DataDisk":5,"Frozen Egg 2":5,"Cracked Core":0,"TungstenRod":0,"InkBottle":6},{"DataDisk":22,"Frozen Egg 2":22,"Cracked Core":0,"TungstenRod":0,"InkBottle":30}],"TungstenRod":17,"InkBottle":[2]},"card_choices":[{"not_picked":["Rip and Tear","Aggregate"],"picked":"Capacitor","floor":1.0},{"not_picked":["Stack","Static Discharge"],"picked":"Undo","floor":2.0},{"not_picked":["Leap","Hello World"],"picked":"Conserve Battery","floor":5.0},{"not_picked":["Compile Driver","Gash","Rip and Tear"],"picked":"SKIP","floor":7.0},{"not_picked":["Barrage","Rebound"],"picked":"Capacitor","floor":8.0},{"not_picked":["Stack","Force Field"],"picked":"Lockon","floor":11.0},{"not_picked":["Turbo","Loop+1"],"picked":"Defragment+1","floor":12}],"player_experience":794852,"relics_obtained":[{"floor":8.0,"key":"DataDisk"},{"floor":9.0,"key":"Frozen Egg 2"},{"floor":11.0,"key":"InkBottle"}],"event_choices":[{"cards_removed":["Strike_B"],"damage_healed":0.0,"max_hp_gain":0.0,"max_hp_loss":0.0,"gold_gain":0.0,"event_name":"Golden Wing","player_choice":"Card Removal","floor":4.0,"gold_loss":0.0,"damage_taken":7.0}],"is_beta":false,"boss_relics":[],"items_purged_floors":[3],"is_endless":false,"potions_floor_spawned":[1,2,8],"killed_by":"Lagavulin","ascension_level":6}}