{"host":"Ian","time":1610207314,"event":{"mods":["BaseMod","Bestiary","Block Reminder","Colored Map","Highlight Path","Key Reminder","Minty Spire (QoL Compilation)","Relic Stats"],"gold_per_floor":[110,35,35,51,62,62,93,93,93,119,132,132,32,58,70,159,171,193,205,229,256,282,294,332,344,356,368,368],"floor_reached":27,"playtime":1189,"items_purged":["Pain"],"score":552,"play_id":"caa9418c-aff7-45c5-a5dc-020f1305f6e2","local_time":"20210109154834","is_ascension_mode":true,"campfire_choices":[{"data":"Searing Blow","floor":6.0,"key":"SMITH"},{"data":"Searing Blow+1","floor":8.0,"key":"SMITH"},{"floor":12.0,"key":"REST"},{"data":"Searing Blow+2","floor":15.0,"key":"SMITH"},{"floor":23.0,"key":"REST"},{"floor":25.0,"key":"REST"}],"circlet_count":0,"master_deck":["AscendersBane","Strike_R","Strike_R","Strike_R","Strike_R","Defend_R","Defend_R","Defend_R","Defend_R","Bash","Searing Blow+3","Headbutt","Burning Pact","Thunderclap","Shrug It Off","Feel No Pain","Barricade","True Grit","Dark Embrace","True Grit","Dropkick","Battle Trance","Entrench"],"relics":["Burning Blood","Ice Cream","WarpedTongs","Singing Bowl","Question Card","PreservedInsect","MawBank","Mark of Pain","Shovel","Oddly Smooth Stone"],"acts_visited":["Exordium","TheCity"],"potions_floor_usage":[],"damage_taken":[{"damage":9.0,"enemies":"2 Louse","floor":1.0,"turns":4.0},{"damage":3.0,"enemies":"Cultist","floor":4.0,"turns":3.0},{"damage":7.0,"enemies":"Jaw Worm","floor":5.0,"turns":3.0},{"damage":36.0,"enemies":"3 Sentries","floor":7.0,"turns":6.0},{"damage":25.0,"enemies":"Lagavulin","floor":10.0,"turns":5.0},{"damage":14.0,"enemies":"Red Slaver","floor":11.0,"turns":2.0},{"damage":0.0,"enemies":"Gremlin Nob","floor":14.0,"turns":2.0},{"damage":15.0,"enemies":"The Guardian","floor":16.0,"turns":14.0},{"damage":5.0,"enemies":"Spheric Guardian","floor":18.0,"turns":6.0},{"damage":27.0,"enemies":"Shell Parasite","floor":20.0,"turns":6.0},{"damage":26.0,"enemies":"Snake Plant","floor":21.0,"turns":7.0},{"damage":6.0,"enemies":"3 Cultists","floor":22.0,"turns":5.0},{"damage":27.0,"enemies":"Book of Stabbing","floor":24.0,"turns":4.0},{"damage":47,"enemies":"Gremlin Leader","floor":27,"turns":4}],"seed_played":"-6431020020591847226","potions_obtained":[{"floor":1.0,"key":"ElixirPotion"},{"floor":4.0,"key":"AttackPotion"},{"floor":11.0,"key":"AttackPotion"},{"floor":14.0,"key":"EssenceOfSteel"},{"floor":16.0,"key":"Ancient Potion"},{"floor":18.0,"key":"BlessingOfTheForge"},{"floor":20.0,"key":"GamblersBrew"}],"is_trial":false,"path_per_floor":["M","?","?","M","M","R","E","R","T","E","M","R","$","E","R","B",null,"M","?","M","M","M","R","E","R","T","E"],"character_chosen":"IRONCLAD","items_purchased":["Shrug It Off"],"campfire_rested":3,"item_purchase_floors":[13],"current_hp_per_floor":[65,65,65,68,67,67,37,37,37,20,12,33,33,39,39,30,60,61,61,40,20,20,41,20,41,41,0,0],"gold":368,"neow_bonus":"ONE_RARE_RELIC","is_daily":false,"chose_seed":false,"campfire_upgraded":3,"win_rate":0.0,"timestamp":1610207314,"path_taken":["M","?","?","M","M","R","E","R","T","E","?","R","$","E","R","BOSS","M","?","M","M","M","R","E","R","T","E"],"items_purchased_type":["Card"],"build_version":"2020-12-18","purchased_purges":1,"victory":false,"max_hp_per_floor":[68,68,68,68,68,68,68,68,68,70,70,70,70,70,70,70,70,70,70,70,70,70,70,70,70,70,70,70],"relic_stats":{"Shovel":0,"Singing Bowl":2,"counters":[14,71],"PreservedInsect":112,"Question Card":9,"MawBank":156,"obtain_stats":[{"Ice Cream":0,"Shovel":24,"Singing Bowl":7,"Oddly Smooth Stone":26,"PreservedInsect":10,"Mark of Pain":17,"Question Card":9,"MawBank":14,"Burning Blood":0,"WarpedTongs":3},{"Ice Cream":0,"Shovel":13,"Singing Bowl":4,"Oddly Smooth Stone":13,"PreservedInsect":5,"Mark of Pain":8,"Question Card":4,"MawBank":7,"Burning Blood":0,"WarpedTongs":1},{"Ice Cream":0,"Shovel":67,"Singing Bowl":16,"Oddly Smooth Stone":67,"PreservedInsect":21,"Mark of Pain":39,"Question Card":16,"MawBank":25,"Burning Blood":0,"WarpedTongs":4}],"Burning Blood":78,"WarpedTongs":[66]},"card_choices":[{"not_picked":["Disarm","Cleave"],"picked":"Searing Blow","floor":1.0},{"not_picked":["Clash","Inflame"],"picked":"Headbutt","floor":4.0},{"not_picked":["Perfected Strike","Sword Boomerang","Second Wind"],"picked":"SKIP","floor":5.0},{"not_picked":["Clothesline","Reaper"],"picked":"Burning Pact","floor":7.0},{"not_picked":["Intimidate","Flex","Clothesline","Twin Strike"],"picked":"Singing Bowl","floor":10.0},{"not_picked":["Barricade","Pummel","Cleave"],"picked":"Thunderclap","floor":11.0},{"not_picked":["Body Slam","Rampage","Warcry"],"picked":"Feel No Pain","floor":14.0},{"not_picked":["Limit Break","Feed","Exhume"],"picked":"Barricade","floor":16.0},{"not_picked":["Flex","Thunderclap","Twin Strike"],"picked":"True Grit","floor":18.0},{"not_picked":["Rupture","Fire Breathing","Searing Blow"],"picked":"True Grit","floor":20.0},{"not_picked":["Flex","Fire Breathing","Exhume"],"picked":"Dropkick","floor":21.0},{"not_picked":["Whirlwind","Dark Embrace","Flex"],"picked":"Battle Trance","floor":22.0},{"not_picked":["Clash","Twin Strike","Flame Barrier"],"picked":"Entrench","floor":24.0}],"player_experience":2659222,"relics_obtained":[{"floor":7.0,"key":"Singing Bowl"},{"floor":9.0,"key":"Question Card"},{"floor":10.0,"key":"PreservedInsect"},{"floor":14.0,"key":"MawBank"},{"floor":24.0,"key":"Shovel"},{"floor":26.0,"key":"Oddly Smooth Stone"}],"event_choices":[{"cards_removed":["Strike_R"],"damage_healed":0.0,"max_hp_gain":0.0,"max_hp_loss":0.0,"gold_gain":0.0,"event_name":"The Cleric","player_choice":"Card Removal","floor":2.0,"gold_loss":75.0,"damage_taken":0.0},{"damage_healed":0.0,"max_hp_gain":0.0,"max_hp_loss":0.0,"gold_gain":0.0,"event_name":"Accursed Blacksmith","player_choice":"Rummage","floor":3.0,"gold_loss":0.0,"damage_taken":0.0,"relics_obtained":["WarpedTongs"],"cards_obtained":["Pain"]},{"damage_healed":0.0,"max_hp_gain":0.0,"max_hp_loss":0.0,"gold_gain":0.0,"event_name":"The Library","player_choice":"Read","floor":19.0,"gold_loss":0.0,"damage_taken":0.0,"cards_obtained":["Dark Embrace"]}],"is_beta":true,"boss_relics":[{"not_picked":["Runic Cube","Coffee Dripper"],"picked":"Mark of Pain"}],"items_purged_floors":[13],"is_endless":false,"potions_floor_spawned":[1,4,11,14,16,18,20],"killed_by":"Gremlin Leader","ascension_level":20}}