{"host":"92108ef2q9tm8rod","time":1610189714,"event":{"mods":["BaseMod","Defuse TimeMaze Blight","Minty Spire (QoL Compilation)","StSLib","The Jungle"],"gold_per_floor":[109,121,141,159,178,178,178,194,243,243,261,4,4,29,29,130,180,200,211,135,135,153,153,153,185,185,185,204,129,35,45,45,140,140,154,174,188,201,201,201,0,27,27,27,359,359,259,284,284,284],"floor_reached":51,"playtime":1399,"items_purged":["Dagger Spray","Escape Plan"],"score":957,"play_id":"bfd1d078-e241-4bdb-a187-386a6b928e9a","local_time":"20210109105514","daily_mods":["SealedDeck","Heirloom","Flight","Lethality"],"is_ascension_mode":false,"campfire_choices":[{"data":"Accuracy","floor":6,"key":"SMITH"},{"data":"Cloak And Dagger","floor":7,"key":"SMITH"},{"data":"Deflect","floor":10,"key":"SMITH"},{"data":"Finisher","floor":13,"key":"SMITH"},{"data":"Accuracy","floor":15,"key":"SMITH"},{"data":"Accuracy","floor":23,"key":"SMITH"},{"data":"Blade Dance","floor":24,"key":"SMITH"},{"data":"Backstab","floor":27,"key":"SMITH"},{"data":"Backflip","floor":32,"key":"SMITH"},{"data":"Infinite Blades","floor":40,"key":"SMITH"},{"data":"Escape Plan","floor":44,"key":"SMITH"},{"floor":46,"key":"REST"},{"floor":49,"key":"REST"}],"circlet_count":0,"master_deck":["Finisher+1","Dagger Spray+1","Backflip+1","Deflect+1","Cloak And Dagger+1","Accuracy+1","Escape Plan+1","Infinite Blades+1","Blade Dance+1","Backstab+1","Accuracy+1","Accuracy+1","Accuracy+1"],"relics":["Ring of the Snake","Calipers","Bronze Scales","Ninja Scroll","Snake Skull","Tiny House","Question Card","Matryoshka","Art of War","WristBlade","Red Mask","Strawberry","Ornamental Fan","Blood Vial","Old Coin","Juzu Bracelet"],"acts_visited":["Exordium","Exordium","TheBeyond"],"potions_floor_usage":[16,16,25,25,33,48,50,50,50],"damage_taken":[{"damage":0,"enemies":"Small Slimes","floor":1,"turns":2},{"damage":0,"enemies":"Cultist","floor":2,"turns":2},{"damage":0,"enemies":"2 Louse","floor":3,"turns":1},{"damage":0,"enemies":"Blue Slaver","floor":4,"turns":1},{"damage":0,"enemies":"3 Louse","floor":5,"turns":1},{"damage":0,"enemies":"Exordium Wildlife","floor":8,"turns":1},{"damage":0,"enemies":"Blue Slaver","floor":11,"turns":1},{"damage":0,"enemies":"3 Sentries","floor":14,"turns":1},{"damage":0,"enemies":"Slime Boss","floor":16,"turns":1},{"damage":0,"enemies":"theJungle:GiantWrat","floor":18,"turns":1},{"damage":3,"enemies":"theJungle:Flameango_and_Byrd","floor":19,"turns":3},{"damage":3,"enemies":"theJungle:Snecko_Cultist_And_Trap","floor":22,"turns":2},{"damage":0,"enemies":"theJungle:MamaSnecko","floor":25,"turns":3},{"damage":0,"enemies":"theJungle:2_Snecko_Cultists","floor":28,"turns":2},{"damage":0,"enemies":"theJungle:JungleHuntersEncounter","floor":31,"turns":1},{"damage":11,"enemies":"theJungle:TotemBoss","floor":33,"turns":4},{"damage":0,"enemies":"Orb Walker","floor":35,"turns":1},{"damage":0,"enemies":"3 Darklings","floor":36,"turns":1},{"damage":3,"enemies":"Maw","floor":37,"turns":3},{"damage":0,"enemies":"Transient","floor":38,"turns":5},{"damage":17,"enemies":"Reptomancer","floor":42,"turns":3},{"damage":0,"enemies":"Giant Head","floor":45,"turns":3},{"damage":14,"enemies":"Reptomancer","floor":48,"turns":3},{"damage":52,"enemies":"Awakened One","floor":50,"turns":6}],"seed_played":"-1856600965160800708","potions_obtained":[{"floor":4,"key":"FearPotion"},{"floor":8,"key":"SteroidPotion"},{"floor":11,"key":"Explosive Potion"},{"floor":17,"key":"Ancient Potion"},{"floor":22,"key":"Explosive Potion"},{"floor":25,"key":"Fire Potion"},{"floor":31,"key":"Strength Potion"},{"floor":33,"key":"EssenceOfSteel"},{"floor":35,"key":"SkillPotion"},{"floor":45,"key":"PowerPotion"},{"floor":48,"key":"EssenceOfSteel"}],"is_trial":true,"path_per_floor":["M","M","M","M","M","R","R","M","T","R","M","$","R","E","R","B",null,"M","M","$","?","M","R","R","E","T","R","M","$","?","M","R","B",null,"M","M","M","M","?","R","?","E","T","R","E","R","$","E","R","B",null],"character_chosen":"THE_SILENT","items_purchased":["Ninja Scroll","Accuracy"],"campfire_rested":2,"item_purchase_floors":[12,20],"current_hp_per_floor":[70,70,70,70,70,70,70,70,70,70,70,70,70,70,70,70,75,75,72,72,72,69,69,69,69,69,69,69,69,69,69,69,58,75,75,75,72,72,72,72,72,62,62,62,64,82,82,68,82,30],"gold":284,"neow_bonus":"","is_daily":false,"chose_seed":false,"campfire_upgraded":11,"win_rate":0.0,"timestamp":1610189714,"path_taken":["M","M","M","M","M","R","R","M","T","R","M","$","R","E","R","BOSS","M","M","$","?","?","R","R","E","T","R","M","$","?","M","R","BOSS","M","M","?","M","?","R","?","E","T","R","E","R","$","E","R","BOSS"],"items_purchased_type":["Relic","Card"],"build_version":"2020-12-22","purchased_purges":2,"victory":true,"max_hp_per_floor":[70,70,70,70,70,70,70,70,70,70,70,70,70,70,70,70,75,75,75,75,75,75,75,75,75,75,75,75,75,75,75,75,75,75,75,75,75,75,75,75,75,82,82,82,82,82,82,82,82,82],"card_choices":[{"not_picked":["Deadly Poison","Heel Hook"],"picked":"Infinite Blades","floor":1},{"not_picked":["Flechettes","Deadly Poison"],"picked":"Blade Dance","floor":2},{"not_picked":["PiercingWail","Riddle With Holes","Poisoned Stab"],"picked":"SKIP","floor":3},{"not_picked":["Poisoned Stab","Acrobatics","Calculated Gamble"],"picked":"SKIP","floor":4},{"not_picked":["Slice","Finisher"],"picked":"Backstab","floor":5},{"not_picked":["Distraction","All Out Attack","Prepared"],"picked":"SKIP","floor":8},{"not_picked":["Prepared","Acrobatics","Cloak And Dagger"],"picked":"SKIP","floor":11},{"not_picked":["Flying Knee","Eviscerate"],"picked":"Accuracy","floor":14},{"not_picked":["Backflip+1","Distraction","Bane"],"picked":"SKIP","floor":18},{"not_picked":["Quick Slash","Tactician","Dodge and Roll+1"],"picked":"SKIP","floor":19},{"not_picked":["Dagger Spray","Backflip+1","Acrobatics"],"picked":"SKIP","floor":22},{"not_picked":["Dagger Throw","Crippling Poison+1"],"picked":"Accuracy+1","floor":25},{"not_picked":["Quick Slash","Backflip","Dagger Spray","Expertise"],"picked":"SKIP","floor":28},{"not_picked":["Prepared","Underhanded Strike","Backstab","Heel Hook"],"picked":"SKIP","floor":31},{"not_picked":["All Out Attack","Backflip","PiercingWail","Deadly Poison+1"],"picked":"SKIP","floor":35},{"not_picked":["Dagger Spray","Backstab+1","Bane+1","Backflip+1"],"picked":"SKIP","floor":36},{"not_picked":["Distraction+1","Outmaneuver+1","Poisoned Stab+1","Flying Knee"],"picked":"SKIP","floor":37},{"not_picked":["Riddle With Holes","Slice+1","Dagger Spray","Deadly Poison+1"],"picked":"SKIP","floor":38},{"not_picked":["Choke","Predator","Caltrops","All Out Attack+1"],"picked":"SKIP","floor":42},{"not_picked":["Unload","Bane","Dagger Spray+1","Footwork+1"],"picked":"SKIP","floor":45},{"not_picked":["Quick Slash+1","Underhanded Strike","Distraction","Prepared"],"picked":"SKIP","floor":48}],"player_experience":3261882,"relics_obtained":[{"floor":9,"key":"Bronze Scales"},{"floor":14,"key":"Snake Skull"},{"floor":25,"key":"Question Card"},{"floor":26,"key":"Matryoshka"},{"floor":42,"key":"Strawberry"},{"floor":43,"key":"Ornamental Fan"},{"floor":43,"key":"Blood Vial"},{"floor":45,"key":"Old Coin"},{"floor":48,"key":"Juzu Bracelet"}],"event_choices":[{"damage_healed":0,"gold_gain":0,"player_choice":"0 cards matched","damage_taken":0,"max_hp_gain":0,"max_hp_loss":0,"event_name":"Match and Keep!","floor":21,"gold_loss":0,"cards_obtained":[]},{"damage_healed":0,"gold_gain":0,"player_choice":"Paid Gold","damage_taken":0,"relics_obtained":["Art of War"],"max_hp_gain":0,"max_hp_loss":0,"event_name":"WeMeetAgain","floor":30,"gold_loss":94},{"cards_removed":["Slice"],"damage_healed":0,"gold_gain":0,"player_choice":"Removed Attack","damage_taken":0,"max_hp_gain":0,"max_hp_loss":0,"event_name":"Falling","floor":39,"gold_loss":0},{"damage_healed":0,"gold_gain":0,"player_choice":"Paid","damage_taken":0,"relics_obtained":["Red Mask"],"max_hp_gain":0,"max_hp_loss":0,"event_name":"Tomb of Lord Red Mask","floor":41,"gold_loss":201}],"is_beta":false,"boss_relics":[{"not_picked":["Runic Dome","Snecko Eye"],"picked":"Tiny House"},{"not_picked":["SlaversCollar","Sozu"],"picked":"WristBlade"}],"items_purged_floors":[29,47],"is_endless":false,"potions_floor_spawned":[4,8,11,14,22,25,31,33,35,38,45,48],"ascension_level":0}}