{"host":"mtg945c5jssv10ty","time":1610212888,"event":{"mods":["Ascension Unlocker","BaseMod","Downfall","Minty Spire (QoL Compilation)","StSLib","SuperFastMode"],"gold_per_floor":[99,118,136,155,170,270,293,193,221,241,241,270,280,31,46,46,46],"floor_reached":16,"playtime":916,"items_purged":[],"score":197,"play_id":"0b45c17c-a162-4125-a8d6-15924b4459e8","local_time":"20210109122128","is_ascension_mode":true,"campfire_choices":[{"data":"bronze:Goto","floor":1,"key":"SMITH"},{"data":"bronze:BugBarrage","floor":8,"key":"SMITH"},{"data":"bronze:BugBarrage","floor":11,"key":"SMITH"}],"circlet_count":0,"master_deck":["bronze:Strike","bronze:Strike","bronze:Strike","bronze:Strike","bronze:Defend","bronze:Defend","bronze:Defend","bronze:Defend","bronze:Replicate","bronze:Goto+1","bronze:BugBarrage+1","bronze:BugBarrage+1","bronze:MaxOutput","bronze:DelayedGuard","bronze:BuggyMess","bronze:Goto","bronze:Frontload","bronze:Terminator","Deep Breath","Writhe","bronze:Turbo","bronze:Shell","bronze:Invalidate","bronze:FollowUp","bronze:Allocate","bronze:HardenedForm","bronze:Shell","bronze:ShipIt"],"relics":["bronze:BronzeCore","downfall:GremlinSack","downfall:HeartBlessingBlue","Nunchaku","champ:DuelingGlove"],"acts_visited":["Exordium"],"potions_floor_usage":[6,12,16,16,16],"damage_taken":[{"damage":1,"enemies":"Cultist","floor":2,"turns":3},{"damage":5,"enemies":"Jaw Worm","floor":3,"turns":5},{"damage":5,"enemies":"Small Slimes","floor":4,"turns":3},{"damage":1,"enemies":"Exordium Wildlife","floor":5,"turns":3},{"damage":22,"enemies":"Exordium Wildlife","floor":6,"turns":4},{"damage":26,"enemies":"3 Sentries","floor":9,"turns":7},{"damage":1,"enemies":"3 Louse","floor":10,"turns":3},{"damage":0,"enemies":"Gremlin Nob","floor":12,"turns":2},{"damage":15,"enemies":"Gremlin Gang","floor":13,"turns":6},{"damage":0,"enemies":"downfall:FleeingMerchant","floor":14,"turns":4},{"damage":2,"enemies":"Red Slaver","floor":15,"turns":3},{"damage":24,"enemies":"downfall:Defect","floor":16,"turns":5}],"seed_played":"6980157209156553773","potions_obtained":[{"floor":3,"key":"SteroidPotion"},{"floor":4,"key":"hexamod:SoulburnPotion"},{"floor":12,"key":"champ:CounterPotion"},{"floor":13,"key":"Regen Potion"},{"floor":15,"key":"LiquidMemories"}],"is_trial":false,"path_per_floor":["R","M","M","M","M","?","T","R","E","M","R","E","M","$","M","B"],"character_chosen":"THE_AUTOMATON","items_purchased":["bronze:HardenedForm","bronze:Shell"],"campfire_rested":0,"item_purchase_floors":[14,14],"current_hp_per_floor":[77,76,71,66,65,43,43,53,27,26,26,26,11,11,9,0,0],"gold":46,"neow_bonus":"TEN_PERCENT_HP_BONUS","is_daily":false,"chose_seed":false,"campfire_upgraded":3,"win_rate":0.0,"timestamp":1610212888,"path_taken":["R","M","M","?","M","?","T","R","E","M","R","E","?","$","M","BOSS"],"items_purchased_type":["Card","Card"],"build_version":"2020-12-22","purchased_purges":0,"victory":false,"max_hp_per_floor":[77,77,77,77,77,77,77,87,87,87,87,87,87,87,87,87,87],"card_choices":[{"not_picked":["bronze:MaxOutput","bronze:GetLatest"],"picked":"bronze:BugBarrage","floor":2},{"not_picked":["bronze:WhirlingStrike","bronze:BuggyMess"],"picked":"bronze:BugBarrage","floor":3},{"not_picked":["bronze:Shield","bronze:WildBeam"],"picked":"bronze:MaxOutput","floor":4},{"not_picked":["bronze:TinkerersToolbox","bronze:Separator"],"picked":"bronze:DelayedGuard","floor":5},{"not_picked":["bronze:Constructor","bronze:Repair"],"picked":"bronze:BuggyMess","floor":6},{"not_picked":["bronze:DarkDash","bronze:FineTuning"],"picked":"bronze:Turbo","floor":9},{"not_picked":["bronze:DelayedGuard","bronze:Separator"],"picked":"bronze:Shell","floor":10},{"not_picked":["bronze:Backtrace","bronze:Constructor"],"picked":"bronze:Invalidate","floor":12},{"not_picked":["bronze:Deprecate","bronze:Iterate"],"picked":"bronze:FollowUp","floor":13},{"not_picked":["bronze:Separator","bronze:BronzeArmor"],"picked":"bronze:Allocate","floor":14},{"not_picked":["bronze:Repulsor","bronze:Turbo"],"picked":"bronze:ShipIt","floor":15}],"player_experience":205012,"relics_obtained":[{"floor":6,"key":"downfall:GremlinSack"},{"floor":9,"key":"Nunchaku"},{"floor":12,"key":"champ:DuelingGlove"}],"event_choices":[],"is_beta":false,"boss_relics":[],"items_purged_floors":[],"is_endless":false,"potions_floor_spawned":[3,4,12,13,15],"killed_by":"downfall:Defect","ascension_level":1}}