{"host":"tm3ghj8mno6gwywm","time":1610210602,"event":{"mods":["2.2 Compatiblity","AchievementEnabler","Bard","BaseMod","Beaked The Cultist","Better Third Choice","Colored Map","Colored Powertips","Conspire","Downfall","Glutton Mod","GungeonMod","Halation","Hermit","Hubris","Infinite Spire","Jorbs\u0027s Wanderer Trilogy","Lobotomy","Mad Scientist","Marisa????????","Marked Mod","Mimic Mod","Minty Spire (QoL Compilation)","Potionbrewer","Quick Restart","READ ME - Guardian Mod","Replay The Spire","Shade Mod","Shop Mod","Somnambulant","Spicy Shops","StSLib","SuperFastMode","The Bug Knight","The Construct","The Cursed","The Disciple","The Factory","The Hierophant","The IronCluck","The Judge","The Jungle","The Necromancer","The Runesmith","The Servant 0.9.4","egg"],"gold_per_floor":[117,217,236,10,30,62,62,73,127,146,180,194,37,48,48,145,145,164,176,188,208,227,227,258,258,258,32,52,13,45,57,57,165,165,191,221,221,221,246,246,246,246],"floor_reached":41,"playtime":2566,"items_purged":[],"score":549,"play_id":"5b45bbe1-9da8-4d5e-8189-43fe9d58bd9b","local_time":"20210109114322","is_ascension_mode":false,"campfire_choices":[{"floor":7,"key":"REST"},{"floor":15,"key":"REST"},{"floor":23,"key":"RECALL"},{"floor":25,"key":"REST"},{"floor":32,"key":"REST"},{"floor":40,"key":"REST"}],"circlet_count":0,"master_deck":["Strike_P","Strike_P","Strike_P","Defend_P","Defend_P","Defend_P","Defend_P","Eruption","Vigilance","SashWhip+1","Study+1","EmptyBody+1","CrushJoints+1","Pray+1","Halt+1","Replay:Battleflow+1","Perseverance+1","EmptyMind+1","Adaptation+1","ForeignInfluence+1","Indignation+1","Alpha+1","Replay:AtTheReady+1","Evaluate+1","Devotion+1","CutThroughFate+1","CutThroughFate+1","FlurryOfBlows+1","Consecrate+1","LikeWater+1","Pray+1","Nirvana+1","Ragnarok+1","CurseOfTheBell","Replay:DivineShield+1","Replay:Anticipation+1","Parasite","FollowUp+1"],"relics":["PureWater","WingedGreaves","Membership Card","Quantum Egg","Frozen Egg 2","Toxic Egg 2","Molten Egg 2","Black Star","Mummified Hand","Lizard Tail","Melange","infinitespire:Golems Mask","Toy Ornithopter","Lizard Tail","Iron Hammer","Meat on the Bone","halation:Sosunser","construct:WeddingRing","infinitespire:PuzzleCube","Nunchaku","Gremlin Horn","Lee\u0027s Waffle","TungstenRod","Bronze Scales","infinitespire:Bottled Soul","infinitespire:EvilPickle","Calling Bell","HollowMod:PaleOreRelic","Sundial","halation:SwordOfLegend"],"acts_visited":["Exordium","TheCity","TheBeyond"],"potions_floor_usage":[11,16,19,20,33,33],"damage_taken":[{"damage":1,"enemies":"2 Louse","floor":1,"turns":4},{"damage":6,"enemies":"Cultist","floor":3,"turns":3},{"damage":2,"enemies":"conspire:RoseBush","floor":5,"turns":3},{"damage":22,"enemies":"Lagavulin","floor":6,"turns":6},{"damage":20,"enemies":"Gremlin Gang","floor":8,"turns":6},{"damage":4,"enemies":"Lots of Slimes","floor":10,"turns":5},{"damage":0,"enemies":"HollowMod:MossKnight","floor":11,"turns":5},{"damage":0,"enemies":"Red Slaver","floor":12,"turns":4},{"damage":0,"enemies":"Large Slime","floor":14,"turns":4},{"damage":22,"enemies":"The Guardian","floor":16,"turns":7},{"damage":3,"enemies":"Shell Parasite","floor":18,"turns":5},{"damage":1,"enemies":"Chosen","floor":19,"turns":5},{"damage":14,"enemies":"conspire:HollyBat","floor":20,"turns":5},{"damage":10,"enemies":"Shelled Parasite and Fungi","floor":21,"turns":5},{"damage":10,"enemies":"Snecko","floor":22,"turns":5},{"damage":50,"enemies":"Gremlin Leader","floor":24,"turns":8},{"damage":0,"enemies":"Chosen and Byrds","floor":28,"turns":3},{"damage":12,"enemies":"Book of Stabbing","floor":30,"turns":5},{"damage":22,"enemies":"Shelled Parasite and Fungi","floor":31,"turns":4},{"damage":5,"enemies":"Pondfish","floor":33,"turns":7},{"damage":4,"enemies":"3 Shapes","floor":35,"turns":3},{"damage":2,"enemies":"Orb Walker","floor":36,"turns":3},{"damage":48,"enemies":"Writhing Mass","floor":39,"turns":6},{"damage":64,"enemies":"Sphere and 2 Shapes","floor":41,"turns":3}],"seed_played":"932147613287164316","potions_obtained":[{"floor":1,"key":"Guardian:BlockOnCardUsePotion"},{"floor":5,"key":"Strength Potion"},{"floor":11,"key":"hexamod:EctoCoolerPotion"},{"floor":12,"key":"Elixir"},{"floor":19,"key":"potionbrewer:BoundlessPotion"},{"floor":24,"key":"Dexterity Potion"},{"floor":28,"key":"potionbrewer:CleansingPotion"},{"floor":33,"key":"potionbrewer:CleansingPotion"},{"floor":36,"key":"potionbrewer:ToxicPotion"},{"floor":39,"key":"conspire:TimeTravelPotion"}],"is_trial":false,"path_per_floor":["M","?","M","$","M","E","R","M","T","M","E","M","$","M","R","B",null,"M","M","M","M","M","R","E","R","T","$","M","$","E","M","R","B",null,"M","M","?","?","M","R","M"],"character_chosen":"WATCHER","items_purchased":["Melange","infinitespire:Golems Mask","Adaptation+1","halation:Sosunser","ForeignInfluence+1","Lee\u0027s Waffle","TungstenRod","LikeWater+1"],"campfire_rested":5,"item_purchase_floors":[4,4,13,13,13,27,27,29],"current_hp_per_floor":[71,71,65,65,63,41,62,42,42,38,43,43,43,43,64,47,72,69,72,63,53,43,43,46,66,66,76,76,76,64,42,64,69,76,72,70,70,70,34,62,0,0],"gold":246,"neow_bonus":"TRANSFORM_CARD","is_daily":false,"chose_seed":false,"campfire_upgraded":0,"win_rate":0.0,"timestamp":1610210602,"path_taken":["M","?","M","$","?","E","R","M","T","M","E","M","?","M","R","BOSS","M","?","M","?","M","R","E","R","T","$","M","?","E","?","R","BOSS","M","?","?","?","M","R","M"],"items_purchased_type":["Relic","Relic","Card","Relic","Card","Relic","Relic","Card"],"build_version":"2020-12-22","purchased_purges":0,"victory":false,"max_hp_per_floor":[72,72,72,72,72,72,72,72,72,72,72,72,72,72,72,72,72,72,72,69,69,69,69,69,69,69,76,76,76,76,76,76,76,76,76,76,76,76,76,76,76,76],"card_choices":[{"not_picked":["FollowUp+1","Conclude+1"],"picked":"Study+1","floor":1},{"not_picked":["FlyingSleeves+1","JustLucky+1"],"picked":"EmptyBody+1","floor":3},{"not_picked":["ThirdEye+1","Adaptation+1"],"picked":"CrushJoints+1","floor":5},{"not_picked":["Replay:ManipulateFuture+1","Collect+1"],"picked":"Pray+1","floor":6},{"not_picked":["Replay:BluntJabs+1","ReachHeaven+1"],"picked":"Halt+1","floor":8},{"not_picked":["ClearTheMind+1","BowlingBash+1"],"picked":"Replay:Battleflow+1","floor":10},{"not_picked":["DeceiveReality+1","Wish+1"],"picked":"Perseverance+1","floor":11},{"not_picked":["Consecrate+1","Meditate+1"],"picked":"EmptyMind+1","floor":12},{"not_picked":["EmptyFist+1","Consecrate+1"],"picked":"Indignation+1","floor":14},{"not_picked":["LessonLearned+1","DeusExMachina+1"],"picked":"Alpha+1","floor":16},{"not_picked":["PathToVictory+1","Protect+1"],"picked":"Replay:AtTheReady+1","floor":18},{"not_picked":["EmptyBody+1","MarkedMod:Acupuncture+1"],"picked":"Evaluate+1","floor":19},{"not_picked":["Replay:ManipulateFuture+1","BowlingBash+1"],"picked":"Devotion+1","floor":20},{"not_picked":["BattleHymn+1","Replay:Battleflow+1"],"picked":"CutThroughFate+1","floor":21},{"not_picked":["Halt+1","Replay:AllIn+1"],"picked":"CutThroughFate+1","floor":22},{"not_picked":["Perseverance+1","Replay:ManipulateFuture+1"],"picked":"FlurryOfBlows+1","floor":24},{"not_picked":["Halt+1","MarkedMod:OneThousandNeedles+1"],"picked":"Consecrate+1","floor":28},{"not_picked":["MarkedMod:GracefulMovements+1","CutThroughFate+1"],"picked":"Pray+1","floor":30},{"not_picked":["Adaptation+1","FlyingSleeves+1"],"picked":"Nirvana+1","floor":31},{"not_picked":["MarkedMod:SlowDance+1","Blasphemy+1"],"picked":"Ragnarok+1","floor":33},{"not_picked":["MarkedMod:Acupuncture+1","MarkedMod:FirstStrike+1"],"picked":"Replay:DivineShield+1","floor":35},{"not_picked":["Meditate+1","ThirdEye+1"],"picked":"Replay:Anticipation+1","floor":36},{"not_picked":["Consecrate+1","Replay:ManipulateFuture+1"],"picked":"FollowUp+1","floor":39}],"player_experience":803852,"relics_obtained":[{"floor":6,"key":"Toy Ornithopter"},{"floor":6,"key":"Lizard Tail"},{"floor":11,"key":"Iron Hammer"},{"floor":11,"key":"Meat on the Bone"},{"floor":24,"key":"infinitespire:PuzzleCube"},{"floor":24,"key":"Nunchaku"},{"floor":26,"key":"Gremlin Horn"},{"floor":30,"key":"Bronze Scales"},{"floor":30,"key":"infinitespire:Bottled Soul"},{"floor":34,"key":"HollowMod:PaleOreRelic"},{"floor":34,"key":"Sundial"},{"floor":34,"key":"halation:SwordOfLegend"}],"event_choices":[{"damage_healed":0,"gold_gain":100,"player_choice":"Pray","damage_taken":0,"max_hp_gain":0,"max_hp_loss":0,"event_name":"Golden Shrine","floor":2,"gold_loss":0},{"damage_healed":0,"gold_gain":0,"player_choice":"Leave","damage_taken":0,"max_hp_gain":0,"max_hp_loss":0,"event_name":"conspire:Investor","floor":37,"gold_loss":0}],"is_beta":false,"boss_relics":[{"not_picked":["Black Star","halation:ForbiddenBikini"],"picked":"construct:WeddingRing"},{"not_picked":["halation:PinkAlligatorPlush","Painkiller Herb"],"picked":"Calling Bell"}],"items_purged_floors":[],"is_endless":false,"potions_floor_spawned":[1,5,11,12,19,24,28,33,36,39],"killed_by":"Sphere and 2 Shapes","ascension_level":0}}