{"host":"lpogke4cwz8zw1ju","time":1610215361,"event":{"mods":["Always Whale","BaseMod","Minty Spire (QoL Compilation)","Permanent Neow"],"gold_per_floor":[109,128,139,159,172,207,207,238,238,253,264,276,296,236,236,340,340,265,265,265,265,119,119,119,119,119,119,33,33,33,33,33,33,33,33,33,33,33,33,33,33,33,33,33,33,33,33,33,33,33,33],"floor_reached":50,"playtime":2765,"items_purged":["Defend_R","Defend_R","Defend_R"],"score":589,"play_id":"cc47dc18-8f36-4097-a9ff-2549c0cf9ed6","local_time":"20210109190241","is_ascension_mode":false,"campfire_choices":[{"data":"Perfected Strike","floor":7.0,"key":"SMITH"},{"data":"Pommel Strike","floor":15.0,"key":"SMITH"},{"data":"Brutality","floor":23.0,"key":"SMITH"},{"floor":27.0,"key":"REST"},{"data":"Double Tap","floor":32.0,"key":"SMITH"},{"data":"Fire Breathing","floor":41,"key":"SMITH"},{"floor":46,"key":"REST"},{"floor":49,"key":"REST"}],"circlet_count":0,"master_deck":["Strike_R","Strike_R","Strike_R","Strike_R","Strike_R","Defend_R","Bash","Perfected Strike+1","Twin Strike","Wild Strike","Flame Barrier","Warcry","Pommel Strike+1","Shrug It Off","Brutality+1","Fire Breathing+1","Wild Strike","Headbutt+1","Flash of Steel","Spot Weakness+1","Perfected Strike","Double Tap+1","Bludgeon","Perfected Strike+1","Perfected Strike+1","Armaments+1","Twin Strike+1","Writhe"],"relics":["Black Blood","Torii","HornCleat","The Courier","Ectoplasm","Pen Nib","Smiling Mask","Old Coin","PreservedInsect","Blood Vial","MawBank"],"acts_visited":["Exordium","TheCity","TheBeyond"],"potions_floor_usage":[50,50,50],"damage_taken":[{"damage":6.0,"enemies":"Cultist","floor":1.0,"turns":3.0},{"damage":5.0,"enemies":"Small Slimes","floor":2.0,"turns":2.0},{"damage":11.0,"enemies":"Jaw Worm","floor":3.0,"turns":2.0},{"damage":5.0,"enemies":"3 Louse","floor":4.0,"turns":3.0},{"damage":7.0,"enemies":"Large Slime","floor":5.0,"turns":5.0},{"damage":21.0,"enemies":"3 Sentries","floor":6.0,"turns":9.0},{"damage":6.0,"enemies":"Gremlin Nob","floor":8.0,"turns":3.0},{"damage":0.0,"enemies":"Exordium Thugs","floor":10.0,"turns":3.0},{"damage":10.0,"enemies":"Looter","floor":11.0,"turns":2.0},{"damage":1.0,"enemies":"Exordium Wildlife","floor":12.0,"turns":3.0},{"damage":1.0,"enemies":"3 Louse","floor":13.0,"turns":3.0},{"damage":2.0,"enemies":"Slime Boss","floor":16.0,"turns":8.0},{"damage":4.0,"enemies":"2 Thieves","floor":18.0,"turns":4.0},{"damage":4.0,"enemies":"3 Byrds","floor":19.0,"turns":5.0},{"damage":10.0,"enemies":"3 Cultists","floor":20.0,"turns":6.0},{"damage":22.0,"enemies":"Chosen and Byrds","floor":21.0,"turns":5.0},{"damage":22.0,"enemies":"Book of Stabbing","floor":25.0,"turns":4.0},{"damage":1.0,"enemies":"Snecko","floor":29.0,"turns":2.0},{"damage":24.0,"enemies":"Slavers","floor":30.0,"turns":4.0},{"damage":1.0,"enemies":"Sentry and Sphere","floor":31.0,"turns":2.0},{"damage":41.0,"enemies":"Champ","floor":33.0,"turns":6.0},{"damage":5,"enemies":"3 Darklings","floor":35,"turns":5},{"damage":16,"enemies":"Orb Walker","floor":36,"turns":2},{"damage":18,"enemies":"Jaw Worm Horde","floor":37,"turns":3},{"damage":9,"enemies":"Spire Growth","floor":38,"turns":2},{"damage":2,"enemies":"Sphere and 2 Shapes","floor":39,"turns":3},{"damage":3,"enemies":"Nemesis","floor":40,"turns":3},{"damage":22,"enemies":"Maw","floor":42,"turns":6},{"damage":47,"enemies":"Reptomancer","floor":44,"turns":3},{"damage":38,"enemies":"3 Darklings","floor":45,"turns":4},{"damage":90,"enemies":"Awakened One","floor":50,"turns":6}],"seed_played":"-7021379254772119543","potions_obtained":[{"floor":1.0,"key":"AttackPotion"},{"floor":2.0,"key":"EntropicBrew"},{"floor":5.0,"key":"Fire Potion"},{"floor":10.0,"key":"Dexterity Potion"},{"floor":13.0,"key":"Block Potion"},{"floor":16.0,"key":"SteroidPotion"},{"floor":19.0,"key":"DuplicationPotion"},{"floor":21.0,"key":"Dexterity Potion"},{"floor":24.0,"key":"EssenceOfSteel"},{"floor":24.0,"key":"AttackPotion"},{"floor":29.0,"key":"ColorlessPotion"},{"floor":33.0,"key":"EssenceOfSteel"},{"floor":35,"key":"Fire Potion"},{"floor":36,"key":"PowerPotion"},{"floor":38,"key":"Energy Potion"}],"is_trial":false,"path_per_floor":["M","M","M","M","M","E","R","E","T","M","M","M","M","$","R","B",null,"M","M","M","M","$","R","?","E","T","R","$","M","E","M","R","B",null,"M","M","M","M","M","E","R","M","T","E","M","R","?","?","R","B"],"character_chosen":"IRONCLAD","items_purchased":["Flash of Steel","Perfected Strike"],"campfire_rested":3,"item_purchase_floors":[22,28],"current_hp_per_floor":[80,80,75,76,75,60,60,60,60,66,62,67,72,72,72,76,80,80,80,76,60,60,60,60,44,44,68,68,73,55,60,60,25,80,80,76,70,73,80,80,80,70,70,37,13,37,37,57,80,0,0],"gold":33,"neow_bonus":"THREE_CARDS","is_daily":false,"chose_seed":false,"campfire_upgraded":5,"win_rate":0.0,"timestamp":1610215361,"path_taken":["M","?","M","M","M","E","R","E","T","M","M","M","M","$","R","BOSS","M","M","M","M","$","R","?","E","T","R","?","M","E","M","R","BOSS","M","M","M","M","M","E","R","M","T","E","?","R","?","?","R","BOSS"],"items_purchased_type":["Card","Card"],"build_version":"2020-12-22","purchased_purges":3,"victory":false,"max_hp_per_floor":[80,80,80,80,80,80,80,80,80,80,80,80,80,80,80,80,80,80,80,80,80,80,80,80,80,80,80,80,80,80,80,80,80,80,80,80,80,80,80,80,80,80,80,80,80,80,80,80,80,80,80],"card_choices":[{"not_picked":["Headbutt","Anger"],"picked":"Perfected Strike","floor":0.0},{"not_picked":["Whirlwind","Clothesline"],"picked":"Twin Strike","floor":1.0},{"not_picked":["Infernal Blade","Second Wind","Clothesline"],"picked":"SKIP","floor":2.0},{"not_picked":["Heavy Blade","Searing Blow"],"picked":"Wild Strike","floor":3.0},{"not_picked":["Inflame","True Grit"],"picked":"Flame Barrier","floor":4.0},{"not_picked":["Dropkick","Feel No Pain"],"picked":"Warcry","floor":5.0},{"not_picked":["Armaments","Iron Wave"],"picked":"Impervious","floor":6.0},{"not_picked":["Anger","Havoc"],"picked":"Pommel Strike","floor":8.0},{"not_picked":["Uppercut","Iron Wave","Searing Blow"],"picked":"SKIP","floor":10.0},{"not_picked":["Battle Trance","Shockwave"],"picked":"Shrug It Off","floor":11.0},{"not_picked":["Sever Soul","Flex","Corruption"],"picked":"SKIP","floor":12.0},{"not_picked":["Seeing Red","Rupture","Iron Wave"],"picked":"SKIP","floor":13.0},{"not_picked":["Offering","Demon Form"],"picked":"Brutality","floor":16.0},{"not_picked":["Heavy Blade","Warcry"],"picked":"Fire Breathing","floor":18.0},{"not_picked":["Ghostly Armor","Sword Boomerang"],"picked":"Wild Strike","floor":19.0},{"not_picked":["True Grit","Anger"],"picked":"Headbutt+1","floor":20.0},{"not_picked":["Shockwave","Clash+1","Intimidate"],"picked":"SKIP","floor":21.0},{"not_picked":["Heavy Blade","Headbutt+1"],"picked":"Spot Weakness+1","floor":25.0},{"not_picked":["Infernal Blade","Twin Strike"],"picked":"Double Tap","floor":29.0},{"not_picked":["Clash","Combust","Blood for Blood"],"picked":"SKIP","floor":30.0},{"not_picked":["Shockwave","Combust+1","True Grit"],"picked":"SKIP","floor":31.0},{"not_picked":["Exhume","Juggernaut"],"picked":"Bludgeon","floor":33.0},{"not_picked":["Flex","Spot Weakness"],"picked":"Perfected Strike+1","floor":35},{"not_picked":["Infernal Blade+1","Body Slam+1"],"picked":"Perfected Strike+1","floor":36},{"not_picked":["Infernal Blade","Clothesline+1","Clash"],"picked":"SKIP","floor":37},{"not_picked":["Hemokinesis","Thunderclap+1","Heavy Blade"],"picked":"SKIP","floor":38},{"not_picked":["Uppercut","Whirlwind","Spot Weakness"],"picked":"SKIP","floor":39},{"not_picked":["Anger","Body Slam+1","Hemokinesis+1"],"picked":"SKIP","floor":40},{"not_picked":["Sentinel","Cleave+1"],"picked":"Armaments+1","floor":42},{"not_picked":["Pummel+1","Spot Weakness+1"],"picked":"Twin Strike+1","floor":44},{"not_picked":["Body Slam+1","Headbutt","Power Through"],"picked":"SKIP","floor":45}],"player_experience":200070,"relics_obtained":[{"floor":6.0,"key":"Torii"},{"floor":8.0,"key":"HornCleat"},{"floor":9.0,"key":"The Courier"},{"floor":25.0,"key":"Pen Nib"},{"floor":26.0,"key":"Smiling Mask"},{"floor":30.0,"key":"Old Coin"},{"floor":40,"key":"PreservedInsect"},{"floor":43,"key":"Blood Vial"},{"floor":44,"key":"MawBank"}],"event_choices":[{"damage_healed":0.0,"max_hp_gain":0.0,"max_hp_loss":0.0,"gold_gain":0.0,"event_name":"Lab","player_choice":"Got Potions","floor":24.0,"gold_loss":0.0,"damage_taken":0.0},{"cards_removed":["Impervious"],"damage_healed":0,"gold_gain":0,"player_choice":"Removed Skill","damage_taken":0,"max_hp_gain":0,"max_hp_loss":0,"event_name":"Falling","floor":47,"gold_loss":0},{"damage_healed":20,"gold_gain":0,"player_choice":"Writhe","damage_taken":0,"max_hp_gain":0,"max_hp_loss":0,"event_name":"Winding Halls","floor":48,"gold_loss":0,"cards_obtained":["Writhe"]}],"is_beta":false,"boss_relics":[{"not_picked":["Black Star","Busted Crown"],"picked":"Ectoplasm"},{"not_picked":["Philosopher\u0027s Stone","Runic Pyramid"],"picked":"Black Blood"}],"items_purged_floors":[14,22,28],"is_endless":false,"potions_floor_spawned":[1,2,5,10,13,16,19,21,29,33,35,36,38,44,45],"killed_by":"Awakened One","ascension_level":0}}