{"host":"er8s5flrc5z1a07t","time":1610159723,"event":{"mods":["2.2 Compatiblity","Act Like it!","Bard","BaseMod","Better Note","Better Third Choice","Downfall","Duelist Mod","Elementarium","Energized Spire","GifTheSpireLib","Hermit","Hubris","Infinite Spire","Minty Spire (QoL Compilation)","Relic Stats","Replay The Spire","Shop Mod","StSLib","Stuff the Spire","Synergy Search","The Cursed","The Disciple","The Mystic"],"gold_per_floor":[112,37,37,54,68,97,97,97,97],"floor_reached":8,"playtime":258,"items_purged":["Replay:Hysterical Blindness"],"score":106,"play_id":"0a6c1417-aec1-4d33-b807-1091c6d4b697","local_time":"20210108213523","is_ascension_mode":true,"campfire_choices":[{"floor":7,"key":"REST"}],"circlet_count":0,"master_deck":["AscendersBane","Strike_G","Strike_G","Strike_G","Strike_G","Strike_G","Defend_G","Defend_G","Defend_G","Defend_G","Defend_G","Survivor+1","Neutralize","Hidden Blade","Choke","StuffTheSpire:Injection","Flying Knee"],"relics":["Ring of the Snake","StoneCalendar","Bronze Scales"],"acts_visited":["Exordium"],"potions_floor_usage":[6],"damage_taken":[{"damage":2,"enemies":"2 Louse","floor":1,"turns":4},{"damage":8,"enemies":"Cultist","floor":4,"turns":5},{"damage":7,"enemies":"Jaw Worm","floor":5,"turns":4},{"damage":30,"enemies":"3 Sentries","floor":6,"turns":7},{"damage":39,"enemies":"Lagavulin","floor":8,"turns":6}],"seed_played":"2869593196028899410","potions_obtained":[{"floor":1,"key":"Elixir"}],"is_trial":false,"path_per_floor":["M","$","?","M","M","E","R","E"],"character_chosen":"THE_SILENT","items_purchased":[],"campfire_rested":1,"item_purchase_floors":[],"current_hp_per_floor":[57,57,57,49,42,12,31,0,0],"gold":97,"neow_bonus":"ONE_RARE_RELIC","is_daily":false,"chose_seed":false,"campfire_upgraded":0,"win_rate":0.0,"timestamp":1610159723,"path_taken":["M","$","?","M","M","E","R","E"],"items_purchased_type":[],"build_version":"2020-12-22","purchased_purges":1,"victory":false,"max_hp_per_floor":[66,66,66,66,66,66,66,66,66],"relic_stats":{"counters":[5,26],"Bronze Scales":[9],"StoneCalendar":[40],"obtain_stats":[{"Bronze Scales":6,"StoneCalendar":0,"Ring of the Snake":0},{"Bronze Scales":4,"StoneCalendar":0,"Ring of the Snake":0},{"Bronze Scales":20,"StoneCalendar":0,"Ring of the Snake":0}],"Ring of the Snake":[10]},"card_choices":[{"not_picked":["Sucker Punch","Slice"],"picked":"Hidden Blade","floor":1},{"not_picked":["Riddle With Holes","Dagger Spray"],"picked":"Choke","floor":4},{"not_picked":["Outmaneuver","Flying Knee"],"picked":"StuffTheSpire:Injection","floor":5},{"not_picked":["StuffTheSpire:Fury","Fluid Movement"],"picked":"Flying Knee","floor":6}],"player_experience":1236556,"relics_obtained":[{"floor":6,"key":"Bronze Scales"}],"event_choices":[{"damage_healed":0,"gold_gain":0,"player_choice":"Upgraded","damage_taken":0,"max_hp_gain":0,"max_hp_loss":0,"event_name":"Upgrade Shrine","floor":3,"gold_loss":0,"cards_upgraded":["Survivor"]}],"is_beta":false,"boss_relics":[],"items_purged_floors":[2],"is_endless":false,"potions_floor_spawned":[1],"killed_by":"Lagavulin","ascension_level":18}}