{"host":"1p0ug38l8q9et435","time":1610219856,"event":{"mods":["AchievementEnabler","BaseMod","Colored Powertips","Downfall","Minty Spire (QoL Compilation)","StSLib","UnlockEverythingMod"],"gold_per_floor":[115,290,290,304,304,331,395,395,395,395,406,432,42,42,42,42,42],"floor_reached":16,"playtime":750,"items_purged":[],"score":131,"play_id":"414ffa6e-2a84-4acc-8d5c-36f9cf8f4860","local_time":"20210109111736","is_ascension_mode":false,"campfire_choices":[{"floor":8,"key":"REST"},{"floor":10,"key":"REST"},{"floor":15,"key":"REST"}],"circlet_count":0,"master_deck":["Strike_P","Strike_P","Strike_P","Strike_P","Defend_P","Defend_P","Defend_P","Defend_P","Eruption+1","Vigilance","Tantrum","CutThroughFate","FearNoEvil","Sanctity","FollowUp","DevaForm"],"relics":["PureWater","NeowsBlessing","Dead Branch","PreservedInsect","CloakClasp","White Beast Statue","Lantern","Yang"],"acts_visited":["Exordium"],"potions_floor_usage":[16,16],"damage_taken":[{"damage":0,"enemies":"Jaw Worm","floor":1,"turns":1},{"damage":0,"enemies":"Small Slimes","floor":4,"turns":1},{"damage":0,"enemies":"Gremlin Nob","floor":6,"turns":1},{"damage":60,"enemies":"Lagavulin Event","floor":7,"turns":4},{"damage":0,"enemies":"Cultist","floor":11,"turns":2},{"damage":29,"enemies":"3 Sentries","floor":12,"turns":3},{"damage":92,"enemies":"The Guardian","floor":16,"turns":13}],"seed_played":"2211420377568455404","potions_obtained":[{"floor":6,"key":"SmokeBomb"},{"floor":14,"key":"Block Potion"},{"floor":14,"key":"EssenceOfSteel"}],"is_trial":false,"path_per_floor":["M","?","?","M","?","E","?","R","T","R","M","E","$","?","R","B"],"character_chosen":"WATCHER","items_purchased":["Lantern","Yang"],"campfire_rested":3,"item_purchase_floors":[13,13],"current_hp_per_floor":[72,72,65,65,65,65,5,26,26,47,47,18,18,18,39,0,0],"gold":42,"neow_bonus":"THREE_ENEMY_KILL","is_daily":false,"chose_seed":false,"campfire_upgraded":0,"win_rate":0.0,"timestamp":1610219856,"path_taken":["M","?","?","M","?","E","?","R","T","R","M","E","$","?","R","BOSS"],"items_purchased_type":["Relic","Relic"],"build_version":"2020-12-22","purchased_purges":0,"victory":false,"max_hp_per_floor":[72,72,72,72,72,72,72,72,72,72,72,72,72,72,72,72,72],"card_choices":[{"not_picked":["ClearTheMind","BowlingBash"],"picked":"Tantrum","floor":1},{"not_picked":["SashWhip","WreathOfFlame"],"picked":"CutThroughFate","floor":4},{"not_picked":["ThirdEye","CrushJoints"],"picked":"FearNoEvil","floor":6},{"not_picked":["CrushJoints","Omniscience"],"picked":"Sanctity","floor":7},{"not_picked":["ClearTheMind","CutThroughFate"],"picked":"FollowUp","floor":11},{"not_picked":["ThirdEye","Worship"],"picked":"DevaForm","floor":12}],"player_experience":7205,"relics_obtained":[{"floor":6,"key":"Dead Branch"},{"floor":7,"key":"PreservedInsect"},{"floor":9,"key":"CloakClasp"},{"floor":12,"key":"White Beast Statue"}],"event_choices":[{"damage_healed":0,"gold_gain":175,"player_choice":"AGREE","damage_taken":0,"max_hp_gain":0,"max_hp_loss":0,"event_name":"Liars Game","floor":2,"gold_loss":0,"cards_obtained":["Doubt"]},{"cards_removed":["Doubt"],"damage_healed":0,"gold_gain":0,"player_choice":"Card Removal","damage_taken":7,"max_hp_gain":0,"max_hp_loss":0,"event_name":"Golden Wing","floor":3,"gold_loss":0},{"damage_healed":0,"gold_gain":0,"player_choice":"Grow","damage_taken":0,"max_hp_gain":0,"max_hp_loss":0,"event_name":"Living Wall","floor":5,"gold_loss":0,"cards_upgraded":["Eruption"]},{"damage_healed":0,"gold_gain":0,"player_choice":"Searched \u00271\u0027 times","damage_taken":0,"max_hp_gain":0,"max_hp_loss":0,"event_name":"Dead Adventurer","floor":7,"gold_loss":0},{"damage_healed":0,"gold_gain":0,"player_choice":"Got Potions","damage_taken":0,"max_hp_gain":0,"max_hp_loss":0,"event_name":"Lab","floor":14,"gold_loss":0}],"is_beta":false,"boss_relics":[],"items_purged_floors":[],"is_endless":false,"potions_floor_spawned":[6],"killed_by":"The Guardian","ascension_level":0}}