{"host":"5wznv0010959mrmz","time":1610232108,"event":{"mods":["BaseMod","Highlight Path","Minty Spire (QoL Compilation)","Relic Stats"],"gold_per_floor":[217,229,379,389,403,435,375,375,375,375,375],"floor_reached":10,"playtime":408,"items_purged":[],"score":136,"play_id":"b4ec7bf5-72df-451f-ab15-96690c4f360d","local_time":"20210109164148","is_ascension_mode":true,"campfire_choices":[{"data":"Poisoned Stab","floor":8,"key":"SMITH"}],"circlet_count":0,"master_deck":["AscendersBane","Strike_G","Strike_G","Strike_G","Strike_G","Strike_G","Defend_G","Defend_G","Defend_G","Defend_G","Defend_G","Survivor","Neutralize","Noxious Fumes","Poisoned Stab+1","Doubt","Leg Sweep","Blur","Slice","Poisoned Stab"],"relics":["Ring of the Snake","Omamori","Lantern"],"acts_visited":["Exordium"],"potions_floor_usage":[4,5],"damage_taken":[{"damage":1,"enemies":"Small Slimes","floor":1,"turns":6},{"damage":3,"enemies":"Jaw Worm","floor":2,"turns":6},{"damage":0,"enemies":"2 Louse","floor":4,"turns":4},{"damage":2,"enemies":"2 Fungi Beasts","floor":5,"turns":4},{"damage":35,"enemies":"3 Sentries","floor":6,"turns":10},{"damage":0,"enemies":"Looter","floor":7,"turns":5},{"damage":24,"enemies":"Lagavulin","floor":10,"turns":7}],"seed_played":"-6951426862633454796","potions_obtained":[{"floor":1,"key":"Fruit Juice"},{"floor":2,"key":"SteroidPotion"},{"floor":4,"key":"LiquidMemories"}],"is_trial":false,"path_per_floor":["M","M","?","M","M","E","M","R","T","E"],"character_chosen":"THE_SILENT","items_purchased":[],"campfire_rested":0,"item_purchase_floors":[],"current_hp_per_floor":[58,55,55,60,58,23,23,23,23,0,0],"gold":375,"neow_bonus":"HUNDRED_GOLD","is_daily":false,"chose_seed":false,"campfire_upgraded":1,"win_rate":0.0,"timestamp":1610232108,"path_taken":["M","M","?","M","M","E","M","R","T","E"],"items_purchased_type":[],"build_version":"2020-12-22","purchased_purges":0,"victory":false,"max_hp_per_floor":[66,66,66,71,71,71,71,71,71,71,71],"relic_stats":{"counters":[7,42],"obtain_stats":[{"Lantern":9,"Omamori":6,"Ring of the Snake":0},{"Lantern":6,"Omamori":5,"Ring of the Snake":0},{"Lantern":35,"Omamori":30,"Ring of the Snake":0}],"Ring of the Snake":[14]},"card_choices":[{"not_picked":["Escape Plan","Flying Knee"],"picked":"Noxious Fumes","floor":1},{"not_picked":["Skewer","Calculated Gamble"],"picked":"Poisoned Stab","floor":2},{"not_picked":["Acrobatics","Underhanded Strike"],"picked":"Leg Sweep","floor":4},{"not_picked":["Sucker Punch","PiercingWail"],"picked":"Blur","floor":5},{"not_picked":["Prepared","Caltrops"],"picked":"Slice","floor":6},{"not_picked":["Underhanded Strike","Dodge and Roll"],"picked":"Poisoned Stab","floor":7}],"player_experience":427245,"relics_obtained":[{"floor":6,"key":"Omamori"},{"floor":9,"key":"Lantern"}],"event_choices":[{"damage_healed":0,"gold_gain":150,"player_choice":"AGREE","damage_taken":0,"max_hp_gain":0,"max_hp_loss":0,"event_name":"Liars Game","floor":3,"gold_loss":0,"cards_obtained":["Doubt"]}],"is_beta":false,"boss_relics":[],"items_purged_floors":[],"is_endless":false,"potions_floor_spawned":[1,2,4],"killed_by":"Lagavulin","ascension_level":20}}