{"host":"uflv0e3ja7hvnij7","time":1610218352,"event":{"mods":["BaseMod","Better Altar","Better Match","Better Note","Better Sensory Stone","Better Skull","Better Third Choice","Marisa????????","Minty Spire (QoL Compilation)","Permanent Neow","Replay The Spire","StSLib"],"gold_per_floor":[109,109,109,126,145,145,172,13,13,13,13,13,36,74,74,200,200,223,223,223,123,142,142,142],"floor_reached":23,"playtime":940,"items_purged":["Defend_P","Wireheading"],"score":276,"play_id":"edd10755-29a9-4eba-9beb-42b7b2f2336e","local_time":"20210109135232","is_ascension_mode":true,"campfire_choices":[{"data":"Eruption","floor":6,"key":"SMITH"},{"data":"Replay:Battleflow","floor":11,"key":"SMITH"}],"circlet_count":0,"master_deck":["Eruption+1","Vigilance","Flash of Steel","FlurryOfBlows","Replay:Battleflow+1","Vengeance","DevaForm+1","Vault","Replay:AllIn","SpiritShield","CrushJoints","FollowUp"],"relics":["PureWater","Lizard Tail","Replay:Wax Seal","Counterbalance","Golden Idol","ReplayTheSpireMod:Ninjato","Pandora\u0027s Box"],"acts_visited":["Exordium","TheCity"],"potions_floor_usage":[7,13,13,14,23],"damage_taken":[{"damage":0,"enemies":"2 Louse","floor":1,"turns":1},{"damage":0,"enemies":"Jaw Worm","floor":4,"turns":3},{"damage":0,"enemies":"Small Slimes","floor":5,"turns":1},{"damage":35,"enemies":"3 Sentries","floor":7,"turns":7},{"damage":13,"enemies":"2 Fungi Beasts","floor":13,"turns":2},{"damage":17,"enemies":"Gremlin Nob","floor":14,"turns":3},{"damage":17,"enemies":"Hexaghost","floor":16,"turns":7},{"damage":10,"enemies":"2 Thieves","floor":18,"turns":4},{"damage":12,"enemies":"Chosen","floor":22,"turns":3},{"damage":0,"enemies":"Slavers","floor":23,"turns":1}],"seed_played":"5391162921695188387","potions_obtained":[{"floor":4,"key":"BlessingOfTheForge"},{"floor":5,"key":"BottledMiracle"},{"floor":7,"key":"FearPotion"},{"floor":13,"key":"SkillPotion"},{"floor":16,"key":"Ambrosia"}],"is_trial":false,"path_per_floor":["M","?","?","M","M","R","E","$","T","?","R","?","M","E","R","B",null,"M","?","?","$","M","E"],"character_chosen":"WATCHER","items_purchased":["Replay:Wax Seal"],"campfire_rested":0,"item_purchase_floors":[8],"current_hp_per_floor":[65,65,65,65,65,65,30,30,30,54,54,36,23,6,27,10,57,47,47,31,31,19,19,19],"gold":142,"neow_bonus":"REMOVE_CARD","is_daily":false,"chose_seed":false,"campfire_upgraded":2,"win_rate":0.0,"timestamp":1610218352,"path_taken":["M","?","?","M","M","R","E","$","T","?","R","?","?","E","R","BOSS","M","?","?","$","M","E"],"items_purchased_type":["Relic"],"build_version":"2020-12-22","purchased_purges":2,"victory":false,"max_hp_per_floor":[72,72,72,72,72,72,72,72,72,72,72,72,72,72,72,72,72,72,72,72,72,72,72,72],"card_choices":[{"not_picked":["Evaluate","ThirdEye","SashWhip"],"picked":"SKIP","floor":1},{"not_picked":["Deep Breath","The Bomb"],"picked":"Flash of Steel","floor":2},{"not_picked":["Meditate","FollowUp"],"picked":"FlurryOfBlows","floor":4},{"not_picked":["CrushJoints","Replay:BluntJabs","Prostrate"],"picked":"SKIP","floor":5},{"not_picked":["ClearTheMind","Protect"],"picked":"Replay:Battleflow","floor":7},{"not_picked":["ThirdEye","Protect"],"picked":"Vengeance","floor":13},{"not_picked":["ThirdEye","Nirvana"],"picked":"DevaForm","floor":14},{"not_picked":["Alpha","Brilliance"],"picked":"Vault","floor":16},{"not_picked":["Crescendo","Protect+1","JustLucky+1"],"picked":"SKIP","floor":18},{"not_picked":["JustLucky","ForeignInfluence","Replay:Cycle"],"picked":"SKIP","floor":22}],"player_experience":527263,"relics_obtained":[{"floor":7,"key":"Lizard Tail"},{"floor":9,"key":"Counterbalance"},{"floor":14,"key":"ReplayTheSpireMod:Ninjato"}],"event_choices":[{"damage_healed":0,"gold_gain":1,"player_choice":"1","damage_taken":0,"max_hp_gain":0,"max_hp_loss":0,"event_name":"betterStone:BetterStone","floor":2,"gold_loss":0},{"damage_healed":24,"gold_gain":0,"player_choice":"Banana","damage_taken":0,"max_hp_gain":0,"max_hp_loss":0,"event_name":"Big Fish","floor":10,"gold_loss":0},{"damage_healed":0,"gold_gain":0,"player_choice":"Take Damage","damage_taken":18,"relics_obtained":["Golden Idol"],"max_hp_gain":0,"max_hp_loss":0,"event_name":"Golden Idol","floor":12,"gold_loss":0},{"damage_healed":0,"gold_gain":0,"player_choice":"Ignored","damage_taken":0,"max_hp_gain":0,"max_hp_loss":0,"event_name":"betterNote:BetterNote","floor":19,"gold_loss":0,"cards_obtained":["Eruption"]},{"damage_healed":0,"gold_gain":0,"player_choice":"Obtained Book","damage_taken":16,"max_hp_gain":0,"max_hp_loss":0,"event_name":"Cursed Tome","floor":20,"gold_loss":0}],"is_beta":false,"boss_relics":[{"not_picked":["SlaversCollar","Philosopher\u0027s Stone"],"picked":"Pandora\u0027s Box"}],"items_purged_floors":[8,21],"is_endless":false,"potions_floor_spawned":[4,5,7,13,16],"killed_by":"Slavers","ascension_level":8}}