{"host":"9c5kazgg71l3jb6l","time":1610165495,"event":{"mods":["BaseMod","Hermit","Minty Spire (QoL Compilation)","StSLib","Waifu the Spire"],"gold_per_floor":[118,118,68,86,86,117,117,117,170,182,194,219,219,219,219],"floor_reached":14,"playtime":513,"items_purged":[],"score":141,"play_id":"238eb796-77bc-40ec-a295-f3d2a2be90c4","local_time":"20210109121135","is_ascension_mode":true,"campfire_choices":[{"floor":8,"key":"REST"},{"floor":13,"key":"REST"}],"circlet_count":0,"master_deck":["hermit:Strike_Hermit","hermit:Strike_Hermit","hermit:Strike_Hermit","hermit:Defend_Hermit","hermit:Defend_Hermit+1","hermit:Defend_Hermit","hermit:Defend_Hermit+1","hermit:Snapshot","hermit:Covet","hermit:BigShot","hermit:Cheat","Regret","hermit:Determination","hermit:Coalescence","hermit:HighCaliber"],"relics":["hermit:Momento","NeowsBlessing","CaptainsWheel","Peace Pipe","Oddly Smooth Stone","Art of War","Thread and Needle"],"acts_visited":["Exordium"],"potions_floor_usage":[],"damage_taken":[{"damage":0,"enemies":"Cultist","floor":1,"turns":1},{"damage":0,"enemies":"2 Louse","floor":4,"turns":1},{"damage":0,"enemies":"3 Sentries","floor":6,"turns":2},{"damage":0,"enemies":"Small Slimes","floor":10,"turns":3},{"damage":0,"enemies":"3 Louse","floor":11,"turns":4},{"damage":62,"enemies":"Gremlin Nob","floor":12,"turns":6},{"damage":37,"enemies":"Lagavulin","floor":14,"turns":7}],"seed_played":"7679478244894701227","potions_obtained":[{"floor":11,"key":"SmokeBomb"}],"is_trial":false,"path_per_floor":["M","?","?","M","?","E","?","R","T","M","M","E","R","E"],"character_chosen":"HERMIT","items_purchased":[],"campfire_rested":2,"item_purchase_floors":[],"current_hp_per_floor":[75,60,60,60,60,60,48,70,70,70,70,8,30,0,0],"gold":219,"neow_bonus":"THREE_ENEMY_KILL","is_daily":false,"chose_seed":false,"campfire_upgraded":0,"win_rate":0.0,"timestamp":1610165495,"path_taken":["M","?","?","M","?","E","?","R","T","M","M","E","R","E"],"items_purchased_type":[],"build_version":"2020-12-22","purchased_purges":0,"victory":false,"max_hp_per_floor":[75,75,75,75,75,75,75,75,75,75,75,75,75,75,75],"card_choices":[{"not_picked":["hermit:SprayPray","hermit:Glare"],"picked":"hermit:BigShot","floor":1},{"not_picked":["hermit:SprayPray","hermit:DeadMansHand"],"picked":"hermit:Cheat","floor":4},{"not_picked":["hermit:Maintenance","hermit:CursedWeapon"],"picked":"hermit:Determination","floor":6},{"not_picked":["hermit:Manifest","hermit:Ricochet","hermit:Showdown"],"picked":"SKIP","floor":10},{"not_picked":["hermit:Combo","hermit:SprayPray"],"picked":"hermit:Coalescence","floor":11},{"not_picked":["hermit:Desperado","hermit:Showdown"],"picked":"hermit:HighCaliber","floor":12}],"player_experience":1298248,"relics_obtained":[{"floor":6,"key":"Peace Pipe"},{"floor":9,"key":"Art of War"},{"floor":12,"key":"Thread and Needle"}],"event_choices":[{"damage_healed":0,"gold_gain":0,"player_choice":"Entered Light","damage_taken":15,"max_hp_gain":0,"max_hp_loss":0,"event_name":"Shining Light","floor":2,"gold_loss":0,"cards_upgraded":["hermit:Defend_Hermit","hermit:Defend_Hermit"]},{"cards_removed":["hermit:Strike_Hermit"],"damage_healed":0,"gold_gain":0,"player_choice":"Card Removal","damage_taken":0,"max_hp_gain":0,"max_hp_loss":0,"event_name":"The Cleric","floor":3,"gold_loss":50},{"damage_healed":0,"gold_gain":0,"player_choice":"Box","damage_taken":0,"relics_obtained":["CaptainsWheel"],"max_hp_gain":0,"max_hp_loss":0,"event_name":"Big Fish","floor":5,"gold_loss":0,"cards_obtained":["Regret"]},{"damage_healed":0,"gold_gain":0,"player_choice":"Success","damage_taken":12,"relics_obtained":["Oddly Smooth Stone"],"max_hp_gain":0,"max_hp_loss":0,"event_name":"Scrap Ooze","floor":7,"gold_loss":0}],"is_beta":false,"boss_relics":[],"items_purged_floors":[],"is_endless":false,"potions_floor_spawned":[11],"killed_by":"Lagavulin","ascension_level":3}}