{"host":"c6u7e77myxvw4d0m","time":1610174989,"event":{"mods":["AchievementEnabler","BaseMod","Bestiary","Colored Map","Colored Powertips","Minty Spire (QoL Compilation)","Rare Cards Sparkle","Relic Stats","everything is the same but u backflip on backflip"],"gold_per_floor":[115,115,128,138,151,151,184,202,250,278,297,17,17,42,42,141,141,152,167,186,186,186],"floor_reached":21,"playtime":1168,"items_purged":[],"score":290,"play_id":"8f294710-944e-41aa-b8a8-01549c8cd985","local_time":"20210109084949","is_ascension_mode":true,"campfire_choices":[{"data":"Predator","floor":6.0,"key":"SMITH"},{"data":"Caltrops","floor":13.0,"key":"SMITH"},{"floor":15.0,"key":"REST"}],"circlet_count":0,"master_deck":["AscendersBane","Strike_G","Strike_G","Strike_G","Strike_G","Defend_G","Defend_G","Defend_G","Defend_G","Defend_G","Survivor","Neutralize","Dagger Spray","Endless Agony","Cloak And Dagger","Deadly Poison","Predator+1","Poisoned Stab","Die Die Die","Footwork","Phantasmal Killer","Caltrops+1","Acrobatics","Concentrate","Burst","Footwork","Infinite Blades","Setup+1"],"relics":["Sozu","StrikeDummy","Odd Mushroom","The Courier","SlaversCollar"],"acts_visited":["Exordium","TheCity"],"potions_floor_usage":[],"damage_taken":[{"damage":0.0,"enemies":"Jaw Worm","floor":1.0,"turns":5.0},{"damage":5.0,"enemies":"Cultist","floor":3.0,"turns":4.0},{"damage":0.0,"enemies":"2 Louse","floor":4.0,"turns":2.0},{"damage":5.0,"enemies":"Blue Slaver","floor":5.0,"turns":5.0},{"damage":2.0,"enemies":"3 Sentries","floor":7.0,"turns":7.0},{"damage":11.0,"enemies":"Looter","floor":8.0,"turns":2.0},{"damage":0.0,"enemies":"The Mushroom Lair","floor":10.0,"turns":2.0},{"damage":0.0,"enemies":"3 Louse","floor":11.0,"turns":1.0},{"damage":17.0,"enemies":"Gremlin Nob","floor":14.0,"turns":3.0},{"damage":19.0,"enemies":"Hexaghost","floor":16.0,"turns":8.0},{"damage":12.0,"enemies":"3 Byrds","floor":18.0,"turns":3.0},{"damage":5.0,"enemies":"Chosen","floor":19.0,"turns":4.0},{"damage":28.0,"enemies":"Snecko","floor":20.0,"turns":5.0},{"damage":0,"enemies":"Shelled Parasite and Fungi","floor":21,"turns":1}],"seed_played":"-1519055790923419756","potions_obtained":[],"is_trial":false,"path_per_floor":["M","?","M","M","M","R","E","M","T","?","M","$","R","E","R","B",null,"M","M","M","M"],"character_chosen":"THE_SILENT","items_purchased":["Phantasmal Killer","Caltrops","Acrobatics"],"campfire_rested":1,"item_purchase_floors":[12,12,12],"current_hp_per_floor":[63,63,58,58,53,53,51,40,40,40,40,40,40,23,44,25,59,47,42,14,14,14],"gold":186,"neow_bonus":"BOSS_RELIC","is_daily":false,"chose_seed":false,"campfire_upgraded":2,"win_rate":0.0,"timestamp":1610174989,"path_taken":["M","?","?","M","M","R","E","M","T","?","M","$","R","E","R","BOSS","M","M","M","M"],"items_purchased_type":["Card","Card","Card"],"build_version":"2020-12-22","purchased_purges":0,"victory":false,"max_hp_per_floor":[70,70,70,70,70,70,70,70,70,70,70,70,70,70,70,70,70,70,70,70,70,70],"relic_stats":{"Sozu":5,"counters":[14,52],"obtain_stats":[{"Sozu":0,"SlaversCollar":17,"The Courier":14,"Odd Mushroom":10,"StrikeDummy":7,"Ring of the Snake":0},{"Sozu":0,"SlaversCollar":10,"The Courier":9,"Odd Mushroom":7,"StrikeDummy":5,"Ring of the Snake":0},{"Sozu":0,"SlaversCollar":39,"The Courier":31,"Odd Mushroom":27,"StrikeDummy":23,"Ring of the Snake":0}]},"card_choices":[{"not_picked":["Finisher","Deflect"],"picked":"Dagger Spray","floor":1.0},{"not_picked":["Dodge and Roll","Slice"],"picked":"Cloak And Dagger","floor":3.0},{"not_picked":["Heel Hook","Deflect"],"picked":"Deadly Poison","floor":4.0},{"not_picked":["Outmaneuver","Flechettes"],"picked":"Predator","floor":5.0},{"not_picked":["Bane","Tactician"],"picked":"Poisoned Stab","floor":7.0},{"not_picked":["Flying Knee","Prepared"],"picked":"Die Die Die","floor":8.0},{"not_picked":["Dagger Throw","Skewer"],"picked":"Footwork","floor":10.0},{"not_picked":["Outmaneuver","Concentrate","Dagger Throw"],"picked":"SKIP","floor":11.0},{"not_picked":["Cloak And Dagger","Quick Slash"],"picked":"Concentrate","floor":14.0},{"not_picked":["Envenom","Phantasmal Killer"],"picked":"Burst","floor":16.0},{"not_picked":["Flying Knee","Heel Hook"],"picked":"Footwork","floor":18.0},{"not_picked":["Sucker Punch","Slice"],"picked":"Infinite Blades","floor":19.0},{"not_picked":["Acrobatics+1","Blade Dance"],"picked":"Setup+1","floor":20.0}],"player_experience":304886,"relics_obtained":[{"floor":7.0,"key":"StrikeDummy"},{"floor":10.0,"key":"Odd Mushroom"},{"floor":14.0,"key":"The Courier"}],"event_choices":[{"damage_healed":0.0,"max_hp_gain":0.0,"max_hp_loss":0.0,"gold_gain":0.0,"cards_transformed":["Strike_G"],"event_name":"Transmorgrifier","player_choice":"Transformed","floor":2.0,"gold_loss":0.0,"damage_taken":0.0,"cards_obtained":["Endless Agony"]},{"damage_healed":0.0,"max_hp_gain":0.0,"max_hp_loss":0.0,"gold_gain":0.0,"event_name":"Mushrooms","player_choice":"Fought Mushrooms","floor":10.0,"gold_loss":0.0,"damage_taken":0.0}],"is_beta":false,"boss_relics":[{"not_picked":["Astrolabe","Runic Dome"],"picked":"SlaversCollar"}],"items_purged_floors":[],"is_endless":false,"potions_floor_spawned":[4,5,10,16,19],"killed_by":"Shelled Parasite and Fungi","ascension_level":10}}