{"host":"3y2rtlgteqp2nuo3","time":1610191554,"event":{"mods":["2.2 Compatiblity","AchievementEnabler","BaseMod","Colored Map","DeckTracker","Highlight Path","Keyboard Shortcuts","Minty Spire (QoL Compilation)","Permanent Neow","Quick Restart","StSLib","SuperFastMode","everything is the same but u backflip on backflip"],"gold_per_floor":[112,37,37,54,73,73,104,121,148,159,159,159,174,188,188,264,264,264],"floor_reached":17,"playtime":368,"items_purged":["Strike_B"],"score":278,"play_id":"a80b2f91-711e-4be7-87f2-a73bbe34b5b8","local_time":"20210109202554","is_ascension_mode":true,"campfire_choices":[{"data":"Zap","floor":6.0,"key":"SMITH"},{"data":"Coolheaded","floor":11.0,"key":"SMITH"},{"data":"Ball Lightning","floor":15,"key":"SMITH"}],"circlet_count":0,"master_deck":["AscendersBane","Strike_B","Strike_B","Strike_B","Defend_B","Defend_B","Defend_B","Defend_B","Zap+1","Dualcast+1","Machine Learning","Go for the Eyes","Core Surge","Compile Driver","BootSequence","Coolheaded+1","Skim","Ball Lightning+1","Leap","Meteor Strike"],"relics":["Cracked Core","Question Card","Symbiotic Virus","Blood Vial","Fusion Hammer"],"acts_visited":["Exordium","TheCity"],"potions_floor_usage":[16],"damage_taken":[{"damage":0.0,"enemies":"Cultist","floor":1.0,"turns":3.0},{"damage":7.0,"enemies":"Small Slimes","floor":4.0,"turns":4.0},{"damage":0.0,"enemies":"2 Louse","floor":5.0,"turns":2.0},{"damage":30.0,"enemies":"3 Sentries","floor":7.0,"turns":7.0},{"damage":8.0,"enemies":"Exordium Thugs","floor":8.0,"turns":3.0},{"damage":0.0,"enemies":"Looter","floor":10.0,"turns":2.0},{"damage":4,"enemies":"Blue Slaver","floor":13,"turns":3},{"damage":0,"enemies":"Large Slime","floor":14,"turns":2},{"damage":19,"enemies":"The Guardian","floor":16,"turns":8}],"seed_played":"-1803003927730280588","potions_obtained":[{"floor":4.0,"key":"SteroidPotion"},{"floor":7.0,"key":"SteroidPotion"},{"floor":10.0,"key":"AttackPotion"},{"floor":13,"key":"SmokeBomb"},{"floor":16,"key":"BlessingOfTheForge"}],"is_trial":false,"path_per_floor":["M","$","T","M","M","R","E","M","T","M","R","?","M","M","R","B",null],"character_chosen":"DEFECT","items_purchased":[],"campfire_rested":0,"item_purchase_floors":[],"current_hp_per_floor":[64,64,64,57,57,57,27,19,19,21,21,21,19,21,21,4,54,54],"gold":264,"neow_bonus":"ONE_RANDOM_RARE_CARD","is_daily":false,"chose_seed":false,"campfire_upgraded":3,"win_rate":0.0,"timestamp":1610191554,"path_taken":["M","$","?","M","M","R","E","M","T","M","R","?","M","M","R","BOSS"],"items_purchased_type":[],"build_version":"2020-12-22","purchased_purges":1,"victory":false,"max_hp_per_floor":[71,71,71,71,71,71,71,71,71,71,71,71,71,71,71,71,71,71],"card_choices":[{"not_picked":["Conserve Battery","Steam"],"picked":"Go for the Eyes","floor":1.0},{"not_picked":["Conserve Battery","Hologram","Coolheaded"],"picked":"Core Surge","floor":4.0},{"not_picked":["Fusion","Rebound","Go for the Eyes"],"picked":"Compile Driver","floor":5.0},{"not_picked":["Leap","Recycle","Fusion"],"picked":"BootSequence","floor":7.0},{"not_picked":["Go for the Eyes","Aggregate","Hello World"],"picked":"Coolheaded","floor":8.0},{"not_picked":["Static Discharge","Tempest","Auto Shields"],"picked":"Skim","floor":10.0},{"not_picked":["Redo","Chaos","Blizzard"],"picked":"Ball Lightning","floor":13},{"not_picked":["Recycle","Gash","Barrage"],"picked":"Leap","floor":14},{"not_picked":["Hyperbeam","Core Surge","Amplify"],"picked":"Meteor Strike","floor":16}],"player_experience":649137,"relics_obtained":[{"floor":3.0,"key":"Question Card"},{"floor":7.0,"key":"Symbiotic Virus"},{"floor":9.0,"key":"Blood Vial"}],"event_choices":[{"damage_healed":0.0,"max_hp_gain":0.0,"max_hp_loss":0.0,"gold_gain":0.0,"event_name":"Living Wall","player_choice":"Grow","floor":12.0,"gold_loss":0.0,"damage_taken":0.0,"cards_upgraded":["Dualcast"]}],"is_beta":false,"boss_relics":[{"not_picked":["Philosopher\u0027s Stone","Runic Pyramid"],"picked":"Fusion Hammer"}],"items_purged_floors":[2],"is_endless":false,"potions_floor_spawned":[4,7,10,13,16],"ascension_level":15}}