{"host":"dyggtcpod2kd5hqt","time":1610209549,"event":{"mods":["2.2 Compatiblity","AchievementEnabler","BaseMod","Bestiary","Block Reminder","Colored Map","Colored Powertips","Minty Spire (QoL Compilation)","Quick Restart","Rare Cards Sparkle","Relic Stats","Unknown Chances"],"gold_per_floor":[114,33,51,111,286,286,316,10,78,94,94,44,64,98,98,207,207,217,5,14,38,58,58,58],"floor_reached":23,"playtime":556,"items_purged":["Strike_B"],"score":397,"play_id":"2f35cd87-f34f-4a73-8a6c-95e675e49176","local_time":"20210109112549","is_ascension_mode":true,"campfire_choices":[{"data":"Defragment","floor":6.0,"key":"SMITH"},{"data":"Hyperbeam","floor":11,"key":"SMITH"},{"data":"Sunder","floor":15,"key":"SMITH"}],"circlet_count":0,"master_deck":["Strike_B","Strike_B","Strike_B","Defend_B","Defend_B","Defend_B","Defend_B","Zap","Dualcast","Streamline","Defragment+1","Conserve Battery","Sunder+1","Hyperbeam+1","White Noise","Beam Cell","Buffer","Self Repair","Discovery","Necronomicurse","Fusion","Self Repair"],"relics":["Cracked Core","NeowsBlessing","Blue Candle","ClockworkSouvenir","Meat on the Bone","CeramicFish","Runic Pyramid","Necronomicon"],"acts_visited":["Exordium","TheCity"],"potions_floor_usage":[23],"damage_taken":[{"damage":0.0,"enemies":"Cultist","floor":1.0,"turns":1.0},{"damage":0.0,"enemies":"Jaw Worm","floor":3.0,"turns":1.0},{"damage":0.0,"enemies":"Gremlin Nob","floor":7.0,"turns":1.0},{"damage":0,"enemies":"2 Louse","floor":10,"turns":1},{"damage":0,"enemies":"2 Fungi Beasts","floor":13,"turns":1},{"damage":20,"enemies":"3 Sentries","floor":14,"turns":3},{"damage":0,"enemies":"Slime Boss","floor":16,"turns":6},{"damage":23,"enemies":"2 Thieves","floor":18,"turns":3},{"damage":7,"enemies":"Chosen","floor":21,"turns":3},{"damage":16,"enemies":"Snake Plant","floor":22,"turns":3},{"damage":58,"enemies":"Gremlin Leader","floor":23,"turns":4}],"seed_played":"-7723019074228940305","potions_obtained":[{"floor":1.0,"key":"FocusPotion"},{"floor":10,"key":"Regen Potion"},{"floor":14,"key":"FearPotion"},{"floor":18,"key":"FocusPotion"}],"is_trial":false,"path_per_floor":["M","$","M","?","?","R","E","$","T","M","R","?","M","E","R","B",null,"M","$","?","M","M","E"],"character_chosen":"DEFECT","items_purchased":["Defragment","ClockworkSouvenir","Hyperbeam","Self Repair","Discovery"],"campfire_rested":0,"item_purchase_floors":[2,8,8,19,19],"current_hp_per_floor":[68,68,68,68,68,68,68,68,68,68,68,68,68,48,48,48,68,45,45,29,41,37,0,0],"gold":58,"neow_bonus":"THREE_ENEMY_KILL","is_daily":false,"chose_seed":false,"campfire_upgraded":3,"win_rate":0.0,"timestamp":1610209549,"path_taken":["M","$","M","?","?","R","E","$","T","M","R","?","M","E","R","BOSS","M","$","?","M","M","E"],"items_purchased_type":["Card","Relic","Card","Card","Card"],"build_version":"2020-12-22","purchased_purges":1,"victory":false,"max_hp_per_floor":[75,75,75,75,75,75,75,75,75,75,75,75,75,75,75,75,75,75,75,75,75,75,75,75],"relic_stats":{"counters":[11,27],"Blue Candle":[1],"CeramicFish":63,"Necronomicon":[4],"obtain_stats":[{"NeowsBlessing":0,"Blue Candle":7,"CeramicFish":14,"Necronomicon":20,"Cracked Core":0,"ClockworkSouvenir":8,"Meat on the Bone":9,"Runic Pyramid":17},{"NeowsBlessing":0,"Blue Candle":3,"CeramicFish":6,"Necronomicon":8,"Cracked Core":0,"ClockworkSouvenir":3,"Meat on the Bone":3,"Runic Pyramid":7},{"NeowsBlessing":0,"Blue Candle":3,"CeramicFish":8,"Necronomicon":17,"Cracked Core":0,"ClockworkSouvenir":3,"Meat on the Bone":3,"Runic Pyramid":14}],"Meat on the Bone":24},"card_choices":[{"not_picked":["Stack","Aggregate"],"picked":"Streamline","floor":1.0},{"not_picked":["Steam","Leap"],"picked":"Conserve Battery","floor":3.0},{"not_picked":["Darkness","Rebound"],"picked":"Sunder","floor":7.0},{"not_picked":["Force Field","Streamline","Stack"],"picked":"SKIP","floor":10},{"not_picked":["Loop","Streamline"],"picked":"White Noise","floor":13},{"not_picked":["Hello World","Chill"],"picked":"Beam Cell","floor":14},{"not_picked":["Fission","Multi-Cast"],"picked":"Buffer","floor":16},{"not_picked":["Redo","Sweeping Beam","Cold Snap"],"picked":"SKIP","floor":18},{"not_picked":["Stack","Redo"],"picked":"Fusion","floor":21},{"not_picked":["Go for the Eyes+1","Steam"],"picked":"Self Repair","floor":22}],"player_experience":579163,"relics_obtained":[{"floor":7.0,"key":"Blue Candle"},{"floor":9,"key":"Meat on the Bone"},{"floor":14,"key":"CeramicFish"},{"floor":20,"key":"Necronomicon"}],"event_choices":[{"damage_healed":0.0,"max_hp_gain":0.0,"max_hp_loss":0.0,"gold_gain":60.0,"event_name":"Golden Wing","player_choice":"Gained Gold","floor":4.0,"gold_loss":0.0,"damage_taken":0.0},{"damage_healed":0.0,"max_hp_gain":0.0,"max_hp_loss":0.0,"gold_gain":175.0,"event_name":"Liars Game","player_choice":"AGREE","floor":5.0,"gold_loss":0.0,"damage_taken":0.0,"cards_obtained":["Doubt"]},{"cards_removed":["Doubt"],"damage_healed":0,"gold_gain":0,"player_choice":"Card Removal","damage_taken":0,"max_hp_gain":0,"max_hp_loss":0,"event_name":"The Cleric","floor":12,"gold_loss":50},{"damage_healed":0,"gold_gain":0,"player_choice":"Obtained Book","damage_taken":16,"max_hp_gain":0,"max_hp_loss":0,"event_name":"Cursed Tome","floor":20,"gold_loss":0}],"is_beta":false,"boss_relics":[{"not_picked":["Velvet Choker","Empty Cage"],"picked":"Runic Pyramid"}],"items_purged_floors":[19],"is_endless":false,"potions_floor_spawned":[1,10,14,18,22],"killed_by":"Gremlin Leader","ascension_level":9}}