{"host":"kjehzzhcyp0nyrrl","time":1610206904,"event":{"mods":["AchievementEnabler","BaseMod","Custom Start","Hermit","Keyboard Shortcuts","Koishi","Minty Spire (QoL Compilation)","StSLib","SuperFastMode","The Dragon Tamer","The Hierophant","everything is the same but u backflip on backflip"],"gold_per_floor":[414,428,440,316,391,391,421,421,445,463,288,303,334,349,349,445,445,455,455,455,466,466,466,498,511,536,569,569,595,613,628,628,725,725,745,758,633,644,657,657,657,657,657,683,696,696,726,739,739,739,739,739,125,151,151],"floor_reached":56,"playtime":1797,"items_purged":["JustLucky","FlurryOfBlows","LessonLearned+1","FlurryOfBlows+1"],"score":1529,"play_id":"315fc6f7-3900-4c3e-9546-5c8ddd8d8560","local_time":"20210110004144","daily_mods":["SealedDeck","Heirloom","DeadlyEvents"],"is_ascension_mode":false,"campfire_choices":[{"data":"Pray","floor":6.0,"key":"SMITH"},{"data":"Wallop","floor":15.0,"key":"SMITH"},{"data":"Meditate","floor":23.0,"key":"SMITH"},{"floor":28.0,"key":"RECALL"},{"floor":32.0,"key":"REST"},{"data":"Scrawl","floor":40,"key":"SMITH"},{"data":"Sanctity","floor":42,"key":"SMITH"},{"data":"BowlingBash","floor":46,"key":"SMITH"},{"floor":49,"key":"REST"},{"floor":52,"key":"REST"}],"circlet_count":0,"master_deck":["WheelKick+1","Sanctity+1","EmptyBody+1","Pray+1","BowlingBash+1","Prostrate+1","Worship+1","ReachHeaven+1","Meditate+1","SandsOfTime+1","Evaluate+1","Wallop+1","CurseOfTheBell","FollowUp+1","Scrawl+1"],"relics":["PureWater","Old Coin","Nunchaku","Damaru","Pocketwatch","Calling Bell","Regal Pillow","Kunai","Prayer Wheel","Art of War","Tiny Chest","StrikeDummy","TeardropLocket","Busted Crown","CeramicFish","Lantern","Orichalcum","White Beast Statue","Mercury Hourglass"],"acts_visited":["Exordium","TheCity","TheBeyond","TheEnding"],"potions_floor_usage":[39,55,55,55],"damage_taken":[{"damage":0.0,"enemies":"2 Louse","floor":1.0,"turns":2.0},{"damage":0.0,"enemies":"Small Slimes","floor":2.0,"turns":2.0},{"damage":1.0,"enemies":"Jaw Worm","floor":3.0,"turns":2.0},{"damage":0.0,"enemies":"Lagavulin","floor":7.0,"turns":3.0},{"damage":0.0,"enemies":"Large Slime","floor":10.0,"turns":2.0},{"damage":0.0,"enemies":"Exordium Thugs","floor":12.0,"turns":4.0},{"damage":0.0,"enemies":"3 Sentries","floor":13.0,"turns":2.0},{"damage":0.0,"enemies":"Exordium Wildlife","floor":14.0,"turns":3.0},{"damage":0.0,"enemies":"Slime Boss","floor":16.0,"turns":3.0},{"damage":0.0,"enemies":"3 Byrds","floor":18.0,"turns":5.0},{"damage":2.0,"enemies":"Shell Parasite","floor":21.0,"turns":2.0},{"damage":2.0,"enemies":"Slavers","floor":24.0,"turns":3.0},{"damage":0.0,"enemies":"Centurion and Healer","floor":25.0,"turns":3.0},{"damage":12.0,"enemies":"Gremlin Leader","floor":27.0,"turns":4.0},{"damage":14.0,"enemies":"Slavers","floor":29.0,"turns":4.0},{"damage":0.0,"enemies":"Snake Plant","floor":30.0,"turns":2.0},{"damage":9.0,"enemies":"Chosen and Byrds","floor":31.0,"turns":2.0},{"damage":50.0,"enemies":"Champ","floor":33.0,"turns":8.0},{"damage":0.0,"enemies":"3 Darklings","floor":35.0,"turns":3.0},{"damage":0,"enemies":"3 Shapes","floor":36,"turns":3},{"damage":0,"enemies":"Maw","floor":38,"turns":5},{"damage":12,"enemies":"Jaw Worm Horde","floor":39,"turns":2},{"damage":0,"enemies":"Reptomancer","floor":44,"turns":3},{"damage":10,"enemies":"Writhing Mass","floor":45,"turns":2},{"damage":27,"enemies":"Nemesis","floor":47,"turns":5},{"damage":0,"enemies":"Transient","floor":48,"turns":5},{"damage":2,"enemies":"Time Eater","floor":50,"turns":5},{"damage":14,"enemies":"Shield and Spear","floor":54,"turns":2},{"damage":35,"enemies":"The Heart","floor":55,"turns":6}],"seed_played":"7520565348069286190","potions_obtained":[{"floor":2.0,"key":"Energy Potion"},{"floor":3.0,"key":"Explosive Potion"},{"floor":10.0,"key":"Strength Potion"},{"floor":25.0,"key":"StancePotion"},{"floor":27.0,"key":"Swift Potion"},{"floor":30.0,"key":"Block Potion"},{"floor":36,"key":"SmokeBomb"},{"floor":39,"key":"FearPotion"},{"floor":44,"key":"CultistPotion"},{"floor":54,"key":"CultistPotion"}],"is_trial":true,"path_per_floor":["M","M","M","$","?","R","E","?","T","M","$","M","E","M","R","B",null,"M","?","?","M","$","R","E","M","T","E","R","E","M","M","R","B",null,"M","M","$","M","M","R","?","R","T","E","M","R","E","M","R","B",null,"R","$","E","B",null],"character_chosen":"WATCHER","items_purchased":["Evaluate","Wallop","Strength Potion","Orichalcum","White Beast Statue"],"campfire_rested":3,"item_purchase_floors":[4,11,53,53,53],"current_hp_per_floor":[72,72,71,71,60,60,60,46,46,46,46,46,46,46,46,46,72,72,59,59,57,57,57,55,55,55,43,43,29,29,20,58,8,77,77,77,77,77,65,65,65,65,65,65,55,55,28,28,64,62,73,73,73,59,24],"gold":151,"neow_bonus":"","is_daily":false,"chose_seed":false,"campfire_upgraded":6,"win_rate":0.0,"timestamp":1610206904,"path_taken":["M","M","M","$","?","R","E","?","T","M","$","?","E","M","R","BOSS","M","?","?","M","$","R","E","M","T","E","R","?","M","M","R","BOSS","M","M","$","M","M","R","?","R","T","E","M","R","E","M","R","BOSS","R","$","E","BOSS"],"items_purchased_type":["Card","Card","Potion","Relic","Relic"],"build_version":"2020-12-22","purchased_purges":4,"victory":true,"max_hp_per_floor":[72,72,72,72,72,72,72,72,72,72,72,72,72,72,72,72,72,72,77,77,77,77,77,77,77,77,77,77,77,77,77,77,77,77,77,77,77,77,77,77,73,73,73,73,73,73,73,73,73,73,73,73,73,73,73],"card_choices":[{"not_picked":["ClearTheMind","Conclude"],"picked":"FlurryOfBlows","floor":1.0},{"not_picked":["EmptyMind","Halt"],"picked":"Meditate","floor":2.0},{"not_picked":["FlurryOfBlows","Consecrate"],"picked":"SandsOfTime","floor":3.0},{"not_picked":["Judgement","EmptyFist"],"picked":"MentalFortress","floor":7.0},{"not_picked":["Collect","BowlingBash","Evaluate"],"picked":"SKIP","floor":10.0},{"not_picked":["FlyingSleeves","Wireheading","CrushJoints"],"picked":"SKIP","floor":12.0},{"not_picked":["DeceiveReality","FollowUp","ConjureBlade"],"picked":"SKIP","floor":13.0},{"not_picked":["Protect","Evaluate","SandsOfTime"],"picked":"SKIP","floor":14.0},{"not_picked":["Omniscience","Devotion"],"picked":"LessonLearned","floor":16.0},{"not_picked":["JustLucky","EmptyBody","CrushJoints+1"],"picked":"SKIP","floor":18.0},{"not_picked":["ThirdEye","EmptyBody","LessonLearned"],"picked":"SKIP","floor":18.0},{"not_picked":["ClearTheMind+1","Indignation","Fasting2"],"picked":"SKIP","floor":21.0},{"not_picked":["SandsOfTime","Conclude","WindmillStrike+1"],"picked":"SKIP","floor":21.0},{"not_picked":["MasterReality","ThirdEye","FlyingSleeves"],"picked":"SKIP","floor":24.0},{"not_picked":["SignatureMove","Study","Weave"],"picked":"SKIP","floor":25.0},{"not_picked":["EmptyFist","Collect","Protect"],"picked":"SKIP","floor":25.0},{"not_picked":["CarveReality","WindmillStrike+1","DeceiveReality"],"picked":"SKIP","floor":27.0},{"not_picked":["Swivel","CrushJoints","EmptyMind"],"picked":"SKIP","floor":29.0},{"not_picked":["WindmillStrike","Prostrate+1","MentalFortress+1"],"picked":"SKIP","floor":30.0},{"not_picked":["Pray","Sanctity+1","Worship"],"picked":"SKIP","floor":30.0},{"not_picked":["Prostrate","Judgement","TalkToTheHand"],"picked":"SKIP","floor":31.0},{"not_picked":["ClearTheMind","CrushJoints","Evaluate+1"],"picked":"SKIP","floor":31.0},{"not_picked":["DeusExMachina","Wish"],"picked":"Scrawl","floor":33.0},{"not_picked":["JustLucky"],"picked":"SKIP","floor":35},{"not_picked":["LikeWater+1"],"picked":"SKIP","floor":35},{"not_picked":["Worship+1"],"picked":"SKIP","floor":36},{"not_picked":["ForeignInfluence+1"],"picked":"SKIP","floor":36},{"not_picked":["CutThroughFate"],"picked":"SKIP","floor":38},{"not_picked":["Conclude"],"picked":"SKIP","floor":38},{"not_picked":["Consecrate"],"picked":"SKIP","floor":39},{"not_picked":["SashWhip"],"picked":"SKIP","floor":39},{"not_picked":["Evaluate+1"],"picked":"SKIP","floor":44},{"not_picked":["ForeignInfluence+1"],"picked":"SKIP","floor":45},{"not_picked":["CutThroughFate"],"picked":"SKIP","floor":45},{"not_picked":["ReachHeaven"],"picked":"SKIP","floor":47},{"not_picked":["WaveOfTheHand"],"picked":"SKIP","floor":48},{"not_picked":["Crescendo+1"],"picked":"SKIP","floor":48},{"not_picked":["ForeignInfluence"],"picked":"SKIP","floor":54}],"player_experience":393968,"relics_obtained":[{"floor":7.0,"key":"Nunchaku"},{"floor":9.0,"key":"Damaru"},{"floor":13.0,"key":"Pocketwatch"},{"floor":17.0,"key":"Regal Pillow"},{"floor":17.0,"key":"Kunai"},{"floor":17.0,"key":"Prayer Wheel"},{"floor":24.0,"key":"Art of War"},{"floor":26.0,"key":"Tiny Chest"},{"floor":27.0,"key":"StrikeDummy"},{"floor":29.0,"key":"TeardropLocket"},{"floor":44,"key":"CeramicFish"},{"floor":47,"key":"Lantern"},{"floor":54,"key":"Mercury Hourglass"}],"event_choices":[{"damage_healed":0.0,"max_hp_gain":0.0,"max_hp_loss":0.0,"gold_gain":75.0,"event_name":"World of Goop","player_choice":"Gather Gold","floor":5.0,"gold_loss":0.0,"damage_taken":11.0},{"damage_healed":0.0,"max_hp_gain":0.0,"max_hp_loss":0.0,"gold_gain":0.0,"event_name":"Shining Light","player_choice":"Entered Light","floor":8.0,"gold_loss":0.0,"damage_taken":14.0,"cards_upgraded":["SandsOfTime","WheelKick"]},{"damage_healed":0.0,"max_hp_gain":5.0,"max_hp_loss":0.0,"gold_gain":0.0,"event_name":"Forgotten Altar","player_choice":"Shed Blood","floor":19.0,"gold_loss":0.0,"damage_taken":18.0},{"damage_healed":0.0,"max_hp_gain":0.0,"max_hp_loss":0.0,"gold_gain":0.0,"cards_transformed":["MentalFortress"],"event_name":"Transmorgrifier","player_choice":"Transformed","floor":20.0,"gold_loss":0.0,"damage_taken":0.0,"cards_obtained":["FollowUp"]},{"damage_healed":0,"gold_gain":0,"player_choice":"Max HP","damage_taken":0,"max_hp_gain":0,"max_hp_loss":4,"event_name":"Winding Halls","floor":41,"gold_loss":0}],"is_beta":false,"boss_relics":[{"not_picked":["VioletLotus","Astrolabe"],"picked":"Calling Bell"},{"not_picked":["Runic Pyramid","Cursed Key"],"picked":"Busted Crown"}],"items_purged_floors":[4,11,37,53],"is_endless":false,"potions_floor_spawned":[2,3,10,25,27,30,36,39,44,48,54],"ascension_level":0}}