{"host":"5wznv0010959mrmz","time":1610235504,"event":{"mods":["BaseMod","Highlight Path","Minty Spire (QoL Compilation)","Relic Stats"],"gold_per_floor":[113,38,52,67,67,67,101,115,115,140,140,155,169,199,199,273,273,292,85,85,60,76,103,103,128,153,165,185,185,214,225,225,225,225],"floor_reached":33,"playtime":1499,"items_purged":["Strike_G"],"score":758,"play_id":"da1ec4b5-e7be-4867-a9e0-316c7b9448d3","local_time":"20210109173824","is_ascension_mode":true,"campfire_choices":[{"data":"Neutralize","floor":6,"key":"SMITH"},{"data":"Leg Sweep","floor":11,"key":"SMITH"},{"data":"Tactician","floor":15,"key":"SMITH"},{"floor":24,"key":"REST"},{"data":"Calculated Gamble","floor":29,"key":"SMITH"},{"data":"Adrenaline","floor":32,"key":"SMITH"}],"circlet_count":0,"master_deck":["AscendersBane","Strike_G","Strike_G","Defend_G","Defend_G","Defend_G","Defend_G","Defend_G","Survivor","Neutralize+1","Poisoned Stab+1","Masterful Stab","Dagger Throw","Prepared","Reflex","Leg Sweep+1","Acrobatics","Tactician+1","Adrenaline+1","Dodge and Roll+1","Bouncing Flask","Underhanded Strike","Adrenaline","Calculated Gamble","Backflip","Escape Plan","Underhanded Strike","Eviscerate","Acrobatics","Calculated Gamble+1","Blur+1","After Image","Reflex"],"relics":["Ring of the Snake","Anchor","Blood Vial","Dream Catcher","StrikeDummy","Prayer Wheel","HoveringKite","Dead Branch","Potion Belt","Bronze Scales","Bottled Flame"],"acts_visited":["Exordium","TheCity"],"potions_floor_usage":[10,10,13,16,23,31,33,33],"damage_taken":[{"damage":6,"enemies":"Jaw Worm","floor":1,"turns":6},{"damage":2,"enemies":"2 Louse","floor":3,"turns":4},{"damage":1,"enemies":"Cultist","floor":4,"turns":3},{"damage":20,"enemies":"3 Sentries","floor":7,"turns":11},{"damage":0,"enemies":"Red Slaver","floor":8,"turns":2},{"damage":0,"enemies":"Gremlin Nob","floor":10,"turns":3},{"damage":0,"enemies":"Exordium Thugs","floor":12,"turns":3},{"damage":0,"enemies":"Gremlin Gang","floor":13,"turns":3},{"damage":10,"enemies":"3 Sentries","floor":14,"turns":7},{"damage":30,"enemies":"The Guardian","floor":16,"turns":14},{"damage":3,"enemies":"3 Byrds","floor":18,"turns":7},{"damage":11,"enemies":"2 Thieves","floor":21,"turns":4},{"damage":0,"enemies":"Snake Plant","floor":22,"turns":3},{"damage":19,"enemies":"Slavers","floor":23,"turns":7},{"damage":10,"enemies":"Book of Stabbing","floor":25,"turns":4},{"damage":0,"enemies":"Snecko","floor":27,"turns":2},{"damage":0,"enemies":"Shelled Parasite and Fungi","floor":28,"turns":2},{"damage":0,"enemies":"Gremlin Leader","floor":30,"turns":3},{"damage":4,"enemies":"Snake Plant","floor":31,"turns":3},{"damage":52,"enemies":"Collector","floor":33,"turns":5}],"seed_played":"5752453486725009800","potions_obtained":[{"floor":7,"key":"Energy Potion"},{"floor":8,"key":"Swift Potion"},{"floor":12,"key":"Poison Potion"},{"floor":13,"key":"Dexterity Potion"},{"floor":16,"key":"GhostInAJar"},{"floor":21,"key":"CunningPotion"},{"floor":25,"key":"SteroidPotion"},{"floor":28,"key":"Explosive Potion"},{"floor":30,"key":"DuplicationPotion"},{"floor":31,"key":"DuplicationPotion"}],"is_trial":false,"path_per_floor":["M","?","M","M","?","R","E","M","T","E","R","M","M","E","R","B",null,"M","$","?","M","M","E","R","E","T","M","M","R","E","M","R","B"],"character_chosen":"THE_SILENT","items_purchased":["Underhanded Strike","Adrenaline"],"campfire_rested":1,"item_purchase_floors":[19,19],"current_hp_per_floor":[53,53,51,50,50,50,30,32,32,34,34,36,38,30,30,2,50,49,49,49,40,42,25,44,36,36,38,40,40,42,40,40,0,0],"gold":225,"neow_bonus":"RANDOM_COMMON_RELIC","is_daily":false,"chose_seed":false,"campfire_upgraded":5,"win_rate":0.0,"timestamp":1610235504,"path_taken":["M","?","M","M","?","R","E","M","T","E","R","M","M","E","R","BOSS","M","$","?","M","?","E","R","E","T","M","M","R","E","M","R","BOSS"],"items_purchased_type":["Card","Card"],"build_version":"2020-12-22","purchased_purges":1,"victory":false,"max_hp_per_floor":[66,66,66,66,66,66,66,66,66,66,66,66,66,66,66,66,66,66,66,66,66,66,66,66,66,66,66,66,66,66,66,66,66,66],"relic_stats":{"Blood Vial":32,"Dream Catcher":1,"counters":[20,96],"Dead Branch":[25],"Bronze Scales":[48],"HoveringKite":[33],"Prayer Wheel":6,"obtain_stats":[{"Blood Vial":7,"Potion Belt":25,"Anchor":0,"Dream Catcher":9,"Bottled Flame":30,"Dead Branch":23,"Bronze Scales":26,"HoveringKite":17,"Prayer Wheel":14,"StrikeDummy":10,"Ring of the Snake":0},{"Blood Vial":4,"Potion Belt":15,"Anchor":0,"Dream Catcher":5,"Bottled Flame":18,"Dead Branch":14,"Bronze Scales":15,"HoveringKite":10,"Prayer Wheel":9,"StrikeDummy":6,"Ring of the Snake":0},{"Blood Vial":24,"Potion Belt":81,"Anchor":0,"Dream Catcher":26,"Bottled Flame":88,"Dead Branch":77,"Bronze Scales":81,"HoveringKite":56,"Prayer Wheel":42,"StrikeDummy":29,"Ring of the Snake":0}],"Ring of the Snake":[40]},"card_choices":[{"not_picked":["Acrobatics","All Out Attack"],"picked":"Poisoned Stab","floor":1},{"not_picked":["Choke","Escape Plan"],"picked":"Masterful Stab","floor":3},{"not_picked":["Deflect","PiercingWail"],"picked":"Dagger Throw","floor":4},{"not_picked":["Night Terror","Distraction"],"picked":"Prepared","floor":7},{"not_picked":["Sucker Punch","Riddle With Holes"],"picked":"Reflex","floor":8},{"not_picked":["Bane","Dodge and Roll"],"picked":"Leg Sweep","floor":10},{"not_picked":["Caltrops","Flechettes"],"picked":"Acrobatics","floor":12},{"not_picked":["Bouncing Flask","Dagger Spray"],"picked":"Tactician","floor":13},{"not_picked":["Slice","Skewer","Prepared"],"picked":"SKIP","floor":14},{"not_picked":["Burst","Venomology"],"picked":"Adrenaline","floor":16},{"not_picked":["Bane","Deflect"],"picked":"Dodge and Roll+1","floor":18},{"not_picked":["Slice","Sucker Punch"],"picked":"Bouncing Flask","floor":18},{"not_picked":["Outmaneuver","Bane"],"picked":"Backflip","floor":21},{"not_picked":["All Out Attack","Blade Dance","Predator"],"picked":"SKIP","floor":21},{"not_picked":["Slice","A Thousand Cuts","Blade Dance"],"picked":"SKIP","floor":22},{"not_picked":["Distraction","Slice","Crippling Poison"],"picked":"SKIP","floor":22},{"not_picked":["Die Die Die","Finisher"],"picked":"Escape Plan","floor":23},{"not_picked":["Masterful Stab","Prepared"],"picked":"Underhanded Strike","floor":24},{"not_picked":["Crippling Poison","Blur"],"picked":"Eviscerate","floor":25},{"not_picked":["Backflip","Deflect"],"picked":"Acrobatics","floor":27},{"not_picked":["Acrobatics","Distraction"],"picked":"Calculated Gamble","floor":27},{"not_picked":["Backstab","Prepared"],"picked":"Blur+1","floor":28},{"not_picked":["Bouncing Flask","Slice","Calculated Gamble"],"picked":"SKIP","floor":28},{"not_picked":["Prepared","Noxious Fumes","Dodge and Roll"],"picked":"SKIP","floor":30},{"not_picked":["Backstab","Backflip"],"picked":"After Image","floor":31},{"not_picked":["Dagger Throw+1","Dodge and Roll"],"picked":"Reflex","floor":31}],"player_experience":429519,"relics_obtained":[{"floor":7,"key":"Blood Vial"},{"floor":9,"key":"Dream Catcher"},{"floor":10,"key":"StrikeDummy"},{"floor":14,"key":"Prayer Wheel"},{"floor":23,"key":"Dead Branch"},{"floor":25,"key":"Potion Belt"},{"floor":26,"key":"Bronze Scales"},{"floor":30,"key":"Bottled Flame"}],"event_choices":[{"cards_removed":["Strike_G"],"damage_healed":0,"gold_gain":0,"player_choice":"Card Removal","damage_taken":0,"max_hp_gain":0,"max_hp_loss":0,"event_name":"The Cleric","floor":2,"gold_loss":75},{"damage_healed":0,"gold_gain":0,"player_choice":"Upgraded","damage_taken":0,"max_hp_gain":0,"max_hp_loss":0,"event_name":"Upgrade Shrine","floor":5,"gold_loss":0,"cards_upgraded":["Poisoned Stab"]},{"damage_healed":0,"gold_gain":0,"cards_transformed":["Strike_G"],"player_choice":"Transformed","damage_taken":0,"max_hp_gain":0,"max_hp_loss":0,"event_name":"Transmorgrifier","floor":20,"gold_loss":0,"cards_obtained":["Calculated Gamble"]}],"is_beta":false,"boss_relics":[{"not_picked":["Philosopher\u0027s Stone","Fusion Hammer"],"picked":"HoveringKite"}],"items_purged_floors":[19],"is_endless":false,"potions_floor_spawned":[7,8,12,13,16,21,25,28,30,31],"killed_by":"Collector","ascension_level":20}}