{"host":"s41rn2jhghpwfrvz","time":1610226245,"event":{"mods":["BaseMod","Minty Spire (QoL Compilation)","Quick Restart","Relic Stats","SuperFastMode"],"gold_per_floor":[111,16,16,32,43,76,76,103,103,117,128,149,178,203,215,310,322,345,40,50,63,78,110,110,110,110,110,135,184,103,141,141,214,214,229,179,230,160,160,185,200,230,255,281,281,281],"floor_reached":45,"playtime":1566,"items_purged":["Blur+1","Steam Power+1","ClearTheMind"],"score":1336,"play_id":"09b4d997-1482-47dc-bb3b-109e3faf5b3e","local_time":"20210109230405","daily_mods":["SealedDeck","Vintage","Diverse"],"is_ascension_mode":true,"campfire_choices":[{"data":"TalkToTheHand","floor":7,"key":"SMITH"},{"data":"Tantrum","floor":15,"key":"SMITH"},{"data":"Barricade","floor":27,"key":"SMITH"},{"data":"TalkToTheHand","floor":32,"key":"SMITH"}],"circlet_count":0,"master_deck":["AscendersBane","Tantrum+1","PiercingWail","TalkToTheHand+1","TalkToTheHand+1","Flash of Steel","Barricade+1","Madness+1","ClearTheMind+1","Prepared+1","Parasite"],"relics":["Burning Blood","Toxic Egg 2","Blood Vial","Singing Bowl","PreservedInsect","War Paint","CeramicFish","Paper Frog","Magic Flower","MawBank","Mango","Bag of Preparation","SacredBark","Regal Pillow","Membership Card","Pen Nib","Ornamental Fan","Pear","Darkstone Periapt","Eternal Feather","Mercury Hourglass","Smiling Mask","Potion Belt","Tiny Chest","Empty Cage","Centennial Puzzle","Ginger","Kunai","Toy Ornithopter","Oddly Smooth Stone","Orichalcum","Happy Flower"],"acts_visited":["Exordium","TheCity","TheBeyond"],"potions_floor_usage":[23,23,37,37,37,37,42],"damage_taken":[{"damage":16,"enemies":"2 Louse","floor":1,"turns":4},{"damage":0,"enemies":"Cultist","floor":4,"turns":4},{"damage":3,"enemies":"Jaw Worm","floor":5,"turns":3},{"damage":0,"enemies":"Lagavulin","floor":6,"turns":5},{"damage":42,"enemies":"3 Sentries","floor":8,"turns":14},{"damage":3,"enemies":"Exordium Wildlife","floor":10,"turns":6},{"damage":0,"enemies":"Large Slime","floor":11,"turns":5},{"damage":6,"enemies":"Looter","floor":13,"turns":4},{"damage":21,"enemies":"Exordium Thugs","floor":14,"turns":4},{"damage":1,"enemies":"Hexaghost","floor":16,"turns":7},{"damage":1,"enemies":"3 Byrds","floor":18,"turns":6},{"damage":9,"enemies":"Chosen","floor":20,"turns":5},{"damage":21,"enemies":"Shelled Parasite and Fungi","floor":21,"turns":4},{"damage":19,"enemies":"Snake Plant","floor":22,"turns":4},{"damage":0,"enemies":"Slavers","floor":23,"turns":1},{"damage":7,"enemies":"Book of Stabbing","floor":28,"turns":4},{"damage":2,"enemies":"Gremlin Leader","floor":31,"turns":4},{"damage":59,"enemies":"Automaton","floor":33,"turns":10},{"damage":12,"enemies":"Orb Walker","floor":35,"turns":4},{"damage":61,"enemies":"2 Orb Walkers","floor":37,"turns":5},{"damage":0,"enemies":"Nemesis","floor":40,"turns":5},{"damage":28,"enemies":"3 Shapes","floor":41,"turns":3},{"damage":133,"enemies":"Reptomancer","floor":42,"turns":3},{"damage":3,"enemies":"Writhing Mass","floor":44,"turns":6},{"damage":34,"enemies":"4 Shapes","floor":45,"turns":2}],"seed_played":"5028272623217565348","potions_obtained":[{"floor":5,"key":"SneckoOil"},{"floor":11,"key":"AttackPotion"},{"floor":13,"key":"FearPotion"},{"floor":23,"key":"BloodPotion"},{"floor":28,"key":"GamblersBrew"},{"floor":31,"key":"Regen Potion"},{"floor":35,"key":"Weak Potion"},{"floor":40,"key":"Dexterity Potion"},{"floor":41,"key":"BloodPotion"}],"is_trial":true,"path_per_floor":["M","$","?","M","M","E","R","E","T","M","M","?","M","M","R","B",null,"M","$","M","M","M","E","?","$","T","R","E","T","$","E","R","B",null,"M","$","?","$","?","E","M","E","T","M","M"],"character_chosen":"IRONCLAD","items_purchased":["Flash of Steel","Membership Card","Madness+1","Pen Nib","Potion Belt","Prepared+1"],"campfire_rested":0,"item_purchase_floors":[2,19,19,19,30,38],"current_hp_per_floor":[58,58,32,40,45,55,55,23,23,28,40,40,60,51,51,62,85,93,93,93,91,84,98,66,66,66,72,79,79,79,89,95,50,98,98,98,90,90,90,104,88,13,13,31,0,0],"gold":281,"neow_bonus":"","is_daily":false,"chose_seed":false,"campfire_upgraded":4,"win_rate":0.0,"timestamp":1610226245,"path_taken":["M","$","?","M","M","E","R","E","T","M","M","?","M","M","R","BOSS","M","?","M","?","M","E","?","$","T","R","E","?","$","E","R","BOSS","M","$","?","$","?","E","?","E","T","M","M"],"items_purchased_type":["Card","Relic","Card","Relic","Relic","Card"],"build_version":"2020-12-22","purchased_purges":3,"victory":false,"max_hp_per_floor":[75,75,75,75,75,77,77,79,79,79,79,79,93,93,93,93,93,93,93,93,103,103,105,110,110,110,110,112,112,112,112,112,114,114,114,114,116,116,116,118,118,120,120,126,126,126],"relic_stats":{"Darkstone Periapt":6,"Regal Pillow":0,"Singing Bowl":16,"CeramicFish":54,"Magic Flower":[71],"Bag of Preparation":[32],"Ginger":[2],"Smiling Mask":13,"Burning Blood":195,"Blood Vial":61,"Centennial Puzzle":[15],"Tiny Chest":0,"Kunai":[9],"Happy Flower":[0],"counters":[25,121],"Eternal Feather":12,"PreservedInsect":303,"Pen Nib":[18],"War Paint":["Blur","Hologram"],"Orichalcum":[0],"MawBank":96,"Mercury Hourglass":[227],"Ornamental Fan":[152],"obtain_stats":[{"Darkstone Periapt":22,"Regal Pillow":18,"Singing Bowl":4,"CeramicFish":8,"SacredBark":17,"Magic Flower":10,"Mango":13,"Bag of Preparation":14,"Ginger":37,"Smiling Mask":28,"Empty Cage":34,"Burning Blood":0,"Blood Vial":3,"Centennial Puzzle":35,"Tiny Chest":31,"Kunai":40,"Toxic Egg 2":1,"Paper Frog":9,"Potion Belt":30,"Pear":21,"Happy Flower":44,"Oddly Smooth Stone":42,"Eternal Feather":23,"PreservedInsect":5,"Pen Nib":19,"War Paint":6,"Orichalcum":43,"MawBank":11,"Mercury Hourglass":26,"Ornamental Fan":20,"Membership Card":19,"Toy Ornithopter":41},{"Darkstone Periapt":14,"Regal Pillow":11,"Singing Bowl":2,"CeramicFish":5,"SacredBark":10,"Magic Flower":6,"Mango":8,"Bag of Preparation":9,"Ginger":20,"Smiling Mask":16,"Empty Cage":18,"Burning Blood":0,"Blood Vial":1,"Centennial Puzzle":19,"Tiny Chest":17,"Kunai":21,"Toxic Egg 2":1,"Paper Frog":5,"Potion Belt":16,"Pear":13,"Happy Flower":24,"Oddly Smooth Stone":23,"Eternal Feather":15,"PreservedInsect":3,"Pen Nib":11,"War Paint":4,"Orichalcum":23,"MawBank":7,"Mercury Hourglass":15,"Ornamental Fan":12,"Membership Card":11,"Toy Ornithopter":22},{"Darkstone Periapt":75,"Regal Pillow":62,"Singing Bowl":8,"CeramicFish":30,"SacredBark":56,"Magic Flower":36,"Mango":45,"Bag of Preparation":49,"Ginger":102,"Smiling Mask":80,"Empty Cage":94,"Burning Blood":0,"Blood Vial":4,"Centennial Puzzle":97,"Tiny Chest":84,"Kunai":107,"Toxic Egg 2":4,"Paper Frog":30,"Potion Belt":80,"Pear":71,"Happy Flower":119,"Oddly Smooth Stone":113,"Eternal Feather":76,"PreservedInsect":11,"Pen Nib":62,"War Paint":16,"Orichalcum":113,"MawBank":41,"Mercury Hourglass":76,"Ornamental Fan":67,"Membership Card":62,"Toy Ornithopter":110}],"Toy Ornithopter":0},"card_choices":[{"not_picked":["LikeWater","Creative AI","Searing Blow"],"picked":"Singing Bowl","floor":6},{"not_picked":["Rampage","Crescendo+1","Slice"],"picked":"Singing Bowl","floor":8},{"not_picked":["Glass Knife","Double Tap+1"],"picked":"Barricade","floor":16},{"not_picked":["Headbutt","Quick Slash","Deadly Poison+1"],"picked":"Singing Bowl","floor":23},{"not_picked":["Well Laid Plans","Machine Learning","Leap+1"],"picked":"Singing Bowl","floor":28},{"not_picked":["Streamline","CrushJoints"],"picked":"ClearTheMind+1","floor":31},{"not_picked":["Alpha+1","Night Terror+1","Phantasmal Killer+1"],"picked":"Singing Bowl","floor":33},{"not_picked":["Riddle With Holes","SashWhip","Pummel"],"picked":"Singing Bowl","floor":37},{"not_picked":["Catalyst+1","Carnage+1","Nirvana+1"],"picked":"Singing Bowl","floor":40},{"not_picked":["Prepared+1","Accuracy","Consecrate"],"picked":"Singing Bowl","floor":42}],"player_experience":1693908,"relics_obtained":[{"floor":1,"key":"Toxic Egg 2"},{"floor":4,"key":"Singing Bowl"},{"floor":5,"key":"PreservedInsect"},{"floor":6,"key":"War Paint"},{"floor":8,"key":"CeramicFish"},{"floor":9,"key":"Paper Frog"},{"floor":10,"key":"Magic Flower"},{"floor":11,"key":"MawBank"},{"floor":13,"key":"Mango"},{"floor":14,"key":"Bag of Preparation"},{"floor":18,"key":"Regal Pillow"},{"floor":20,"key":"Ornamental Fan"},{"floor":21,"key":"Pear"},{"floor":22,"key":"Darkstone Periapt"},{"floor":23,"key":"Eternal Feather"},{"floor":26,"key":"Mercury Hourglass"},{"floor":28,"key":"Smiling Mask"},{"floor":31,"key":"Tiny Chest"},{"floor":35,"key":"Centennial Puzzle"},{"floor":37,"key":"Ginger"},{"floor":40,"key":"Kunai"},{"floor":41,"key":"Toy Ornithopter"},{"floor":42,"key":"Oddly Smooth Stone"},{"floor":43,"key":"Orichalcum"},{"floor":44,"key":"Happy Flower"}],"event_choices":[{"damage_healed":0,"gold_gain":0,"player_choice":"Success","damage_taken":26,"relics_obtained":["Blood Vial"],"max_hp_gain":0,"max_hp_loss":0,"event_name":"Scrap Ooze","floor":3,"gold_loss":0},{"damage_healed":0,"gold_gain":0,"cards_transformed":["Hologram"],"player_choice":"Transformed","damage_taken":0,"max_hp_gain":0,"max_hp_loss":0,"event_name":"Transmorgrifier","floor":12,"gold_loss":0,"cards_obtained":["Steam Power"]},{"damage_healed":0,"gold_gain":0,"player_choice":"Shed Blood","damage_taken":37,"max_hp_gain":5,"max_hp_loss":0,"event_name":"Forgotten Altar","floor":24,"gold_loss":0},{"damage_healed":0,"gold_gain":0,"player_choice":"Fight","damage_taken":0,"max_hp_gain":0,"max_hp_loss":0,"event_name":"Mysterious Sphere","floor":37,"gold_loss":0},{"cards_removed":["LikeWater"],"damage_healed":0,"gold_gain":0,"player_choice":"Purged","damage_taken":0,"max_hp_gain":0,"max_hp_loss":0,"event_name":"Purifier","floor":39,"gold_loss":0}],"is_beta":false,"boss_relics":[{"not_picked":["Velvet Choker","Black Blood"],"picked":"SacredBark"},{"not_picked":["SlaversCollar","Busted Crown"],"picked":"Empty Cage"}],"items_purged_floors":[19,36,38],"is_endless":false,"potions_floor_spawned":[5,11,13,14,18,22,23,28,31,35,40,41],"killed_by":"4 Shapes","ascension_level":20}}