{"host":"5wznv0010959mrmz","time":1610233998,"event":{"mods":["BaseMod","Highlight Path","Minty Spire (QoL Compilation)","Relic Stats"],"gold_per_floor":[111,130,130,5,18,46,46,46,46,79,92,92,112,132,132,209,209,227,227,243,261,261,292,292,322,322,44,57,72,72,90,90,164,164,180,197,211,230,200,200,235,247,305,334,346,346],"floor_reached":45,"playtime":1585,"items_purged":["Pain"],"score":1073,"play_id":"539a3676-3991-42ef-a681-0be03622b2f6","local_time":"20210109171318","is_ascension_mode":true,"campfire_choices":[{"data":"Dagger Spray","floor":7,"key":"SMITH"},{"data":"Eviscerate","floor":15,"key":"SMITH"},{"data":"Accuracy","floor":24,"key":"SMITH"},{"floor":30,"key":"REST"},{"floor":32,"key":"REST"},{"floor":40,"key":"REST"},{"data":"Footwork","floor":42,"key":"SMITH"}],"circlet_count":0,"master_deck":["AscendersBane","Strike_G","Strike_G","Strike_G","Strike_G","Defend_G+1","Defend_G","Defend_G","Defend_G","Defend_G","Survivor","Neutralize","Dagger Spray+1","Calculated Gamble","Prepared+1","Escape Plan","Slice","Eviscerate+1","Accuracy+1","Blade Dance","Storm of Steel","Underhanded Strike+1","Terror","Dodge and Roll+1","Cloak And Dagger+1","Blade Dance","Phantasmal Killer","Blade Dance","Blade Dance","Blur+1","Sucker Punch+1","Footwork+1","Blur"],"relics":["Ring of the Snake","NeowsBlessing","WarpedTongs","Incense Burner","Mummified Hand","Shuriken","Philosopher\u0027s Stone","War Paint","Letter Opener","Paper Crane","Runic Pyramid","MawBank","Happy Flower"],"acts_visited":["Exordium","TheCity","TheBeyond"],"potions_floor_usage":[10,23,23,37,38,41,45],"damage_taken":[{"damage":0,"enemies":"2 Louse","floor":1,"turns":1},{"damage":0,"enemies":"Cultist","floor":2,"turns":1},{"damage":0,"enemies":"Jaw Worm","floor":5,"turns":1},{"damage":29,"enemies":"3 Sentries","floor":6,"turns":10},{"damage":32,"enemies":"Gremlin Nob","floor":10,"turns":4},{"damage":1,"enemies":"Red Slaver","floor":11,"turns":2},{"damage":5,"enemies":"Blue Slaver","floor":13,"turns":2},{"damage":15,"enemies":"Gremlin Gang","floor":14,"turns":4},{"damage":28,"enemies":"Slime Boss","floor":16,"turns":7},{"damage":17,"enemies":"2 Thieves","floor":18,"turns":3},{"damage":8,"enemies":"3 Byrds","floor":20,"turns":4},{"damage":23,"enemies":"Snake Plant","floor":21,"turns":4},{"damage":3,"enemies":"Gremlin Leader","floor":23,"turns":3},{"damage":22,"enemies":"Book of Stabbing","floor":25,"turns":4},{"damage":3,"enemies":"Chosen and Byrds","floor":28,"turns":3},{"damage":2,"enemies":"3 Cultists","floor":29,"turns":4},{"damage":26,"enemies":"Snecko","floor":31,"turns":4},{"damage":4,"enemies":"Automaton","floor":33,"turns":7},{"damage":23,"enemies":"3 Shapes","floor":35,"turns":4},{"damage":11,"enemies":"Orb Walker","floor":36,"turns":4},{"damage":0,"enemies":"Maw","floor":37,"turns":3},{"damage":10,"enemies":"Writhing Mass","floor":38,"turns":3},{"damage":0,"enemies":"Nemesis","floor":41,"turns":5},{"damage":22,"enemies":"Spire Growth","floor":44,"turns":4},{"damage":19,"enemies":"Sphere and 2 Shapes","floor":45,"turns":4}],"seed_played":"-1942433973590786184","potions_obtained":[{"floor":2,"key":"Fruit Juice"},{"floor":6,"key":"Ancient Potion"},{"floor":10,"key":"Ancient Potion"},{"floor":18,"key":"CultistPotion"},{"floor":21,"key":"GamblersBrew"},{"floor":28,"key":"Weak Potion"},{"floor":29,"key":"FearPotion"},{"floor":39,"key":"DuplicationPotion"},{"floor":39,"key":"SkillPotion"}],"is_trial":false,"path_per_floor":["M","M","?","$","M","E","R","?","T","E","M","?","M","M","R","B",null,"M","?","M","M","?","E","R","E","T","$","M","M","R","M","R","B",null,"M","M","M","M","?","R","E","R","T","M","M"],"character_chosen":"THE_SILENT","items_purchased":["Dagger Spray","Paper Crane"],"campfire_rested":3,"item_purchase_floors":[4,27],"current_hp_per_floor":[59,59,59,59,59,30,30,30,30,3,2,71,66,51,51,23,59,42,71,63,40,40,37,37,15,15,15,12,10,31,5,26,22,59,36,25,25,15,15,36,36,36,36,14,0,0],"gold":346,"neow_bonus":"THREE_ENEMY_KILL","is_daily":false,"chose_seed":false,"campfire_upgraded":4,"win_rate":0.0,"timestamp":1610233998,"path_taken":["M","M","?","$","?","E","R","?","T","E","?","?","?","M","R","BOSS","M","?","?","M","?","E","R","E","T","$","M","M","R","M","R","BOSS","M","M","M","?","?","R","E","R","T","M","?"],"items_purchased_type":["Card","Relic"],"build_version":"2020-12-22","purchased_purges":1,"victory":false,"max_hp_per_floor":[66,66,66,66,66,66,66,66,66,71,71,71,71,71,71,71,71,71,71,71,71,71,71,71,71,71,71,71,71,71,71,71,71,71,71,71,71,71,71,71,71,71,71,71,71,71],"relic_stats":{"Happy Flower":[2],"counters":[25,95],"Mummified Hand":[22],"Shuriken":[58],"Letter Opener":[157],"War Paint":["Prepared","Defend_G"],"MawBank":48,"obtain_stats":[{"NeowsBlessing":0,"Happy Flower":43,"Incense Burner":6,"Letter Opener":25,"War Paint":23,"Paper Crane":27,"MawBank":41,"WarpedTongs":3,"Mummified Hand":9,"Shuriken":10,"Philosopher\u0027s Stone":17,"Ring of the Snake":0,"Runic Pyramid":34},{"NeowsBlessing":0,"Happy Flower":23,"Incense Burner":4,"Letter Opener":14,"War Paint":13,"Paper Crane":14,"MawBank":23,"WarpedTongs":2,"Mummified Hand":4,"Shuriken":5,"Philosopher\u0027s Stone":9,"Ring of the Snake":0,"Runic Pyramid":18},{"NeowsBlessing":0,"Happy Flower":87,"Incense Burner":13,"Letter Opener":50,"War Paint":46,"Paper Crane":50,"MawBank":87,"WarpedTongs":2,"Mummified Hand":13,"Shuriken":17,"Philosopher\u0027s Stone":32,"Ring of the Snake":0,"Runic Pyramid":68}],"Ring of the Snake":[50],"WarpedTongs":[92]},"card_choices":[{"not_picked":["Quick Slash","Tactician"],"picked":"Underhanded Strike","floor":1},{"not_picked":["Infinite Blades","Quick Slash"],"picked":"Masterful Stab","floor":2},{"not_picked":["Reflex","Storm of Steel"],"picked":"Calculated Gamble","floor":5},{"not_picked":["Backflip","Underhanded Strike"],"picked":"Prepared","floor":6},{"not_picked":["Acrobatics","Expertise"],"picked":"Slice","floor":10},{"not_picked":["Acrobatics","Bane"],"picked":"Eviscerate","floor":11},{"not_picked":["Concentrate","Skewer"],"picked":"Accuracy","floor":13},{"not_picked":["Expertise","Acrobatics"],"picked":"Blade Dance","floor":14},{"not_picked":["Bullet Time","Envenom"],"picked":"Storm of Steel","floor":16},{"not_picked":["Setup","Accuracy","Sucker Punch"],"picked":"SKIP","floor":18},{"not_picked":["Heel Hook","Slice+1","Quick Slash"],"picked":"SKIP","floor":20},{"not_picked":["Riddle With Holes","Bane"],"picked":"Underhanded Strike+1","floor":21},{"not_picked":["Flechettes","Poisoned Stab"],"picked":"Dodge and Roll+1","floor":23},{"not_picked":["Sucker Punch","Heel Hook","Envenom"],"picked":"SKIP","floor":25},{"not_picked":["Masterful Stab+1","Sucker Punch","Heel Hook"],"picked":"SKIP","floor":28},{"not_picked":["Deflect","Quick Slash"],"picked":"Cloak And Dagger+1","floor":29},{"not_picked":["Prepared","Quick Slash"],"picked":"Blade Dance","floor":31},{"not_picked":["Venomology","Grand Finale"],"picked":"Phantasmal Killer","floor":33},{"not_picked":["Deflect","Masterful Stab"],"picked":"Blade Dance","floor":35},{"not_picked":["Crippling Poison","Poisoned Stab+1"],"picked":"Blade Dance","floor":36},{"not_picked":["PiercingWail+1","Outmaneuver"],"picked":"Blur+1","floor":37},{"not_picked":["Catalyst","Dash"],"picked":"Sucker Punch+1","floor":38},{"not_picked":["Tactician","Noxious Fumes+1"],"picked":"Footwork","floor":41},{"not_picked":["All Out Attack","Quick Slash"],"picked":"Blur","floor":44}],"player_experience":427934,"relics_obtained":[{"floor":6,"key":"Incense Burner"},{"floor":9,"key":"Mummified Hand"},{"floor":10,"key":"Shuriken"},{"floor":23,"key":"War Paint"},{"floor":25,"key":"Letter Opener"},{"floor":41,"key":"MawBank"},{"floor":43,"key":"Happy Flower"}],"event_choices":[{"damage_healed":0,"gold_gain":0,"player_choice":"Rummage","damage_taken":0,"relics_obtained":["WarpedTongs"],"max_hp_gain":0,"max_hp_loss":0,"event_name":"Accursed Blacksmith","floor":3,"gold_loss":0,"cards_obtained":["Pain"]},{"damage_healed":0,"gold_gain":0,"cards_transformed":["Strike_G"],"player_choice":"Transformed","damage_taken":0,"max_hp_gain":0,"max_hp_loss":0,"event_name":"Transmorgrifier","floor":8,"gold_loss":0,"cards_obtained":["Escape Plan"]},{"cards_removed":["Masterful Stab"],"damage_healed":69,"gold_gain":0,"player_choice":"Offered Uncommon","damage_taken":0,"max_hp_gain":0,"max_hp_loss":0,"event_name":"Bonfire Elementals","floor":12,"gold_loss":0},{"damage_healed":29,"gold_gain":0,"player_choice":"Full Heal","damage_taken":0,"max_hp_gain":0,"max_hp_loss":0,"event_name":"Wheel of Change","floor":19,"gold_loss":0},{"damage_healed":0,"gold_gain":0,"cards_transformed":["Underhanded Strike"],"player_choice":"Transformed","damage_taken":0,"max_hp_gain":0,"max_hp_loss":0,"event_name":"Transmorgrifier","floor":22,"gold_loss":0,"cards_obtained":["Terror"]},{"damage_healed":0,"gold_gain":0,"player_choice":"Bought 2 Potions","damage_taken":0,"max_hp_gain":0,"max_hp_loss":0,"event_name":"The Woman in Blue","floor":39,"gold_loss":0}],"is_beta":false,"boss_relics":[{"not_picked":["Calling Bell","Runic Dome"],"picked":"Philosopher\u0027s Stone"},{"not_picked":["Tiny House","Astrolabe"],"picked":"Runic Pyramid"}],"items_purged_floors":[4],"is_endless":false,"potions_floor_spawned":[2,6,10,18,21,28,29,31],"killed_by":"Sphere and 2 Shapes","ascension_level":20}}