{"host":"8qkhzo0jjkmvsb7l","time":1610198502,"event":{"mods":["BaseMod","Conspire","Downfall","Marisa????????","Minty Spire (QoL Compilation)","Replay The Spire","StSLib"],"gold_per_floor":[99,110,126,126,36,48,48,48,48,66,66,2,28,28,40,40,40,40],"floor_reached":16,"playtime":940,"items_purged":["Slimebound:Defend_Slimebound"],"score":105,"play_id":"76437fff-92e3-4304-8fa8-132b018cb04e","local_time":"20210109162142","is_ascension_mode":true,"campfire_choices":[{"data":"Slimebound:Split","floor":1,"key":"SMITH"},{"data":"Slimebound:LeechEnergy","floor":9,"key":"SMITH"}],"circlet_count":0,"master_deck":["Slimebound:Strike_Slimebound","Slimebound:Strike_Slimebound","Slimebound:Tackle","Slimebound:Defend_Slimebound+1","Slimebound:Defend_Slimebound+1","Slimebound:Defend_Slimebound+1","Slimebound:Split+1","Slimebound:CorrosiveSpit","Slimebound:LeechEnergy+1","Slimebound:PressTheAttack","Regret","Slimebound:LeadByExample","Slimebound:Equalize+1","Slimebound:SamplingLick","Slimebound:RainOfGoop","Slimebound:LevelUp+1","Slimebound:AcidTongue","Slimebound:TongueLash+1","Slimebound:GoopTackle"],"relics":["Slimebound:AbsorbEndCombat","Slimebound:ScrapOozeRelic","Replay:Accelerometer"],"acts_visited":["Exordium"],"potions_floor_usage":[16,16],"damage_taken":[{"damage":13,"enemies":"Small Slimes","floor":2,"turns":3},{"damage":8,"enemies":"2 Louse","floor":3,"turns":2},{"damage":29,"enemies":"downfall:FleeingMerchant","floor":5,"turns":4},{"damage":6,"enemies":"Cultist","floor":6,"turns":3},{"damage":23,"enemies":"3 Louse","floor":10,"turns":3},{"damage":18,"enemies":"downfall:FleeingMerchant","floor":12,"turns":4},{"damage":50,"enemies":"Lagavulin","floor":13,"turns":4},{"damage":14,"enemies":"Exordium Wildlife","floor":15,"turns":2},{"damage":68,"enemies":"downfall:Defect","floor":16,"turns":5}],"seed_played":"2591450596662557796","potions_obtained":[{"floor":10,"key":"LiquidBronze"},{"floor":13,"key":"EssenceOfSteel"},{"floor":15,"key":"ColorlessPotion"}],"is_trial":false,"path_per_floor":["R","M","M","?","$","M","T","?","R","M","?","$","E","?","M","B"],"character_chosen":"SLIMEBOUND","items_purchased":["Slimebound:LevelUp+1"],"campfire_rested":0,"item_purchase_floors":[12],"current_hp_per_floor":[60,59,60,60,51,53,53,53,53,46,46,52,38,38,44,0,0,0],"gold":40,"neow_bonus":"TRANSFORM_CARD","is_daily":false,"chose_seed":false,"campfire_upgraded":2,"win_rate":0.0,"timestamp":1610198502,"path_taken":["R","M","M","?","$","M","T","?","R","?","?","?","E","?","M","BOSS"],"items_purchased_type":["Card"],"build_version":"2020-12-22","purchased_purges":1,"victory":false,"max_hp_per_floor":[60,60,60,60,60,60,60,60,60,60,60,60,60,60,60,60,60,60],"card_choices":[{"not_picked":["Slimebound:TongueLash","Slimebound:ComboTackle"],"picked":"Slimebound:PressTheAttack","floor":2},{"not_picked":["Slimebound:Dissolve","Slimebound:DivideAndConquer"],"picked":"Slimebound:SplitBruiser","floor":3},{"not_picked":["Slimebound:FormOfPuddle","Slimebound:SlimeBrawl"],"picked":"Slimebound:LeadByExample","floor":5},{"not_picked":["Slimebound:ForwardTackle","Slimebound:ComboTackle"],"picked":"Slimebound:Equalize","floor":6},{"not_picked":["Slimebound:LeadByExample","Slimebound:SelfFormingGoo"],"picked":"Slimebound:SamplingLick","floor":10},{"not_picked":["Slimebound:GoopTackle","Slimebound:GoopSpray"],"picked":"Slimebound:RainOfGoop","floor":12},{"not_picked":["Slimebound:GoopSpray","Slimebound:LeechEnergy"],"picked":"Slimebound:AcidTongue","floor":13},{"not_picked":["Slimebound:FinishingTackle","Slimebound:DivideAndConquer"],"picked":"Slimebound:GoopTackle","floor":15}],"player_experience":232301,"relics_obtained":[{"floor":7,"key":"Replay:Mystery Machine"},{"floor":13,"key":"Replay:Accelerometer"}],"event_choices":[{"damage_healed":0,"gold_gain":0,"player_choice":"Upgraded","damage_taken":0,"max_hp_gain":0,"max_hp_loss":0,"event_name":"Upgrade Shrine","floor":8,"gold_loss":0,"cards_upgraded":["Slimebound:Equalize"]}],"is_beta":false,"boss_relics":[],"items_purged_floors":[5],"is_endless":false,"potions_floor_spawned":[10,13,15],"killed_by":"downfall:Defect","ascension_level":1}}