{"host":"u21q392b5xaj11fl","time":1610236073,"event":{"mods":["2.2 Compatiblity","Bard","BaseMod","Better Note","Colored Map","Colored Powertips","Conspire","Custom Start","Downfall","Faster Ascension Climbing","GifTheSpireLib","Glutton Mod","Gremlin Skip","Highlight Path","Hubris","Infinite Spire","Mad Scientist","Marisa????????","Mimic Mod","Minty Spire (QoL Compilation)","Permanent Neow","Potionbrewer","Quick Restart","READ ME - Guardian Mod","Relic Sorter","Replay The Spire","Shop Mod","Somnambulant","StSLib","Stuff the Spire","SuperFastMode","The Construct","The Disciple","The Mystic","The Servant 0.9.4","vexMod"],"gold_per_floor":[111,111,130,149,149,149,181,28,28,28,61,81,114,139,139,212,212,232,243,243,256,11,11,29,29,29,29,62,91,133,158,158,250,250,269,299,321,86,108,149,149,192,215,215,249,249,249,251,251,275,275,275,25,55,55,55,55],"floor_reached":55,"playtime":5097,"items_purged":["Pain","Slimebound:Strike_Slimebound","Slimebound:Strike_Slimebound"],"score":1095,"play_id":"ba926f6c-abac-4ea6-aff6-6f32a8caba9e","local_time":"20210109174753","is_ascension_mode":true,"campfire_choices":[{"data":"Slimebound:ForwardTackle","floor":6.0,"key":"SMITH"},{"data":"Slimebound:Darklings","floor":10.0,"key":"SMITH"},{"floor":15.0,"key":"REST"},{"data":"Slimebound:LeadByExample","floor":23.0,"key":"SMITH"},{"data":"infinitespire:SevenWalls","floor":32.0,"key":"SMITH"},{"data":"ReplayTheSpireMod:Faulty Equipment","floor":41.0,"key":"SMITH"},{"data":"Slimebound:SpikyOuterGoop","floor":44.0,"key":"SMITH"},{"floor":49.0,"key":"RECALL"},{"data":"Slimebound:SlimeBarrage","floor":52.0,"key":"SMITH"}],"circlet_count":0,"master_deck":["AscendersBane","Slimebound:Strike_Slimebound","Slimebound:Tackle","Slimebound:Defend_Slimebound","Slimebound:Defend_Slimebound","Slimebound:Defend_Slimebound","Slimebound:Defend_Slimebound","Slimebound:Split+1","Slimebound:CorrosiveSpit+1","Slimebound:SplitMire","Slimebound:Darklings+1","Slimebound:ForwardTackle+1","Slimebound:SlimeBarrage+1","Slimebound:LeadByExample+1","Slimebound:SplitLeeching","Slimebound:SlimeSlap","Slimebound:Nibble","Slimebound:OneTwoCombo","Slimebound:SamplingLick","infinitespire:SevenWalls+1","Slimebound:SpikyOuterGoop+1","Slimebound:RallyTheTroops","Slimebound:Prepare","Slimebound:OozeBath+1","Slimebound:RallyTheTroops","Slimebound:DisruptingSlam","Slimebound:ComboTackle+1"],"relics":["Slimebound:AbsorbEndCombat","WarpedTongs","conspire:DeflatedDodgeball","vexMod:PlasmaPancake","infinitespire:PuzzleCube","Cursed Key","MerchantsRug","Medical Kit","infinitespire:EmpoweringShard","potionbrewer:BhaskarasWheel","Du-Vu Doll","Bag of Preparation","conspire:TopHat","Pen Nib","Membership Card","potionbrewer:BottledElixir","Toy Ornithopter","Pet Ghost"],"acts_visited":["Exordium","TheCity","TheBeyond","TheEnding"],"potions_floor_usage":[55,55,55,55],"damage_taken":[{"damage":12.0,"enemies":"conspire:RoseBush","floor":1.0,"turns":4.0},{"damage":28.0,"enemies":"infinitespire:Voidling","floor":3.0,"turns":4.0},{"damage":19.0,"enemies":"Jaw Worm","floor":4.0,"turns":3.0},{"damage":41.0,"enemies":"Lagavulin","floor":7.0,"turns":5.0},{"damage":44.0,"enemies":"3 Sentries","floor":11.0,"turns":4.0},{"damage":18.0,"enemies":"2 Fungi Beasts","floor":12.0,"turns":3.0},{"damage":32.0,"enemies":"Lagavulin","floor":13.0,"turns":4.0},{"damage":28.0,"enemies":"The Guardian","floor":16.0,"turns":7.0},{"damage":19.0,"enemies":"Chosen","floor":18.0,"turns":4.0},{"damage":38.0,"enemies":"2 Thieves","floor":19.0,"turns":2.0},{"damage":22.0,"enemies":"Cultist and Chosen","floor":21.0,"turns":4.0},{"damage":34.0,"enemies":"Shelled Parasite and Fungi","floor":24.0,"turns":3.0},{"damage":39.0,"enemies":"Snake Plant","floor":28.0,"turns":3.0},{"damage":23.0,"enemies":"3 Cultists","floor":29.0,"turns":2.0},{"damage":17.0,"enemies":"Gremlin Leader","floor":30.0,"turns":4.0},{"damage":23.0,"enemies":"Chosen and Byrds","floor":31.0,"turns":3.0},{"damage":61.0,"enemies":"Collector","floor":33.0,"turns":8.0},{"damage":4.0,"enemies":"Orb Walker","floor":35.0,"turns":2.0},{"damage":20.0,"enemies":"3 Darklings","floor":37.0,"turns":2.0},{"damage":12.0,"enemies":"Spire Growth","floor":39.0,"turns":3.0},{"damage":30.0,"enemies":"R_Hoarder","floor":40.0,"turns":5.0},{"damage":37.0,"enemies":"Reptomancer","floor":42.0,"turns":5.0},{"damage":8.0,"enemies":"R_Hoarder","floor":45.0,"turns":6.0},{"damage":3.0,"enemies":"infinitespire:Three Voidlings","floor":48.0,"turns":3.0},{"damage":68.0,"enemies":"Replay:Hell Engine","floor":50.0,"turns":8.0},{"damage":83,"enemies":"Shield and Spear","floor":54,"turns":5},{"damage":136,"enemies":"The Heart","floor":55,"turns":6}],"seed_played":"437347212165216535","potions_obtained":[{"floor":7.0,"key":"infinitespire:BlackPotion"},{"floor":11.0,"key":"DuplicationPotion"},{"floor":12.0,"key":"Explosive Potion"},{"floor":13.0,"key":"Weak Potion"},{"floor":24.0,"key":"Strength Potion"},{"floor":28.0,"key":"Ancient Potion"},{"floor":29.0,"key":"Elixir"},{"floor":30.0,"key":"Elixir"},{"floor":33.0,"key":"SteroidPotion"},{"floor":54,"key":"SkillPotion"}],"is_trial":false,"path_per_floor":["M","?","M","M","?","R","E","$","T","R","E","M","E","T","R","B",null,"M","M","?","M","$","R","M","?","T","AVR","M","M","E","M","R","B",null,"M","?","M","$","M","E","R","E","T","R","E","?","?","?","R","B",null,"R","$","E","B"],"character_chosen":"SLIMEBOUND","items_purchased":["Slimebound:LeadByExample","MerchantsRug","Slimebound:OneTwoCombo","Medical Kit","infinitespire:EmpoweringShard","Bag of Preparation","Slimebound:OozeBath+1","Membership Card","potionbrewer:BottledElixir","Toy Ornithopter"],"campfire_rested":1,"item_purchase_floors":[8,22,22,22,22,38,38,53,53,53],"current_hp_per_floor":[58,58,50,51,51,51,44,44,44,44,30,32,28,28,49,61,99,102,84,84,98,98,98,98,98,98,98,79,84,102,102,102,102,102,102,102,94,102,102,102,102,102,102,102,102,102,102,102,102,102,102,102,102,75,0,0,0],"gold":55,"neow_bonus":"RANDOM_EVENT","is_daily":false,"chose_seed":false,"campfire_upgraded":7,"win_rate":0.0,"timestamp":1610236073,"path_taken":["M","?","M","M","?","R","E","$","T","R","E","?","E","?","R","BOSS","M","M","?","M","$","R","M","?","T","AVR","M","M","E","M","R","BOSS","M","?","M","$","M","E","R","E","T","R","E","?","?","?","R","BOSS","R","$","E","BOSS"],"items_purchased_type":["Card","Relic","Card","Relic","Relic","Relic","Card","Relic","Relic","Relic"],"build_version":"2020-12-22","purchased_purges":3,"victory":false,"max_hp_per_floor":[60,60,60,60,60,60,66,66,66,66,72,72,72,72,72,72,102,102,102,102,102,102,102,102,102,102,102,102,102,102,102,102,102,102,102,102,102,102,102,102,102,102,102,102,102,102,102,102,102,102,102,102,102,102,102,102,102],"card_choices":[{"not_picked":["Slimebound:ServeAndProtect","Slimebound:Recollect"],"picked":"Slimebound:SplitMire","floor":1.0},{"not_picked":["Slimebound:LeechEnergy","Slimebound:Dissolve"],"picked":"Slimebound:Darklings","floor":3.0},{"not_picked":["Slimebound:DivideAndConquer","Slimebound:SlimeBarrage"],"picked":"Slimebound:ForwardTackle","floor":4.0},{"not_picked":["Slimebound:Gluttony","Slimebound:ViciousTackle"],"picked":"Slimebound:SlimeBarrage","floor":7.0},{"not_picked":["Slimebound:Darklings","Slimebound:SplitMire"],"picked":"Slimebound:SplitLeeching","floor":11.0},{"not_picked":["Slimebound:SplitBruiser","Slimebound:GoopSpray","Slimebound:GoopTackle"],"picked":"SKIP","floor":12.0},{"not_picked":["Slimebound:SlimeBarrage","Slimebound:LeechEnergy","Slimebound:PressTheAttack"],"picked":"SKIP","floor":13.0},{"not_picked":["Slimebound:Recycling","Slimebound:Overexert"],"picked":"Slimebound:SlimeSlap","floor":16.0},{"not_picked":["Slimebound:LeechEnergy"],"picked":"SKIP","floor":18.0},{"not_picked":["Slimebound:SplitMire"],"picked":"SKIP","floor":19.0},{"not_picked":["Slimebound:SplitAcid"],"picked":"SKIP","floor":21.0},{"not_picked":["Slimebound:SplitLeeching","Slimebound:DivideAndConquer"],"picked":"Slimebound:SamplingLick","floor":24.0},{"not_picked":["Slimebound:LeadByExample","Slimebound:FinishingTackle","Slimebound:SplitAcid"],"picked":"SKIP","floor":28.0},{"not_picked":["Slimebound:FirmFortitude","Slimebound:FinishingTackle+1"],"picked":"Slimebound:SpikyOuterGoop","floor":29.0},{"not_picked":["Slimebound:SplitAcid","Slimebound:DivideAndConquer","Slimebound:FormOfPuddle"],"picked":"SKIP","floor":30.0},{"not_picked":["Slimebound:FinishingTackle","Slimebound:SplitAcid","Slimebound:RainOfGoop"],"picked":"SKIP","floor":31.0},{"not_picked":["Slimebound:Darklings","Slimebound:SlimeSlap"],"picked":"Slimebound:RallyTheTroops","floor":33.0},{"not_picked":["Slimebound:SplitLeeching+1","Slimebound:SlimeTap","Slimebound:FinishingTackle"],"picked":"SKIP","floor":35.0},{"not_picked":["Slimebound:SplitMire","Slimebound:Nibble"],"picked":"Slimebound:Prepare","floor":36.0},{"not_picked":["Slimebound:ItLooksTasty","Slimebound:Replication","Slimebound:DivideAndConquer"],"picked":"SKIP","floor":37.0},{"not_picked":["Slimebound:SlimeBrawl","Slimebound:SplitBruiser+1","Slimebound:GoopSpray"],"picked":"SKIP","floor":39.0},{"not_picked":["Slimebound:SlimeBrawl","Slimebound:SplitBruiser+1","Slimebound:GoopSpray"],"picked":"SKIP","floor":39.0},{"not_picked":["Slimebound:FinishingTackle+1","Slimebound:Gluttony","Slimebound:HungryTackle"],"picked":"SKIP","floor":40.0},{"not_picked":["Slimebound:SamplingLick+1","Slimebound:GrowthPunch"],"picked":"Slimebound:RallyTheTroops","floor":42.0},{"not_picked":["Slimebound:ViciousTackle","Slimebound:RollThrough+1","Slimebound:DivideAndConquer"],"picked":"SKIP","floor":45.0},{"not_picked":["Slimebound:Gluttony","Slimebound:HungryTackle"],"picked":"Slimebound:ComboTackle+1","floor":54}],"player_experience":173182,"relics_obtained":[{"floor":7.0,"key":"vexMod:BerryBomb"},{"floor":9.0,"key":"conspire:DeflatedDodgeball"},{"floor":11.0,"key":"vexMod:PlasmaPancake"},{"floor":13.0,"key":"infinitespire:PuzzleCube"},{"floor":14.0,"key":"Potion Belt"},{"floor":30.0,"key":"MealTicket"},{"floor":36.0,"key":"Du-Vu Doll"},{"floor":40.0,"key":"Omamori"},{"floor":42.0,"key":"conspire:TopHat"},{"floor":43.0,"key":"Pen Nib"},{"floor":45.0,"key":"Replay:Mystery Machine"},{"floor":54,"key":"Pet Ghost"}],"event_choices":[{"damage_healed":0.0,"max_hp_gain":0.0,"max_hp_loss":0.0,"gold_gain":0.0,"event_name":"Living Wall","player_choice":"Grow","floor":0.0,"gold_loss":0.0,"damage_taken":0.0,"cards_upgraded":["Slimebound:Split"]},{"damage_healed":0.0,"max_hp_gain":0.0,"max_hp_loss":0.0,"gold_gain":0.0,"event_name":"Accursed Blacksmith","player_choice":"Rummage","floor":5.0,"gold_loss":0.0,"damage_taken":0.0,"relics_obtained":["WarpedTongs"],"cards_obtained":["Pain"]},{"damage_healed":0.0,"max_hp_gain":0.0,"max_hp_loss":0.0,"gold_gain":0.0,"event_name":"betterNote:BetterNote","player_choice":"Take","floor":20.0,"gold_loss":0.0,"damage_taken":0.0,"cards_obtained":["Slimebound:Nibble"]}],"is_beta":false,"boss_relics":[{"not_picked":["StuffTheSpire:ModemDavis","ReplayTheSpireMod:SealedPack"],"picked":"Replay:Grab Bag"},{"not_picked":["hubris:CrackedHourglass","vexMod:FluxCapacitor"],"picked":"Busted Crown"},{"not_picked":["Philosopher\u0027s Stone","Runic Dome"],"picked":"Cursed Key"},{"not_picked":["hubris:Backtick","expansioncontent:StudyCardRelic"],"picked":"vexMod:BigBerry"},{"not_picked":["Replay:Wanted Poster","Pandora\u0027s Box"],"picked":"potionbrewer:BhaskarasWheel"}],"items_purged_floors":[8,27,53],"is_endless":false,"potions_floor_spawned":[7,11,12,13,24,28,29,30,33,37,39,48,54],"killed_by":"The Heart","ascension_level":13}}