{"host":"gkmfgzxy0jvnl2zt","time":1610165896,"event":{"mods":["AchievementEnabler","Act Like it!","Aspiration","BaseMod","Better Note","BetterRewards","Card Forge","Colored Map","Colored Powertips","Conspire","Elementarium","Energized Spire","Infinite Spire","Ironclad Rager","Mimic Mod","Minty Spire (QoL Compilation)","Permanent Neow","Replay The Spire","Shop Mod","StSLib","The Factory","The Jungle","Trackpad","vexMod"],"gold_per_floor":[99999,100014,100026,99264,99284,99309,99309,99343,99378,99378,99405,99415,98527,98527,98527,98631,98631,98651,97650,97650,97650,97650,98316,97304,97329,97329,97329,96665,96680,96695,96715,96715,96817,96917,96932,96942,96942,96249,96266,96266,96294,96311,96336,96336,96336,96336,96336],"floor_reached":46,"playtime":3182,"items_purged":["Defend_B+1","Defend_B+1","Strike_B+1"],"score":726,"play_id":"476d9de3-d700-42f6-afa0-a552866ab753","local_time":"20210108231816","is_ascension_mode":false,"campfire_choices":[{"floor":7,"key":"RECALL"}],"circlet_count":0,"master_deck":["Zap+1","Dualcast+1","Loop+1","Beam Cell+1","Pot Of Greed+1","Pot Of Greed+1","Poisoned Strike+1","Loop+1","Barrage+1","Cold Snap+1","Double Energy+1","Storm+1","conspire:SharedLibrary+1","BasicCrystalCard+1","Defragment+1","Lockon+1","Undo+1","Pot Of Greed+1","Echo Form+1","Sunder+1","Capacitor+1","Beam Cell+1","Transmutation+1","Self Repair+1","RitualDagger+1","infinitespire:Execution+1","Replay:Fractal Strike+1","Pot Of Greed+1","ReplayTheSpireMod:Echoes of Time+1","Amplify+1","Defragment+1","Hologram+1","Barrage+1","Sadistic Nature+1","Flash of Steel+1","ReplayTheSpireMod:System Scan+1","Steam+1","Thunder Strike+1","BasicCrystalCard+1","Crow Ritual+1","Crow Ritual+1","Beam Cell+1","Conserve Battery+1","White Noise+1","Reboot+1","infinitespire:Gouge+1","infinitespire:Punishment+1","ReplayTheSpireMod:System Scan+1"],"relics":["Cracked Core","Hammer of Thor","Seething Fire","Anvil of the Gods","aspiration:Nostalgia","PureWater","Grinning Jar","trackpad:BiPhaseBiplane","Potion Belt","Replay:WaspNest","WingedGreaves","trackpad:IceCube","Bronze Scales","Toy Ornithopter","Frozen Eye","Replay:PocketPolymizer","Chameleon Ring","Coffee Dripper","infinitespire:Freezer","Sling","Bottled Flame","Lee\u0027s Waffle","vexMod:RockOfEvil","conspire:TreasureMap","ReplayTheSpireMod:TigerMarble","Ginger","infinitespire:PuzzleCube","Blue Doll","ClockworkSouvenir","War Paint","Bag of Preparation","Replay:Wanted Poster","Kunai","vexMod:Dragonfruit","Anchor","vexMod:BarristanHead","Replay:Bottled Eggs","infinitespire:Cupcake"],"acts_visited":["Exordium","TheCity","TheBeyond"],"potions_floor_usage":[16,16,16,16,25,33,33,41,41,46],"damage_taken":[{"damage":0,"enemies":"2 Louse","floor":1,"turns":2},{"damage":0,"enemies":"Cultist","floor":2,"turns":3},{"damage":0,"enemies":"Small Slimes","floor":3,"turns":2},{"damage":0,"enemies":"Exordium Thugs","floor":5,"turns":3},{"damage":1,"enemies":"Replay:BlueRogue","floor":6,"turns":3},{"damage":16,"enemies":"Gremlin Nob","floor":8,"turns":3},{"damage":2,"enemies":"conspire:2 RoseBushes","floor":9,"turns":3},{"damage":4,"enemies":"conspire:2 RoseBushes","floor":12,"turns":3},{"damage":12,"enemies":"Fading Forest","floor":16,"turns":11},{"damage":20,"enemies":"3 Byrds","floor":18,"turns":3},{"damage":13,"enemies":"Replay:Snechameleon","floor":25,"turns":3},{"damage":10,"enemies":"Shell Parasite","floor":29,"turns":2},{"damage":9,"enemies":"Snake Plant","floor":30,"turns":1},{"damage":0,"enemies":"Centurion and Healer","floor":31,"turns":3},{"damage":0,"enemies":"Champ","floor":33,"turns":4},{"damage":2,"enemies":"3 Shapes","floor":35,"turns":2},{"damage":0,"enemies":"Orb Walker","floor":36,"turns":2},{"damage":19,"enemies":"Writhing Mass","floor":39,"turns":2},{"damage":0,"enemies":"Nemesis","floor":41,"turns":2},{"damage":0,"enemies":"Jaw Worm Horde","floor":42,"turns":2},{"damage":24,"enemies":"infinitespire:Three Voidlings","floor":46,"turns":3},{"damage":79,"enemies":"Nightmare_Alpha","floor":46,"turns":3}],"seed_played":"-6271019390505212644","potions_obtained":[{"floor":2,"key":"AttackPotion"},{"floor":3,"key":"Energy Potion"},{"floor":6,"key":"Elixir"},{"floor":12,"key":"Swift Potion"},{"floor":16,"key":"Weak Potion"},{"floor":27,"key":"Block Potion"},{"floor":27,"key":"Explosive Potion"},{"floor":29,"key":"Adrenaline Potion"},{"floor":32,"key":"infinitespire:BlackPotion"},{"floor":32,"key":"SkillPotion"},{"floor":33,"key":"ColorlessPotion"},{"floor":36,"key":"Energy Potion"},{"floor":39,"key":"FocusPotion"},{"floor":40,"key":"Regen Potion"},{"floor":42,"key":"Ancient Potion"},{"floor":45,"key":"SkillPotion"}],"is_trial":false,"path_per_floor":["M","M","M","$","M","E","R","E","MIM","R","T","M","$","?","R_BF","B",null,"M","$","?","?","?","AVR","$","E","T","R","$","M","M","M","R_BF","B",null,"M","M","?","$","M","R","E","M","T","AVR","R","?"],"character_chosen":"DEFECT","items_purchased":["Grinning Jar","trackpad:BiPhaseBiplane","Potion Belt","Poisoned Strike","Loop","Mayhem","BasicCrystalCard","Defragment","Lockon","Bronze Scales","Toy Ornithopter","Frozen Eye","infinitespire:Freezer","Sling","Capacitor","Toxic Potion","LifebloodPotion","Bottled Flame","Beam Cell","Transmutation","conspire:TreasureMap","ReplayTheSpireMod:TigerMarble","Ginger","Amplify","Defragment","Adrenaline Potion","ClockworkSouvenir","War Paint","Bag of Preparation","Sadistic Nature","Flash of Steel","Kunai","vexMod:Dragonfruit","Crow Ritual","Beam Cell"],"campfire_rested":0,"item_purchase_floors":[4,4,4,4,4,13,13,13,13,13,13,13,19,19,19,19,19,19,19,19,24,24,24,24,24,24,28,28,28,28,28,38,38,38,38],"current_hp_per_floor":[75,75,75,75,75,74,74,58,56,56,56,52,52,52,40,56,75,55,55,55,63,57,82,82,74,74,74,74,82,73,73,73,82,82,82,82,82,87,68,68,87,87,87,87,87,0,0],"gold":96336,"neow_bonus":"NOSTALGIA","is_daily":false,"chose_seed":false,"campfire_upgraded":0,"win_rate":0.0,"timestamp":1610165896,"path_taken":["M","M","M","$","M","E","R","E","MIM","R","?","?","$","?","R_BF","BOSS","M","$","?","?","?","AVR","$","E","T","R","?","?","M","M","R_BF","BOSS","M","M","?","$","M","R","E","?","T","AVR","R","?"],"items_purchased_type":["Relic","Relic","Relic","Card","Card","Card","Card","Card","Card","Relic","Relic","Relic","Relic","Relic","Card","Potion","Potion","Relic","Card","Card","Relic","Relic","Relic","Card","Card","Potion","Relic","Relic","Relic","Card","Card","Relic","Relic","Card","Card"],"build_version":"2020-12-22","purchased_purges":3,"victory":false,"max_hp_per_floor":[75,75,75,75,75,75,75,75,75,75,75,75,75,75,75,75,75,75,75,75,75,75,82,82,82,82,82,82,82,82,82,82,82,82,82,82,82,87,87,87,87,87,87,87,87,87,87],"card_choices":[{"not_picked":["Lockon","Streamline"],"picked":"Loop","floor":1},{"not_picked":["Go for the Eyes","Panic Button","Rip and Tear"],"picked":"SKIP","floor":2},{"not_picked":["Cold Snap","Coolheaded"],"picked":"Beam Cell","floor":3},{"not_picked":["Chaos","Turbo"],"picked":"Barrage","floor":5},{"not_picked":["Go for the Eyes","Steam"],"picked":"Cold Snap","floor":6},{"not_picked":["Compile Driver","Rip and Tear"],"picked":"Double Energy","floor":8},{"not_picked":["Ball Lightning","Biased Cognition"],"picked":"Storm","floor":9},{"not_picked":["Streamline","Leap"],"picked":"conspire:SharedLibrary","floor":12},{"not_picked":["Seek","Machine Learning"],"picked":"Echo Form","floor":16},{"not_picked":["Compile Driver+1","Go for the Eyes"],"picked":"Sunder","floor":18},{"not_picked":["Stack","ReplayTheSpireMod:Reroute Power+1"],"picked":"Hologram+1","floor":25},{"not_picked":["Streamline","Biased Cognition"],"picked":"ReplayTheSpireMod:System Scan","floor":29},{"not_picked":["Rebound","Stack","Skim"],"picked":"SKIP","floor":30},{"not_picked":["Turbo","Compile Driver"],"picked":"Steam","floor":31},{"not_picked":["Buffer","Mirror Shield"],"picked":"Thunder Strike","floor":33},{"not_picked":["Blizzard","Redo+1"],"picked":"BasicCrystalCard","floor":35},{"not_picked":["Barrage+1","Steam Power","Cold Snap"],"picked":"SKIP","floor":36},{"not_picked":["Barrage+1","Steam Power","Cold Snap"],"picked":"SKIP","floor":36},{"not_picked":["Turbo+1","Ball Lightning+1"],"picked":"Conserve Battery+1","floor":39},{"not_picked":["Rip and Tear","Turbo"],"picked":"Reboot","floor":41},{"not_picked":["Go for the Eyes","Sweeping Beam+1"],"picked":"Gash","floor":42}],"player_experience":26586,"relics_obtained":[{"floor":6,"key":"Replay:WaspNest"},{"floor":8,"key":"WingedGreaves"},{"floor":11,"key":"trackpad:IceCube"},{"floor":14,"key":"Replay:PocketPolymizer"},{"floor":25,"key":"infinitespire:PuzzleCube"},{"floor":26,"key":"Blue Doll"},{"floor":41,"key":"Anchor"},{"floor":43,"key":"vexMod:BarristanHead"}],"event_choices":[{"damage_healed":0,"gold_gain":0,"player_choice":"Success","damage_taken":12,"relics_obtained":["Chameleon Ring"],"max_hp_gain":0,"max_hp_loss":0,"event_name":"Scrap Ooze","floor":15,"gold_loss":0},{"cards_removed":["Echo Form"],"damage_healed":0,"gold_gain":0,"player_choice":"Take \u0026 Give","damage_taken":0,"max_hp_gain":0,"max_hp_loss":0,"event_name":"betterNote:BetterNote","floor":20,"gold_loss":0,"cards_obtained":["Self Repair"]},{"damage_healed":0,"gold_gain":0,"player_choice":"Joined the Cult","damage_taken":6,"max_hp_gain":0,"max_hp_loss":0,"event_name":"Nest","floor":22,"gold_loss":0,"cards_obtained":["RitualDagger"]},{"cards_removed":["Self Repair"],"damage_healed":0,"gold_gain":0,"player_choice":"Offered Uncommon","damage_taken":0,"max_hp_gain":0,"max_hp_loss":0,"event_name":"Bonfire Elementals","floor":37,"gold_loss":0}],"is_beta":false,"boss_relics":[{"not_picked":["Runic Pyramid","ReplayTheSpireMod:DimensionalGlitch"],"picked":"Coffee Dripper"},{"not_picked":["Sozu","energizedSpire:RedRose"],"picked":"Replay:Wanted Poster"}],"items_purged_floors":[4,13,24],"is_endless":false,"potions_floor_spawned":[2,3,6,12,16,29,33,36,39,42],"killed_by":"Nightmare_Alpha","ascension_level":0}}