{"host":"yassvrowvc2yfwp2","time":1610158865,"event":{"mods":["2.2 Compatiblity","Act Like it!","BaseMod","Better Note","Downfall","HololiveMod","Jorbs\u0027s Wanderer Trilogy","Minty Spire (QoL Compilation)","Prisma Mod","Rare Cards Sparkle","Reimu£®≤©¿ˆ¡È√Œ£©","Replay The Spire","Spicy Shops","StSLib","The Bug Knight","The Cursed","The Servant 0.9.4"],"gold_per_floor":[144,189,234,279,6,6,66,111,161,161,161,161,251,296,296,596,596,641,641,686,686,731,731,776,821,846,891,125,170,260,305,305,605,605,650,650,695,740,890,890,980,980,980,1088,20,65,110,155,155,155],"floor_reached":51,"playtime":2410,"items_purged":[],"score":1080,"play_id":"5f14b014-90af-4a1c-a812-7a7913bb08f4","local_time":"20210109102105","daily_mods":["Cursed Run","Uncertain Future","Midas"],"is_ascension_mode":false,"campfire_choices":[{"floor":6,"key":"REST"},{"floor":12,"key":"REST"},{"floor":15,"key":"REST"},{"floor":23,"key":"REST"},{"floor":32,"key":"REST"},{"floor":40,"key":"REST"},{"floor":42,"key":"REST"},{"floor":49,"key":"REST"}],"circlet_count":0,"master_deck":["Slimebound:Strike_Slimebound","Slimebound:Strike_Slimebound+1","Slimebound:Tackle+1","Slimebound:Defend_Slimebound+1","Slimebound:Defend_Slimebound+1","Slimebound:Split","Slimebound:CorrosiveSpit","Slimebound:SplitLeeching","Slimebound:SplitBruiser+1","Slimebound:Repurpose","Slimebound:TagTeam+1","Slimebound:LevelUp","Slimebound:Replication","stsjorbsmod:Procrastination","Parasite","Slimebound:SlimeBarrage","Slimebound:SplitLeeching+1","Overencumbered","Slimebound:TagTeam+1","Slimebound:Grow+1","Slimebound:DivideAndConquer+1","Slimebound:ComboTackle+1","Slimebound:Grow+1","Slimebound:LevelUp","Slimebound:SplitMire","Slimebound:FirmFortitude","Slimebound:SplitLeeching+1","Regret","Slimebound:SplitBruiser","Slimebound:SelfFormingGoo+1","Slimebound:TagTeam+1","Magnetism","Slimebound:TagTeam","Slimebound:MinionMaster+1","Slimebound:SpikyOuterGoop","Hallucinations","Slimebound:MassRepurpose+1","Slimebound:Recollect+1","Slimebound:SplitAcid+1","Slimebound:SplitBruiser+1","Slimebound:DouseInSlime","Decay","stsjorbsmod:Withering","Slimebound:SlimeTap+1","Specialist","Slimebound:SplitAcid+1","Slimebound:LeechLife","Slimebound:SplitBruiser+1","Slimebound:RejuvenatingLick+1","Poor:ReiMu"],"relics":["Cursed Key","Darkstone Periapt","Du-Vu Doll","champ:Barbells","Gambling Chip","Bag of Marbles","Question Card","Replay:Grab Bag","Fusion Hammer","SlaversCollar","Astrolabe","Nilry\u0027s Codex","hexamod:BolsterEngine","Nunchaku","Replay:Baseball","Regal Pillow","DollysMirror","Torii","Guardian:GemstoneGun","The Courier","Prayer Wheel","PureWhite:ReiMu","Anchor","Toolbox","HollowMod:StagPassRelic","Durian","War Paint","Slimebound:MaxSlimesRelic"],"acts_visited":["Exordium","TheCity","TheBeyond"],"potions_floor_usage":[41,41,41,50,50,50,50,50,50],"damage_taken":[{"damage":7,"enemies":"Small Slimes","floor":1,"turns":4},{"damage":4,"enemies":"2 Louse","floor":2,"turns":4},{"damage":15,"enemies":"Jaw Worm","floor":3,"turns":3},{"damage":18,"enemies":"Looter","floor":4,"turns":3},{"damage":25,"enemies":"Gremlin Nob","floor":7,"turns":3},{"damage":6,"enemies":"2 Fungi Beasts","floor":8,"turns":3},{"damage":17,"enemies":"3 Sentries","floor":13,"turns":3},{"damage":12,"enemies":"Exordium Thugs","floor":14,"turns":2},{"damage":22,"enemies":"The Guardian","floor":16,"turns":6},{"damage":7,"enemies":"Spheric Guardian","floor":18,"turns":2},{"damage":27,"enemies":"3 Byrds","floor":20,"turns":3},{"damage":10,"enemies":"Centurion and Healer","floor":22,"turns":3},{"damage":26,"enemies":"Sentry and Sphere","floor":24,"turns":4},{"damage":24,"enemies":"Shelled Parasite and Fungi","floor":25,"turns":4},{"damage":18,"enemies":"3 Cultists","floor":27,"turns":4},{"damage":22,"enemies":"Centurion and Healer","floor":29,"turns":4},{"damage":8,"enemies":"HollowMod:Nosk","floor":30,"turns":4},{"damage":5,"enemies":"Sentry and Sphere","floor":31,"turns":3},{"damage":55,"enemies":"Collector","floor":33,"turns":8},{"damage":34,"enemies":"3 Darklings","floor":35,"turns":6},{"damage":13,"enemies":"Orb Walker","floor":37,"turns":3},{"damage":12,"enemies":"4 Shapes","floor":38,"turns":6},{"damage":22,"enemies":"Mind Bloom Boss Battle","floor":39,"turns":5},{"damage":24,"enemies":"Giant Head","floor":41,"turns":6},{"damage":0,"enemies":"Sphere and 2 Shapes","floor":46,"turns":3},{"damage":0,"enemies":"Transient","floor":47,"turns":5},{"damage":0,"enemies":"Jaw Worm Horde","floor":48,"turns":3},{"damage":5,"enemies":"Donu and Deca","floor":50,"turns":4}],"seed_played":"579003938715623652","potions_obtained":[{"floor":2,"key":"Energy Potion"},{"floor":7,"key":"EntropicBrew"},{"floor":13,"key":"Fire Potion"},{"floor":41,"key":"Fire Potion"},{"floor":48,"key":"EssenceOfSteel"}],"is_trial":false,"path_per_floor":["M","M","M","M","$","R","?","M","T","?","?","R","E","M","R","B",null,"M","?","M","?","M","R","M","M","T","M","$","M","E","M","R","B",null,"M","?","M","M","?","R","E","R","T","?","$","M","M","M","R","B",null],"character_chosen":"SLIMEBOUND","items_purchased":["Slimebound:TagTeam+1","champ:Barbells","Replay:Baseball","Regal Pillow","Slimebound:SelfFormingGoo","DollysMirror","Magnetism","Specialist","Anchor","Toolbox","HollowMod:StagPassRelic","Durian","War Paint","Slimebound:MaxSlimesRelic"],"campfire_rested":8,"item_purchase_floors":[5,5,28,28,28,28,28,45,45,45,45,45,45,45],"current_hp_per_floor":[57,57,50,44,44,60,43,45,51,72,72,72,62,60,72,72,78,75,59,54,54,52,75,60,46,52,50,50,48,56,67,84,59,90,66,66,67,67,73,90,90,90,96,102,107,107,103,107,107,113],"gold":155,"neow_bonus":"","is_daily":true,"chose_seed":false,"campfire_upgraded":0,"win_rate":0.0,"timestamp":1610158865,"path_taken":["M","M","M","M","$","R","?","M","T","?","?","R","E","M","R","BOSS","M","?","M","?","?","R","M","M","T","M","$","M","E","M","R","BOSS","M","?","M","M","?","R","E","R","T","?","$","M","M","M","R","BOSS"],"items_purchased_type":["Card","Relic","Relic","Relic","Card","Relic","Card","Card","Relic","Relic","Relic","Relic","Relic","Relic"],"build_version":"2020-12-22","purchased_purges":0,"victory":true,"max_hp_per_floor":[60,60,60,60,60,60,60,60,66,72,72,72,72,72,72,78,78,78,78,78,78,78,78,78,78,84,84,84,84,84,84,84,90,90,90,90,90,90,90,90,90,90,96,102,107,107,107,107,107,113],"card_choices":[{"not_picked":["Slimebound:GoopSpray","Slimebound:SplitMire"],"picked":"Slimebound:Gluttony","floor":1},{"not_picked":["Slimebound:ViciousTackle","Slimebound:FirmFortitude"],"picked":"Slimebound:SplitLeeching","floor":2},{"not_picked":["Slimebound:Schlurp","Slimebound:SplitMire"],"picked":"Slimebound:SplitBruiser","floor":3},{"not_picked":["Slimebound:MegaLick","Slimebound:ComboTackle"],"picked":"Slimebound:Repurpose","floor":4},{"not_picked":["Slimebound:GoopSpray","Slimebound:RejuvenatingLick"],"picked":"Slimebound:LevelUp","floor":7},{"not_picked":["Slimebound:FlameTackle","Slimebound:GrowthPunch"],"picked":"Slimebound:Replication","floor":8},{"not_picked":["Slimebound:SlimeSpikes","Slimebound:AcidTongue"],"picked":"Slimebound:SlimeBarrage","floor":13},{"not_picked":["Slimebound:LivingWall","Slimebound:Equalize","Slimebound:DivideAndConquer"],"picked":"Slimebound:SplitLeeching","floor":14},{"not_picked":["Slimebound:MassFeed","Slimebound:Darklings","Slimebound:WasteNot"],"picked":"Slimebound:TagTeam","floor":16},{"not_picked":["Slimebound:SplitAcid","Slimebound:Prepare","Slimebound:ComboTackle"],"picked":"Slimebound:Grow","floor":18},{"not_picked":["Slimebound:DivideAndConquer","Slimebound:Schlurp","Slimebound:SlimeBarrage+1"],"picked":"Slimebound:LevelUp","floor":20},{"not_picked":["Slimebound:GrowthPunch","Slimebound:ViciousTackle","Slimebound:LeechingTouch"],"picked":"Slimebound:SplitMire","floor":22},{"not_picked":["Slimebound:Chomp","Slimebound:Prepare+1","Slimebound:GoopTackle+1"],"picked":"Slimebound:FirmFortitude","floor":24},{"not_picked":["Slimebound:SplitAcid+1","Slimebound:LeechEnergy","Slimebound:SamplingLick"],"picked":"Slimebound:SplitLeeching+1","floor":25},{"not_picked":["Slimebound:SplitLeeching","Slimebound:Recollect","Slimebound:Schlurp+1"],"picked":"Slimebound:SplitBruiser","floor":27},{"not_picked":["Slimebound:GoopSpray","Slimebound:Equalize","Slimebound:FinishingTackle+1"],"picked":"Slimebound:TagTeam","floor":29},{"not_picked":["Slimebound:LivingWall","Slimebound:SlimeSpikes","Slimebound:GoopSpray"],"picked":"Slimebound:MinionMaster","floor":30},{"not_picked":["Slimebound:GoopTackle","Slimebound:SplitMire","Slimebound:Grow"],"picked":"Slimebound:SpikyOuterGoop","floor":31},{"not_picked":["Slimebound:Recycling","Slimebound:MassFeed","Slimebound:RallyTheTroops"],"picked":"Slimebound:MassRepurpose","floor":33},{"not_picked":["Slimebound:Grow+1","Slimebound:Chomp+1","Slimebound:LeechingTouch"],"picked":"Slimebound:Recollect+1","floor":35},{"not_picked":["Slimebound:RollThrough+1","Slimebound:FlameTackle+1","Slimebound:BestDefense","Slimebound:ViciousTackle+1"],"picked":"SKIP","floor":37},{"not_picked":["Slimebound:SplitBruiser","Slimebound:TongueLash","Slimebound:LeechEnergy"],"picked":"Slimebound:SplitAcid+1","floor":38},{"not_picked":["Slimebound:GoopSpray+1","Slimebound:Recollect","Slimebound:Schlurp+1"],"picked":"Slimebound:SplitBruiser+1","floor":39},{"not_picked":["Slimebound:RejuvenatingLick","Slimebound:FinishingTackle+1","Slimebound:LeechingTouch"],"picked":"Slimebound:DouseInSlime","floor":41},{"not_picked":["Slimebound:FinishingTackle","Slimebound:ServeAndProtect+1","Slimebound:LivingWall"],"picked":"Slimebound:SlimeTap+1","floor":44},{"not_picked":["Slimebound:FirmFortitude+1","Slimebound:ServeAndProtect","Slimebound:SplitMire"],"picked":"Slimebound:SplitAcid+1","floor":46},{"not_picked":["Slimebound:DuplicatedForm","Slimebound:SplitAcid+1","Slimebound:SplitBruiser","Slimebound:Grow+1"],"picked":"SKIP","floor":46},{"not_picked":["Slimebound:FinishingTackle+1","Slimebound:GoopSpray+1","Slimebound:ComboTackle"],"picked":"Slimebound:LeechLife","floor":47},{"not_picked":["Slimebound:DivideAndConquer","Slimebound:ServeAndProtect","Slimebound:ComboTackle","Slimebound:SplitMire"],"picked":"SKIP","floor":47},{"not_picked":["Slimebound:SplitMire","Slimebound:GoopSpray","Slimebound:FinishingTackle"],"picked":"Slimebound:SplitBruiser+1","floor":48},{"not_picked":["Slimebound:DivideAndConquer+1","Slimebound:ForwardTackle","Slimebound:SlimeBrawl+1"],"picked":"Slimebound:RejuvenatingLick+1","floor":48}],"player_experience":2030687,"relics_obtained":[{"floor":7,"key":"Gambling Chip"},{"floor":9,"key":"Bag of Marbles"},{"floor":13,"key":"Question Card"},{"floor":19,"key":"Nilry\u0027s Codex"},{"floor":26,"key":"Nunchaku"},{"floor":30,"key":"Torii"},{"floor":39,"key":"Guardian:GemstoneGun"},{"floor":41,"key":"The Courier"},{"floor":43,"key":"Prayer Wheel"},{"floor":44,"key":"PureWhite:ReiMu"}],"event_choices":[{"damage_healed":0,"gold_gain":30,"player_choice":"Searched \u00272\u0027 times","damage_taken":0,"max_hp_gain":0,"max_hp_loss":0,"event_name":"Dead Adventurer","floor":7,"gold_loss":0},{"damage_healed":16,"gold_gain":0,"player_choice":"Healed and dodged fight","damage_taken":0,"max_hp_gain":0,"max_hp_loss":0,"event_name":"Mushrooms","floor":10,"gold_loss":0,"cards_obtained":["Parasite"]},{"damage_healed":0,"gold_gain":0,"player_choice":"Obtained Book","damage_taken":16,"max_hp_gain":0,"max_hp_loss":0,"event_name":"Cursed Tome","floor":19,"gold_loss":0},{"cards_removed":["Slimebound:Gluttony"],"damage_healed":0,"gold_gain":0,"player_choice":"Gave Card","damage_taken":0,"relics_obtained":["hexamod:BolsterEngine"],"max_hp_gain":0,"max_hp_loss":0,"event_name":"WeMeetAgain","floor":21,"gold_loss":0},{"damage_healed":0,"gold_gain":0,"player_choice":"Ignored","damage_taken":0,"max_hp_gain":0,"max_hp_loss":0,"event_name":"Mysterious Sphere","floor":36,"gold_loss":0},{"damage_healed":0,"gold_gain":0,"player_choice":"Fight","damage_taken":0,"max_hp_gain":0,"max_hp_loss":0,"event_name":"MindBloom","floor":39,"gold_loss":0}],"is_beta":false,"boss_relics":[{"not_picked":["Snecko Heart","SacredBark"],"picked":"Replay:Grab Bag"},{"not_picked":["Velvet Choker","Philosopher\u0027s Stone"],"picked":"Fusion Hammer"},{"not_picked":["Busted Crown","Coffee Dripper"],"picked":"SlaversCollar"},{"not_picked":["RedLine:ReiMu","Honey Jar"],"picked":"Astrolabe"},{"not_picked":["ReplayTheSpireMod:DimensionalGlitch","Replay:Bronze Core","Runic Pyramid"]}],"items_purged_floors":[],"is_endless":false,"potions_floor_spawned":[2,7,13,16,20,25,33,35,41,48],"ascension_level":0}}