{"host":"oy4pyvr762z5n0bb","time":1610166833,"event":{"mods":["AchievementEnabler","BaseMod","Colored Map","Colored Powertips","Googly Eyes","Key Reminder","Minty Spire (QoL Compilation)","Quick Restart","Relic Sorter","Slay the Relics Exporter","StSLib","SuperFastMode","Unceasing Turn Reminder","slay the spire mod where everything is the same but ironclad has a cowboy hat"],"gold_per_floor":[114,63,138,138,138,171,171,182,182,182,213,225,253,282,294,406,418,440,467,209,244,159,159,159,159,159],"floor_reached":25,"playtime":438,"items_purged":["Strike_R"],"score":290,"play_id":"d0405496-856e-4ae9-93b1-390021b3d9e9","local_time":"20210108203353","is_ascension_mode":true,"campfire_choices":[{"data":"Double Tap","floor":7,"key":"SMITH"},{"floor":12,"key":"REST"},{"floor":15,"key":"REST"},{"floor":23,"key":"REST"}],"circlet_count":0,"master_deck":["Strike_R+1","Defend_R+1","Defend_R","Defend_R","Defend_R","Bash+1","Wild Strike","Clothesline","Cleave+1","Double Tap+1","Thunderclap","Flex","Flex","Reaper","Twin Strike","Shockwave","Thunderclap","Shrug It Off","True Grit","Double Tap"],"relics":["Burning Blood","Charon\u0027s Ashes","Bag of Preparation","MawBank","Empty Cage","Red Mask","Bag of Marbles"],"acts_visited":["Exordium","TheCity"],"potions_floor_usage":[11,16,18,18,20,21],"damage_taken":[{"damage":4,"enemies":"2 Louse","floor":1,"turns":2},{"damage":16,"enemies":"Gremlin Nob","floor":6,"turns":3},{"damage":0,"enemies":"Cultist","floor":8,"turns":2},{"damage":25,"enemies":"3 Sentries","floor":11,"turns":5},{"damage":7,"enemies":"Jaw Worm","floor":13,"turns":2},{"damage":10,"enemies":"2 Fungi Beasts","floor":14,"turns":3},{"damage":57,"enemies":"The Guardian","floor":16,"turns":11},{"damage":12,"enemies":"Chosen","floor":18,"turns":4},{"damage":44,"enemies":"Shell Parasite","floor":19,"turns":6},{"damage":20,"enemies":"Masked Bandits","floor":21,"turns":3},{"damage":65,"enemies":"Snecko","floor":25,"turns":5}],"seed_played":"-3516014335388998599","potions_obtained":[{"floor":1,"key":"Fire Potion"},{"floor":8,"key":"Swift Potion"},{"floor":14,"key":"PowerPotion"},{"floor":16,"key":"Energy Potion"},{"floor":18,"key":"ElixirPotion"},{"floor":21,"key":"HeartOfIron"}],"is_trial":false,"path_per_floor":["M","$","?","?","?","E","R","M","T","?","E","R","M","M","R","B",null,"M","M","$","?","?","R","?","M"],"character_chosen":"IRONCLAD","items_purchased":["Cleave","Thunderclap","Shrug It Off","Fruit Juice"],"campfire_rested":3,"item_purchase_floors":[2,20,20,20],"current_hp_per_floor":[74,74,63,63,47,37,37,43,43,43,24,48,47,43,67,16,64,59,27,32,18,18,43,43,0,0],"gold":159,"neow_bonus":"THREE_CARDS","is_daily":false,"chose_seed":false,"campfire_upgraded":1,"win_rate":0.0,"timestamp":1610166833,"path_taken":["M","$","?","?","?","E","R","M","T","?","E","R","M","M","R","BOSS","M","M","?","?","?","R","?","?"],"items_purchased_type":["Card","Card","Card","Potion"],"build_version":"2020-12-22","purchased_purges":1,"victory":false,"max_hp_per_floor":[80,80,80,80,80,80,80,80,80,80,80,80,80,80,80,80,80,80,80,85,85,85,85,85,85,85],"card_choices":[{"not_picked":["Warcry","Anger"],"picked":"Wild Strike","floor":0},{"not_picked":["Dark Embrace","Body Slam"],"picked":"Clothesline","floor":1},{"not_picked":["Flame Barrier","Headbutt"],"picked":"Double Tap","floor":6},{"not_picked":["Feel No Pain","Armaments"],"picked":"Thunderclap","floor":8},{"not_picked":["Pummel","Anger"],"picked":"Flex","floor":11},{"not_picked":["Rampage","Body Slam"],"picked":"Flex","floor":13},{"not_picked":["Perfected Strike","Cleave","Clothesline"],"picked":"SKIP","floor":14},{"not_picked":["Limit Break","Brutality"],"picked":"Reaper","floor":16},{"not_picked":["True Grit","Havoc"],"picked":"Twin Strike","floor":18},{"not_picked":["Iron Wave","Feel No Pain"],"picked":"Shockwave","floor":19},{"not_picked":["Heavy Blade","Warcry"],"picked":"True Grit","floor":21}],"player_experience":723928,"relics_obtained":[{"floor":6,"key":"Charon\u0027s Ashes"},{"floor":9,"key":"Bag of Preparation"},{"floor":11,"key":"MawBank"},{"floor":21,"key":"Red Mask"}],"event_choices":[{"damage_healed":0,"gold_gain":75,"player_choice":"Gather Gold","damage_taken":11,"max_hp_gain":0,"max_hp_loss":0,"event_name":"World of Goop","floor":3,"gold_loss":0},{"damage_healed":0,"gold_gain":0,"player_choice":"Grow","damage_taken":0,"max_hp_gain":0,"max_hp_loss":0,"event_name":"Living Wall","floor":4,"gold_loss":0,"cards_upgraded":["Cleave"]},{"damage_healed":0,"gold_gain":0,"player_choice":"Entered Light","damage_taken":16,"max_hp_gain":0,"max_hp_loss":0,"event_name":"Shining Light","floor":5,"gold_loss":0,"cards_upgraded":["Defend_R","Strike_R"]},{"damage_healed":0,"gold_gain":0,"player_choice":"Upgraded","damage_taken":0,"max_hp_gain":0,"max_hp_loss":0,"event_name":"Upgrade Shrine","floor":10,"gold_loss":0,"cards_upgraded":["Bash"]},{"damage_healed":0,"gold_gain":0,"player_choice":"Fought Bandits","damage_taken":0,"max_hp_gain":0,"max_hp_loss":0,"event_name":"Masked Bandits","floor":21,"gold_loss":0},{"damage_healed":0,"gold_gain":0,"player_choice":"Obtained Relic","damage_taken":0,"relics_obtained":["Bag of Marbles"],"max_hp_gain":0,"max_hp_loss":0,"event_name":"Addict","floor":22,"gold_loss":85},{"damage_healed":0,"gold_gain":0,"cards_transformed":["Strike_R"],"player_choice":"Transformed","damage_taken":0,"max_hp_gain":0,"max_hp_loss":0,"event_name":"Transmorgrifier","floor":24,"gold_loss":0,"cards_obtained":["Double Tap"]}],"is_beta":false,"boss_relics":[{"not_picked":["Cursed Key","Velvet Choker"],"picked":"Empty Cage"}],"items_purged_floors":[20],"is_endless":false,"potions_floor_spawned":[1,8,14,16,18,21],"killed_by":"Snecko","ascension_level":8}}