{"host":"474oh00kq6ni8dn3","time":1610216361,"event":{"mods":["AchievementEnabler","Aspiration","BaseMod","Bestiary","Colored Map","Colored Powertips","Conspire","Custom Start","Defuse TimeMaze Blight","Downfall","Duelist Mod","GifTheSpireLib","Googly Eyes","GungeonMod","Halation","Hubris","Infinite Spire","Jedi Mod","Minty Spire (QoL Compilation)","Permanent Neow","Quick Restart","Random Character Button","Replay The Spire","Shop Mod","StSLib","Stuff the Spire","The Construct","The Factory","The Jungle","Trackpad","Unceasing Turn Reminder","vexMod"],"gold_per_floor":[142,161,178,353,368,396,416,445,499,329,229,256,256,267,267,365,365,365],"floor_reached":17,"playtime":1139,"items_purged":["theDuelist:NaturiaBeast","theDuelist:Sparks"],"score":177,"play_id":"bca44277-9163-436c-b5fa-81c01690d8da","local_time":"20210109181921","is_ascension_mode":false,"campfire_choices":[{"floor":15,"key":"REST"}],"circlet_count":0,"master_deck":["theDuelist:CastleWalls","theDuelist:CastleWalls","theDuelist:CastleWalls","theDuelist:NaturiaCliff","theDuelist:NaturiaRock+1","theDuelist:NaturiaTulip+1","theDuelist:Sparks+1","theDuelist:Sparks","theDuelist:NaturiaRagweed","theDuelist:PotDichotomy","theDuelist:NaturiaHydrangea","theDuelist:NaturiaMarron","theDuelist:NaturiaMarron","theDuelist:NaturiaStinkbug","theDuelist:ConvulsionNature","Ghostly","AbeCurse"],"relics":["theDuelist:MillenniumPuzzle","MerchantsRug","theDuelist:ShopToken","aspiration:FetidBarrel","DemoMod:BlueGuonStone","trackpad:PetRock","Tiny Chest","Abe\u0027s Treasure"],"acts_visited":["Exordium","Exordium"],"potions_floor_usage":[],"damage_taken":[{"damage":0,"enemies":"Cultist","floor":1,"turns":4},{"damage":6,"enemies":"2 Louse","floor":2,"turns":3},{"damage":0,"enemies":"Small Slimes","floor":3,"turns":4},{"damage":5,"enemies":"Blue Slaver","floor":5,"turns":3},{"damage":6,"enemies":"3 Sentries","floor":6,"turns":4},{"damage":3,"enemies":"2 Fungi Beasts","floor":7,"turns":2},{"damage":24,"enemies":"Gremlin Nob","floor":8,"turns":4},{"damage":5,"enemies":"Lagavulin","floor":12,"turns":5},{"damage":0,"enemies":"Gremlin Gang","floor":14,"turns":3},{"damage":20,"enemies":"The Guardian","floor":16,"turns":7}],"seed_played":"7914081782615447575","potions_obtained":[{"floor":1,"key":"theDuelist:LavaBottle"},{"floor":6,"key":"theDuelist:OrbBottle"},{"floor":12,"key":"SpeedPotion"}],"is_trial":false,"path_per_floor":["M","M","M","$","M","E","M","E","T","$","?","E","?","M","R","B",null],"character_chosen":"THE_DUELIST","items_purchased":["MerchantsRug","theDuelist:ShopToken","theDuelist:NaturiaHydrangea","theDuelist:NaturiaMarron","theDuelist:ConvulsionNature"],"campfire_rested":1,"item_purchase_floors":[4,4,4,4,10],"current_hp_per_floor":[80,74,74,74,69,63,60,36,36,36,36,31,15,15,39,19,80,80],"gold":365,"neow_bonus":"UPGRADE_CARD","is_daily":false,"chose_seed":false,"campfire_upgraded":0,"win_rate":0.0,"timestamp":1610216361,"path_taken":["M","M","?","?","M","E","M","E","T","$","?","E","?","M","R","BOSS"],"items_purchased_type":["Relic","Relic","Card","Card","Card"],"build_version":"2020-12-22","purchased_purges":2,"victory":false,"max_hp_per_floor":[80,80,80,80,80,80,80,80,80,80,80,80,80,80,80,80,80,80],"card_choices":[{"not_picked":[],"picked":"theDuelist:NaturiaRagweed","floor":1},{"not_picked":["theDuelist:Sangan"],"picked":"SKIP","floor":2},{"not_picked":["theDuelist:PotDichotomy"],"picked":"SKIP","floor":3},{"not_picked":[],"picked":"theDuelist:PotDichotomy","floor":3},{"not_picked":["theDuelist:Spore"],"picked":"SKIP","floor":5},{"not_picked":["theDuelist:FuryFire+1"],"picked":"SKIP","floor":6},{"not_picked":["theDuelist:CrystalRose"],"picked":"SKIP","floor":7},{"not_picked":[],"picked":"theDuelist:NaturiaStinkbug","floor":8},{"not_picked":["theDuelist:HammerShot"],"picked":"SKIP","floor":12},{"not_picked":["theDuelist:BarkionBark"],"picked":"SKIP","floor":14}],"player_experience":110352,"relics_obtained":[{"floor":6,"key":"aspiration:FetidBarrel"},{"floor":8,"key":"DemoMod:BlueGuonStone"},{"floor":9,"key":"trackpad:PetRock"},{"floor":12,"key":"Tiny Chest"}],"event_choices":[{"damage_healed":0,"gold_gain":0,"player_choice":"Argue","damage_taken":0,"max_hp_gain":0,"max_hp_loss":0,"event_name":"conspire:LoneGhost","floor":11,"gold_loss":0},{"damage_healed":0,"gold_gain":0,"player_choice":"Entered Light","damage_taken":16,"max_hp_gain":0,"max_hp_loss":0,"event_name":"Shining Light","floor":13,"gold_loss":0,"cards_upgraded":["theDuelist:NaturiaRock","theDuelist:Sparks"]}],"is_beta":false,"boss_relics":[{"not_picked":["hubris:ScarierMask","hubris:GrandSneckoEye"],"picked":"Abe\u0027s Treasure"}],"items_purged_floors":[4,10],"is_endless":false,"potions_floor_spawned":[1,6,12,14,16],"ascension_level":0}}