{"host":"ylxam20yo7j5dy26","time":1610189013,"event":{"mods":["ATMod(°¢èªMod)","Act Like it!","BaseMod","BetterRewards","Conspire","Defuse TimeMaze Blight","Downfall","Energized Spire","Gensokyo","Hallownest","Hubris","Infinite Spire","Marisa£¨ìFÓê¡¡Ä§ÀíÉ³£©","Minty Spire (QoL Compilation)","Quarter Circle Forward PUNCH!","Quick Restart","Replay The Spire","Spicy Shops","StSLib","The Cursed","UnlockEverythingMod","[IsaacMod]ÒÔÈö¼âËþ","vexMod","¡¾ÒÅÎï¿¨ÅÆ¡¿REMEMod"],"gold_per_floor":[111,111,128,144,47,74,74,74,74,99,118,118,130,177,177,177,177],"floor_reached":16,"playtime":1088,"items_purged":[],"score":112,"play_id":"24f4f60e-5721-49c8-8470-65b630ad0f93","local_time":"20210109184333","is_ascension_mode":false,"campfire_choices":[{"data":"IllusionStar","floor":7,"key":"SMITH"},{"data":"EarthLightRay","floor":12,"key":"SMITH"},{"data":"AT_EmpoweredMortalDraw","floor":15,"key":"SMITH"}],"circlet_count":0,"master_deck":["Strike_MRS","Strike_MRS","Strike_MRS","Strike_MRS","Defend_MRS","Defend_MRS","Defend_MRS","Defend_MRS","MasterSpark","UpSweep","AT_EmpoweredMortalDraw+1","DevaForm+1","Acceleration","EarthLightRay+1","OpenUniverse","IllusionStar+1","WitchOfGreed","Orbital","Acceleration","DragonMeteor","PulseMagic"],"relics":["MiniHakkero","AT_ATBox","REME_ComplimentaryCards","HushsDoor","TheBean","NeowsBlessing","conspire:TopHat","BookofShadows","Replay:Bottled Steam","PreservedInsect"],"acts_visited":["Exordium"],"potions_floor_usage":[14],"damage_taken":[{"damage":0.0,"enemies":"Small Slimes","floor":1.0,"turns":2.0},{"damage":0,"enemies":"Cultist","floor":3,"turns":1},{"damage":0,"enemies":"infinitespire:Voidling","floor":4,"turns":1},{"damage":22,"enemies":"Replay:BlueRogue","floor":6,"turns":5},{"damage":13,"enemies":"2 Fungi Beasts","floor":10,"turns":3},{"damage":0,"enemies":"Red Slaver","floor":11,"turns":3},{"damage":0,"enemies":"Gremlin Gang","floor":13,"turns":1},{"damage":19,"enemies":"3 Sentries","floor":14,"turns":4},{"damage":99999999,"enemies":"Hexaghost","floor":16,"turns":3}],"seed_played":"8605143767325119845","potions_obtained":[{"floor":1.0,"key":"Elixir"},{"floor":6,"key":"LifebloodPotion"},{"floor":10,"key":"Strength Potion"},{"floor":13,"key":"SkillPotion"},{"floor":14,"key":"BottledSpark"}],"is_trial":false,"path_per_floor":["M","?","M","M","$","E","R","?","T","M","M","R","M","E","R","B"],"character_chosen":"MARISA","items_purchased":["conspire:TopHat","IllusionStar"],"campfire_rested":0,"item_purchase_floors":[5,5],"current_hp_per_floor":[75,75,75,75,75,57,57,57,57,48,52,52,52,39,39,0,0],"gold":177,"neow_bonus":"THREE_ENEMY_KILL","is_daily":false,"chose_seed":false,"campfire_upgraded":3,"win_rate":0.0,"timestamp":1610189013,"path_taken":["M","?","?","M","$","E","R","?","T","M","M","R","M","E","R","BOSS"],"items_purchased_type":["Relic","Card"],"build_version":"2020-12-22","purchased_purges":0,"victory":false,"max_hp_per_floor":[75,75,75,75,75,75,75,75,75,75,75,75,75,75,75,75,75],"card_choices":[{"not_picked":[],"picked":"SuicideKing","floor":0.0},{"not_picked":["WitchLeyline","IllusionStar"],"picked":"Acceleration","floor":1.0},{"not_picked":["EnergyRecoil","Orbital"],"picked":"EarthLightRay","floor":3},{"not_picked":["BinaryStars","AlicesGift"],"picked":"OpenUniverse","floor":4},{"not_picked":["FairyDestructionRay","WitchLeyline"],"picked":"WitchOfGreed","floor":6},{"not_picked":["NonDirectionalLaser","MeteoricShower"],"picked":"Orbital","floor":10},{"not_picked":["ManaConvection","ChargeUpSpray"],"picked":"Acceleration","floor":11},{"not_picked":["OneTimeOff","GalacticHalo"],"picked":"DragonMeteor","floor":13},{"not_picked":["ShootTheMoon","EarthLightRay"],"picked":"PulseMagic","floor":14}],"player_experience":116080,"relics_obtained":[{"floor":6,"key":"BookofShadows"},{"floor":9,"key":"Replay:Bottled Steam"},{"floor":14,"key":"PreservedInsect"}],"event_choices":[{"damage_healed":0,"gold_gain":0,"player_choice":"Upgraded","damage_taken":0,"max_hp_gain":0,"max_hp_loss":0,"event_name":"Upgrade Shrine","floor":2,"gold_loss":0,"cards_upgraded":["DevaForm"]}],"is_beta":false,"boss_relics":[],"items_purged_floors":[],"is_endless":false,"potions_floor_spawned":[1,6,10,13,14],"killed_by":"Hexaghost","ascension_level":0}}