{"host":"hbvn1mkfq2iixsau","time":1610175472,"event":{"mods":["AchievementEnabler","Act Like it!","BaseMod","Better Altar","Better Match","Better Sensory Stone","Better Skull","Better Third Choice","Challenge The Spire","Colored Map","Displayed Cursed Tome","Filter the Spire","Hallownest","Minty Spire (QoL Compilation)","Quick Restart","Relic Stats","Shop Mod","StSLib","The Bug Knight"],"gold_per_floor":[115,115,115,184,199,233,158,193,246,246,246],"floor_reached":10,"playtime":788,"items_purged":[],"score":77,"play_id":"e51c7f5b-20fd-4b01-a5d9-1ff9bb94f4f9","local_time":"20210109085752","is_ascension_mode":true,"campfire_choices":[],"circlet_count":0,"master_deck":["HollowMod:NailStrikeStart","HollowMod:NailStrikeStart","HollowMod:NailStrikeStart","HollowMod:NailStrikeStart","HollowMod:QuickDashStart","HollowMod:QuickDashStart","HollowMod:QuickDashStart","HollowMod:QuickDashStart","HollowMod:FocusHealStart","HollowMod:PogoStrike","HollowMod:SoulStrike","HollowMod:SiblingsSouls"],"relics":["Black Star","Hallownest:DreamNailRelic","Gremlin Horn","Blood Vial","Omamori","HollowMod:MillibellesNoteRelic","Bottled Flame","Nunchaku"],"acts_visited":["Exordium"],"potions_floor_usage":[6],"damage_taken":[{"damage":8,"enemies":"Hallownest:monsterHuskGuard","floor":1,"turns":4},{"damage":2,"enemies":"Hallownest:2_MossCreeps","floor":5,"turns":4},{"damage":33,"enemies":"Hallownest:eliteMossKnight","floor":6,"turns":12},{"damage":3,"enemies":"Hallownest:eliteVengeflyKing","floor":8,"turns":7},{"damage":42,"enemies":"Hallownest:eliteMossKnight","floor":10,"turns":8}],"seed_played":"8012491944439968062","potions_obtained":[{"floor":5,"key":"FearPotion"}],"is_trial":false,"path_per_floor":["M","?","$","T","M","E","?","E","T","E"],"character_chosen":"THE_BUGKNIGHT","items_purchased":[],"campfire_rested":0,"item_purchase_floors":[],"current_hp_per_floor":[67,67,67,67,65,32,32,31,31,1,1],"gold":246,"neow_bonus":"BOSS_RELIC","is_daily":false,"chose_seed":false,"campfire_upgraded":0,"win_rate":0.0,"timestamp":1610175472,"path_taken":["M","?","?","?","?","E","?","E","T","E"],"items_purchased_type":[],"build_version":"2020-12-22","purchased_purges":0,"victory":false,"max_hp_per_floor":[75,75,75,75,75,75,75,75,75,75,75],"relic_stats":{"Blood Vial":4,"Nunchaku":[1],"Gremlin Horn":[6,6],"counters":[5,35],"Black Star":2,"obtain_stats":[{"Blood Vial":6,"Bottled Flame":8,"Nunchaku":9,"Gremlin Horn":4,"HollowMod:VesselMask":0,"Black Star":0,"Hallownest:DreamNailRelic":2,"Omamori":6,"HollowMod:MillibellesNoteRelic":8},{"Blood Vial":3,"Bottled Flame":4,"Nunchaku":4,"Gremlin Horn":1,"HollowMod:VesselMask":0,"Black Star":0,"Hallownest:DreamNailRelic":1,"Omamori":3,"HollowMod:MillibellesNoteRelic":4},{"Blood Vial":20,"Bottled Flame":27,"Nunchaku":27,"Gremlin Horn":4,"HollowMod:VesselMask":0,"Black Star":0,"Hallownest:DreamNailRelic":4,"Omamori":20,"HollowMod:MillibellesNoteRelic":27}]},"card_choices":[{"not_picked":["HollowMod:ChannelNail","HollowMod:MawleksShell","HollowMod:SoulSplash"],"picked":"SKIP","floor":1},{"not_picked":["HollowMod:ShapeofUnn","HollowMod:LifebloodCocoon","HollowMod:MonarchWings"],"picked":"SKIP","floor":5},{"not_picked":["HollowMod:ShadowDash","HollowMod:SharpenedShadows"],"picked":"HollowMod:SoulStrike","floor":6},{"not_picked":["HollowMod:DescendingDark","HollowMod:SiblingsShadow"],"picked":"HollowMod:SiblingsSouls","floor":8}],"player_experience":279022,"relics_obtained":[{"floor":4,"key":"Gremlin Horn"},{"floor":6,"key":"Blood Vial"},{"floor":6,"key":"Omamori"},{"floor":8,"key":"HollowMod:MillibellesNoteRelic"},{"floor":8,"key":"Bottled Flame"},{"floor":9,"key":"Nunchaku"}],"event_choices":[{"damage_healed":0,"gold_gain":0,"player_choice":"3","damage_taken":0,"max_hp_gain":0,"max_hp_loss":0,"event_name":"betterMatch:BetterMatch","floor":7,"gold_loss":0,"cards_obtained":[]}],"is_beta":false,"boss_relics":[],"items_purged_floors":[],"is_endless":false,"potions_floor_spawned":[5],"killed_by":"Hallownest:eliteMossKnight","ascension_level":1}}