{"host":"1a3cjta80tad0aqj","time":1610164761,"event":{"mods":["2.2 Compatiblity","AchievementEnabler","BaseMod","Colored Map","DeckTracker","KOR Keyword Fix","Keyboard Shortcuts","Minty Spire (QoL Compilation)","Permanent Neow","Quick Restart","Random Character Button","StSLib","SuperFastMode","everything is the same but u backflip on backflip"],"gold_per_floor":[112,124,124,124,136,136,148,148,148,168,184,105,125,57,57,157,157,172,172,187,112,132,132,132,132],"floor_reached":24,"playtime":899,"items_purged":["Strike_P"],"score":190,"play_id":"d8030c58-5430-43ce-90f3-e27298bd8c53","local_time":"20210109125921","is_ascension_mode":false,"campfire_choices":[{"data":"Eruption","floor":6,"key":"SMITH"},{"data":"FlurryOfBlows","floor":8,"key":"SMITH"},{"data":"Halt","floor":15,"key":"SMITH"},{"floor":23,"key":"REST"}],"circlet_count":0,"master_deck":["Strike_P","Strike_P","Defend_P","Defend_P","Eruption+1","Vigilance","Pray+1","SashWhip+1","Crescendo+1","Halt+1","FlurryOfBlows+1","Evaluate","MentalFortress","InnerPeace","BowlingBash","Adaptation+1"],"relics":["Astrolabe"],"acts_visited":["Exordium","TheCity"],"potions_floor_usage":[18,24],"damage_taken":[{"damage":0,"enemies":"Jaw Worm","floor":1,"turns":2},{"damage":0,"enemies":"2 Louse","floor":2,"turns":2},{"damage":0,"enemies":"Cultist","floor":5,"turns":2},{"damage":4,"enemies":"Looter","floor":7,"turns":3},{"damage":13,"enemies":"3 Louse","floor":10,"turns":4},{"damage":6,"enemies":"2 Fungi Beasts","floor":11,"turns":2},{"damage":16,"enemies":"Lots of Slimes","floor":13,"turns":4},{"damage":10,"enemies":"Slime Boss","floor":16,"turns":9},{"damage":9,"enemies":"Shell Parasite","floor":18,"turns":6},{"damage":17,"enemies":"2 Thieves","floor":20,"turns":4},{"damage":21,"enemies":"3 Cultists","floor":22,"turns":5},{"damage":21,"enemies":"Sentry and Sphere","floor":24,"turns":5}],"seed_played":"2422888770204025981","potions_obtained":[{"floor":5,"key":"LiquidBronze"},{"floor":10,"key":"LiquidBronze"},{"floor":11,"key":"Weak Potion"},{"floor":13,"key":"SteroidPotion"},{"floor":20,"key":"Explosive Potion"}],"is_trial":false,"path_per_floor":["M","M","?","?","M","R","M","R","T","M","M","$","M","$","R","B",null,"M","?","M","$","M","R","M"],"character_chosen":"WATCHER","items_purchased":["MentalFortress","InnerPeace"],"campfire_rested":1,"item_purchase_floors":[12,14],"current_hp_per_floor":[72,72,72,72,72,72,68,68,68,55,49,49,33,33,33,23,72,63,63,46,46,25,46,25,25],"gold":132,"neow_bonus":"BOSS_RELIC","is_daily":false,"chose_seed":true,"campfire_upgraded":3,"win_rate":0.0,"timestamp":1610164761,"path_taken":["M","M","?","?","M","R","M","R","T","M","M","$","M","$","R","BOSS","M","?","M","$","M","R","M"],"items_purchased_type":["Card","Card"],"build_version":"2020-12-22","purchased_purges":1,"victory":false,"max_hp_per_floor":[72,72,72,72,72,72,72,72,72,72,72,72,72,72,72,72,72,72,72,72,72,72,72,72,72],"card_choices":[{"not_picked":["SashWhip","BattleHymn"],"picked":"Halt","floor":1},{"not_picked":["LikeWater","CrushJoints"],"picked":"FlurryOfBlows","floor":2},{"not_picked":["LikeWater","Worship","EmptyFist"],"picked":"SKIP","floor":5},{"not_picked":["FlyingSleeves","JustLucky","Halt"],"picked":"SKIP","floor":7},{"not_picked":["FlurryOfBlows","Indignation","Consecrate"],"picked":"SKIP","floor":10},{"not_picked":["Protect","Evaluate","EmptyFist"],"picked":"SKIP","floor":11},{"not_picked":["Brilliance","Consecrate","FollowUp"],"picked":"SKIP","floor":13},{"not_picked":["Evaluate","Protect"],"picked":"BowlingBash","floor":18},{"not_picked":["Halt","JustLucky"],"picked":"Adaptation+1","floor":20},{"not_picked":["ReachHeaven+1","FlyingSleeves","SashWhip+1"],"picked":"SKIP","floor":22}],"player_experience":228267,"relics_obtained":[],"event_choices":[{"damage_healed":0,"gold_gain":0,"player_choice":"Fled","damage_taken":0,"max_hp_gain":0,"max_hp_loss":0,"event_name":"Scrap Ooze","floor":3,"gold_loss":0},{"damage_healed":0,"gold_gain":0,"player_choice":"1 cards matched","damage_taken":0,"max_hp_gain":0,"max_hp_loss":0,"event_name":"Match and Keep!","floor":4,"gold_loss":0,"cards_obtained":["Evaluate"]},{"damage_healed":0,"gold_gain":0,"player_choice":"Ignored","damage_taken":0,"max_hp_gain":0,"max_hp_loss":0,"event_name":"Ghosts","floor":19,"gold_loss":0}],"is_beta":false,"boss_relics":[{"not_picked":[]}],"items_purged_floors":[21],"is_endless":false,"potions_floor_spawned":[5,10,11,13,20],"killed_by":"Sentry and Sphere","ascension_level":0}}