{"host":"ci7ivtocgfxh0ueo","time":1610201194,"event":{"mods":["BaseMod","GifTheSpireLib","Minty Spire (QoL Compilation)","StSLib"],"gold_per_floor":[136,153,153,190,250,250,286,17,17,62,62,62,62,75,75,173,173,216,233,233,233,233],"floor_reached":21,"playtime":552,"items_purged":[],"score":320,"play_id":"11b1c18f-f056-4956-95c8-7e88e8a1a252","local_time":"20210109220634","is_ascension_mode":true,"campfire_choices":[{"data":"HandOfGreed","floor":6,"key":"SMITH"},{"data":"Blood for Blood","floor":11,"key":"SMITH"},{"data":"Bash","floor":15,"key":"SMITH"}],"circlet_count":0,"master_deck":["AscendersBane","Strike_R+1","Strike_R+1","Strike_R+1","Strike_R+1","Strike_R+1","Defend_R+1","Defend_R+1","Defend_R+1","Defend_R+1","Bash+1","HandOfGreed+1","Cleave","Shockwave","Blood for Blood+1","Flex","Hemokinesis+1","Armaments+1","Reaper","Armaments+1","Armaments+1"],"relics":["Burning Blood","Red Skull","Toxic Egg 2"],"acts_visited":["Exordium","TheCity"],"potions_floor_usage":[7,10,16,16,18,19],"damage_taken":[{"damage":1,"enemies":"Cultist","floor":1,"turns":3},{"damage":14,"enemies":"Jaw Worm","floor":2,"turns":3},{"damage":0,"enemies":"Small Slimes","floor":4,"turns":2},{"damage":19,"enemies":"Exordium Thugs","floor":5,"turns":6},{"damage":12,"enemies":"3 Louse","floor":7,"turns":2},{"damage":9,"enemies":"2 Fungi Beasts","floor":10,"turns":2},{"damage":24,"enemies":"Exordium Wildlife","floor":14,"turns":3},{"damage":9,"enemies":"Slime Boss","floor":16,"turns":8},{"damage":42,"enemies":"3 Byrds","floor":18,"turns":5},{"damage":2,"enemies":"Chosen","floor":19,"turns":2},{"damage":38,"enemies":"Shelled Parasite and Fungi","floor":21,"turns":2}],"seed_played":"1870020214569256391","potions_obtained":[{"floor":5,"key":"Fire Potion"},{"floor":10,"key":"Swift Potion"},{"floor":13,"key":"FearPotion"},{"floor":16,"key":"Ancient Potion"},{"floor":18,"key":"Fruit Juice"}],"is_trial":false,"path_per_floor":["M","M","?","M","M","R","M","$","T","M","R","?","?","M","R","B",null,"M","M","?","M"],"character_chosen":"IRONCLAD","items_purchased":["Strength Potion","Red Skull","ColorlessPotion"],"campfire_rested":0,"item_purchase_floors":[8,8,8],"current_hp_per_floor":[73,65,65,71,58,58,52,52,52,49,49,49,49,31,31,28,63,32,36,36,0,0],"gold":233,"neow_bonus":"RANDOM_COLORLESS_2","is_daily":false,"chose_seed":false,"campfire_upgraded":3,"win_rate":0.0,"timestamp":1610201194,"path_taken":["M","?","?","M","?","R","M","$","T","M","R","?","?","M","R","BOSS","M","M","?","M"],"items_purchased_type":["Potion","Relic","Potion"],"build_version":"2020-12-22","purchased_purges":0,"victory":false,"max_hp_per_floor":[75,75,75,75,75,75,75,75,75,75,75,75,75,75,75,75,75,80,80,80,80,80],"card_choices":[{"not_picked":["Violence","The Bomb"],"picked":"HandOfGreed","floor":0},{"not_picked":["Iron Wave","Flex"],"picked":"Cleave","floor":1},{"not_picked":["Clothesline","Twin Strike"],"picked":"Shockwave","floor":2},{"not_picked":["Wild Strike","Perfected Strike","Clothesline"],"picked":"SKIP","floor":4},{"not_picked":["Sword Boomerang","Bloodletting"],"picked":"Blood for Blood","floor":5},{"not_picked":["Warcry","True Grit"],"picked":"Flex","floor":7},{"not_picked":["Flex+1","True Grit+1"],"picked":"Hemokinesis","floor":10},{"not_picked":["Hemokinesis","Sword Boomerang"],"picked":"Armaments+1","floor":14},{"not_picked":["Demon Form","Double Tap+1"],"picked":"Reaper","floor":16},{"not_picked":["Reckless Charge","Wild Strike"],"picked":"Armaments+1","floor":18},{"not_picked":["Sword Boomerang","Evolve"],"picked":"Armaments+1","floor":19}],"player_experience":1332214,"relics_obtained":[{"floor":9,"key":"Toxic Egg 2"}],"event_choices":[{"cards_removed":["Normality"],"damage_healed":0,"gold_gain":0,"player_choice":"Purged","damage_taken":0,"max_hp_gain":0,"max_hp_loss":0,"event_name":"Purifier","floor":3,"gold_loss":0},{"damage_healed":0,"gold_gain":0,"player_choice":"Grow","damage_taken":0,"max_hp_gain":0,"max_hp_loss":0,"event_name":"Living Wall","floor":12,"gold_loss":0,"cards_upgraded":["Hemokinesis"]},{"damage_healed":0,"gold_gain":0,"player_choice":"Got Potions","damage_taken":0,"max_hp_gain":0,"max_hp_loss":0,"event_name":"Lab","floor":13,"gold_loss":0},{"damage_healed":0,"gold_gain":0,"player_choice":"Simplicity","damage_taken":0,"max_hp_gain":0,"max_hp_loss":0,"event_name":"Back to Basics","floor":20,"gold_loss":0,"cards_upgraded":["Strike_R","Strike_R","Strike_R","Strike_R","Strike_R","Defend_R","Defend_R","Defend_R","Defend_R"]}],"is_beta":false,"boss_relics":[{"not_picked":["Snecko Eye","Coffee Dripper","Runic Dome"]}],"items_purged_floors":[],"is_endless":false,"potions_floor_spawned":[5,10,16,18],"killed_by":"Shelled Parasite and Fungi","ascension_level":17}}