{"host":"c59jaj2b7ki1imdm","time":1610153066,"event":{"mods":["AchievementEnabler","BaseMod","Hermit","Hubris","Minty Spire (QoL Compilation)","StSLib","The Construct","The Hierophant"],"gold_per_floor":[116,136,151,170,189,189,208,55,55,90,101,101,101,114,114,213,213,226,226,47,62,76,101,101,112,112,138,7,7,7,7,7,105,105,118,118,134,134,134,134,165,165,213,213,245,245,245],"floor_reached":46,"playtime":4509,"items_purged":[],"score":593,"play_id":"1a840fc5-1b90-4fbb-bf50-013dcaf72ec2","local_time":"20210109014426","is_ascension_mode":false,"campfire_choices":[{"data":"BowlingBash","floor":6,"key":"SMITH"},{"data":"Consecrate","floor":12,"key":"SMITH"},{"data":"SandsOfTime","floor":15,"key":"SMITH"},{"floor":24,"key":"REST"},{"floor":30,"key":"REST"},{"floor":32,"key":"REST"},{"floor":40,"key":"REST"},{"floor":42,"key":"REST"}],"circlet_count":0,"master_deck":["Strike_P","Strike_P","Strike_P","Strike_P","Defend_P","Defend_P","Defend_P","Defend_P","Eruption","Vigilance+1","Worship","Protect","BowlingBash","BowlingBash+1","Protect","Consecrate+1","Vault+1","SandsOfTime+1","Conclude+1","ConjureBlade+1","Adaptation+1","EmptyFist","SandsOfTime","CarveReality+1","WheelKick","Consecrate","EmptyBody+1","Mind Blast","EmptyBody+1","DevaForm","Wallop+1","WheelKick+1","BattleHymn","SashWhip+1","Enlightenment+1","TalkToTheHand+1","Consecrate+1","Madness+1","Madness+1","CarveReality"],"relics":["hubris:GrandSneckoEye","ClockworkSouvenir","Toxic Egg 2","hubris:MedicalManual","Velvet Choker","hubris:Icosahedron","TheAbacus","Gremlin Horn","Prayer Wheel","Mummified Hand","hubris:Towel","construct:ClawGrip","Dream Catcher","Centennial Puzzle","hubris:TenFootPole"],"acts_visited":["Exordium","TheCity","TheBeyond"],"potions_floor_usage":[10,16,16,18,27,35,41,41,45],"damage_taken":[{"damage":0,"enemies":"Cultist","floor":1,"turns":3},{"damage":0,"enemies":"2 Louse","floor":2,"turns":2},{"damage":0,"enemies":"Jaw Worm","floor":3,"turns":3},{"damage":0,"enemies":"Looter","floor":4,"turns":4},{"damage":0,"enemies":"Blue Slaver","floor":5,"turns":3},{"damage":0,"enemies":"Exordium Thugs","floor":7,"turns":4},{"damage":1,"enemies":"3 Sentries","floor":10,"turns":5},{"damage":0,"enemies":"Exordium Wildlife","floor":11,"turns":3},{"damage":0,"enemies":"Blue Slaver","floor":14,"turns":3},{"damage":0,"enemies":"Slime Boss","floor":16,"turns":3},{"damage":4,"enemies":"3 Byrds","floor":18,"turns":4},{"damage":0,"enemies":"Chosen","floor":21,"turns":4},{"damage":17,"enemies":"Shelled Parasite and Fungi","floor":22,"turns":4},{"damage":40,"enemies":"Slavers","floor":23,"turns":4},{"damage":10,"enemies":"Snecko","floor":25,"turns":4},{"damage":16,"enemies":"Gremlin Leader","floor":27,"turns":6},{"damage":44,"enemies":"hubris:MusketHawk","floor":33,"turns":9},{"damage":21,"enemies":"Orb Walker","floor":35,"turns":4},{"damage":37,"enemies":"3 Shapes","floor":37,"turns":4},{"damage":9,"enemies":"Reptomancer","floor":41,"turns":3},{"damage":40,"enemies":"Nemesis","floor":45,"turns":7},{"damage":20,"enemies":"Writhing Mass","floor":46,"turns":2}],"seed_played":"-6109622910255031957","potions_obtained":[{"floor":1,"key":"ColorlessPotion"},{"floor":5,"key":"Ancient Potion"},{"floor":10,"key":"DistilledChaos"},{"floor":14,"key":"Swift Potion"},{"floor":25,"key":"Block Potion"},{"floor":27,"key":"AttackPotion"},{"floor":33,"key":"CultistPotion"},{"floor":35,"key":"Fire Potion"},{"floor":37,"key":"ColorlessPotion"}],"is_trial":false,"path_per_floor":["M","M","M","M","M","R","M","$","T","E","M","R","?","M","R","B",null,"M","?","$","M","M","E","R","M","T","E","$","?","R","?","R","B",null,"M","?","M","?","?","R","E","R","T","?","E","M"],"character_chosen":"WATCHER","items_purchased":["ClockworkSouvenir","TheAbacus","EmptyFist","Mind Blast","EmptyBody+1"],"campfire_rested":5,"item_purchase_floors":[8,20,20,28,28],"current_hp_per_floor":[72,72,72,72,72,72,72,72,72,71,71,71,76,76,76,76,77,73,73,73,73,56,16,39,29,29,13,13,13,36,36,59,15,77,56,56,19,22,22,46,37,61,61,51,11,0,0],"gold":245,"neow_bonus":"BOSS_RELIC","is_daily":false,"chose_seed":false,"campfire_upgraded":3,"win_rate":0.0,"timestamp":1610153066,"path_taken":["M","M","?","?","M","R","M","?","T","E","M","R","?","M","R","BOSS","M","?","$","M","M","E","R","M","T","E","$","?","R","?","R","BOSS","M","?","?","?","?","R","E","R","T","?","E","M"],"items_purchased_type":["Relic","Relic","Card","Card","Card"],"build_version":"2020-12-22","purchased_purges":0,"victory":false,"max_hp_per_floor":[72,72,72,72,72,72,72,72,72,72,72,72,77,77,77,77,77,77,77,77,77,77,77,77,77,77,77,77,77,77,77,77,77,77,77,77,77,80,80,80,80,80,80,80,80,80,80],"card_choices":[{"not_picked":["Pray","Sanctity"],"picked":"Worship","floor":1},{"not_picked":["FollowUp","EmptyMind"],"picked":"Protect","floor":2},{"not_picked":["Protect","FlyingSleeves"],"picked":"BowlingBash","floor":3},{"not_picked":["JustLucky","Adaptation"],"picked":"BowlingBash","floor":4},{"not_picked":["BowlingBash","FlyingSleeves"],"picked":"Protect","floor":5},{"not_picked":["Evaluate","Vengeance"],"picked":"Consecrate","floor":7},{"not_picked":["EmptyFist","ConjureBlade+1"],"picked":"Vault+1","floor":10},{"not_picked":["Consecrate","Pray+1"],"picked":"SandsOfTime","floor":11},{"not_picked":["Halt+1","CrushJoints"],"picked":"Conclude","floor":14},{"not_picked":["DeusExMachina+1","Brilliance"],"picked":"ConjureBlade+1","floor":16},{"not_picked":["Study","JustLucky+1"],"picked":"Adaptation+1","floor":18},{"not_picked":["CrushJoints","PathToVictory+1"],"picked":"SandsOfTime","floor":21},{"not_picked":["ClearTheMind+1","Weave"],"picked":"CarveReality+1","floor":22},{"not_picked":["Vault+1","Indignation+1"],"picked":"WheelKick","floor":23},{"not_picked":["Weave","Evaluate+1"],"picked":"Consecrate","floor":25},{"not_picked":["Evaluate+1","Scrawl+1"],"picked":"EmptyBody+1","floor":27},{"not_picked":["Omniscience+1","ConjureBlade+1"],"picked":"DevaForm","floor":33},{"not_picked":["BowlingBash+1","Crescendo+1"],"picked":"Wallop+1","floor":35},{"not_picked":["Conclude","Tantrum+1"],"picked":"WheelKick+1","floor":35},{"not_picked":["FlyingSleeves","Study+1"],"picked":"BattleHymn","floor":37},{"not_picked":["JustLucky","Halt+1"],"picked":"SashWhip+1","floor":37},{"not_picked":["Impatience+1","Trip+1"],"picked":"Enlightenment+1","floor":39},{"not_picked":["Pray+1","BattleHymn"],"picked":"TalkToTheHand+1","floor":41},{"not_picked":["JustLucky","CrushJoints"],"picked":"Consecrate+1","floor":42},{"not_picked":["Crescendo+1","ClearTheMind+1"],"picked":"CarveReality","floor":45}],"player_experience":116675,"relics_obtained":[{"floor":9,"key":"Toxic Egg 2"},{"floor":10,"key":"hubris:MedicalManual"},{"floor":23,"key":"Gremlin Horn"},{"floor":26,"key":"Prayer Wheel"},{"floor":27,"key":"Mummified Hand"},{"floor":41,"key":"Dream Catcher"},{"floor":43,"key":"Centennial Puzzle"},{"floor":45,"key":"hubris:TenFootPole"}],"event_choices":[{"damage_healed":0,"gold_gain":0,"player_choice":"Donut","damage_taken":0,"max_hp_gain":5,"max_hp_loss":0,"event_name":"Big Fish","floor":13,"gold_loss":0},{"damage_healed":0,"gold_gain":0,"player_choice":"Ignored","damage_taken":0,"max_hp_gain":0,"max_hp_loss":0,"event_name":"NoteForYourself","floor":36,"gold_loss":0},{"damage_healed":0,"gold_gain":0,"player_choice":"Memory 1","damage_taken":0,"max_hp_gain":0,"max_hp_loss":0,"event_name":"SensoryStone","floor":39,"gold_loss":0},{"damage_healed":0,"gold_gain":0,"player_choice":"Embrace Madness","damage_taken":10,"max_hp_gain":0,"max_hp_loss":0,"event_name":"Winding Halls","floor":44,"gold_loss":0,"cards_obtained":["Madness","Madness"]}],"is_beta":false,"boss_relics":[{"not_picked":["SacredBark","hubris:BlackHole"],"picked":"Velvet Choker"},{"not_picked":["Black Star","Snecko Eye"],"picked":"construct:ClawGrip"}],"items_purged_floors":[],"is_endless":false,"potions_floor_spawned":[1,5,10,14,25,27,33,35,37],"killed_by":"Writhing Mass","ascension_level":0}}