{"host":"473qjp0vb20suiee","time":1610171505,"event":{"mods":["BaseMod","Marisa????????","Minty Spire (QoL Compilation)","Replay The Spire","StSLib","The Cursed","The Necromancer","The Senshi"],"gold_per_floor":[115,138,86,161,6,6,17,17,41,41,69,80,80,99,99,195,195,213,78,93,110,129,159,159,84,108,108,119,150,162,188,188,291,341,358,323,334,334,379,379,398,398,444,248,266,266,266,266,266,283,283,283],"floor_reached":53,"playtime":9252,"items_purged":["TheCursedMod:Strike_TheCursed"],"score":770,"play_id":"bfd320b0-5472-4b51-b215-43df8432cc85","local_time":"20210108235145","is_ascension_mode":false,"campfire_choices":[{"data":"TheCursedMod:EmpowerCircles","floor":6.0,"key":"SMITH"},{"data":"TheCursedMod:EmpowerCircles","floor":8.0,"key":"SMITH"},{"floor":13.0,"key":"REST"},{"data":"TheCursedMod:CircleOfBlood","floor":15.0,"key":"SMITH"},{"data":"TheCursedMod:HellfireBreathing","floor":24.0,"key":"SMITH"},{"data":"TheCursedMod:CircleOfCorruption","floor":27.0,"key":"SMITH"},{"data":"TheCursedMod:AntiAging","floor":32.0,"key":"SMITH"},{"data":"TheCursedMod:CircleOfCorruption","floor":40,"key":"SMITH"},{"data":"TheCursedMod:CircleOfCorruption","floor":42,"key":"SMITH"},{"floor":46,"key":"REST"},{"data":"TheCursedMod:ReleasedKnowledge","floor":51,"key":"SMITH"}],"circlet_count":0,"master_deck":["TheCursedMod:Strike_TheCursed","TheCursedMod:Defend_TheCursed","TheCursedMod:Defend_TheCursed","TheCursedMod:Defend_TheCursed","TheCursedMod:CursedWand","TheCursedMod:CleanUpWorkshop","TheCursedMod:Dregs","TheCursedMod:CursedBoomerang","TheCursedMod:EmpowerCircles+1","TheCursedMod:EmpowerCircles+1","TheCursedMod:CircleOfCorruption+1","TheCursedMod:SurpriseAttack+1","TheCursedMod:HellfireBreathing+1","TheCursedMod:SoulCrush","TheCursedMod:CircleOfFocus","TheCursedMod:AshesToAshes","TheCursedMod:CircleOfBlood+1","TheCursedMod:AntiAging+1","TheCursedMod:CursedShiv+1","Sickly","TheCursedMod:WearCloak+1","TheCursedMod:CursedBlade+1","TheCursedMod:HellfireBreathing+1","TheCursedMod:FleshFromBone+1","TheCursedMod:ReleasedKnowledge+1","ReplayTheSpireMod:Faulty Equipment","TheCursedMod:SurpriseAttack","TheCursedMod:SpitefulStrike+1","Doubt","TheCursedMod:CircleOfCorruption+1","TheCursedMod:SpitefulPray","TheCursedMod:SpitefulPlan","TheCursedMod:AshesToAshes+1","Wraith","Decay","TheCursedMod:CircleOfCorruption+1","Looming Evil","Master of Strategy","TheCursedMod:CircleOfCorruption+1","TheCursedMod:Wield+1"],"relics":["TheCursedMod:BlackMagic101","Blood Vial","Simple Rune","Regal Pillow","Replay:Grab Bag","Cursed Key","TheCursedMod:OminousMark","Empty Cage","ReplayTheSpireMod:CursedCoin","Anchor","Pet Ghost","Nunchaku","theSenshi:SailorFukuRelic","Replay:Mystery Machine","Tiny House","ReplayTheSpireMod:TigerMarble","Pen Nib"],"acts_visited":["Exordium","TheCity","TheBeyond"],"potions_floor_usage":[37,41],"damage_taken":[{"damage":0.0,"enemies":"Cultist","floor":1.0,"turns":5.0},{"damage":0.0,"enemies":"Small Slimes","floor":7.0,"turns":2.0},{"damage":27.0,"enemies":"Replay:BlueRogue","floor":11.0,"turns":6.0},{"damage":9.0,"enemies":"Jaw Worm","floor":12.0,"turns":4.0},{"damage":12.0,"enemies":"Exordium Wildlife","floor":14.0,"turns":5.0},{"damage":12.0,"enemies":"Fading Forest","floor":16.0,"turns":11.0},{"damage":5.0,"enemies":"3 Byrds","floor":18.0,"turns":5.0},{"damage":18.0,"enemies":"2 Thieves","floor":20.0,"turns":4.0},{"damage":28.0,"enemies":"Snake Plant","floor":21.0,"turns":5.0},{"damage":18.0,"enemies":"Shelled Parasite and Fungi","floor":22.0,"turns":5.0},{"damage":10.0,"enemies":"Gremlin Leader","floor":23.0,"turns":6.0},{"damage":0.0,"enemies":"Cultist and Chosen","floor":28.0,"turns":3.0},{"damage":6.0,"enemies":"Replay:Snechameleon","floor":29.0,"turns":4.0},{"damage":3.0,"enemies":"Snecko","floor":30.0,"turns":4.0},{"damage":0.0,"enemies":"Pondfish","floor":33.0,"turns":10.0},{"damage":11.0,"enemies":"3 Shapes","floor":35.0,"turns":3.0},{"damage":24,"enemies":"3 Darklings","floor":37,"turns":4},{"damage":4,"enemies":"4 Shapes","floor":41,"turns":5},{"damage":24,"enemies":"Maw","floor":45,"turns":5},{"damage":29,"enemies":"Sphere and 2 Shapes","floor":50,"turns":5},{"damage":80,"enemies":"Replay:Hell Engine","floor":52,"turns":13}],"seed_played":"-8828023647037332124","potions_obtained":[{"floor":7.0,"key":"DistilledChaos"},{"floor":10.0,"key":"EntropicBrew"},{"floor":10.0,"key":"Regen Potion"},{"floor":10.0,"key":"Block Potion"},{"floor":14.0,"key":"LiquidBronze"},{"floor":18.0,"key":"Dexterity Potion"},{"floor":20.0,"key":"GamblersBrew"},{"floor":22.0,"key":"EntropicBrew"},{"floor":23.0,"key":"GamblersBrew"},{"floor":34.0,"key":"Block Potion"},{"floor":35.0,"key":"Dexterity Potion"},{"floor":45,"key":"SpeedPotion"}],"is_trial":false,"path_per_floor":["M","T","$","?","$","R","M","R","T","?","E","M","R","M","R","B",null,"M","$","M","M","M","E","R","?","T","R","M","E","M","T","R","B",null,"M","$","M","?","T","R","M","R","T","$","M","R","?","PTL","PTL","M","R","B",null],"character_chosen":"THE_CURSED","items_purchased":["TheCursedMod:EmpowerCircles","TheCursedMod:CircleOfCorruption","TheCursedMod:SurpriseAttack+1","TheCursedMod:HellfireBreathing","ReplayTheSpireMod:CursedCoin","TheCursedMod:WearCloak","Anchor","TheCursedMod:SpitefulPlan","Master of Strategy"],"campfire_rested":2,"item_purchase_floors":[3,5,5,5,19,19,19,36,44],"current_hp_per_floor":[82,82,82,71,71,71,73,73,73,73,48,41,80,70,70,82,82,82,82,66,54,52,66,66,66,66,66,78,82,87,87,87,97,102,94,94,84,84,84,84,89,89,89,89,78,111,121,121,121,103,103,44],"gold":283,"neow_bonus":"TEN_PERCENT_HP_BONUS","is_daily":false,"chose_seed":false,"campfire_upgraded":9,"win_rate":0.0,"timestamp":1610171505,"path_taken":["M","?","$","?","$","R","M","R","T","?","E","M","R","M","R","BOSS","M","$","?","M","M","E","R","?","T","R","M","E","M","?","R","BOSS","M","$","M","?","?","R","M","R","T","$","M","R","?","PTL","PTL","?","R","BOSS"],"items_purchased_type":["Card","Card","Card","Card","Relic","Card","Relic","Card","Card"],"build_version":"2020-12-22","purchased_purges":1,"victory":true,"max_hp_per_floor":[82,82,82,82,82,82,82,82,82,82,82,82,82,82,82,82,82,82,82,84,86,88,90,90,90,90,90,92,92,94,94,94,97,102,105,105,105,105,105,105,108,108,108,108,111,111,121,121,121,124,124,127],"card_choices":[{"not_picked":["TheCursedMod:RavingStaff","TheCursedMod:Evocation"],"picked":"TheCursedMod:CursedBoomerang","floor":1.0},{"not_picked":["TheCursedMod:Mangle","TheCursedMod:BlessingInDisguise"],"picked":"TheCursedMod:SoulCrush","floor":7.0},{"not_picked":["TheCursedMod:HellsGateOpen","TheCursedMod:AshesToAshes"],"picked":"TheCursedMod:CircleOfFocus","floor":11.0},{"not_picked":["TheCursedMod:TacticalStrike","TheCursedMod:CursedAmulet"],"picked":"TheCursedMod:AshesToAshes","floor":12.0},{"not_picked":["TheCursedMod:CursedShiv","TheCursedMod:CursedMace"],"picked":"TheCursedMod:CircleOfBlood","floor":14.0},{"not_picked":["TheCursedMod:ParallelWorld","TheCursedMod:NeowsMight"],"picked":"TheCursedMod:AntiAging","floor":16.0},{"not_picked":["TheCursedMod:BloodBarrier","TheCursedMod:Torture"],"picked":"TheCursedMod:CursedShiv+1","floor":18.0},{"not_picked":["TheCursedMod:Torture+1","TheCursedMod:Stretching"],"picked":"TheCursedMod:CursedBlade+1","floor":20.0},{"not_picked":["TheCursedMod:CursedShiv","TheCursedMod:CircleOfWindfury"],"picked":"TheCursedMod:HellfireBreathing+1","floor":21.0},{"not_picked":["TheCursedMod:Stretching","TheCursedMod:TroublousMinions"],"picked":"TheCursedMod:FleshFromBone+1","floor":22.0},{"not_picked":["TheCursedMod:RavingStaff","TheCursedMod:VitalStrike"],"picked":"TheCursedMod:ReleasedKnowledge","floor":23.0},{"not_picked":["TheCursedMod:CursedArmor","TheCursedMod:CursedMace"],"picked":"TheCursedMod:SurpriseAttack","floor":28.0},{"not_picked":["TheCursedMod:Evocation","TheCursedMod:SmokeScreen","TheCursedMod:Stigma"],"picked":"SKIP","floor":29.0},{"not_picked":["TheCursedMod:ForbiddenAlchemy","TheCursedMod:CursedArmor"],"picked":"TheCursedMod:SpitefulStrike+1","floor":30.0},{"not_picked":["TheCursedMod:UltimatePain","TheCursedMod:DarkBarrier"],"picked":"TheCursedMod:StunningStrike","floor":33.0},{"not_picked":["TheCursedMod:CircleOfFocus","TheCursedMod:SoulReap"],"picked":"TheCursedMod:CircleOfCorruption","floor":34.0},{"not_picked":["TheCursedMod:Wield","TheCursedMod:CursedStaff"],"picked":"TheCursedMod:SpitefulPray","floor":35.0},{"not_picked":["TheCursedMod:BloodBarrier+1","TheCursedMod:CursedShiv"],"picked":"TheCursedMod:AshesToAshes+1","floor":37},{"not_picked":["TheCursedMod:ReleasedStrength","TheCursedMod:SoulReap+1"],"picked":"TheCursedMod:CircleOfCorruption","floor":41},{"not_picked":["TheCursedMod:WearCloak","TheCursedMod:CursedArmor"],"picked":"TheCursedMod:CircleOfCorruption+1","floor":45},{"not_picked":["TheCursedMod:DoubleShield","TheCursedMod:SmokeScreen+1"],"picked":"TheCursedMod:Wield+1","floor":50}],"player_experience":13856,"relics_obtained":[{"floor":2.0,"key":"Blood Vial"},{"floor":9.0,"key":"Simple Rune"},{"floor":11.0,"key":"Regal Pillow"},{"floor":23.0,"key":"Pet Ghost"},{"floor":26.0,"key":"Nunchaku"},{"floor":29.0,"key":"theSenshi:SailorFukuRelic"},{"floor":31.0,"key":"Replay:Mystery Machine"},{"floor":39,"key":"ReplayTheSpireMod:TigerMarble"},{"floor":43,"key":"Pen Nib"}],"event_choices":[{"damage_healed":0.0,"max_hp_gain":0.0,"max_hp_loss":0.0,"gold_gain":75.0,"event_name":"World of Goop","player_choice":"Gather Gold","floor":4.0,"gold_loss":0.0,"damage_taken":11.0},{"damage_healed":0.0,"max_hp_gain":0.0,"max_hp_loss":0.0,"gold_gain":0.0,"event_name":"Lab","player_choice":"Got Potions","floor":10.0,"gold_loss":0.0,"damage_taken":0.0},{"cards_removed":["TheCursedMod:Strike_TheCursed"],"damage_healed":0.0,"max_hp_gain":0.0,"max_hp_loss":0.0,"gold_gain":0.0,"event_name":"Beggar","player_choice":"Gave Gold","floor":25.0,"gold_loss":75.0,"damage_taken":0.0},{"damage_healed":0,"gold_gain":0,"player_choice":"Ignored","damage_taken":0,"max_hp_gain":0,"max_hp_loss":0,"event_name":"OrinTheCat","floor":38,"gold_loss":0},{"cards_removed":["TheCursedMod:StunningStrike"],"damage_healed":0,"gold_gain":0,"player_choice":"Offered Rare","damage_taken":0,"max_hp_gain":10,"max_hp_loss":0,"event_name":"Bonfire Elementals","floor":47,"gold_loss":0}],"is_beta":false,"boss_relics":[{"not_picked":["Ectoplasm","Replay:Wanted Poster"],"picked":"Replay:Grab Bag"},{"not_picked":["ReplayTheSpireMod:DimensionalGlitch","Sozu"],"picked":"Cursed Key"},{"not_picked":["Velvet Choker","ReplayTheSpireMod:Onyx Gauntlets"],"picked":"TheCursedMod:OminousMark"},{"not_picked":["Snecko Eye","SacredBark"],"picked":"Empty Cage"},{"not_picked":["Kintsugi","Runic Pyramid"],"picked":"Tiny House"}],"items_purged_floors":[19],"is_endless":false,"potions_floor_spawned":[7,12,14,18,20,22,23,35,45],"ascension_level":0}}