{"host":"mike","time":1610222684,"event":{"mods":["BaseMod","Downfall","Highlight Path","Minty Spire (QoL Compilation)","Random Character Button","Relic Stats","StSLib"],"gold_per_floor":[99,112,127,146,131,151,151,182,167,167,167,167],"floor_reached":10,"playtime":749,"items_purged":[],"score":68,"play_id":"8b2fc441-b711-4f90-9a69-22292b7b3a30","local_time":"20210109150444","is_ascension_mode":false,"campfire_choices":[{"data":"champ:Taunt","floor":1.0,"key":"SMITH"}],"circlet_count":0,"master_deck":["champ:Strike","champ:Strike","champ:Strike","champ:Strike","champ:Defend","champ:Defend","champ:Defend","champ:Defend","champ:Execute","champ:Taunt+1","champ:BerserkerStyle","champ:BringItOn","champ:EnragedBash","champ:FanOfKnives","champ:ViciousMockery","champ:PerfectForm"],"relics":["champ:ChampionCrown","Pen Nib","Pantograph","Bag of Preparation"],"acts_visited":[],"potions_floor_usage":[],"damage_taken":[{"damage":5.0,"enemies":"Small Slimes","floor":2.0,"turns":2.0},{"damage":18.0,"enemies":"Jaw Worm","floor":3.0,"turns":3.0},{"damage":0.0,"enemies":"2 Louse","floor":4.0,"turns":3.0},{"damage":20.0,"enemies":"downfall:FleeingMerchant","floor":5.0,"turns":4.0},{"damage":24.0,"enemies":"Large Slime","floor":6.0,"turns":5.0},{"damage":57.0,"enemies":"Gremlin Nob","floor":8.0,"turns":5.0},{"damage":22.0,"enemies":"downfall:FleeingMerchant","floor":9.0,"turns":4.0},{"damage":53,"enemies":"Lagavulin","floor":10,"turns":8}],"seed_played":"-1505876749557393193","potions_obtained":[{"floor":2.0,"key":"SteroidPotion"},{"floor":8.0,"key":"Dexterity Potion"}],"is_trial":false,"path_per_floor":["R","M","M","M","$","M","T","E","$","E"],"character_chosen":"THE_CHAMP","items_purchased":[],"campfire_rested":0,"item_purchase_floors":[],"current_hp_per_floor":[90,90,87,87,82,74,74,33,23,0,0,0],"gold":167,"neow_bonus":"RANDOM_COMMON_RELIC","is_daily":false,"chose_seed":false,"campfire_upgraded":1,"win_rate":0.0,"timestamp":1610222684,"path_taken":["R","M","M","M","$","M","T","E","$","E"],"items_purchased_type":[],"build_version":"2020-12-18","purchased_purges":0,"victory":false,"max_hp_per_floor":[90,90,90,90,90,90,90,90,90,90,90,90],"relic_stats":{"counters":[8,34],"Pantograph":0,"Pen Nib":[5],"Bag of Preparation":[4],"obtain_stats":[{"Pantograph":7,"champ:ChampionCrown":0,"Pen Nib":0,"Bag of Preparation":8},{"Pantograph":5,"champ:ChampionCrown":0,"Pen Nib":0,"Bag of Preparation":6},{"Pantograph":17,"champ:ChampionCrown":0,"Pen Nib":0,"Bag of Preparation":22}]},"card_choices":[{"not_picked":["champ:BringItOn","champ:DefensiveShout"],"picked":"champ:BerserkerStyle","floor":2.0},{"not_picked":["champ:TornadoPunch","champ:CrookedStrike"],"picked":"champ:BringItOn","floor":3.0},{"not_picked":["champ:Circumvent","champ:FocusedGladiator"],"picked":"champ:EnragedBash","floor":4.0},{"not_picked":["champ:Haymaker","champ:BladeFlurry"],"picked":"champ:FanOfKnives","floor":5.0},{"not_picked":["champ:BringItOn","champ:FocusedDefense","champ:DefensiveStyle"],"picked":"SKIP","floor":6.0},{"not_picked":["champ:GutPunch","champ:PerfectedStrike"],"picked":"champ:ViciousMockery","floor":8.0},{"not_picked":["champ:Shatter","champ:Haymaker"],"picked":"champ:PerfectForm","floor":9}],"player_experience":259474,"relics_obtained":[{"floor":7.0,"key":"Pantograph"},{"floor":8.0,"key":"Bag of Preparation"}],"event_choices":[],"is_beta":true,"boss_relics":[],"items_purged_floors":[],"is_endless":false,"potions_floor_spawned":[2,8],"killed_by":"Lagavulin","ascension_level":0}}