{"host":"d3is8viywkqxo0ur","time":1610176879,"event":{"mods":["BaseMod","Colored Powertips","Downfall","Marisa£®ÏF”Í°°ƒß¿Ì…≥£©","Minty Spire (QoL Compilation)","Relic Stats","Replay The Spire","StSLib","The Bladedancer","The Cursed","The Servant 0.9.4","Youmu£®ªÍ∆«—˝√Œ£©","noobMod","≤–¡Ù÷ÆŒÔ"],"gold_per_floor":[110,285,285,285,309,13,34,34,61,85,120,120,120,140,140,266,266,266],"floor_reached":17,"playtime":1534,"items_purged":["TheCursedMod:Strike_TheCursed"],"score":180,"play_id":"3c4b4e80-0bc6-4593-9968-195e10611d8d","local_time":"20210109152119","is_ascension_mode":false,"campfire_choices":[{"data":"TheCursedMod:DemonicPact","floor":13,"key":"SMITH"},{"floor":15,"key":"RECALL"}],"circlet_count":0,"master_deck":["TheCursedMod:Strike_TheCursed","TheCursedMod:Strike_TheCursed","TheCursedMod:Strike_TheCursed","TheCursedMod:Defend_TheCursed","TheCursedMod:Defend_TheCursed","TheCursedMod:Defend_TheCursed","TheCursedMod:Defend_TheCursed","TheCursedMod:CursedWand","TheCursedMod:CleanUpWorkshop","TheCursedMod:Dregs","TheCursedMod:Wield","Doubt","Injury","TheCursedMod:Grudge","TheCursedMod:SpitefulPlan","TheCursedMod:SoulCrush","expansioncontent:DecasProtection","TheCursedMod:RapidMovement","TheCursedMod:CursedAmulet","TheCursedMod:FleshFromBone","TheCursedMod:DemonicPact+1","TheCursedMod:HellsGateOpen","TheCursedMod:ForbiddenAlchemy"],"relics":["TheCursedMod:BlackMagic101","ice","Golden Idol","Pear","BargainBundle","PreservedInsect","Replay:Rubber Ducky","Black Star"],"acts_visited":["Exordium","TheCity"],"potions_floor_usage":[],"damage_taken":[{"damage":2,"enemies":"Jaw Worm","floor":1,"turns":5},{"damage":5,"enemies":"Small Slimes","floor":5,"turns":4},{"damage":0,"enemies":"2 Louse","floor":7,"turns":3},{"damage":0,"enemies":"2 Fungi Beasts","floor":10,"turns":4},{"damage":24,"enemies":"Lagavulin","floor":11,"turns":9},{"damage":37,"enemies":"Gremlin Gang","floor":14,"turns":7},{"damage":6,"enemies":"Hexaghost","floor":16,"turns":13}],"seed_played":"-2659968518403525609","potions_obtained":[{"floor":1,"key":"PowerPotion"},{"floor":5,"key":"LiquidMemories"}],"is_trial":false,"path_per_floor":["M","?","?","?","M","$","M","$","T","M","E","?","R","M","R","B",null],"character_chosen":"THE_CURSED","items_purchased":["BargainBundle","TheCursedMod:SpitefulPlan","TheCursedMod:SoulCrush","ReplayTheSpireMod:Brewmster","expansioncontent:DecasProtection","TheCursedMod:RapidMovement"],"campfire_rested":0,"item_purchase_floors":[6,6,6,6,6,6],"current_hp_per_floor":[80,80,80,83,78,78,78,78,78,78,54,102,102,65,65,59,102,102],"gold":266,"neow_bonus":"TEN_PERCENT_HP_BONUS","is_daily":false,"chose_seed":false,"campfire_upgraded":1,"win_rate":0.0,"timestamp":1610176879,"path_taken":["M","?","?","?","M","$","M","$","T","M","E","?","R","M","R","BOSS"],"items_purchased_type":["Relic","Card","Card","Card","Card","Card"],"build_version":"2020-12-22","purchased_purges":1,"victory":false,"max_hp_per_floor":[82,82,82,92,92,92,92,92,92,92,92,102,102,102,102,102,102,102],"relic_stats":{"counters":[7,45],"Golden Idol":50,"PreservedInsect":28,"Black Star":0,"obtain_stats":[{"TheCursedMod:BlackMagic101":0,"BargainBundle":6,"Pear":4,"Golden Idol":3,"PreservedInsect":9,"ice":0,"Black Star":17,"Replay:Rubber Ducky":11},{"TheCursedMod:BlackMagic101":0,"BargainBundle":2,"Pear":1,"Golden Idol":1,"PreservedInsect":3,"ice":0,"Black Star":7,"Replay:Rubber Ducky":5},{"TheCursedMod:BlackMagic101":0,"BargainBundle":9,"Pear":5,"Golden Idol":5,"PreservedInsect":12,"ice":0,"Black Star":45,"Replay:Rubber Ducky":25}]},"card_choices":[{"not_picked":["TheCursedMod:FuryStrike","TheCursedMod:AbyssShockwave"],"picked":"TheCursedMod:Wield","floor":1},{"not_picked":["TheCursedMod:CursedStaff","TheCursedMod:Wield"],"picked":"TheCursedMod:Grudge","floor":5},{"not_picked":["TheCursedMod:AshesToAshes","TheCursedMod:DoubleShield"],"picked":"TheCursedMod:CursedAmulet","floor":7},{"not_picked":["TheCursedMod:TacticalStrike","TheCursedMod:VitalStrike"],"picked":"TheCursedMod:FleshFromBone","floor":10},{"not_picked":["TheCursedMod:SpreadPlague","TheCursedMod:SurpriseAttack"],"picked":"TheCursedMod:DemonicPact","floor":11},{"not_picked":["TheCursedMod:SaltUponWound","TheCursedMod:CursedSpellbook"],"picked":"TheCursedMod:HellsGateOpen","floor":14},{"not_picked":["TheCursedMod:DarkBarrier","TheCursedMod:UltimatePain"],"picked":"TheCursedMod:ForbiddenAlchemy","floor":16}],"player_experience":111439,"relics_obtained":[{"floor":9,"key":"PreservedInsect"},{"floor":11,"key":"Replay:Rubber Ducky"}],"event_choices":[{"damage_healed":0,"gold_gain":175,"player_choice":"AGREE","damage_taken":0,"max_hp_gain":0,"max_hp_loss":0,"event_name":"Liars Game","floor":2,"gold_loss":0,"cards_obtained":["Doubt"]},{"damage_healed":0,"gold_gain":0,"player_choice":"Take Wound","damage_taken":0,"relics_obtained":["Golden Idol"],"max_hp_gain":0,"max_hp_loss":0,"event_name":"Golden Idol","floor":3,"gold_loss":0,"cards_obtained":["Injury"]},{"damage_healed":0,"gold_gain":0,"player_choice":"Success","damage_taken":7,"relics_obtained":["Pear"],"max_hp_gain":0,"max_hp_loss":0,"event_name":"Scrap Ooze","floor":4,"gold_loss":0},{"cards_removed":["ReplayTheSpireMod:Brewmster"],"damage_healed":38,"gold_gain":0,"player_choice":"Offered Rare","damage_taken":0,"max_hp_gain":10,"max_hp_loss":0,"event_name":"Bonfire Elementals","floor":12,"gold_loss":0}],"is_beta":false,"boss_relics":[{"not_picked":["ReplayTheSpireMod:DimensionalGlitch","Empty Cage"],"picked":"Black Star"}],"items_purged_floors":[6],"is_endless":false,"potions_floor_spawned":[1,5,14],"ascension_level":0}}