{"host":"t5s60ss6drvva5tc","time":1610213336,"event":{"mods":["AchievementEnabler","BaseMod","Colored Map","Colored Powertips","Minty Spire (QoL Compilation)"],"gold_per_floor":[114,114,114,114,289,317,317,328,328,328,341,341,358,389,389,389,389],"floor_reached":16,"playtime":567,"items_purged":[],"score":135,"play_id":"116ec40c-175f-4b6e-8cd7-343d980871d9","local_time":"20210109202856","is_ascension_mode":false,"campfire_choices":[{"data":"Die Die Die","floor":10,"key":"SMITH"},{"data":"Outmaneuver","floor":12,"key":"SMITH"},{"floor":15,"key":"REST"}],"circlet_count":0,"master_deck":["Strike_G","Strike_G","Strike_G","Strike_G","Strike_G","Defend_G","Defend_G","Defend_G","Defend_G","Survivor","Neutralize","Outmaneuver+1","Regret","Flying Knee","Doubt","Die Die Die+1","Prepared","Tactician","Slice","Flying Knee"],"relics":["Ring of the Snake","NeowsBlessing","CaptainsWheel","Ancient Tea Set","Lantern","Unceasing Top","Ornamental Fan"],"acts_visited":["Exordium"],"potions_floor_usage":[14,14],"damage_taken":[{"damage":0,"enemies":"2 Louse","floor":1,"turns":1},{"damage":0,"enemies":"Small Slimes","floor":3,"turns":1},{"damage":0,"enemies":"3 Sentries","floor":6,"turns":1},{"damage":3,"enemies":"Jaw Worm","floor":8,"turns":3},{"damage":7,"enemies":"Exordium Wildlife","floor":11,"turns":5},{"damage":0,"enemies":"Red Slaver","floor":13,"turns":3},{"damage":12,"enemies":"Gremlin Nob","floor":14,"turns":4},{"damage":62,"enemies":"The Guardian","floor":16,"turns":10}],"seed_played":"-7784670633236964637","potions_obtained":[{"floor":3,"key":"AttackPotion"},{"floor":11,"key":"SpeedPotion"},{"floor":13,"key":"DistilledChaos"},{"floor":14,"key":"Strength Potion"}],"is_trial":false,"path_per_floor":["M","?","M","?","?","E","?","M","T","R","M","R","M","E","R","B"],"character_chosen":"THE_SILENT","items_purchased":[],"campfire_rested":1,"item_purchase_floors":[],"current_hp_per_floor":[70,70,70,70,70,70,63,60,60,60,53,53,53,41,62,0,0],"gold":389,"neow_bonus":"THREE_ENEMY_KILL","is_daily":false,"chose_seed":false,"campfire_upgraded":2,"win_rate":0.0,"timestamp":1610213336,"path_taken":["M","?","M","?","?","E","?","?","T","R","M","R","M","E","R","BOSS"],"items_purchased_type":[],"build_version":"2020-12-22","purchased_purges":0,"victory":false,"max_hp_per_floor":[70,70,70,70,70,70,70,70,70,70,70,70,70,70,70,70,70],"card_choices":[{"not_picked":["Dagger Throw","Backflip"],"picked":"Outmaneuver","floor":1},{"not_picked":["Distraction","Eviscerate"],"picked":"Flying Knee","floor":3},{"not_picked":["Slice","Outmaneuver"],"picked":"Die Die Die","floor":6},{"not_picked":["PiercingWail","Dodge and Roll"],"picked":"Prepared","floor":8},{"not_picked":["Quick Slash","PiercingWail"],"picked":"Tactician","floor":11},{"not_picked":["PiercingWail","Glass Knife"],"picked":"Slice","floor":13},{"not_picked":["Backflip","Leg Sweep"],"picked":"Flying Knee","floor":14}],"player_experience":12713,"relics_obtained":[{"floor":6,"key":"Ancient Tea Set"},{"floor":9,"key":"Unceasing Top"},{"floor":14,"key":"Ornamental Fan"}],"event_choices":[{"damage_healed":0,"gold_gain":0,"player_choice":"Box","damage_taken":0,"relics_obtained":["CaptainsWheel"],"max_hp_gain":0,"max_hp_loss":0,"event_name":"Big Fish","floor":2,"gold_loss":0,"cards_obtained":["Regret"]},{"cards_removed":["Defend_G"],"damage_healed":0,"gold_gain":0,"player_choice":"Forget","damage_taken":0,"max_hp_gain":0,"max_hp_loss":0,"event_name":"Living Wall","floor":4,"gold_loss":0},{"damage_healed":0,"gold_gain":175,"player_choice":"AGREE","damage_taken":0,"max_hp_gain":0,"max_hp_loss":0,"event_name":"Liars Game","floor":5,"gold_loss":0,"cards_obtained":["Doubt"]},{"damage_healed":0,"gold_gain":0,"player_choice":"Success","damage_taken":7,"relics_obtained":["Lantern"],"max_hp_gain":0,"max_hp_loss":0,"event_name":"Scrap Ooze","floor":7,"gold_loss":0}],"is_beta":false,"boss_relics":[],"items_purged_floors":[],"is_endless":false,"potions_floor_spawned":[3,11,13,14],"killed_by":"The Guardian","ascension_level":0}}