{"host":"rwomhe7k24zy6c7l","time":1610175913,"event":{"mods":["Act Like it!","BaseMod","Colored Powertips","Conspire","Gensokyo","Luminous","Minty Spire (QoL Compilation)","RumiaBox-露米娅的神秘盒子","StSLib","The Bug Knight","Waifu the Spire","WarShipGirlsR/战舰少女R mod"],"gold_per_floor":[114,114,39,39,39,39,39,39,39,39,53,85,125,136,136,231,231,245,265,9,23,23,23,55,73,73,107,139,409,419,438,438,536,536,549,574,484,503,503,531,531,549,549,549,331,321,352,365,365,365],"floor_reached":51,"playtime":3355,"items_purged":["Regret"],"score":923,"play_id":"33b2faeb-36e8-4fbb-ab38-b04d10de5a31","local_time":"20210109150513","is_ascension_mode":true,"campfire_choices":[{"data":"HollowMod:PogoStrike","floor":6,"key":"SMITH"},{"data":"HollowMod:NailStrikeStart","floor":8,"key":"SMITH"},{"data":"HollowMod:DesolateDive","floor":15,"key":"SMITH"},{"data":"HollowMod:CycloneSlash","floor":23,"key":"SMITH"},{"data":"HollowMod:MantisMark","floor":32,"key":"SMITH"},{"data":"HollowMod:BaldurShell","floor":41,"key":"SMITH"},{"data":"Gensokyo:TurboGranny","floor":49,"key":"SMITH"}],"circlet_count":0,"master_deck":["HollowMod:NailStrikeStart+1","HollowMod:NailStrikeStart","HollowMod:NailStrikeStart+1","HollowMod:NailStrikeStart+1","HollowMod:QuickDashStart","HollowMod:QuickDashStart","HollowMod:QuickDashStart","HollowMod:QuickDashStart","HollowMod:FocusHealStart+1","HollowMod:PogoStrike+1","HollowMod:DesolateDive+1","HollowMod:CycloneSlash+1","HollowMod:MonarchWings+1","HollowMod:HowlingWraiths","HollowMod:SoulSplash+1","HollowMod:VengefulSpirit+1","HollowMod:MantisMark+1","Gensokyo:CustomPotion","HollowMod:FallenFury+1","Gensokyo:TurboGranny+1","HollowMod:CloakDash+1"],"relics":["HollowMod:VesselMask","Happy Flower","Gremlin Horn","Pear","MoreBug","PreservedInsect","MagicDraw1","Question Card","InkBottle","Ornamental Fan","Red Mask","Black Star","Whetstone","Strawberry","GodSword7","HollowMod:LumaflyLanternRelic","conspire:TopHat","GodSword6","Kunai"],"acts_visited":["Exordium","TheCity","TheCity"],"potions_floor_usage":[13,16,30,30,50,50],"damage_taken":[{"damage":5,"enemies":"Small Slimes","floor":1,"turns":3},{"damage":11,"enemies":"Jaw Worm","floor":11,"turns":2},{"damage":23,"enemies":"Gremlin Nob","floor":12,"turns":5},{"damage":39,"enemies":"conspire:MimicChest","floor":13,"turns":8},{"damage":11,"enemies":"2 Louse","floor":14,"turns":2},{"damage":46,"enemies":"HollowMod:FalseKnight","floor":16,"turns":8},{"damage":22,"enemies":"2 Thieves","floor":18,"turns":3},{"damage":17,"enemies":"3 Byrds","floor":19,"turns":4},{"damage":18,"enemies":"Sentry and Sphere","floor":21,"turns":4},{"damage":14,"enemies":"Book of Stabbing","floor":24,"turns":5},{"damage":11,"enemies":"Cultist and Chosen","floor":25,"turns":4},{"damage":10,"enemies":"Gremlin Leader","floor":27,"turns":4},{"damage":4,"enemies":"Masked Bandits","floor":28,"turns":4},{"damage":3,"enemies":"Centurion and Healer","floor":30,"turns":4},{"damage":3,"enemies":"Snecko","floor":31,"turns":4},{"damage":47,"enemies":"Automaton","floor":33,"turns":7},{"damage":24,"enemies":"Gensokyo:3_Boulders","floor":35,"turns":6},{"damage":0,"enemies":"Gensokyo:AncientGuardian","floor":38,"turns":4},{"damage":44,"enemies":"Gensokyo:Marisa","floor":40,"turns":5},{"damage":2,"enemies":"Gensokyo:Dusk_and_Dawn","floor":42,"turns":4},{"damage":14,"enemies":"Gensokyo:Doremy","floor":47,"turns":6},{"damage":8,"enemies":"Gensokyo:4_Bats","floor":48,"turns":4},{"damage":29,"enemies":"Gensokyo:Shinki","floor":50,"turns":9}],"seed_played":"5990108740796029467","potions_obtained":[{"floor":1,"key":"Regen Potion"},{"floor":13,"key":"SteroidPotion"},{"floor":21,"key":"SpeedPotion"},{"floor":27,"key":"EssenceOfSteel"},{"floor":28,"key":"Weak Potion"},{"floor":31,"key":"Block Potion"},{"floor":35,"key":"Weak Potion"},{"floor":48,"key":"Energy Potion"}],"is_trial":false,"path_per_floor":["M","?","$","?","?","R","$","R","T","$","M","E","?","M","R","B",null,"M","M","$","M","$","R","E","M","T","E","?","?","M","M","R","B",null,"M","T","?","M","?","E","R","M","T","T","COS","?","E","M","R","B",null],"character_chosen":"THE_BUGKNIGHT","items_purchased":["MagicDraw1"],"campfire_rested":0,"item_purchase_floors":[20],"current_hp_per_floor":[70,70,70,70,70,70,70,70,80,80,69,52,42,37,37,17,85,74,72,72,64,64,64,54,57,57,54,58,31,38,42,42,7,85,74,74,74,84,84,60,60,58,58,58,58,58,53,55,55,38],"gold":365,"neow_bonus":"RANDOM_COMMON_RELIC","is_daily":false,"chose_seed":false,"campfire_upgraded":7,"win_rate":0.0,"timestamp":1610175913,"path_taken":["M","?","$","?","?","R","?","R","T","$","M","E","?","M","R","BOSS","M","M","$","M","$","R","E","M","T","E","?","?","M","M","R","BOSS","M","?","?","M","?","E","R","M","T","?","COS","?","E","M","R","BOSS"],"items_purchased_type":["Relic"],"build_version":"2020-12-22","purchased_purges":1,"victory":true,"max_hp_per_floor":[75,75,75,75,75,75,75,75,85,85,85,85,85,85,85,85,85,85,85,85,85,85,85,85,85,85,85,85,85,85,85,85,85,85,85,85,85,85,85,92,92,92,92,92,92,92,92,92,92,92],"card_choices":[{"not_picked":["HollowMod:ShapeofUnn","HollowMod:WraithStrike","HollowMod:FastStrike"],"picked":"SKIP","floor":1},{"not_picked":["HollowMod:DoubleDash","HollowMod:HeavyBlow"],"picked":"HollowMod:DesolateDive","floor":11},{"not_picked":["HollowMod:SoulEater","HollowMod:DoubleDash","HollowMod:NewInfectedGuardian"],"picked":"SKIP","floor":12},{"not_picked":["HollowMod:DoubleDash","HollowMod:SiblingsSouls"],"picked":"HollowMod:CycloneSlash","floor":14},{"not_picked":["HollowMod:SoulShaman+1","HollowMod:DashSlash"],"picked":"HollowMod:MonarchWings+1","floor":18},{"not_picked":["HollowMod:BrokenVessel","HollowMod:Grubsong"],"picked":"HollowMod:BaldurShell","floor":19},{"not_picked":["HollowMod:SoulEater","HollowMod:InfectedAttack"],"picked":"HollowMod:HowlingWraiths","floor":21},{"not_picked":["HollowMod:DescendingDark","HollowMod:DreamGate","HollowMod:BrokenVessel"],"picked":"SKIP","floor":24},{"not_picked":["HollowMod:NewGlowingWomb","HollowMod:DescendingDark","HollowMod:FastStrike"],"picked":"HollowMod:SoulSplash+1","floor":25},{"not_picked":["HollowMod:MonarchWings","HollowMod:InfectedCysts","HollowMod:PaleKingsBlessing"],"picked":"HollowMod:VengefulSpirit+1","floor":27},{"not_picked":["HollowMod:InfectedAttack","HollowMod:CornifersMapStart","HollowMod:NewJinnsSoul"],"picked":"HollowMod:MantisMark","floor":28},{"not_picked":["HollowMod:InfectedAttack+1","HollowMod:MawleksShell+1","HollowMod:GrimmsGift","HollowMod:SiblingsSouls"],"picked":"SKIP","floor":30},{"not_picked":["HollowMod:HuntersJournal","HollowMod:ShapeofUnn","HollowMod:FastStrike","HollowMod:NewJinnsSoul+1"],"picked":"SKIP","floor":31},{"not_picked":["HollowMod:CloakDash+1","HollowMod:CoiledNail+1","HollowMod:VengefulVoid+1","HollowMod:PerfectDash+1"],"picked":"SKIP","floor":35},{"not_picked":["HollowMod:VengefulVoid","HollowMod:SoulSplash+1","HollowMod:CornifersMapStart","HollowMod:RadiancesLament"],"picked":"SKIP","floor":38},{"not_picked":["HollowMod:Hiveblood","HollowMod:HowlingWraiths+1","HollowMod:SoulStrike","HollowMod:NewJinnsSoul"],"picked":"SKIP","floor":40},{"not_picked":["HollowMod:InfectedCysts","HollowMod:WraithStrike","HollowMod:SharpenedNail+1"],"picked":"HollowMod:FallenFury+1","floor":42},{"not_picked":["HollowMod:CornifersMapStart","HollowMod:LifebloodCore","HollowMod:SharpenedNail"],"picked":"HollowMod:CloakDash+1","floor":47},{"not_picked":["HollowMod:HeavyBlow+1","HollowMod:ChannelNail","HollowMod:SiblingsSouls+1","HollowMod:NewGlowingWomb+1"],"picked":"SKIP","floor":48}],"player_experience":122124,"relics_obtained":[{"floor":9,"key":"Pear"},{"floor":12,"key":"MoreBug"},{"floor":13,"key":"PreservedInsect"},{"floor":24,"key":"Question Card"},{"floor":26,"key":"InkBottle"},{"floor":27,"key":"Ornamental Fan"},{"floor":28,"key":"Red Mask"},{"floor":36,"key":"Whetstone"},{"floor":40,"key":"Strawberry"},{"floor":40,"key":"GodSword7"},{"floor":43,"key":"HollowMod:LumaflyLanternRelic"},{"floor":44,"key":"conspire:TopHat"},{"floor":47,"key":"GodSword6"},{"floor":47,"key":"Kunai"}],"event_choices":[{"damage_healed":0,"gold_gain":0,"player_choice":"Box","damage_taken":0,"relics_obtained":["Gremlin Horn"],"max_hp_gain":0,"max_hp_loss":0,"event_name":"Big Fish","floor":2,"gold_loss":0,"cards_obtained":["Regret"]},{"damage_healed":0,"gold_gain":0,"player_choice":"Grow","damage_taken":0,"max_hp_gain":0,"max_hp_loss":0,"event_name":"Living Wall","floor":5,"gold_loss":0,"cards_upgraded":["HollowMod:FocusHealStart"]},{"damage_healed":0,"gold_gain":0,"player_choice":"Fought Bandits","damage_taken":0,"max_hp_gain":0,"max_hp_loss":0,"event_name":"Masked Bandits","floor":28,"gold_loss":0},{"damage_healed":0,"gold_gain":270,"player_choice":"GOLD GOLD GOLD ","damage_taken":27,"max_hp_gain":0,"max_hp_loss":0,"event_name":"Knowing Skull","floor":29,"potions_obtained":[],"gold_loss":0,"cards_obtained":[]},{"damage_healed":0,"gold_gain":0,"player_choice":"Leave","damage_taken":0,"max_hp_gain":0,"max_hp_loss":0,"event_name":"conspire:Investor","floor":39,"gold_loss":0}],"is_beta":false,"boss_relics":[{"not_picked":["conspire:RunicOctahedron","Sozu","Empty Cage"]},{"not_picked":["Calling Bell","Snecko Eye"],"picked":"Black Star"}],"items_purged_floors":[3],"is_endless":false,"potions_floor_spawned":[1,13,21,27,28,31,35,48],"ascension_level":1}}