{"host":"y4sghvfd0ewtcchd","time":1610173680,"event":{"mods":["Aspiration","BaseMod","Better Debug","Better Note","Better Third Choice","BetterRewards","Block Reminder","Colored Map","Colored Powertips","Downfall","Highlight Path","Hubris","Infinite Spire","Minty Spire (QoL Compilation)","Relic Sorter","Relic Stats","Replay The Spire","Shop Mod","StSLib","The Jungle","The Saiyan"],"gold_per_floor":[112,112,128,139,154,154,174,174,174,174,203,10,22,57,57,161,161,176,176,22,38,38,65,65,99,124,124,137,137,153,186,186,284,284,302,302,316,316,241,273,273,303,373,391,391,410,144,162,162,162,162,162,37,63,63],"floor_reached":56,"playtime":3679,"items_purged":["Dualcast","Dualcast","Spreading Infection","aspiration:Polymerization"],"score":2206,"play_id":"eab81abc-41bb-44bc-9753-67acaa6b010a","local_time":"20210109092800","is_ascension_mode":true,"campfire_choices":[{"data":"Zap","floor":6.0,"key":"SMITH"},{"data":"Defragment","floor":10.0,"key":"SMITH"},{"data":"hubris:PowerSurge","floor":15.0,"key":"SMITH"},{"data":"Chill","floor":24.0,"key":"SMITH"},{"floor":27.0,"key":"RECALL"},{"data":"hubris:DoWhile","floor":32,"key":"SMITH"},{"data":"Redo","floor":41,"key":"SMITH"},{"data":"hubris:PowerSurge","floor":45,"key":"SMITH"},{"data":"Storm","floor":49,"key":"SMITH"},{"data":"Amplify","floor":52,"key":"SMITH"}],"circlet_count":0,"master_deck":["Replay:SS_hec_2+1","Zap+1","Capacitor","Melter+1","Heatsinks","Leap","ReplayTheSpireMod:IOU","Defragment+1","Sunder+1","Turbo","ReplayTheSpireMod:Calculation Training","hubris:DoWhile+1","ReplayTheSpireMod:IOU","Self Repair","Consume","hubris:PowerSurge+1","Biased Cognition","Chill+1","hubris:PowerSurge+1","Ball Lightning+1","hubris:PowerSurge+1","Blizzard","Redo+1","Static Discharge","Reprogram","Glacier","Amplify+1","Lockon","Electrodynamics","Time Bomb","Turbo+1","Storm+1"],"relics":["Cracked Core","hubris:Reverence","Replay:Wax Seal","Lee\u0027s Waffle","infinitespire:Satchel","Anchor","aspiration:MysteriousAuxiliaryCore","Whetstone","hubris:BallOfYels","aspiration:EnhancedActuators","DollysMirror","hubris:Metronome","Strawberry","Lantern","Pandora\u0027s Box","Replay:Towering Pillar of Hats","Cursed Key","Pen Nib","Gambling Chip","Runic Capacitor","MerchantsRug","infinitespire:Beetle Shell"],"acts_visited":["Exordium","TheCity","TheBeyond","TheEnding"],"potions_floor_usage":[55,55,55],"damage_taken":[{"damage":0.0,"enemies":"2 Louse","floor":1.0,"turns":2.0},{"damage":0.0,"enemies":"infinitespire:Voidling","floor":3.0,"turns":2.0},{"damage":0.0,"enemies":"Small Slimes","floor":4.0,"turns":3.0},{"damage":0.0,"enemies":"Red Slaver","floor":5.0,"turns":4.0},{"damage":0.0,"enemies":"Blue Slaver","floor":7.0,"turns":3.0},{"damage":0.0,"enemies":"Replay:BlueRogue","floor":11.0,"turns":6.0},{"damage":5.0,"enemies":"Large Slime","floor":13.0,"turns":4.0},{"damage":10.0,"enemies":"3 Sentries","floor":14.0,"turns":5.0},{"damage":0.0,"enemies":"Fading Forest","floor":16.0,"turns":11.0},{"damage":1.0,"enemies":"Spheric Guardian","floor":18.0,"turns":3.0},{"damage":0.0,"enemies":"Chosen","floor":21.0,"turns":3.0},{"damage":2.0,"enemies":"Gremlin Leader","floor":23.0,"turns":8.0},{"damage":6.0,"enemies":"Book of Stabbing","floor":25.0,"turns":7.0},{"damage":0.0,"enemies":"Snecko","floor":28.0,"turns":3.0},{"damage":0,"enemies":"Snake Plant","floor":30,"turns":3},{"damage":0,"enemies":"Replay:Snechameleon","floor":31,"turns":5},{"damage":26,"enemies":"hubris:MusketHawk","floor":33,"turns":5},{"damage":0,"enemies":"3 Darklings","floor":35,"turns":3},{"damage":0,"enemies":"Orb Walker","floor":37,"turns":1},{"damage":0,"enemies":"Giant Head","floor":40,"turns":7},{"damage":0,"enemies":"Reptomancer","floor":42,"turns":2},{"damage":0,"enemies":"Sphere and 2 Shapes","floor":44,"turns":3},{"damage":0,"enemies":"Maw","floor":46,"turns":4},{"damage":0,"enemies":"Jaw Worm Horde","floor":48,"turns":4},{"damage":0,"enemies":"Donu and Deca","floor":50,"turns":2},{"damage":0,"enemies":"Shield and Spear","floor":54,"turns":2},{"damage":17,"enemies":"The Heart","floor":55,"turns":3}],"seed_played":"1847360659141370191","potions_obtained":[{"floor":1.0,"key":"BlessingOfTheForge"},{"floor":3.0,"key":"CultistPotion"},{"floor":7.0,"key":"Explosive Potion"},{"floor":14.0,"key":"FearPotion"},{"floor":21.0,"key":"sneckomod:MuddlingPotion"},{"floor":28.0,"key":"LifebloodPotion"},{"floor":30,"key":"Weak Potion"},{"floor":40,"key":"Swift Potion"},{"floor":42,"key":"PowerPotion"}],"is_trial":false,"path_per_floor":["M","?","M","M","M","R","M","?","T","R","E","$","M","E","R","B",null,"M","T","$","M","?","E","R","E","T","R","M","AVR","M","E","R","B",null,"M","?","M","?","$","E","R","E","T","M","R","M","$","M","R","B",null,"R","$","E","B",null],"character_chosen":"DEFECT","items_purchased":["Replay:Wax Seal","Capacitor","Lee\u0027s Waffle","Fruit Juice","infinitespire:Satchel","Melter","Heatsinks","Leap","Anchor","Defragment","Sunder","hubris:BallOfYels","Self Repair","Consume","DollysMirror","Runic Capacitor","MerchantsRug"],"campfire_rested":0,"item_purchase_floors":[0,0,0,0,0,0,0,0,0,0,0,12,12,12,20,47,47],"current_hp_per_floor":[87,87,87,87,87,87,87,87,87,87,87,87,87,84,84,87,87,87,87,87,87,87,87,87,88,88,88,88,88,88,94,94,75,89,89,89,89,89,89,94,94,94,94,94,94,94,94,94,94,94,94,94,94,94,84],"gold":63,"neow_bonus":"","is_daily":false,"chose_seed":false,"campfire_upgraded":9,"win_rate":0.0,"timestamp":1610173680,"path_taken":["M","?","M","M","M","R","?","?","T","R","E","$","M","E","R","BOSS","M","?","$","M","?","E","R","E","T","R","M","AVR","M","E","R","BOSS","M","?","M","?","?","E","R","E","T","M","R","M","$","M","R","BOSS","R","$","E","BOSS"],"items_purchased_type":["Relic","Card","Relic","Potion","Relic","Card","Card","Card","Relic","Card","Card","Relic","Card","Card","Relic","Relic","Relic"],"build_version":"2020-12-22","purchased_purges":4,"victory":true,"max_hp_per_floor":[87,87,87,87,87,87,87,87,87,87,87,87,87,87,87,87,87,87,87,87,87,87,87,87,94,94,94,94,94,94,94,94,94,94,94,94,94,94,94,94,94,94,94,94,94,94,94,94,94,94,94,94,94,94,94],"relic_stats":{"Lee\u0027s Waffle":39,"counters":[117,471],"Gambling Chip":[15],"Pandora\u0027s Box":["hubris:PowerSurge","Blizzard","Redo","Static Discharge","Reprogram","aspiration:Polymerization","Glacier","Amplify"],"Pen Nib":[1],"Whetstone":["Meteor Strike","Strike_B","Melter","Strike_B"],"Cursed Key":1,"obtain_stats":[{"Ice Cream":37,"infinitespire:BottledMercury":4,"hubris:BallOfYels":12,"Tiny House":17,"aspiration:Stellarator":17,"infinitespire:Cubic Diamond":2,"Runic Capacitor":47,"Whetstone":7,"Blood Vial":34,"infinitespire:ShieldingShard":45,"HornCleat":55,"aspiration:EnhancedActuators":14,"DollysMirror":20,"Strawberry":8,"hubris:DeckOfHolding":10,"aspiration:ArtOfWarUpgrade":32,"Prayer Wheel":16,"Philosopher\u0027s Stone":34,"HandDrill":55,"Kunai":36,"Replay:Wax Seal":0,"hubris:TinFlute":55,"MerchantsRug":47,"Pear":34,"Pen Nib":40,"infinitespire:Beetle Shell":54,"Bird Faced Urn":17,"Pandora\u0027s Box":29,"ReplayTheSpireMod:TigerMarble":0,"aspiration:MysteriousAuxiliaryCore":9,"infinitespire:PuzzleCube":0,"Abe\u0027s Treasure":17,"hubris:Reverence":43,"Darkstone Periapt":13,"Regal Pillow":6,"hubris:Metronome":45,"Lantern":26,"Bag of Preparation":9,"Cursed Key":34,"Pet Ghost":54,"ClockworkSouvenir":0,"Replay:Bandana":7,"Chameleon Ring":26,"hubris:Icosahedron":36,"hubris:Backtick":17,"Mummified Hand":0,"Gambling Chip":42,"Chemical X":0,"Replay:Bottled Snecko":10,"Cracked Core":0,"Potion Belt":19,"Lee\u0027s Waffle":0,"Inserter":17,"NeowsBlessing":0,"Replay:Towering Pillar of Hats":31,"infinitespire:FocusingShard":0,"The Courier":31,"infinitespire:Joker Card":34,"Replay:WaspNest":41,"hubris:Towel":39,"Calling Bell":34,"Anchor":0,"infinitespire:WardingShard":9,"hubris:Spice":50,"infinitespire:Satchel":4,"Orrery":0,"Coffee Dripper":17,"Art of War":27,"Toy Ornithopter":43,"m_BurningSludge":2,"infinitespire:Midas Blood":30,"hubris:NiceRug":55},{"Ice Cream":57,"infinitespire:BottledMercury":41,"hubris:BallOfYels":96,"Tiny House":10,"aspiration:Stellarator":99,"infinitespire:Cubic Diamond":19,"Runic Capacitor":113,"Whetstone":69,"Blood Vial":56,"infinitespire:ShieldingShard":83,"HornCleat":88,"aspiration:EnhancedActuators":98,"DollysMirror":100,"Strawberry":43,"hubris:DeckOfHolding":21,"aspiration:ArtOfWarUpgrade":55,"Prayer Wheel":73,"Philosopher\u0027s Stone":80,"HandDrill":88,"Kunai":81,"Replay:Wax Seal":90,"hubris:TinFlute":87,"MerchantsRug":113,"Pear":56,"Pen Nib":110,"infinitespire:Beetle Shell":116,"Bird Faced Urn":73,"Pandora\u0027s Box":104,"ReplayTheSpireMod:TigerMarble":65,"aspiration:MysteriousAuxiliaryCore":95,"infinitespire:PuzzleCube":12,"Abe\u0027s Treasure":33,"hubris:Reverence":111,"Darkstone Periapt":8,"Regal Pillow":3,"hubris:Metronome":60,"Lantern":103,"Bag of Preparation":5,"Cursed Key":107,"Pet Ghost":64,"ClockworkSouvenir":39,"Replay:Bandana":29,"Chameleon Ring":52,"hubris:Icosahedron":57,"hubris:Backtick":73,"Mummified Hand":26,"Gambling Chip":111,"Chemical X":65,"Replay:Bottled Snecko":70,"Cracked Core":0,"Potion Belt":74,"Lee\u0027s Waffle":90,"Inserter":47,"NeowsBlessing":0,"Replay:Towering Pillar of Hats":106,"infinitespire:FocusingShard":39,"The Courier":55,"infinitespire:Joker Card":56,"Replay:WaspNest":59,"hubris:Towel":58,"Calling Bell":56,"Anchor":39,"infinitespire:WardingShard":14,"hubris:Spice":86,"infinitespire:Satchel":2,"Orrery":65,"Coffee Dripper":24,"Art of War":53,"Toy Ornithopter":60,"m_BurningSludge":19,"infinitespire:Midas Blood":55,"hubris:NiceRug":88},{"Ice Cream":239,"infinitespire:BottledMercury":179,"hubris:BallOfYels":383,"Tiny House":30,"aspiration:Stellarator":403,"infinitespire:Cubic Diamond":63,"Runic Capacitor":460,"Whetstone":288,"Blood Vial":236,"infinitespire:ShieldingShard":339,"HornCleat":357,"aspiration:EnhancedActuators":392,"DollysMirror":406,"Strawberry":184,"hubris:DeckOfHolding":83,"aspiration:ArtOfWarUpgrade":230,"Prayer Wheel":307,"Philosopher\u0027s Stone":332,"HandDrill":357,"Kunai":334,"Replay:Wax Seal":363,"hubris:TinFlute":354,"MerchantsRug":460,"Pear":236,"Pen Nib":451,"infinitespire:Beetle Shell":468,"Bird Faced Urn":307,"Pandora\u0027s Box":427,"ReplayTheSpireMod:TigerMarble":280,"aspiration:MysteriousAuxiliaryCore":377,"infinitespire:PuzzleCube":39,"Abe\u0027s Treasure":146,"hubris:Reverence":453,"Darkstone Periapt":22,"Regal Pillow":3,"hubris:Metronome":251,"Lantern":424,"Bag of Preparation":11,"Cursed Key":440,"Pet Ghost":274,"ClockworkSouvenir":175,"Replay:Bandana":131,"Chameleon Ring":216,"hubris:Icosahedron":239,"hubris:Backtick":307,"Mummified Hand":119,"Gambling Chip":453,"Chemical X":280,"Replay:Bottled Snecko":290,"Cracked Core":0,"Potion Belt":310,"Lee\u0027s Waffle":363,"Inserter":203,"NeowsBlessing":0,"Replay:Towering Pillar of Hats":435,"infinitespire:FocusingShard":175,"The Courier":230,"infinitespire:Joker Card":236,"Replay:WaspNest":248,"hubris:Towel":242,"Calling Bell":236,"Anchor":175,"infinitespire:WardingShard":45,"hubris:Spice":350,"infinitespire:Satchel":2,"Orrery":280,"Coffee Dripper":106,"Art of War":223,"Toy Ornithopter":251,"m_BurningSludge":63,"infinitespire:Midas Blood":230,"hubris:NiceRug":357}]},"card_choices":[{"not_picked":["Steam","Sunder"],"picked":"Turbo","floor":1.0},{"not_picked":["Streamline","Beam Cell","Panic Button"],"picked":"SKIP","floor":3.0},{"not_picked":["Leap","Stack","ReplayGash"],"picked":"SKIP","floor":4.0},{"not_picked":["Panic Button","BasicCrystalCard","Ball Lightning"],"picked":"SKIP","floor":5.0},{"not_picked":["ReplayTheSpireMod:GoodbyeWorld","Chaos"],"picked":"ReplayTheSpireMod:Calculation Training","floor":7.0},{"not_picked":["Darkness","Sweeping Beam"],"picked":"hubris:DoWhile","floor":11.0},{"not_picked":["Stack","Hologram"],"picked":"Glacier","floor":13.0},{"not_picked":["aspiration:Polymerization","Panic Button"],"picked":"hubris:PowerSurge","floor":14.0},{"not_picked":["hubris:DoWhile","hubris:Prefetch"],"picked":"Biased Cognition","floor":16.0},{"not_picked":["BasicCrystalCard","Doom and Gloom"],"picked":"Chill","floor":18.0},{"not_picked":["Heatsinks","Rebound","Doom and Gloom"],"picked":"SKIP","floor":21.0},{"not_picked":["Streamline+1","Recycle","Barrage"],"picked":"SKIP","floor":23.0},{"not_picked":["Hologram+1","Stack+1"],"picked":"Ball Lightning+1","floor":25.0},{"not_picked":["Scrape+1","ReplayTheSpireMod:Calculation Training","ReplaySort"],"picked":"SKIP","floor":28.0},{"not_picked":["Auto Shields","Coolheaded","Barrage"],"picked":"SKIP","floor":30},{"not_picked":["Conserve Battery+1","Double Energy"],"picked":"Lockon","floor":31},{"not_picked":["hubris:Prefetch","ReplayRNGCard"],"picked":"Electrodynamics","floor":33},{"not_picked":["Leap","Stack+1","Undo+1"],"picked":"SKIP","floor":35},{"not_picked":["Rip and Tear+1","Go for the Eyes"],"picked":"Time Bomb","floor":37},{"not_picked":["Doom and Gloom","Stack+1"],"picked":"Turbo+1","floor":40},{"not_picked":["Hologram+1","BasicCrystalCard","Steam"],"picked":"SKIP","floor":42},{"not_picked":["Hologram+1","BasicCrystalCard","Steam"],"picked":"SKIP","floor":42},{"not_picked":["Coolheaded","hubris:Ukulele","Leap"],"picked":"SKIP","floor":44},{"not_picked":["FTL","Gash","Glacier"],"picked":"SKIP","floor":46},{"not_picked":["Fission","Turbo"],"picked":"Storm","floor":48},{"not_picked":["BootSequence","ReplaySolidLightProjector","Barrage+1"],"picked":"SKIP","floor":54}],"player_experience":517781,"relics_obtained":[{"floor":9.0,"key":"aspiration:MysteriousAuxiliaryCore"},{"floor":11.0,"key":"Whetstone"},{"floor":14.0,"key":"aspiration:EnhancedActuators"},{"floor":23.0,"key":"hubris:Metronome"},{"floor":25.0,"key":"Strawberry"},{"floor":26.0,"key":"Lantern"},{"floor":31,"key":"Replay:Towering Pillar of Hats"},{"floor":40,"key":"Pen Nib"},{"floor":42,"key":"Gambling Chip"},{"floor":43,"key":"hubris:Reverence"},{"floor":54,"key":"infinitespire:Beetle Shell"}],"event_choices":[{"damage_healed":0.0,"max_hp_gain":0.0,"max_hp_loss":0.0,"gold_gain":0.0,"event_name":"Accursed Blacksmith","player_choice":"Forge","floor":2.0,"gold_loss":0.0,"damage_taken":0.0,"cards_upgraded":["Sunder"]},{"damage_healed":0.0,"max_hp_gain":0.0,"max_hp_loss":0.0,"gold_gain":0.0,"event_name":"The Woman in Blue","player_choice":"Bought 0 Potions","floor":8.0,"gold_loss":0.0,"damage_taken":0.0},{"cards_removed":["Glacier"],"damage_healed":0,"gold_gain":0,"player_choice":"Removed Skill","damage_taken":0,"max_hp_gain":0,"max_hp_loss":0,"event_name":"Falling","floor":36,"gold_loss":0}],"is_beta":false,"boss_relics":[{"not_picked":["Replay:Drink Me","FrozenCore"],"picked":"aspiration:Stellarator"},{"not_picked":["Kintsugi","Painkiller Herb"],"picked":"Cursed Key"}],"items_purged_floors":[29,39,47,53],"is_endless":false,"potions_floor_spawned":[1,3,7,14,21,28,30,40,42,46,48],"ascension_level":5}}