{"host":"3l94tha3a4jgu0q4","time":1610173530,"event":{"mods":["2.2 Compatiblity","AchievementEnabler","BaseMod","Colored Map","Colored Powertips","Highlight Path","Minty Spire (QoL Compilation)","Permanent Neow","StSLib","SuperFastMode"],"gold_per_floor":[117,16,29,44,44,44,77,90,159,189,201,236,246,256,256,335,335,354,372,389,403,423,423,451,451,478,494,321,339,339,349,349,422,422,434,344,358,36,48,48,81,81,153,153,170,202,218,250,250,250,250,250,24,51,51],"floor_reached":56,"playtime":7453,"items_purged":["Strike_P","Defend_P","Defend_P"],"score":2107,"play_id":"b1c701d1-cce3-4406-8682-5be4e428893c","local_time":"20210108222530","is_ascension_mode":true,"campfire_choices":[{"data":"Eruption","floor":6.0,"key":"SMITH"},{"data":"MentalFortress","floor":15.0,"key":"SMITH"},{"data":"Wallop","floor":23.0,"key":"SMITH"},{"floor":25.0,"key":"REST"},{"data":"Vault","floor":30.0,"key":"SMITH"},{"data":"DevaForm","floor":32.0,"key":"SMITH"},{"data":"Devotion","floor":40.0,"key":"SMITH"},{"data":"TalkToTheHand","floor":42.0,"key":"SMITH"},{"floor":44.0,"key":"RECALL"},{"floor":49.0,"key":"REST"},{"floor":52.0,"key":"REST"}],"circlet_count":0,"master_deck":["AscendersBane","Strike_P+1","Defend_P","Eruption+1","Vigilance","WheelKick","MentalFortress+1","Wallop+1","EmptyBody","EmptyFist","ClearTheMind","Vault+1","Tantrum","Indignation+1","Evaluate","DevaForm+1","ClearTheMind","Halt","Consecrate","Consecrate+1","SandsOfTime+1","FearNoEvil+1","Crescendo+1","ClearTheMind","EmptyFist","Adaptation+1","FearNoEvil","Devotion+1","FlurryOfBlows","TalkToTheHand+1","LikeWater","FlurryOfBlows","Tantrum","EmptyBody","Vengeance","Adaptation","Crescendo","FlurryOfBlows"],"relics":["Runic Pyramid","Torii","Ancient Tea Set","Oddly Smooth Stone","VioletLotus","Bag of Preparation","PreservedInsect","Empty Cage","OrangePellets","Toy Ornithopter","Shuriken","Mango","War Paint","Blood Vial"],"acts_visited":["Exordium","TheCity","TheBeyond","TheEnding"],"potions_floor_usage":[55],"damage_taken":[{"damage":0.0,"enemies":"Cultist","floor":1.0,"turns":2.0},{"damage":0.0,"enemies":"2 Louse","floor":3.0,"turns":3.0},{"damage":0.0,"enemies":"Small Slimes","floor":4.0,"turns":3.0},{"damage":4.0,"enemies":"3 Sentries","floor":7.0,"turns":6.0},{"damage":0.0,"enemies":"Exordium Thugs","floor":8.0,"turns":3.0},{"damage":0.0,"enemies":"Lagavulin","floor":10.0,"turns":5.0},{"damage":1.0,"enemies":"3 Louse","floor":11.0,"turns":3.0},{"damage":37.0,"enemies":"Gremlin Nob","floor":12.0,"turns":6.0},{"damage":0.0,"enemies":"Exordium Wildlife","floor":13.0,"turns":2.0},{"damage":8.0,"enemies":"Lots of Slimes","floor":14.0,"turns":4.0},{"damage":9.0,"enemies":"The Guardian","floor":16.0,"turns":13.0},{"damage":21.0,"enemies":"2 Thieves","floor":18.0,"turns":5.0},{"damage":0.0,"enemies":"Shell Parasite","floor":19.0,"turns":5.0},{"damage":8.0,"enemies":"Snake Plant","floor":20.0,"turns":6.0},{"damage":1.0,"enemies":"Snecko","floor":21.0,"turns":6.0},{"damage":9.0,"enemies":"Centurion and Healer","floor":22.0,"turns":5.0},{"damage":15.0,"enemies":"Slavers","floor":24.0,"turns":7.0},{"damage":0.0,"enemies":"3 Cultists","floor":27.0,"turns":4.0},{"damage":0.0,"enemies":"Sentry and Sphere","floor":29.0,"turns":3.0},{"damage":0.0,"enemies":"Centurion and Healer","floor":31.0,"turns":5.0},{"damage":0.0,"enemies":"Automaton","floor":33.0,"turns":9.0},{"damage":1.0,"enemies":"Orb Walker","floor":35.0,"turns":2.0},{"damage":0.0,"enemies":"3 Darklings","floor":37.0,"turns":6.0},{"damage":20.0,"enemies":"Transient","floor":39.0,"turns":6.0},{"damage":12.0,"enemies":"Nemesis","floor":41.0,"turns":6.0},{"damage":0.0,"enemies":"Spire Growth","floor":45.0,"turns":3.0},{"damage":0.0,"enemies":"Giant Head","floor":46.0,"turns":5.0},{"damage":0.0,"enemies":"3 Darklings","floor":47.0,"turns":5.0},{"damage":30.0,"enemies":"Reptomancer","floor":48.0,"turns":4.0},{"damage":33.0,"enemies":"Time Eater","floor":50.0,"turns":7.0},{"damage":0.0,"enemies":"Shield and Spear","floor":54.0,"turns":3.0},{"damage":80,"enemies":"The Heart","floor":55,"turns":8}],"seed_played":"-4545995552135308259","potions_obtained":[{"floor":4.0,"key":"Fire Potion"},{"floor":7.0,"key":"BlessingOfTheForge"},{"floor":14.0,"key":"PowerPotion"},{"floor":16.0,"key":"GamblersBrew"},{"floor":19.0,"key":"SkillPotion"},{"floor":22.0,"key":"BlessingOfTheForge"},{"floor":27.0,"key":"FairyPotion"},{"floor":29.0,"key":"LiquidMemories"},{"floor":35.0,"key":"PowerPotion"},{"floor":47.0,"key":"AttackPotion"},{"floor":54.0,"key":"StancePotion"}],"is_trial":false,"path_per_floor":["M","$","M","M","$","R","E","M","T","E","M","E","M","M","R","B",null,"M","M","M","M","M","R","E","R","T","M","$","M","R","M","R","B",null,"M","?","M","$","M","R","E","R","T","R","M","E","M","E","R","B",null,"R","$","E","B",null],"character_chosen":"WATCHER","items_purchased":["MentalFortress","Wallop","ClearTheMind","EmptyFist","LikeWater","OrangePellets","Adaptation","Crescendo"],"campfire_rested":3,"item_purchase_floors":[2,2,28,28,38,38,53,53],"current_hp_per_floor":[65,65,65,65,65,65,61,61,61,61,60,23,23,15,15,6,56,35,35,27,26,17,17,2,23,23,23,23,23,23,23,23,23,60,59,59,59,59,39,39,27,27,27,27,27,46,46,21,46,13,68,86,86,86,11],"gold":51,"neow_bonus":"BOSS_RELIC","is_daily":false,"chose_seed":false,"campfire_upgraded":7,"win_rate":0.0,"timestamp":1610173530,"path_taken":["M","$","M","M","?","R","E","M","T","E","?","E","M","M","R","BOSS","M","M","M","?","M","R","E","R","T","M","?","?","R","M","R","BOSS","M","?","M","?","?","R","E","R","T","R","M","E","M","E","R","BOSS","R","$","E","BOSS"],"items_purchased_type":["Card","Card","Card","Card","Card","Relic","Card","Card"],"build_version":"2020-12-22","purchased_purges":3,"victory":true,"max_hp_per_floor":[72,72,72,72,72,72,72,72,72,72,72,72,72,72,72,72,72,72,72,72,72,72,72,72,72,72,72,72,72,72,72,72,72,72,72,72,72,72,72,72,72,72,72,72,72,86,86,86,86,86,86,86,86,86,86],"card_choices":[{"not_picked":["FlyingSleeves","Meditate"],"picked":"WheelKick","floor":1.0},{"not_picked":["PathToVictory","JustLucky"],"picked":"EmptyBody","floor":3.0},{"not_picked":["Nirvana","Scrawl"],"picked":"EmptyFist","floor":4.0},{"not_picked":["CarveReality","Scrawl"],"picked":"ClearTheMind","floor":7.0},{"not_picked":["FlyingSleeves","ForeignInfluence","Prostrate"],"picked":"SKIP","floor":8.0},{"not_picked":["ClearTheMind","Judgement"],"picked":"Vault","floor":10.0},{"not_picked":["BattleHymn","CrushJoints","EmptyBody"],"picked":"SKIP","floor":11.0},{"not_picked":["PathToVictory","Fasting2"],"picked":"Tantrum","floor":12.0},{"not_picked":["FollowUp","JustLucky"],"picked":"Indignation","floor":13.0},{"not_picked":["PathToVictory","ClearTheMind"],"picked":"Evaluate","floor":14.0},{"not_picked":["Alpha","LessonLearned"],"picked":"DevaForm","floor":16.0},{"not_picked":["EmptyFist","FollowUp+1"],"picked":"ClearTheMind","floor":18.0},{"not_picked":["Worship","Protect"],"picked":"Halt","floor":19.0},{"not_picked":["Prostrate","FlyingSleeves"],"picked":"Consecrate","floor":20.0},{"not_picked":["EmptyFist","WreathOfFlame"],"picked":"Consecrate+1","floor":21.0},{"not_picked":["Omniscience","SashWhip"],"picked":"SandsOfTime+1","floor":22.0},{"not_picked":["EmptyBody","Halt"],"picked":"FearNoEvil+1","floor":24.0},{"not_picked":["Wallop","EmptyBody"],"picked":"Crescendo","floor":27.0},{"not_picked":["LikeWater","PathToVictory"],"picked":"Adaptation+1","floor":29.0},{"not_picked":["Crescendo","FollowUp+1"],"picked":"FearNoEvil","floor":31.0},{"not_picked":["Omniscience","DevaForm"],"picked":"Devotion","floor":33.0},{"not_picked":["Pray+1","BowlingBash"],"picked":"FlurryOfBlows","floor":35.0},{"not_picked":["Nirvana+1","ForeignInfluence"],"picked":"TalkToTheHand","floor":37.0},{"not_picked":["CarveReality","CutThroughFate+1","PathToVictory"],"picked":"SKIP","floor":39.0},{"not_picked":["CarveReality","Halt"],"picked":"FlurryOfBlows","floor":41.0},{"not_picked":["Swivel","WheelKick","CrushJoints+1"],"picked":"SKIP","floor":45.0},{"not_picked":["WreathOfFlame+1","DeusExMachina"],"picked":"Tantrum","floor":46.0},{"not_picked":["Prostrate","CrushJoints"],"picked":"EmptyBody","floor":47.0},{"not_picked":["BowlingBash+1","Perseverance"],"picked":"Vengeance","floor":48.0},{"not_picked":["Prostrate","ThirdEye"],"picked":"FlurryOfBlows","floor":54.0}],"player_experience":1898249,"relics_obtained":[{"floor":7.0,"key":"Torii"},{"floor":10.0,"key":"Ancient Tea Set"},{"floor":12.0,"key":"Oddly Smooth Stone"},{"floor":24.0,"key":"Bag of Preparation"},{"floor":26.0,"key":"PreservedInsect"},{"floor":41.0,"key":"Toy Ornithopter"},{"floor":43.0,"key":"Shuriken"},{"floor":46.0,"key":"Mango"},{"floor":48.0,"key":"War Paint"},{"floor":54.0,"key":"Blood Vial"}],"event_choices":[{"cards_removed":["Strike_P"],"damage_healed":0.0,"max_hp_gain":0.0,"max_hp_loss":0.0,"gold_gain":0.0,"event_name":"Designer","player_choice":"Upgrade and Remove","floor":36.0,"gold_loss":90.0,"damage_taken":0.0,"cards_upgraded":["Strike_P"]}],"is_beta":false,"boss_relics":[{"not_picked":["Pandora\u0027s Box","Runic Dome"],"picked":"VioletLotus"},{"not_picked":["Velvet Choker","SlaversCollar"],"picked":"Empty Cage"}],"items_purged_floors":[28,38,53],"is_endless":false,"potions_floor_spawned":[4,7,10,14,16,19,22,27,29,35,39,47,54],"ascension_level":13}}