{"host":"f5y45f7z7ziu0smp","time":1610177696,"event":{"mods":["AchievementEnabler","BaseMod","Koishi","Marisa£¨Ùöéë¡¡Øª×âÞÞ£©","Minty Spire (QoL Compilation)","StSLib","SuperFastMode","The Hierophant"],"gold_per_floor":[116,116,40,54,73,73,73,73,73,73,73,73,73,104,104,199,199,215,228,228,241,241,241,91,91,140,150,67,67,67,78,78,178,178,192,192,92,92,107,107,125,125,151,180,55,55,55,65,65,65],"floor_reached":51,"playtime":1102,"items_purged":["Crescendo","JustLucky","CutThroughFate+1"],"score":894,"play_id":"e66e4c47-87b7-4b73-970b-8b8613ba258f","local_time":"20210109163456","daily_mods":["SealedDeck","Time Dilation","Flight","Lethality"],"is_ascension_mode":false,"campfire_choices":[{"data":"Adaptation","floor":6,"key":"SMITH"},{"data":"ClearTheMind","floor":7,"key":"SMITH"},{"data":"ClearTheMind","floor":8,"key":"SMITH"},{"data":"FlurryOfBlows","floor":10,"key":"SMITH"},{"data":"CutThroughFate","floor":11,"key":"SMITH"},{"data":"FlurryOfBlows","floor":12,"key":"SMITH"},{"data":"Tantrum","floor":15,"key":"SMITH"},{"data":"MentalFortress","floor":23,"key":"SMITH"},{"data":"FearNoEvil","floor":25,"key":"SMITH"},{"data":"Flash of Steel","floor":30,"key":"SMITH"},{"data":"CutThroughFate","floor":32,"key":"SMITH"},{"data":"Vault","floor":40,"key":"SMITH"},{"data":"FollowUp","floor":42,"key":"SMITH"},{"data":"InnerPeace","floor":47,"key":"SMITH"},{"data":"Indignation","floor":49,"key":"SMITH"}],"circlet_count":0,"master_deck":["FollowUp+1","ClearTheMind+1","CutThroughFate+1","ClearTheMind+1","Tantrum+1","Adaptation+1","FlurryOfBlows+1","Indignation+1","FlurryOfBlows+1","MentalFortress+1","FearNoEvil+1","Flash of Steel+1","InnerPeace+1","Vault+1"],"relics":["PureWater"],"acts_visited":["Exordium","TheCity","TheBeyond"],"potions_floor_usage":[50],"damage_taken":[{"damage":0,"enemies":"2 Louse","floor":1,"turns":1},{"damage":0,"enemies":"Small Slimes","floor":4,"turns":1},{"damage":0,"enemies":"Jaw Worm","floor":5,"turns":1},{"damage":0,"enemies":"3 Sentries","floor":14,"turns":2},{"damage":0,"enemies":"The Guardian","floor":16,"turns":1},{"damage":11,"enemies":"Shell Parasite","floor":18,"turns":2},{"damage":0,"enemies":"Chosen","floor":19,"turns":1},{"damage":0,"enemies":"Shelled Parasite and Fungi","floor":21,"turns":1},{"damage":0,"enemies":"Sentry and Sphere","floor":27,"turns":2},{"damage":0,"enemies":"Centurion and Healer","floor":31,"turns":1},{"damage":0,"enemies":"Automaton","floor":33,"turns":2},{"damage":0,"enemies":"Orb Walker","floor":35,"turns":1},{"damage":3,"enemies":"3 Shapes","floor":39,"turns":2},{"damage":0,"enemies":"Spire Growth","floor":41,"turns":2},{"damage":15,"enemies":"Nemesis","floor":44,"turns":2},{"damage":6,"enemies":"4 Shapes","floor":48,"turns":1},{"damage":0,"enemies":"Donu and Deca","floor":50,"turns":3}],"seed_played":"7084878472179480831","potions_obtained":[{"floor":14,"key":"Block Potion"},{"floor":16,"key":"AttackPotion"},{"floor":21,"key":"Energy Potion"}],"is_trial":true,"path_per_floor":["M","$","$","M","M","R","R","R","T","R","R","R","?","E","R","B",null,"M","M","?","M","?","R","$","R","T","M","$","?","R","M","R","B",null,"M","?","$","?","M","R","M","R","T","E","$","?","R","M","R","B",null],"character_chosen":"WATCHER","items_purchased":["Indignation","FearNoEvil","Flash of Steel"],"campfire_rested":0,"item_purchase_floors":[3,24,28],"current_hp_per_floor":[72,72,72,72,72,72,72,72,72,72,72,72,72,72,72,72,72,61,61,61,61,61,61,61,61,61,61,61,61,61,61,61,61,72,72,72,72,72,69,69,69,69,69,54,54,54,54,48,48,48],"gold":65,"neow_bonus":"","is_daily":false,"chose_seed":false,"campfire_upgraded":15,"win_rate":0.0,"timestamp":1610177696,"path_taken":["M","$","$","M","M","R","R","R","T","R","R","R","?","E","R","BOSS","M","M","?","M","?","R","$","R","T","M","$","?","R","M","R","BOSS","M","?","$","?","M","R","?","R","T","E","$","?","R","M","R","BOSS"],"items_purchased_type":["Card","Card","Card"],"build_version":"2020-12-22","purchased_purges":3,"victory":true,"max_hp_per_floor":[72,72,72,72,72,72,72,72,72,72,72,72,72,72,72,72,72,72,72,72,72,72,72,72,72,72,72,72,72,72,72,72,72,72,72,72,72,72,72,72,72,72,72,72,72,72,72,72,72,72],"card_choices":[{"not_picked":["Prostrate","WheelKick"],"picked":"FlurryOfBlows","floor":1},{"not_picked":["Evaluate","CrushJoints","WaveOfTheHand"],"picked":"SKIP","floor":4},{"not_picked":["BowlingBash","Tantrum"],"picked":"FlurryOfBlows","floor":5},{"not_picked":["EmptyBody","Study","Wish"],"picked":"SKIP","floor":14},{"not_picked":["Adaptation","CrushJoints"],"picked":"MentalFortress","floor":18},{"not_picked":["FlyingSleeves","CarveReality+1","CrushJoints"],"picked":"SKIP","floor":19},{"not_picked":["CrushJoints","Meditate+1","Halt"],"picked":"SKIP","floor":21},{"not_picked":["ThirdEye","EmptyFist","Consecrate+1"],"picked":"SKIP","floor":27},{"not_picked":["Evaluate","CutThroughFate","Pray+1"],"picked":"SKIP","floor":31},{"not_picked":["Blasphemy","Brilliance"],"picked":"Vault","floor":33},{"not_picked":["FlyingSleeves+1","Crescendo+1","ClearTheMind+1"],"picked":"SKIP","floor":35},{"not_picked":["FlyingSleeves","Evaluate","CutThroughFate"],"picked":"SKIP","floor":39},{"not_picked":["CarveReality","ThirdEye+1","DeceiveReality"],"picked":"SKIP","floor":41},{"not_picked":["JustLucky","ReachHeaven+1","Wish"],"picked":"SKIP","floor":44},{"not_picked":["EmptyFist+1","PathToVictory","BattleHymn+1"],"picked":"SKIP","floor":48}],"player_experience":80754,"relics_obtained":[],"event_choices":[{"damage_healed":0,"gold_gain":0,"player_choice":"Fled","damage_taken":0,"max_hp_gain":0,"max_hp_loss":0,"event_name":"Scrap Ooze","floor":13,"gold_loss":0},{"damage_healed":0,"gold_gain":0,"player_choice":"Ignored","damage_taken":0,"max_hp_gain":0,"max_hp_loss":0,"event_name":"Ghosts","floor":20,"gold_loss":0},{"damage_healed":0,"gold_gain":0,"player_choice":"Ignored","damage_taken":0,"max_hp_gain":0,"max_hp_loss":0,"event_name":"Cursed Tome","floor":22,"gold_loss":0},{"damage_healed":0,"gold_gain":0,"player_choice":"Read","damage_taken":0,"max_hp_gain":0,"max_hp_loss":0,"event_name":"The Library","floor":29,"gold_loss":0,"cards_obtained":["InnerPeace"]},{"damage_healed":0,"gold_gain":0,"player_choice":"Ignored","damage_taken":0,"max_hp_gain":0,"max_hp_loss":0,"event_name":"Mysterious Sphere","floor":36,"gold_loss":0},{"cards_removed":["ReachHeaven"],"damage_healed":0,"gold_gain":0,"player_choice":"Purged","damage_taken":0,"max_hp_gain":0,"max_hp_loss":0,"event_name":"Purifier","floor":38,"gold_loss":0},{"damage_healed":0,"gold_gain":0,"player_choice":"Memory 1","damage_taken":0,"max_hp_gain":0,"max_hp_loss":0,"event_name":"SensoryStone","floor":46,"gold_loss":0}],"is_beta":false,"boss_relics":[{"not_picked":["Runic Pyramid","VioletLotus","Ectoplasm"]},{"not_picked":["Velvet Choker","Sozu","Astrolabe"]}],"items_purged_floors":[24,37,45],"is_endless":false,"potions_floor_spawned":[14,16,21,27,33,35,44],"ascension_level":0}}