{"host":"pf47v7h0307523iy","time":1610212475,"event":{"mods":["BaseMod","Minty Spire (QoL Compilation)"],"gold_per_floor":[110,59,70,70,88,88,121,101,101,26,26,42,55,85,85,160,160,177,194,194,213,228,228,228],"floor_reached":23,"playtime":1304,"items_purged":["Strike_G"],"score":406,"play_id":"fd592120-c640-4bf7-9224-75d368b79866","local_time":"20210109191435","is_ascension_mode":true,"campfire_choices":[{"data":"Envenom","floor":6,"key":"SMITH"},{"data":"Crippling Poison","floor":11,"key":"SMITH"},{"data":"Noxious Fumes","floor":15,"key":"SMITH"}],"circlet_count":0,"master_deck":["AscendersBane","Strike_G","Strike_G","Defend_G","Defend_G","Defend_G","Defend_G","Defend_G","Survivor","Neutralize","Leg Sweep","Footwork","Envenom+1","Dagger Throw","Crippling Poison+1","Footwork","Noxious Fumes+1","Blade Dance","Tools of the Trade","Cloak And Dagger+1","Blade Dance","Acrobatics+1","Dodge and Roll"],"relics":["Ring of the Snake","NeowsBlessing","Meat on the Bone","Regal Pillow","Ornamental Fan","Bronze Scales","Empty Cage"],"acts_visited":["Exordium","TheCity"],"potions_floor_usage":[14,21,23],"damage_taken":[{"damage":0,"enemies":"Cultist","floor":1,"turns":1},{"damage":0,"enemies":"Jaw Worm","floor":3,"turns":1},{"damage":0,"enemies":"Small Slimes","floor":5,"turns":1},{"damage":41,"enemies":"Lagavulin","floor":7,"turns":11},{"damage":22,"enemies":"Gremlin Gang","floor":12,"turns":3},{"damage":0,"enemies":"Large Slime","floor":13,"turns":9},{"damage":15,"enemies":"3 Sentries","floor":14,"turns":9},{"damage":21,"enemies":"Hexaghost","floor":16,"turns":8},{"damage":0,"enemies":"3 Byrds","floor":18,"turns":3},{"damage":2,"enemies":"Spheric Guardian","floor":19,"turns":5},{"damage":18,"enemies":"3 Cultists","floor":21,"turns":5},{"damage":29,"enemies":"Cultist and Chosen","floor":22,"turns":5},{"damage":33,"enemies":"Slavers","floor":23,"turns":4}],"seed_played":"-922995575099468372","potions_obtained":[{"floor":1,"key":"Regen Potion"},{"floor":8,"key":"SpeedPotion"},{"floor":16,"key":"AttackPotion"}],"is_trial":false,"path_per_floor":["M","?","M","?","M","R","E","?","T","$","R","M","M","E","R","B",null,"M","M","?","M","M","E"],"character_chosen":"THE_SILENT","items_purchased":[],"campfire_rested":0,"item_purchase_floors":[],"current_hp_per_floor":[59,59,59,59,59,59,30,30,30,30,30,20,32,44,44,35,58,58,56,56,38,21,0,0],"gold":228,"neow_bonus":"THREE_ENEMY_KILL","is_daily":false,"chose_seed":false,"campfire_upgraded":3,"win_rate":0.0,"timestamp":1610212475,"path_taken":["M","?","?","?","?","R","E","?","T","$","R","?","M","E","R","BOSS","M","M","?","M","M","E"],"items_purchased_type":[],"build_version":"2020-12-22","purchased_purges":1,"victory":false,"max_hp_per_floor":[66,66,66,66,66,66,66,66,66,66,66,66,66,66,66,66,66,66,66,66,66,66,66,66],"card_choices":[{"not_picked":["Setup","Outmaneuver"],"picked":"Leg Sweep","floor":1},{"not_picked":["Dodge and Roll","Dagger Throw"],"picked":"Footwork","floor":3},{"not_picked":["Tactician","Outmaneuver"],"picked":"Dagger Throw","floor":5},{"not_picked":["Flechettes","Slice"],"picked":"Crippling Poison","floor":7},{"not_picked":["Underhanded Strike","Poisoned Stab"],"picked":"Footwork","floor":12},{"not_picked":["Caltrops","Poisoned Stab"],"picked":"Noxious Fumes","floor":13},{"not_picked":["Noxious Fumes","Venomology"],"picked":"Blade Dance","floor":14},{"not_picked":["Unload","Phantasmal Killer"],"picked":"Tools of the Trade","floor":16},{"not_picked":["Quick Slash","Expertise","Backstab"],"picked":"SKIP","floor":18},{"not_picked":["Backstab","Deflect"],"picked":"Cloak And Dagger+1","floor":19},{"not_picked":["Setup","Bane"],"picked":"Acrobatics+1","floor":21},{"not_picked":["Reflex","Predator","Dodge and Roll"],"picked":"SKIP","floor":22},{"not_picked":["Reflex","Predator"],"picked":"Dodge and Roll","floor":22}],"player_experience":1598356,"relics_obtained":[{"floor":7,"key":"Regal Pillow"},{"floor":9,"key":"Ornamental Fan"},{"floor":14,"key":"Bronze Scales"}],"event_choices":[{"damage_healed":0,"gold_gain":0,"player_choice":"Paid Gold","damage_taken":0,"relics_obtained":["Meat on the Bone"],"max_hp_gain":0,"max_hp_loss":0,"event_name":"WeMeetAgain","floor":2,"gold_loss":51},{"damage_healed":0,"gold_gain":0,"player_choice":"1 cards matched","damage_taken":0,"max_hp_gain":0,"max_hp_loss":0,"event_name":"Match and Keep!","floor":4,"gold_loss":0,"cards_obtained":["Envenom"]},{"damage_healed":0,"gold_gain":0,"player_choice":"Bought 1 Potion","damage_taken":0,"max_hp_gain":0,"max_hp_loss":0,"event_name":"The Woman in Blue","floor":8,"gold_loss":0},{"damage_healed":0,"gold_gain":0,"player_choice":"1 cards matched","damage_taken":0,"max_hp_gain":0,"max_hp_loss":0,"event_name":"Match and Keep!","floor":20,"gold_loss":0,"cards_obtained":["Blade Dance"]}],"is_beta":false,"boss_relics":[{"not_picked":["Fusion Hammer","Tiny House"],"picked":"Empty Cage"}],"items_purged_floors":[10],"is_endless":false,"potions_floor_spawned":[1,12,16,18],"killed_by":"Slavers","ascension_level":20}}