{"host":"aaqofma31c3gm2hj","time":1610203200,"event":{"mods":["BaseMod","Minty Spire (QoL Compilation)","Replay The Spire","Spicy Shops","StSLib"],"gold_per_floor":[113,113,38,61,61,61,90,90,90,107,107,32,103,116,116,193,293,311,226,126,126,126],"floor_reached":21,"playtime":329,"items_purged":["Strike_B","Strike_B"],"score":396,"play_id":"750bbb76-838b-43ac-a604-883756217837","local_time":"20210109224000","is_ascension_mode":true,"campfire_choices":[{"data":"Panic Button","floor":6.0,"key":"SMITH"},{"data":"ReplayTheSpireMod:Calculation Training","floor":11.0,"key":"SMITH"}],"circlet_count":0,"master_deck":["AscendersBane","Defend_B","Defend_B","Defend_B","Defend_B","Zap","Dualcast","Ball Lightning","Panic Button+1","Coolheaded+1","ReplayTheSpireMod:Calculation Training+1","Reboot","Echo Form","Cold Snap","Delirium"],"relics":["Cracked Core","NeowsBlessing","Ice Cream","Replay:Kaleidoscope","Darkstone Periapt","Divine Protection","Replay:Wanted Poster","Replay:Mystery Machine","ReplayTheSpireMod:Ring of Challenge"],"acts_visited":["Exordium","TheCity"],"potions_floor_usage":[],"damage_taken":[{"damage":0.0,"enemies":"Jaw Worm","floor":1.0,"turns":1.0},{"damage":0.0,"enemies":"Lagavulin","floor":7.0,"turns":1.0},{"damage":0.0,"enemies":"Small Slimes","floor":10.0,"turns":1.0},{"damage":0.0,"enemies":"2 Louse","floor":14.0,"turns":2.0},{"damage":4.0,"enemies":"The Guardian","floor":16.0,"turns":9.0},{"damage":13.0,"enemies":"Shell Parasite","floor":18.0,"turns":7.0}],"seed_played":"-7551046354369538794","potions_obtained":[{"floor":10.0,"key":"Adrenaline Potion"},{"floor":16.0,"key":"FearPotion"}],"is_trial":false,"path_per_floor":["M","?","?","?","$","R","E","?","T","M","R","$","T","M","R","B",null,"M","?","$","?"],"character_chosen":"DEFECT","items_purchased":[],"campfire_rested":0,"item_purchase_floors":[],"current_hp_per_floor":[64,69,69,44,44,44,44,44,44,44,44,44,44,44,44,40,67,54,54,54,60,60],"gold":126,"neow_bonus":"THREE_ENEMY_KILL","is_daily":false,"chose_seed":false,"campfire_upgraded":2,"win_rate":0.0,"timestamp":1610203200,"path_taken":["M","?","?","?","$","R","E","?","T","M","R","?","?","M","R","BOSS","M","?","?","?"],"items_purchased_type":[],"build_version":"2020-12-22","purchased_purges":2,"victory":false,"max_hp_per_floor":[71,76,76,76,76,76,76,76,76,76,76,76,76,76,76,76,76,76,76,76,82,82],"card_choices":[{"not_picked":["Conserve Battery","Compile Driver"],"picked":"Ball Lightning","floor":1.0},{"not_picked":["Streamline","Hologram"],"picked":"Panic Button","floor":4.0},{"not_picked":["Lockon","ReplayTheSpireMod:GoodbyeWorld"],"picked":"Coolheaded","floor":7.0},{"not_picked":["ReplayTheSpireMod:Repulse","Streamline"],"picked":"ReplayTheSpireMod:Calculation Training","floor":10.0},{"not_picked":["Sweeping Beam","Lockon","Compile Driver"],"picked":"SKIP","floor":14.0},{"not_picked":["All For One","ReplayTheSpireMod:Omega Cannon"],"picked":"Echo Form","floor":16.0},{"not_picked":["FIFO Queue","Beam Cell"],"picked":"Cold Snap","floor":18.0}],"player_experience":575374,"relics_obtained":[{"floor":4.0,"key":"Ice Cream"},{"floor":7.0,"key":"Replay:Kaleidoscope"},{"floor":9.0,"key":"Darkstone Periapt"},{"floor":13.0,"key":"Divine Protection"},{"floor":21,"key":"ReplayTheSpireMod:Ring of Challenge"}],"event_choices":[{"damage_healed":0.0,"max_hp_gain":5.0,"max_hp_loss":0.0,"gold_gain":0.0,"event_name":"Big Fish","player_choice":"Donut","floor":2.0,"gold_loss":0.0,"damage_taken":0.0},{"cards_removed":["Strike_B"],"damage_healed":0.0,"max_hp_gain":0.0,"max_hp_loss":0.0,"gold_gain":0.0,"event_name":"The Cleric","player_choice":"Card Removal","floor":3.0,"gold_loss":75.0,"damage_taken":0.0},{"damage_healed":0.0,"max_hp_gain":0.0,"max_hp_loss":0.0,"gold_gain":0.0,"event_name":"Living Wall","player_choice":"Grow","floor":8.0,"gold_loss":0.0,"damage_taken":0.0,"cards_upgraded":["Coolheaded"]},{"damage_healed":0.0,"max_hp_gain":0.0,"max_hp_loss":0.0,"gold_gain":0.0,"event_name":"Addict","player_choice":"Obtained Relic","floor":19.0,"gold_loss":85.0,"damage_taken":0.0,"relics_obtained":["Replay:Mystery Machine"]}],"is_beta":false,"boss_relics":[{"not_picked":["Coffee Dripper","SlaversCollar"],"picked":"Replay:Wanted Poster"}],"items_purged_floors":[12,20],"is_endless":false,"potions_floor_spawned":[10,16],"ascension_level":20}}