{"host":"odz7g4gpgch153rb","time":1610204465,"event":{"mods":["AchievementEnabler","BaseMod","Better Match","Better Third Choice","BetterRewards","GifTheSpireLib","Infinite Spire","Jedi Mod","Minty Spire (QoL Compilation)","Quick Restart","Replay The Spire","Spikes Relics","StSLib","Stuff the Spire","The Blue Laboratory","Trackpad"],"gold_per_floor":[112,112,112,37,56,56,86,106,131,131,146,156,188,188,188,188,188],"floor_reached":16,"playtime":730,"items_purged":["Strike_B"],"score":250,"play_id":"952c8bca-0f64-4718-b364-d0079bfcf52e","local_time":"20210109100105","is_ascension_mode":true,"campfire_choices":[{"data":"Zap","floor":6,"key":"SMITH"},{"data":"Dualcast","floor":10,"key":"SMITH"},{"floor":15,"key":"REST"}],"circlet_count":0,"master_deck":["AscendersBane","Strike_B","Strike_B+1","Strike_B","Defend_B","Defend_B+1","Defend_B","Defend_B","Zap+1","Dualcast+1","Rip and Tear","infinitespire:Starlight+1","Ball Lightning","Rip and Tear+1","Ball Lightning","Ball Lightning","Leap"],"relics":["Cracked Core","NeowsBlessing","War Paint","Anchor","jedi:gremlinknob"],"acts_visited":["Exordium"],"potions_floor_usage":[13,16],"damage_taken":[{"damage":0,"enemies":"Small Slimes","floor":1,"turns":1},{"damage":0,"enemies":"Cultist","floor":5,"turns":1},{"damage":0,"enemies":"3 Sentries","floor":7,"turns":1},{"damage":7,"enemies":"Jaw Worm","floor":8,"turns":3},{"damage":3,"enemies":"Exordium Wildlife","floor":11,"turns":3},{"damage":0,"enemies":"3 Louse","floor":12,"turns":2},{"damage":27,"enemies":"Lagavulin","floor":13,"turns":6},{"damage":73,"enemies":"Fading Forest","floor":16,"turns":10}],"seed_played":"2348381704662400918","potions_obtained":[{"floor":8,"key":"CultistPotion"},{"floor":12,"key":"Swift Potion"}],"is_trial":false,"path_per_floor":["M","?","?","$","M","R","E","M","T","R","M","M","E","?","R","B"],"character_chosen":"DEFECT","items_purchased":[],"campfire_rested":1,"item_purchase_floors":[],"current_hp_per_floor":[64,64,48,48,48,48,58,66,66,66,71,71,44,23,44,0,0],"gold":188,"neow_bonus":"THREE_ENEMY_KILL","is_daily":false,"chose_seed":false,"campfire_upgraded":2,"win_rate":0.0,"timestamp":1610204465,"path_taken":["M","?","?","$","M","R","E","?","T","R","M","M","E","?","R","BOSS"],"items_purchased_type":[],"build_version":"2020-12-22","purchased_purges":1,"victory":false,"max_hp_per_floor":[71,71,71,71,71,71,71,71,71,71,71,71,71,71,71,71,71],"card_choices":[{"not_picked":["StuffTheSpire:NuclearReactor","StuffTheSpire:LoadUp"],"picked":"Rip and Tear","floor":1},{"not_picked":["ReplayTheSpireMod:Black Plague","infinitespire:Collect"],"picked":"infinitespire:Starlight","floor":3},{"not_picked":["BasicCrystalCard","Chill"],"picked":"Ball Lightning","floor":5},{"not_picked":["BasicCrystalCard","Fusion"],"picked":"Rip and Tear","floor":7},{"not_picked":["Stack","Streamline"],"picked":"Ball Lightning","floor":8},{"not_picked":["Sunder","Gash","Compile Driver"],"picked":"SKIP","floor":11},{"not_picked":["Meteor Strike","Stack"],"picked":"Ball Lightning","floor":12},{"not_picked":["Steam","BasicCrystalCard"],"picked":"Leap","floor":13}],"player_experience":1016489,"relics_obtained":[{"floor":7,"key":"War Paint"},{"floor":9,"key":"Anchor"},{"floor":13,"key":"jedi:gremlinknob"}],"event_choices":[{"damage_healed":44,"gold_gain":0,"player_choice":"Upgrade","damage_taken":21,"max_hp_gain":0,"max_hp_loss":71,"event_name":"betterThird:BetterShining","floor":14,"gold_loss":0,"cards_upgraded":["Rip and Tear","Strike_B"]}],"is_beta":false,"boss_relics":[],"items_purged_floors":[4],"is_endless":false,"potions_floor_spawned":[8,12],"killed_by":"Fading Forest","ascension_level":17}}