{"host":"9tzam4717zt8ei1o","time":1610174242,"event":{"mods":["BaseMod","Colored Map","Keyboard Shortcuts","Minty Spire (QoL Compilation)","Quick Restart","StSLib","SuperFastMode"],"gold_per_floor":[114,129,129,40,40,75,350,381,462,232,264,264,291,301,301,374,374,386,210,223,223,236,267,280,280,304,318,338,338,358,377,377,450,450,469,469,18,18,28,56,68,107,119,131,160,183,195,195],"floor_reached":47,"playtime":1770,"items_purged":["Regret","Strike_G","Strike_G"],"score":1195,"play_id":"14ad87c3-e78f-43dd-845b-8371c5bd0e37","local_time":"20210109153722","is_ascension_mode":true,"campfire_choices":[{"floor":12.0,"key":"REST"},{"data":"Choke","floor":15.0,"key":"SMITH"},{"data":"Prepared","floor":25.0,"key":"SMITH"},{"data":"Calculated Gamble","floor":29.0,"key":"SMITH"},{"floor":32,"key":"REST"},{"data":"Prepared","floor":41,"key":"SMITH"},{"floor":44,"key":"REST"}],"circlet_count":0,"master_deck":["AscendersBane","Strike_G","Strike_G","Strike_G+1","Defend_G","Defend_G","Defend_G","Defend_G","Defend_G","Survivor","Neutralize","Acrobatics+1","Blade Dance","Flechettes","Leg Sweep","Accuracy","Choke+1","Backflip","Prepared+1","Adrenaline","Reflex","Calculated Gamble+1","Prepared+1","Escape Plan","Footwork+1","Blade Dance+1","Blur","Eviscerate","CurseOfTheBell","Well Laid Plans"],"relics":["Ring of the Snake","NeowsBlessing","Strawberry","PreservedInsect","White Beast Statue","Paper Crane","Lizard Tail","Runic Dome","Bag of Preparation","Tiny Chest","Calling Bell","Toy Ornithopter","HornCleat","Tough Bandages","Medical Kit","Happy Flower","MawBank","Toxic Egg 2"],"acts_visited":["Exordium","TheCity","TheBeyond"],"potions_floor_usage":[33,33,33,33,46,46],"damage_taken":[{"damage":0.0,"enemies":"Small Slimes","floor":1.0,"turns":1.0},{"damage":0.0,"enemies":"2 Louse","floor":2.0,"turns":1.0},{"damage":0.0,"enemies":"Gremlin Nob","floor":6.0,"turns":1.0},{"damage":24.0,"enemies":"3 Sentries","floor":8.0,"turns":7.0},{"damage":14.0,"enemies":"Gremlin Nob","floor":11.0,"turns":3.0},{"damage":17.0,"enemies":"3 Sentries","floor":13.0,"turns":8.0},{"damage":0.0,"enemies":"Cultist","floor":14.0,"turns":4.0},{"damage":32.0,"enemies":"Slime Boss","floor":16.0,"turns":15.0},{"damage":13.0,"enemies":"Spheric Guardian","floor":18.0,"turns":4.0},{"damage":7.0,"enemies":"2 Thieves","floor":20.0,"turns":3.0},{"damage":7.0,"enemies":"Centurion and Healer","floor":22.0,"turns":5.0},{"damage":9.0,"enemies":"Gremlin Leader","floor":23.0,"turns":6.0},{"damage":10.0,"enemies":"Snecko","floor":24.0,"turns":4.0},{"damage":12.0,"enemies":"Snake Plant","floor":27.0,"turns":3.0},{"damage":0.0,"enemies":"Shelled Parasite and Fungi","floor":28.0,"turns":3.0},{"damage":0.0,"enemies":"Centurion and Healer","floor":30.0,"turns":4.0},{"damage":0.0,"enemies":"Snecko","floor":31.0,"turns":2.0},{"damage":17,"enemies":"Collector","floor":33,"turns":17},{"damage":22,"enemies":"3 Shapes","floor":35,"turns":6},{"damage":0,"enemies":"Orb Walker","floor":39,"turns":3},{"damage":3,"enemies":"Giant Head","floor":40,"turns":6},{"damage":44,"enemies":"Nemesis","floor":42,"turns":6},{"damage":26,"enemies":"4 Shapes","floor":45,"turns":14},{"damage":27,"enemies":"3 Darklings","floor":46,"turns":11},{"damage":25,"enemies":"Transient","floor":47,"turns":5}],"seed_played":"4166467233765706446","potions_obtained":[{"floor":2.0,"key":"CunningPotion"},{"floor":6.0,"key":"SpeedPotion"},{"floor":11.0,"key":"Energy Potion"},{"floor":13.0,"key":"FairyPotion"},{"floor":14.0,"key":"Block Potion"},{"floor":16.0,"key":"SneckoOil"},{"floor":18.0,"key":"Poison Potion"},{"floor":20.0,"key":"SneckoOil"},{"floor":22.0,"key":"ColorlessPotion"},{"floor":23.0,"key":"SmokeBomb"},{"floor":27.0,"key":"EntropicBrew"},{"floor":28.0,"key":"SneckoOil"},{"floor":30.0,"key":"Fire Potion"},{"floor":31,"key":"LiquidMemories"},{"floor":33,"key":"EssenceOfSteel"},{"floor":35,"key":"LiquidBronze"},{"floor":45,"key":"Block Potion"},{"floor":46,"key":"CunningPotion"}],"is_trial":false,"path_per_floor":["M","M","?","$","?","E","?","E","T","$","E","R","E","M","R","B",null,"M","$","M","?","M","E","M","R","T","M","M","R","M","M","R","B",null,"M","?","$","?","M","E","R","E","T","R","M","M","M"],"character_chosen":"THE_SILENT","items_purchased":["Flechettes","Accuracy","Choke","Calculated Gamble","Medical Kit","Happy Flower"],"campfire_rested":3,"item_purchase_floors":[4,10,10,19,37,37],"current_hp_per_floor":[59,59,39,39,39,46,46,22,22,22,8,29,12,12,12,18,59,46,46,39,39,32,23,13,13,13,1,1,1,1,1,22,5,56,34,60,60,57,57,54,54,10,10,27,1,18,0,0],"gold":195,"neow_bonus":"THREE_ENEMY_KILL","is_daily":false,"chose_seed":false,"campfire_upgraded":4,"win_rate":0.0,"timestamp":1610174242,"path_taken":["M","M","?","$","?","E","?","E","T","$","E","R","E","M","R","BOSS","M","$","?","?","M","E","M","R","T","M","M","R","M","M","R","BOSS","M","?","$","?","M","E","R","E","T","R","M","M","M"],"items_purchased_type":["Card","Card","Card","Card","Relic","Relic"],"build_version":"2020-12-22","purchased_purges":3,"victory":false,"max_hp_per_floor":[66,66,66,66,66,73,73,73,73,73,73,73,73,73,73,73,73,73,73,73,73,73,73,73,73,73,73,73,73,73,73,73,73,73,73,60,60,57,57,57,57,57,57,57,57,57,57,57],"card_choices":[{"not_picked":["Cloak And Dagger","Prepared"],"picked":"Acrobatics","floor":1.0},{"not_picked":["Dagger Spray","Caltrops"],"picked":"Blade Dance","floor":2.0},{"not_picked":["Dagger Spray","Sucker Punch","Dodge and Roll"],"picked":"SKIP","floor":6.0},{"not_picked":["Flechettes","Deflect"],"picked":"Leg Sweep","floor":8.0},{"not_picked":["Crippling Poison","Slice"],"picked":"Backflip","floor":11.0},{"not_picked":["Venomology","Well Laid Plans"],"picked":"Prepared","floor":13.0},{"not_picked":["Predator","Catalyst","Underhanded Strike"],"picked":"SKIP","floor":14.0},{"not_picked":["Phantasmal Killer","Burst"],"picked":"Adrenaline","floor":16.0},{"not_picked":["Dagger Throw","Choke"],"picked":"Reflex","floor":18.0},{"not_picked":["PiercingWail","Riddle With Holes"],"picked":"Prepared","floor":20.0},{"not_picked":["Catalyst","Deadly Poison","Reflex"],"picked":"SKIP","floor":22.0},{"not_picked":["Bane","Bouncing Flask"],"picked":"Footwork+1","floor":23.0},{"not_picked":["Glass Knife","Masterful Stab"],"picked":"Blade Dance+1","floor":24.0},{"not_picked":["Endless Agony+1","Deflect","Acrobatics"],"picked":"SKIP","floor":27.0},{"not_picked":["Reflex","Outmaneuver"],"picked":"Blur","floor":28.0},{"not_picked":["Deadly Poison","Corpse Explosion"],"picked":"Eviscerate","floor":30.0},{"not_picked":["Bane","Flying Knee","Underhanded Strike"],"picked":"SKIP","floor":31},{"not_picked":["Poisoned Stab","Deflect","Crippling Poison"],"picked":"SKIP","floor":35},{"not_picked":["Distraction","Flying Knee"],"picked":"Well Laid Plans","floor":39},{"not_picked":["Venomology","Infinite Blades","Flechettes"],"picked":"SKIP","floor":40},{"not_picked":["Deflect+1","Quick Slash","Noxious Fumes+1"],"picked":"SKIP","floor":42},{"not_picked":["Footwork","Quick Slash","Masterful Stab"],"picked":"SKIP","floor":45},{"not_picked":["Deflect+1","Bane","Cloak And Dagger+1"],"picked":"SKIP","floor":46}],"player_experience":166674,"relics_obtained":[{"floor":6.0,"key":"Strawberry"},{"floor":8.0,"key":"PreservedInsect"},{"floor":9.0,"key":"White Beast Statue"},{"floor":11.0,"key":"Paper Crane"},{"floor":13.0,"key":"Lizard Tail"},{"floor":23.0,"key":"Bag of Preparation"},{"floor":26.0,"key":"Tiny Chest"},{"floor":34,"key":"Toy Ornithopter"},{"floor":34,"key":"HornCleat"},{"floor":34,"key":"Tough Bandages"},{"floor":40,"key":"MawBank"},{"floor":42,"key":"Toxic Egg 2"}],"event_choices":[{"damage_healed":0.0,"max_hp_gain":0.0,"max_hp_loss":0.0,"gold_gain":0.0,"event_name":"Shining Light","player_choice":"Entered Light","floor":3.0,"gold_loss":0.0,"damage_taken":20.0,"cards_upgraded":["Strike_G","Acrobatics"]},{"damage_healed":0.0,"max_hp_gain":0.0,"max_hp_loss":0.0,"gold_gain":0.0,"event_name":"Liars Game","player_choice":"Ignored","floor":5.0,"gold_loss":0.0,"damage_taken":0.0},{"damage_healed":0.0,"max_hp_gain":0.0,"max_hp_loss":0.0,"gold_gain":275.0,"event_name":"Golden Shrine","player_choice":"Desecrate","floor":7.0,"gold_loss":0.0,"damage_taken":0.0,"cards_obtained":["Regret"]},{"damage_healed":0.0,"max_hp_gain":0.0,"max_hp_loss":0.0,"gold_gain":0.0,"event_name":"The Library","player_choice":"Read","floor":21.0,"gold_loss":0.0,"damage_taken":0.0,"cards_obtained":["Escape Plan"]},{"damage_healed":60,"gold_gain":0,"player_choice":"Heal","damage_taken":0,"max_hp_gain":0,"max_hp_loss":13,"event_name":"The Moai Head","floor":36,"gold_loss":0},{"damage_healed":0,"gold_gain":0,"player_choice":"Max HP","damage_taken":0,"max_hp_gain":0,"max_hp_loss":3,"event_name":"Winding Halls","floor":38,"gold_loss":0}],"is_beta":false,"boss_relics":[{"not_picked":["Black Star","Sozu"],"picked":"Runic Dome"},{"not_picked":["Fusion Hammer","Snecko Eye"],"picked":"Calling Bell"}],"items_purged_floors":[10,19,37],"is_endless":false,"potions_floor_spawned":[2,6,11,13,14,16,18,20,22,23,24,27,28,30,31,33,35,39,40,42,45,46],"killed_by":"Transient","ascension_level":20}}