{"host":"sav7uxregyirlf69","time":1610166560,"event":{"mods":["AchievementEnabler","BaseMod","Colored Map","DeckTracker","Keyboard Shortcuts","Minty Spire (QoL Compilation)","READ ME - Guardian Mod","StSLib","SuperFastMode"],"gold_per_floor":[10,23,23,47,47,47,61,79,79,104,104,104,123,167,167,266,266,286,299,324,344,375,375,375,375],"floor_reached":24,"playtime":638,"items_purged":[],"score":429,"play_id":"03f391b1-d3b2-41b8-99f0-cedb46b3ce33","local_time":"20210109132920","is_ascension_mode":true,"campfire_choices":[{"data":"Carnage","floor":6.0,"key":"SMITH"},{"floor":12.0,"key":"REST"},{"data":"Rage","floor":15.0,"key":"SMITH"},{"floor":23,"key":"REST"}],"circlet_count":0,"master_deck":["AscendersBane","Strike_R","Strike_R","Defend_R","Defend_R","Defend_R","Bash","Feed","Cleave","Armaments","Carnage+1","Flame Barrier","Rage+1","Shrug It Off","Pommel Strike","Immolate","Second Wind+1","Seeing Red+1","Exhume+1","Power Through+1","Body Slam","Evolve","Feel No Pain","Shrug It Off+1"],"relics":["Burning Blood","Golden Idol","Ornamental Fan","StrikeDummy","Astrolabe","Red Mask"],"acts_visited":["Exordium","TheCity"],"potions_floor_usage":[22,24],"damage_taken":[{"damage":13.0,"enemies":"Cultist","floor":1.0,"turns":5.0},{"damage":14.0,"enemies":"Jaw Worm","floor":2.0,"turns":4.0},{"damage":1.0,"enemies":"2 Louse","floor":4.0,"turns":2.0},{"damage":24.0,"enemies":"Exordium Wildlife","floor":7.0,"turns":5.0},{"damage":12.0,"enemies":"2 Fungi Beasts","floor":8.0,"turns":3.0},{"damage":12.0,"enemies":"Exordium Thugs","floor":10.0,"turns":5.0},{"damage":6.0,"enemies":"Looter","floor":13.0,"turns":4.0},{"damage":6.0,"enemies":"3 Sentries","floor":14.0,"turns":10.0},{"damage":14.0,"enemies":"The Guardian","floor":16.0,"turns":14.0},{"damage":22.0,"enemies":"2 Thieves","floor":18.0,"turns":4.0},{"damage":31.0,"enemies":"3 Byrds","floor":19.0,"turns":8.0},{"damage":18.0,"enemies":"Snake Plant","floor":20.0,"turns":4.0},{"damage":22.0,"enemies":"3 Cultists","floor":21.0,"turns":6.0},{"damage":8,"enemies":"Masked Bandits","floor":22,"turns":5},{"damage":13,"enemies":"Gremlin Leader","floor":24,"turns":8}],"seed_played":"1693526836001790698","potions_obtained":[{"floor":1.0,"key":"PowerPotion"},{"floor":7.0,"key":"LiquidBronze"},{"floor":8.0,"key":"Swift Potion"},{"floor":16.0,"key":"SteroidPotion"},{"floor":21.0,"key":"Dexterity Potion"},{"floor":22,"key":"LiquidMemories"}],"is_trial":false,"path_per_floor":["M","M","?","M","T","R","M","M","T","M","?","R","M","E","R","B",null,"M","M","M","M","?","R","E"],"character_chosen":"IRONCLAD","items_purchased":[],"campfire_rested":2,"item_purchase_floors":[],"current_hp_per_floor":[61,56,29,38,38,38,24,21,21,18,18,45,45,48,48,40,81,68,43,31,15,16,46,33,33],"gold":375,"neow_bonus":"THREE_RARE_CARDS","is_daily":false,"chose_seed":false,"campfire_upgraded":2,"win_rate":0.0,"timestamp":1610166560,"path_taken":["M","?","?","M","?","R","M","?","T","M","?","R","?","E","R","BOSS","M","M","M","?","?","R","E"],"items_purchased_type":[],"build_version":"2020-12-22","purchased_purges":0,"victory":false,"max_hp_per_floor":[75,78,78,82,82,82,86,89,89,92,92,92,92,95,95,95,95,98,98,98,98,101,101,101,101],"card_choices":[{"not_picked":["Double Tap","Offering"],"picked":"Feed","floor":0.0},{"not_picked":["Twin Strike","Flex"],"picked":"Cleave","floor":1.0},{"not_picked":["Warcry","Dark Embrace"],"picked":"Armaments","floor":2.0},{"not_picked":["Perfected Strike","Armaments"],"picked":"Carnage","floor":4.0},{"not_picked":["Blood for Blood","True Grit"],"picked":"Flame Barrier","floor":7.0},{"not_picked":["Uppercut","Seeing Red"],"picked":"Rage","floor":8.0},{"not_picked":["Anger","Pommel Strike","Twin Strike"],"picked":"SKIP","floor":10.0},{"not_picked":["Demon Form","Clash"],"picked":"Shrug It Off","floor":13.0},{"not_picked":["Battle Trance","Shrug It Off"],"picked":"Pommel Strike","floor":14.0},{"not_picked":["Berserk","Barricade"],"picked":"Immolate","floor":16.0},{"not_picked":["Sentinel","Clash"],"picked":"Power Through+1","floor":18.0},{"not_picked":["Hemokinesis+1","Clothesline"],"picked":"Body Slam","floor":19.0},{"not_picked":["Anger","Power Through"],"picked":"Evolve","floor":20.0},{"not_picked":["Body Slam","Blood for Blood"],"picked":"Feel No Pain","floor":21.0},{"not_picked":["Wild Strike","Iron Wave"],"picked":"Shrug It Off+1","floor":22}],"player_experience":1208939,"relics_obtained":[{"floor":5.0,"key":"Ornamental Fan"},{"floor":14.0,"key":"StrikeDummy"},{"floor":22,"key":"Red Mask"}],"event_choices":[{"damage_healed":0.0,"max_hp_gain":0.0,"max_hp_loss":0.0,"gold_gain":0.0,"event_name":"Golden Idol","player_choice":"Take Damage","floor":3.0,"gold_loss":0.0,"damage_taken":27.0,"relics_obtained":["Golden Idol"]},{"cards_removed":["Strike_R"],"damage_healed":0.0,"max_hp_gain":0.0,"max_hp_loss":0.0,"gold_gain":0.0,"event_name":"Purifier","player_choice":"Purged","floor":11.0,"gold_loss":0.0,"damage_taken":0.0},{"damage_healed":0,"gold_gain":0,"player_choice":"Fought Bandits","damage_taken":0,"max_hp_gain":0,"max_hp_loss":0,"event_name":"Masked Bandits","floor":22,"gold_loss":0}],"is_beta":false,"boss_relics":[{"not_picked":["Black Blood","SacredBark"],"picked":"Astrolabe"}],"items_purged_floors":[],"is_endless":false,"potions_floor_spawned":[1,7,8,13,16,21,22],"killed_by":"Gremlin Leader","ascension_level":20}}