{"host":"vk3oecxhswhylj4a","time":1610211573,"event":{"mods":["Act Like it!","Aspiration","BaseMod","Colored Powertips","Decade(王小明)","Downfall","Gensokyo","Hallownest","KinomotoSakuraMod(木之本樱)","Marisa（F雨　魔理沙）","Minty Spire (QoL Compilation)","Relic Stats","Replay The Spire","RumiaBox-露米娅的神秘盒子","Spicy Shops","StSLib","TestMod","The Bug Knight","UnlockEverythingMod","Waifu the Spire","WarShipGirlsR/战舰少女R mod","Youmu（魂魄妖梦）","[IsaacMod]以撒尖塔","vexMod","【遗物卡牌】REMEMod"],"gold_per_floor":[116,135,65,77,91,116,116,135,160,260,260,289,289],"floor_reached":12,"playtime":667,"items_purged":[],"score":140,"play_id":"c78e95f6-6693-41cf-92e5-fd75a782fdcd","local_time":"20210110005933","is_ascension_mode":false,"campfire_choices":[{"floor":7,"key":"RECALL"},{"data":"Burst","floor":11,"key":"SMITH"}],"circlet_count":0,"master_deck":["ClowCardTheSword","ClowCardTheSword","ClowCardTheSword","ClowCardTheSword+1","ClowCardTheShield+1","ClowCardTheShield","ClowCardTheShield","ClowCardTheShield","SpellCardSeal","SpellCardRelease","EpicFetus","Burst+1","ClowCardTheMove","ClowCardTheMove","ClowCardTheDash"],"relics":["KSMOD_SealedBook","HushsDoor","Void","testmod-CrystalShield"],"acts_visited":["Gensokyo:Gensokyo"],"potions_floor_usage":[],"damage_taken":[{"damage":0,"enemies":"Gensokyo:3_Fairies","floor":1,"turns":2},{"damage":0,"enemies":"Gensokyo:Python","floor":2,"turns":1},{"damage":0,"enemies":"Gensokyo:Gryphon","floor":4,"turns":1},{"damage":0,"enemies":"Gensokyo:Python_and_Kodama","floor":5,"turns":2},{"damage":0,"enemies":"Gensokyo:Mamizou","floor":6,"turns":7},{"damage":8,"enemies":"Gensokyo:VengefulSpirit","floor":8,"turns":4},{"damage":0,"enemies":"Gensokyo:Cirno","floor":12,"turns":5}],"seed_played":"1667155885502598797","potions_obtained":[{"floor":1,"key":"Ancient Potion"},{"floor":6,"key":"Weak Potion"},{"floor":8,"key":"Reflective Coating"}],"is_trial":false,"path_per_floor":["M","M","?","M","M","E","R","M","T","?","R","E"],"character_chosen":"KINOMOTOSAKURA","items_purchased":[],"campfire_rested":0,"item_purchase_floors":[],"current_hp_per_floor":[70,70,70,70,70,70,70,62,62,62,62,62,62],"gold":289,"neow_bonus":"THREE_ENEMY_KILL","is_daily":false,"chose_seed":false,"campfire_upgraded":1,"win_rate":0.0,"timestamp":1610211573,"path_taken":["M","M","?","M","M","E","R","M","T","?","R","E"],"items_purchased_type":[],"build_version":"2020-12-22","purchased_purges":0,"victory":false,"max_hp_per_floor":[70,70,70,70,70,70,70,70,70,70,70,70,70],"relic_stats":{"counters":[7,21],"obtain_stats":[{"KeepersGift":0,"DeathBook":12,"testmod-CrystalShield":0,"testmod-TestBox":0,"NeowsBlessing":0,"KSMOD_SealedBook":0,"KSMOD_SealedWand":0,"Void":0,"HushsDoor":0,"REME_ComplimentaryCards":0,"aspiration:StickyExplosives_weak":6},{"KeepersGift":0,"DeathBook":7,"testmod-CrystalShield":0,"testmod-TestBox":0,"NeowsBlessing":0,"KSMOD_SealedBook":0,"KSMOD_SealedWand":0,"Void":0,"HushsDoor":0,"REME_ComplimentaryCards":0,"aspiration:StickyExplosives_weak":5},{"KeepersGift":0,"DeathBook":21,"testmod-CrystalShield":0,"testmod-TestBox":0,"NeowsBlessing":0,"KSMOD_SealedBook":0,"KSMOD_SealedWand":0,"Void":0,"HushsDoor":0,"REME_ComplimentaryCards":0,"aspiration:StickyExplosives_weak":13}]},"card_choices":[{"not_picked":[],"picked":"EpicFetus","floor":0},{"not_picked":["ClowCardTheVoice","ClowCardTheFreeze"],"picked":"ClowCardTheMove","floor":1},{"not_picked":["ClowCardTheSong","ClowCardTheLittle","ClowCardTheSnow"],"picked":"SKIP","floor":2},{"not_picked":["ClowCardTheWindy","ClowCardTheStorm"],"picked":"ClowCardTheMove","floor":4},{"not_picked":["ClowCardTheErase","ClowCardTheShadow","ClowCardTheMaze"],"picked":"SKIP","floor":5},{"not_picked":["ClowCardTheShadow","ClowCardTheFreeze","ClowCardThePower"],"picked":"SKIP","floor":6},{"not_picked":["ClowCardTheMirror","ClowCardTheLock"],"picked":"ClowCardTheDash","floor":8},{"not_picked":["ClowCardTheSilent","ClowCardTheLibra","ClowCardTheVoice"],"picked":"SKIP","floor":12}],"player_experience":119839,"relics_obtained":[{"floor":6,"key":"aspiration:StickyExplosives_weak"},{"floor":12,"key":"DeathBook"}],"event_choices":[],"is_beta":false,"boss_relics":[],"items_purged_floors":[],"is_endless":false,"potions_floor_spawned":[1,6,8,12],"killed_by":"Gensokyo:Cirno","ascension_level":0}}