{"host":"ac9timdhejnnme7p","time":1610227134,"event":{"mods":["100% Spire Juice","Abigail Mod","AchievementEnabler","Act Like it!","Aspiration","Astrologer","Bartender","BaseMod","Better Note","CapriCore","ChefMod","Chen","Colored Powertips","Conspire","Friendly Minions","Gensokyo","GifTheSpireLib","Gremlin Mod","Hallownest","Hermit","HololiveMod","Infinite Spire","Jorbs\u0027s Wanderer Trilogy","KinomotoSakuraMod(????)","Koishi","Luminous","Mad Scientist","Marisa????????","Minty Spire (QoL Compilation)","Nova Terra(??·??)","Pale of the Ancients","Potionbrewer","Prisma Mod","Quick Restart","READ ME - Guardian Mod","Random Character Button","Rare Cards Sparkle","Reimu??????","Robot Space Explorer","Shade Mod","StSLib","Stuff the Spire","Td1madao Mod","The Animator","The Bug Knight","The Clintock","The Cursed","The Dragon Tamer","The Hayseed","The Hierophant","The Immortal","The Judge","The Juggle","The Mystic","The Poker Player","The Runesmith","The Senshi","The Valiant","The Wild Card","TheBandit","TheFirefly","TheSwordswoman"],"gold_per_floor":[112,112,76,76,90,117,15,15,67,87,105,105,124,154,34,137,137,157,207,207,222,27,40,60,60,84,98,98,98,111,125,125,222,222,235,235,255,305,322,322,322],"floor_reached":40,"playtime":4469,"items_purged":["Decay"],"score":452,"play_id":"b9a0e395-4d19-4d2e-b47b-6d109aa12505","local_time":"20210109221854","is_ascension_mode":false,"campfire_choices":[{"data":"Moonworks:SealedMemories","floor":8,"key":"SMITH"},{"floor":12,"key":"REST"},{"data":"Moonworks:EvilSpyWorkPreparation","floor":15,"key":"SMITH"},{"floor":32,"key":"REST"}],"circlet_count":0,"master_deck":["Moonworks:Strike+1","Moonworks:Strike","Moonworks:Strike","Moonworks:Defend","Moonworks:Defend","Moonworks:Defend","Moonworks:Defend","Moonworks:Ambush","Moonworks:LongDistanceShot","Moonworks:WindyEnchantment","Moonworks:SealedMemories+1","Moonworks:CloudOfSeagulls","Moonworks:AngelHand","Moonworks:Dash","Moonworks:EvilSpyWorkPreparation+1","Moonworks:SakisCookie","Moonworks:MiracleRedBeanIceCream","Moonworks:WindyEnchantment","Moonworks:CrystalBarrier","Moonworks:TreasureThief","Moonworks:x16BigRocket+1","Moonworks:MixPhenomenon","Moonworks:Heat300Percent","Moonworks:RedAndBlue","Moonworks:WindyEnchantment","Moonworks:BigBangBell","Moonworks:AccelHyper","Moonworks:CloudOfSeagulls+1","Moonworks:NicePresent","Deep Breath","Moonworks:MiracleRedBeanIceCream+1"],"relics":["Moonworks:BrokenBomb","Moonworks:Homemark","NeowsBlessing","HollowMod:PaleOreRelic","Bag of Preparation","StuffTheSpire:TintedRock","infinitespire:Cupcake","Question Card","Tiny House","MutagenicStrength","conspire:SpecialSausage","potionbrewer:AlchemistFlask"],"acts_visited":["Exordium","TheCity","TheBeyond"],"potions_floor_usage":[14,14,16,23,31,33,33,33,40],"damage_taken":[{"damage":0,"enemies":"Jaw Worm","floor":1,"turns":1},{"damage":0,"enemies":"Cultist","floor":5,"turns":1},{"damage":0,"enemies":"Lagavulin","floor":6,"turns":1},{"damage":7,"enemies":"Small Slimes","floor":7,"turns":4},{"damage":0,"enemies":"Blue Slaver","floor":10,"turns":3},{"damage":31,"enemies":"conspire:2 RoseBushes","floor":11,"turns":5},{"damage":5,"enemies":"2 Fungi Beasts","floor":13,"turns":3},{"damage":0,"enemies":"Gremlin Nob","floor":14,"turns":3},{"damage":31,"enemies":"Hexaghost","floor":16,"turns":10},{"damage":4,"enemies":"Shell Parasite","floor":18,"turns":4},{"damage":0,"enemies":"Spheric Guardian","floor":21,"turns":3},{"damage":28,"enemies":"Snake Plant","floor":23,"turns":4},{"damage":6,"enemies":"conspire:HollyBat","floor":24,"turns":7},{"damage":10,"enemies":"Snecko","floor":27,"turns":5},{"damage":0,"enemies":"Snake Plant","floor":30,"turns":3},{"damage":23,"enemies":"Shelled Parasite and Fungi","floor":31,"turns":4},{"damage":72,"enemies":"Collector","floor":33,"turns":11},{"damage":20,"enemies":"3 Shapes","floor":35,"turns":3},{"damage":9,"enemies":"3 Darklings","floor":37,"turns":3},{"damage":2,"enemies":"Mind Bloom Boss Battle","floor":38,"turns":6},{"damage":32,"enemies":"Spire Growth","floor":39,"turns":4},{"damage":38,"enemies":"Nemesis","floor":40,"turns":4}],"seed_played":"-7140825406556422576","potions_obtained":[{"floor":5,"key":"potionbrewer:AcidPotion"},{"floor":7,"key":"Fire Potion"},{"floor":11,"key":"potionbrewer:ToxicPotion"},{"floor":14,"key":"MagicPotion:ReiMu"},{"floor":16,"key":"Regen Potion"},{"floor":19,"key":"SneckoOil"},{"floor":23,"key":"potionbrewer:AcidPotion"},{"floor":24,"key":"Regen Potion"},{"floor":31,"key":"potionbrewer:DiscountPotion"},{"floor":37,"key":"Energy Potion"}],"is_trial":false,"path_per_floor":["M","?","$","?","M","E","M","R","T","M","M","R","M","E","R","B",null,"M","AVR","?","M","?","M","M","$","T","M","?","$","M","M","R","B",null,"M","?","M","?","M","E"],"character_chosen":"THE_STARBREAKER","items_purchased":["Moonworks:SealedMemories"],"campfire_rested":2,"item_purchase_floors":[3],"current_hp_per_floor":[60,60,60,60,60,60,53,53,53,53,22,40,39,41,41,14,60,56,61,61,65,65,41,43,43,43,41,41,41,41,22,41,22,65,45,45,40,42,14,0,0],"gold":322,"neow_bonus":"THREE_ENEMY_KILL","is_daily":false,"chose_seed":false,"campfire_upgraded":2,"win_rate":0.0,"timestamp":1610227134,"path_taken":["M","?","?","?","M","E","M","R","T","?","M","R","M","E","R","BOSS","M","AVR","?","M","?","M","M","$","T","M","?","?","?","M","R","BOSS","M","?","?","?","M","E"],"items_purchased_type":["Card"],"build_version":"2020-12-22","purchased_purges":1,"victory":false,"max_hp_per_floor":[60,60,60,60,60,60,60,60,60,60,60,60,60,60,60,60,60,60,65,65,65,65,65,65,65,65,65,65,65,65,65,65,65,65,65,65,65,65,65,65,65],"card_choices":[{"not_picked":["Moonworks:NicePresent","Moonworks:ForcedRevival"],"picked":"Moonworks:WindyEnchantment","floor":1},{"not_picked":["Moonworks:IndiscriminateFireSupport","Moonworks:Bloodlust"],"picked":"Moonworks:CloudOfSeagulls","floor":5},{"not_picked":["Moonworks:SelfDestruct","Moonworks:BigMagnum"],"picked":"Moonworks:AngelHand","floor":6},{"not_picked":["Moonworks:DevilHand","Moonworks:JonathanRush"],"picked":"Moonworks:Dash","floor":7},{"not_picked":["Moonworks:CloudOfSeagulls","Moonworks:DeployBits"],"picked":"Moonworks:EvilSpyWorkPreparation","floor":10},{"not_picked":["Moonworks:NicePresent","Moonworks:Assault"],"picked":"Moonworks:SakisCookie","floor":11},{"not_picked":["Moonworks:Dinner","Moonworks:IndiscriminateFireSupport"],"picked":"Moonworks:MiracleRedBeanIceCream","floor":13},{"not_picked":["Moonworks:ImOnFire","Moonworks:MiracleRedBeanIceCream"],"picked":"Moonworks:WindyEnchantment","floor":14},{"not_picked":["Moonworks:WeAreWaruda","Moonworks:AnotherUltimateWeapon"],"picked":"Moonworks:CrystalBarrier","floor":16},{"not_picked":["Moonworks:JonathanRush","Moonworks:BigMagnum+1"],"picked":"Moonworks:TreasureThief","floor":18},{"not_picked":["Moonworks:LulusLuckyEgg+1","Moonworks:ReproductionOfRecords+1","Moonworks:ImOnFire"],"picked":"Moonworks:x16BigRocket+1","floor":19},{"not_picked":["Moonworks:LuckyCharm","Moonworks:CloudOfSeagulls","Moonworks:ImmovableObject"],"picked":"Moonworks:MixPhenomenon","floor":21},{"not_picked":["Moonworks:CloudOfSeagulls","Moonworks:MiracleRedBeanIceCream","Moonworks:Assault+1"],"picked":"Moonworks:Heat300Percent","floor":23},{"not_picked":["Moonworks:ImOnFire","Moonworks:LuckyCharm","Moonworks:FinalSurgery"],"picked":"Moonworks:RedAndBlue","floor":24},{"not_picked":["Moonworks:IndiscriminateFireSupport","Moonworks:BigMagnum","Moonworks:OutOfAmmo","Moonworks:ImOnFire"],"picked":"SKIP","floor":27},{"not_picked":["Moonworks:MiracleWalker","Moonworks:ImOnFire","Moonworks:UnpaidWork"],"picked":"Moonworks:WindyEnchantment","floor":30},{"not_picked":["Moonworks:WindyEnchantment","Moonworks:SelfDestruct","Moonworks:Blazing"],"picked":"Moonworks:BigBangBell","floor":31},{"not_picked":["Moonworks:Accelerator","Moonworks:StarBlastingFuse","Moonworks:WeAreWaruda"],"picked":"Moonworks:AccelHyper","floor":33},{"not_picked":["Moonworks:NicePresent","Moonworks:WindyEnchantment","Moonworks:CastOff+1"],"picked":"Moonworks:CloudOfSeagulls+1","floor":35},{"not_picked":["Moonworks:ScrambledEve","Moonworks:Dinner+1","Moonworks:CloudOfSeagulls","Moonworks:ExtendedPhotonRifle"],"picked":"SKIP","floor":37},{"not_picked":["Moonworks:IndiscriminateFireSupport","Moonworks:JonathanRush+1","Moonworks:Dinner"],"picked":"Moonworks:MiracleRedBeanIceCream+1","floor":38},{"not_picked":["Moonworks:Assault+1","Moonworks:LulusLuckyEgg+1","Moonworks:JonathanRush+1","Moonworks:FinalSurgery+1"],"picked":"SKIP","floor":39}],"player_experience":581602,"relics_obtained":[{"floor":6,"key":"HollowMod:PaleOreRelic"},{"floor":9,"key":"Bag of Preparation"},{"floor":14,"key":"StuffTheSpire:TintedRock"},{"floor":38,"key":"potionbrewer:AlchemistFlask"}],"event_choices":[{"damage_healed":0,"gold_gain":0,"player_choice":"Ignored","damage_taken":0,"max_hp_gain":0,"max_hp_loss":0,"event_name":"betterNote:BetterNote","floor":2,"gold_loss":0,"cards_obtained":["Collect"]},{"damage_healed":0,"gold_gain":0,"player_choice":"Cursed","damage_taken":0,"max_hp_gain":0,"max_hp_loss":0,"event_name":"Wheel of Change","floor":4,"gold_loss":0,"cards_obtained":["Decay"]},{"damage_healed":0,"gold_gain":0,"player_choice":"Ignored","damage_taken":0,"max_hp_gain":0,"max_hp_loss":0,"event_name":"Vampires","floor":20,"gold_loss":0},{"cards_removed":["Moonworks:Strike"],"damage_healed":0,"gold_gain":0,"player_choice":"Gave Gold","damage_taken":0,"max_hp_gain":0,"max_hp_loss":0,"event_name":"Beggar","floor":22,"gold_loss":75},{"damage_healed":0,"gold_gain":0,"player_choice":"Inject Mutagens","damage_taken":0,"relics_obtained":["MutagenicStrength"],"max_hp_gain":0,"max_hp_loss":0,"event_name":"Drug Dealer","floor":28,"gold_loss":0},{"damage_healed":0,"gold_gain":0,"player_choice":"2 cards matched","damage_taken":0,"max_hp_gain":0,"max_hp_loss":0,"event_name":"Match and Keep!","floor":36,"gold_loss":0,"cards_obtained":["Moonworks:NicePresent","Deep Breath"]},{"damage_healed":0,"gold_gain":0,"player_choice":"Fight","damage_taken":0,"max_hp_gain":0,"max_hp_loss":0,"event_name":"MindBloom","floor":38,"gold_loss":0}],"is_beta":false,"boss_relics":[{"not_picked":["StuffTheSpire:Kangaroo","aspiration:SilentSkillbook"],"picked":"infinitespire:Cupcake"},{"not_picked":["Runic Dome","conspire:SeveredTorchhead"],"picked":"conspire:SpecialSausage"}],"items_purged_floors":[19],"is_endless":false,"potions_floor_spawned":[5,7,11,14,16,23,24,31,37],"killed_by":"Nemesis","ascension_level":0}}