{"host":"kh6fvhxn285ncg0o","time":1610216733,"event":{"mods":["Act Like it!","BaseMod","Colored Map","Friendly Minions","Keyboard Shortcuts","Minty Spire (QoL Compilation)","Quick Restart","Relic Stats","StSLib","SuperFastMode"],"gold_per_floor":[116,116,116,116,116,156,174,174,201,201,201],"floor_reached":10,"playtime":125,"items_purged":[],"score":178,"play_id":"13535def-da4c-4f33-b7b7-ccbac2ac349c","local_time":"20210110032533","is_ascension_mode":true,"campfire_choices":[{"data":"Bludgeon","floor":8.0,"key":"SMITH"}],"circlet_count":0,"master_deck":["AscendersBane","Strike_R+1","Strike_R","Strike_R","Strike_R","Defend_R","Defend_R+1","Defend_R","Defend_R","Bash","Fire Breathing","Bludgeon+1","Seeing Red"],"relics":["Burning Blood","NeowsBlessing","Pen Nib","Golden Idol","Oddly Smooth Stone","Ancient Tea Set"],"acts_visited":["Exordium"],"potions_floor_usage":[],"damage_taken":[{"damage":0.0,"enemies":"Jaw Worm","floor":1.0,"turns":1.0},{"damage":0.0,"enemies":"3 Sentries","floor":6.0,"turns":2.0},{"damage":0.0,"enemies":"2 Louse","floor":7.0,"turns":1.0},{"damage":33,"enemies":"Lagavulin","floor":10,"turns":7}],"seed_played":"-7066412235523592418","potions_obtained":[],"is_trial":false,"path_per_floor":["M","?","?","?","?","E","M","R","T","E"],"character_chosen":"IRONCLAD","items_purchased":[],"campfire_rested":0,"item_purchase_floors":[],"current_hp_per_floor":[74,63,56,33,7,13,19,19,19,0,0],"gold":201,"neow_bonus":"THREE_ENEMY_KILL","is_daily":false,"chose_seed":false,"campfire_upgraded":1,"win_rate":0.0,"timestamp":1610216733,"path_taken":["M","?","?","?","?","E","?","R","T","E"],"items_purchased_type":[],"build_version":"2020-12-22","purchased_purges":0,"victory":false,"max_hp_per_floor":[75,75,75,75,75,75,75,75,75,75,75],"relic_stats":{"counters":[4,11],"Golden Idol":12,"Pen Nib":[1],"obtain_stats":[{"NeowsBlessing":0,"Golden Idol":5,"Oddly Smooth Stone":6,"Pen Nib":2,"Ancient Tea Set":9,"Burning Blood":0},{"NeowsBlessing":0,"Golden Idol":1,"Oddly Smooth Stone":2,"Pen Nib":1,"Ancient Tea Set":3,"Burning Blood":0},{"NeowsBlessing":0,"Golden Idol":1,"Oddly Smooth Stone":3,"Pen Nib":1,"Ancient Tea Set":4,"Burning Blood":0}],"Burning Blood":18},"card_choices":[{"not_picked":["Sword Boomerang","Headbutt"],"picked":"Fire Breathing","floor":1.0},{"not_picked":["Reckless Charge","Heavy Blade"],"picked":"Bludgeon","floor":6.0},{"not_picked":["Infernal Blade","Bloodletting"],"picked":"Seeing Red","floor":7.0}],"player_experience":3402621,"relics_obtained":[{"floor":6.0,"key":"Oddly Smooth Stone"},{"floor":9.0,"key":"Ancient Tea Set"}],"event_choices":[{"damage_healed":0.0,"max_hp_gain":0.0,"max_hp_loss":0.0,"gold_gain":0.0,"event_name":"Scrap Ooze","player_choice":"Success","floor":2.0,"gold_loss":0.0,"damage_taken":11.0,"relics_obtained":["Pen Nib"]},{"cards_removed":["Strike_R"],"damage_healed":0.0,"max_hp_gain":0.0,"max_hp_loss":0.0,"gold_gain":0.0,"event_name":"Golden Wing","player_choice":"Card Removal","floor":3.0,"gold_loss":0.0,"damage_taken":7.0},{"damage_healed":0.0,"max_hp_gain":0.0,"max_hp_loss":0.0,"gold_gain":0.0,"event_name":"Shining Light","player_choice":"Entered Light","floor":4.0,"gold_loss":0.0,"damage_taken":23.0,"cards_upgraded":["Defend_R","Strike_R"]},{"damage_healed":0.0,"max_hp_gain":0.0,"max_hp_loss":0.0,"gold_gain":0.0,"event_name":"Golden Idol","player_choice":"Take Damage","floor":5.0,"gold_loss":0.0,"damage_taken":26.0,"relics_obtained":["Golden Idol"]}],"is_beta":false,"boss_relics":[],"items_purged_floors":[],"is_endless":false,"potions_floor_spawned":[],"killed_by":"Lagavulin","ascension_level":20}}