{"host":"l84l8xigz5v5foa2","time":1610165447,"event":{"mods":["2.2 Compatiblity","AchievementEnabler","BaseMod","Better Note","Better Vampires","Card Filter","Colored Map","DeckTracker","Downfall","Gremlin Skip","Highlight Path","Keyboard Shortcuts","Minty Spire (QoL Compilation)","Permanent Neow","Quick Restart","Relic Filter","Relic Stats","StSLib","SuperFastMode","Transform Curses","Unknown Chances"],"gold_per_floor":[99,109,124,144,161,193,219,219,236,269,289,308,13,37,49,123,123,123,133,152,152,37,37,85,105,30,63,63,63,95,105,118,196,196,121,139,369,369,380,425,425,425,425,444,464,492,417,433,444,444,444,472,128,128,128],"floor_reached":56,"playtime":3960,"items_purged":["hexamod:Strike","hexamod:Strike+1","hexamod:Strike+1","hexamod:Sear+1"],"score":2466,"play_id":"6454999b-2a7e-4bac-bde1-147b7fb8b449","local_time":"20210109131047","is_ascension_mode":true,"campfire_choices":[{"data":"hexamod:Float","floor":1.0,"key":"SMITH"},{"data":"hexamod:NightmareStrike","floor":8.0,"key":"SMITH"},{"data":"hexamod:GhostOfSpirePast","floor":18.0,"key":"SMITH"},{"floor":26.0,"key":"RECALL"},{"data":"hexamod:Haunt","floor":28.0,"key":"SMITH"},{"data":"hexamod:SkipABeat","floor":35.0,"key":"SMITH"},{"data":"hexamod:AdvancingGuard","floor":43.0,"key":"SMITH"},{"data":"hexamod:Incineration","floor":54.0,"key":"SMITH"}],"circlet_count":0,"master_deck":["AscendersBane","hexamod:Defend+1","hexamod:Defend+1","hexamod:Defend+1","hexamod:Float+1","hexamod:SixthSeal","hexamod:ShieldOfDarkness+1","hexamod:RainOfEmbers+1","hexamod:NightmareStrike+1","hexamod:NightmareGuise+1","hexamod:StepThrough+1","hexamod:StepThrough+1","hexamod:TimeWarp+1","hexamod:FastForward+1","hexamod:GhostShield+1","hexamod:GhostOfSpirePast+1","Finesse+1","hexamod:InspiringFlames+1","hexamod:GiftsFromTheDead+1","hexamod:Haunt+1","hexamod:TimeWarp+1","CurseOfTheBell","hexamod:Hexaguard+1","hexamod:HauntingEcho+1","hexamod:ThermalTransfer+1","hexamod:SkipABeat+1","hexamod:AdvancingGuard+1","hexamod:HauntingEcho+1","hexamod:TimeOfNeed+1","hexamod:BacktrackSmack+1","hexamod:FastForward+1","hexamod:GhostOfSpirePast+1","hexamod:NightmareGuise+1","hexamod:GhostOfSpireFuture+1","Flash of Steel","hexamod:Incineration+1","expansioncontent:CaCaw+1"],"relics":["hexamod:SpiritBrand","Ginger","Anchor","champ:DeflectingBracers","Odd Mushroom","Calling Bell","Ancient Tea Set","White Beast Statue","Lizard Tail","downfall:HeartBlessingBlue","Incense Burner","The Courier","Matryoshka","Coffee Dripper","downfall:HeartBlessingRed","Unceasing Top","hexamod:BolsterEngine","Dream Catcher","Eternal Feather","downfall:HeartBlessingGreen","Blood Vial"],"acts_visited":["TheCity","TheBeyond","TheEnding"],"potions_floor_usage":[55,55],"damage_taken":[{"damage":1.0,"enemies":"Cultist","floor":2.0,"turns":4.0},{"damage":1.0,"enemies":"Jaw Worm","floor":3.0,"turns":4.0},{"damage":7.0,"enemies":"2 Louse","floor":4.0,"turns":4.0},{"damage":5.0,"enemies":"Exordium Thugs","floor":5.0,"turns":6.0},{"damage":6.0,"enemies":"Gremlin Nob","floor":6.0,"turns":3.0},{"damage":1.0,"enemies":"Blue Slaver","floor":9.0,"turns":5.0},{"damage":3.0,"enemies":"Lagavulin","floor":10.0,"turns":6.0},{"damage":0.0,"enemies":"3 Louse","floor":11.0,"turns":3.0},{"damage":0.0,"enemies":"Red Slaver","floor":12.0,"turns":3.0},{"damage":0.0,"enemies":"downfall:FleeingMerchant","floor":13.0,"turns":4.0},{"damage":0.0,"enemies":"The Mushroom Lair","floor":14.0,"turns":4.0},{"damage":1.0,"enemies":"Exordium Wildlife","floor":15.0,"turns":4.0},{"damage":11.0,"enemies":"downfall:Silent","floor":16.0,"turns":7.0},{"damage":2.0,"enemies":"Shell Parasite","floor":19.0,"turns":4.0},{"damage":11.0,"enemies":"Cultist and Chosen","floor":20.0,"turns":6.0},{"damage":1.0,"enemies":"downfall:FleeingMerchant","floor":22.0,"turns":4.0},{"damage":1.0,"enemies":"Sentry and Sphere","floor":25.0,"turns":5.0},{"damage":0.0,"enemies":"Gremlin Leader","floor":27.0,"turns":4.0},{"damage":0.0,"enemies":"Book of Stabbing","floor":30.0,"turns":4.0},{"damage":0.0,"enemies":"Snake Plant","floor":31.0,"turns":4.0},{"damage":0.0,"enemies":"3 Cultists","floor":32.0,"turns":5.0},{"damage":0.0,"enemies":"downfall:Defect","floor":33.0,"turns":6.0},{"damage":7.0,"enemies":"3 Shapes","floor":36.0,"turns":5.0},{"damage":0.0,"enemies":"downfall:FleeingMerchant","floor":37.0,"turns":3.0},{"damage":18.0,"enemies":"3 Darklings","floor":39.0,"turns":4.0},{"damage":19.0,"enemies":"2 Orb Walkers","floor":40.0,"turns":4.0},{"damage":0.0,"enemies":"4 Shapes","floor":44.0,"turns":3.0},{"damage":0.0,"enemies":"Jaw Worm Horde","floor":45.0,"turns":4.0},{"damage":11.0,"enemies":"Giant Head","floor":46.0,"turns":6.0},{"damage":4.0,"enemies":"Maw","floor":48.0,"turns":5.0},{"damage":0.0,"enemies":"Writhing Mass","floor":49.0,"turns":5.0},{"damage":0.0,"enemies":"downfall:Watcher","floor":50.0,"turns":6.0},{"damage":2.0,"enemies":"downfall:CharBossMerchant","floor":52.0,"turns":6.0},{"damage":9,"enemies":"downfall:NeowBoss","floor":55,"turns":20}],"seed_played":"6214806149599094277","potions_obtained":[{"floor":3.0,"key":"EssenceOfSteel"},{"floor":5.0,"key":"Dexterity Potion"},{"floor":6.0,"key":"Dexterity Potion"},{"floor":12.0,"key":"hexamod:DoubleChargePotion"},{"floor":14.0,"key":"hexamod:DoubleChargePotion"},{"floor":16.0,"key":"GamblersBrew"},{"floor":19.0,"key":"SkillPotion"},{"floor":20.0,"key":"EssenceOfSteel"},{"floor":22.0,"key":"DistilledChaos"},{"floor":25.0,"key":"PowerPotion"},{"floor":27.0,"key":"Ancient Potion"},{"floor":30.0,"key":"Weak Potion"},{"floor":31.0,"key":"Slimebound:ThreeZeroPotion"},{"floor":32.0,"key":"DuplicationPotion"},{"floor":36.0,"key":"sneckomod:MuddlingPotion"},{"floor":37.0,"key":"Fruit Juice"},{"floor":39.0,"key":"PowerPotion"},{"floor":40.0,"key":"EntropicBrew"},{"floor":44.0,"key":"DistilledChaos"},{"floor":45.0,"key":"SteroidPotion"},{"floor":46.0,"key":"EntropicBrew"},{"floor":52.0,"key":"Dexterity Potion"}],"is_trial":false,"path_per_floor":["R","M","M","M","M","E","T","R","M","E","M","M","$","?","M","B",null,"R","M","M","?","$","?","T","M","R","E","R","T","E","M","M","B",null,"R","M","$","?","M","?","T","?","R","M","M","E","R","M","M","B",null,"E","$","R","B",null],"character_chosen":"THE_SPIRIT","items_purchased":["hexamod:GhostOfSpirePast","Finesse","hexamod:InspiringFlames","Flash of Steel","hexamod:Incineration","expansioncontent:CaCaw"],"campfire_rested":0,"item_purchase_floors":[13,13,13,53,53,53],"current_hp_per_floor":[57,56,55,48,43,37,37,37,36,33,33,33,33,33,32,21,53,53,51,40,28,27,27,27,26,36,36,36,36,36,36,36,36,64,64,57,62,62,44,25,25,25,25,25,25,14,32,28,28,28,66,64,64,78,69],"gold":128,"neow_bonus":"ONE_RANDOM_RARE_CARD","is_daily":false,"chose_seed":false,"campfire_upgraded":7,"win_rate":0.0,"timestamp":1610165447,"path_taken":["R","M","M","?","M","E","T","R","M","E","M","?","$","?","M","BOSS","R","M","M","?","?","?","T","M","R","E","R","?","E","M","M","BOSS","R","M","$","?","?","?","T","?","R","M","?","E","R","M","M","BOSS","E","$","R","BOSS"],"items_purchased_type":["Card","Card","Card","Card","Card","Card"],"build_version":"2020-12-22","purchased_purges":4,"victory":true,"max_hp_per_floor":[63,63,63,63,63,63,63,63,63,63,63,63,63,63,63,63,63,63,63,63,63,63,63,63,63,73,73,73,73,73,73,73,73,73,73,73,78,78,78,78,78,78,78,78,78,78,78,78,78,78,78,78,78,78,78],"relic_stats":{"Blood Vial":0,"Lizard Tail":0,"Dream Catcher":0,"counters":[34,170],"Eternal Feather":32,"Ginger":[27],"obtain_stats":[{"downfall:HeartBlessingRed":35,"Eternal Feather":46,"downfall:HeartBlessingGreen":47,"champ:DeflectingBracers":10,"The Courier":29,"Incense Burner":27,"Ginger":6,"Odd Mushroom":14,"Ancient Tea Set":17,"White Beast Statue":17,"Calling Bell":17,"Blood Vial":52,"Anchor":7,"Lizard Tail":17,"Dream Catcher":41,"Matryoshka":30,"downfall:HeartBlessingBlue":26,"Coffee Dripper":34,"hexamod:BolsterEngine":41,"hexamod:SpiritBrand":0,"Unceasing Top":40},{"downfall:HeartBlessingRed":22,"Eternal Feather":29,"downfall:HeartBlessingGreen":29,"champ:DeflectingBracers":7,"The Courier":18,"Incense Burner":18,"Ginger":5,"Odd Mushroom":11,"Ancient Tea Set":13,"White Beast Statue":13,"Calling Bell":13,"Blood Vial":33,"Anchor":5,"Lizard Tail":13,"Dream Catcher":26,"Matryoshka":19,"downfall:HeartBlessingBlue":17,"Coffee Dripper":22,"hexamod:BolsterEngine":26,"hexamod:SpiritBrand":0,"Unceasing Top":26},{"downfall:HeartBlessingRed":99,"Eternal Feather":128,"downfall:HeartBlessingGreen":128,"champ:DeflectingBracers":32,"The Courier":80,"Incense Burner":80,"Ginger":21,"Odd Mushroom":46,"Ancient Tea Set":57,"White Beast Statue":57,"Calling Bell":57,"Blood Vial":150,"Anchor":21,"Lizard Tail":57,"Dream Catcher":115,"Matryoshka":84,"downfall:HeartBlessingBlue":76,"Coffee Dripper":99,"hexamod:BolsterEngine":115,"hexamod:SpiritBrand":0,"Unceasing Top":115}],"Unceasing Top":[1]},"card_choices":[{"not_picked":["hexamod:AdvancingGuard","hexamod:Firestarter"],"picked":"hexamod:ShieldOfDarkness","floor":2.0},{"not_picked":["hexamod:FastForward","hexamod:EtherealExpedition"],"picked":"hexamod:RainOfEmbers","floor":3.0},{"not_picked":["hexamod:RainOfEmbers","hexamod:GhostShield"],"picked":"hexamod:NightmareStrike","floor":4.0},{"not_picked":["hexamod:BurningTouch","hexamod:InspiringFlames"],"picked":"hexamod:NightmareGuise","floor":5.0},{"not_picked":["hexamod:FastForward","hexamod:GhostOfSpireFuture"],"picked":"hexamod:StepThrough","floor":6.0},{"not_picked":["hexamod:SwordOfDarkness","hexamod:Hexaguard"],"picked":"hexamod:StepThrough","floor":9.0},{"not_picked":["hexamod:HauntingEcho","hexamod:SwordOfDarkness"],"picked":"hexamod:TimeWarp","floor":10.0},{"not_picked":["hexamod:ThermalTransfer","hexamod:ShieldOfDarkness"],"picked":"hexamod:FastForward","floor":11.0},{"not_picked":["hexamod:RadiantFlame","hexamod:Firestarter","hexamod:RainOfEmbers"],"picked":"SKIP","floor":12.0},{"not_picked":["hexamod:RadiantFlame","hexamod:Firestarter","hexamod:RainOfEmbers"],"picked":"SKIP","floor":12.0},{"not_picked":["hexamod:FastForward","hexamod:NightmareStrike"],"picked":"hexamod:GhostShield","floor":13.0},{"not_picked":["hexamod:ShieldOfDarkness","hexamod:ExtraCrispy"],"picked":"hexamod:GiftsFromTheDead","floor":14.0},{"not_picked":["hexamod:GhostLash","hexamod:DynamicBlow"],"picked":"hexamod:Haunt","floor":15.0},{"not_picked":["hexamod:VolcanoVisage","hexamod:EmpoweringStance"],"picked":"hexamod:TimeWarp","floor":16.0},{"not_picked":["hexamod:NightmareStrike","hexamod:Firestarter"],"picked":"hexamod:Hexaguard","floor":19.0},{"not_picked":["hexamod:RainOfEmbers","hexamod:SearingWound"],"picked":"hexamod:HauntingEcho","floor":20.0},{"not_picked":["hexamod:InspiringFlames","hexamod:ShieldOfDarkness"],"picked":"hexamod:ThermalTransfer","floor":22.0},{"not_picked":["hexamod:NightmareGuise","hexamod:SpectersWail","hexamod:InspiringFlames"],"picked":"SKIP","floor":25.0},{"not_picked":["hexamod:RainOfEmbers","hexamod:ShieldOfDarkness","hexamod:UnleashSpirits"],"picked":"SKIP","floor":27.0},{"not_picked":["hexamod:Hexaguard","hexamod:DynamicBlow"],"picked":"hexamod:SkipABeat","floor":30.0},{"not_picked":["hexamod:SpectralAdrenaline","hexamod:Firestarter"],"picked":"hexamod:AdvancingGuard","floor":31.0},{"not_picked":["hexamod:SecondSeal","hexamod:Hexaguard"],"picked":"hexamod:HauntingEcho","floor":32.0},{"not_picked":["hexamod:CrushingStance","hexamod:ParanormalForm"],"picked":"hexamod:TimeOfNeed","floor":33.0},{"not_picked":["hexamod:ThermalTransfer","hexamod:RadiantFlame"],"picked":"hexamod:BacktrackSmack+1","floor":36.0},{"not_picked":["hexamod:ParanormalForm","hexamod:Hexaguard+1","hexamod:GhostflameBarrier"],"picked":"SKIP","floor":37.0},{"not_picked":["hexamod:NightmareStrike+1","hexamod:ExtraCrispy"],"picked":"hexamod:GhostOfSpirePast","floor":39.0},{"not_picked":["hexamod:InspiringFlames","hexamod:RadiantFlame","hexamod:FastForward+1"],"picked":"SKIP","floor":44.0},{"not_picked":["hexamod:PhantomCloak","hexamod:SwordOfDarkness"],"picked":"hexamod:NightmareGuise+1","floor":45.0},{"not_picked":["hexamod:BurningTouch","hexamod:PowerFromBeyond","hexamod:ShieldOfDarkness+1"],"picked":"SKIP","floor":46.0},{"not_picked":["hexamod:NightmareStrike","hexamod:ExtraCrispy"],"picked":"hexamod:GhostOfSpireFuture","floor":48.0},{"not_picked":["hexamod:Firestarter","hexamod:Hexaguard","hexamod:FourthSeal"],"picked":"SKIP","floor":49.0},{"not_picked":["hexamod:ApocalypticArmor","hexamod:AdvancingGuard","hexamod:RetreatToShadows"],"picked":"SKIP","floor":52.0}],"player_experience":3009630,"relics_obtained":[{"floor":6.0,"key":"Ginger"},{"floor":7.0,"key":"Anchor"},{"floor":10.0,"key":"champ:DeflectingBracers"},{"floor":14.0,"key":"Odd Mushroom"},{"floor":17.0,"key":"Ancient Tea Set"},{"floor":17.0,"key":"White Beast Statue"},{"floor":17.0,"key":"Lizard Tail"},{"floor":27.0,"key":"Incense Burner"},{"floor":29.0,"key":"The Courier"},{"floor":30.0,"key":"Matryoshka"},{"floor":40.0,"key":"Unceasing Top"},{"floor":41.0,"key":"hexamod:BolsterEngine"},{"floor":41.0,"key":"Dream Catcher"},{"floor":46.0,"key":"Eternal Feather"},{"floor":52.0,"key":"Blood Vial"}],"event_choices":[{"damage_healed":0.0,"max_hp_gain":0.0,"max_hp_loss":0.0,"gold_gain":0.0,"event_name":"Mushrooms","player_choice":"Fought Mushrooms","floor":14.0,"gold_loss":0.0,"damage_taken":0.0},{"damage_healed":0.0,"max_hp_gain":0.0,"max_hp_loss":0.0,"gold_gain":0.0,"cards_transformed":["hexamod:Defend"],"event_name":"Transmorgrifier","player_choice":"Transformed","floor":38.0,"gold_loss":0.0,"damage_taken":0.0,"cards_obtained":["hexamod:FastForward"]},{"damage_healed":0.0,"max_hp_gain":0.0,"max_hp_loss":0.0,"gold_gain":0.0,"event_name":"Mysterious Sphere","player_choice":"Fight","floor":40.0,"gold_loss":0.0,"damage_taken":0.0},{"damage_healed":0.0,"max_hp_gain":0.0,"max_hp_loss":0.0,"gold_gain":0.0,"event_name":"Accursed Blacksmith","player_choice":"Forge","floor":42.0,"gold_loss":0.0,"damage_taken":0.0,"cards_upgraded":["hexamod:GhostOfSpirePast"]}],"is_beta":false,"boss_relics":[{"not_picked":["Busted Crown","Runic Pyramid"],"picked":"Calling Bell"},{"not_picked":["Astrolabe","Empty Cage"],"picked":"Coffee Dripper"}],"items_purged_floors":[13,22,37,53],"is_endless":false,"potions_floor_spawned":[3,5,6,12,14,16,19,20,22,25,27,30,31,32,33,36,37,39,40,44,45,46,48,49,52],"ascension_level":20}}