{"host":"vlqejv0notyktumz","time":1610223793,"event":{"mods":["AchievementEnabler","BaseMod","Googly Eyes","Minty Spire (QoL Compilation)"],"gold_per_floor":[110,129,146,146,162,162,196,196,196,196,207,223,235,249,249,354,354,364,364,30,0,0,0,0,0],"floor_reached":24,"playtime":653,"items_purged":["Strike_G"],"score":287,"play_id":"ad15cf51-d97c-4068-ae2f-e5a7f5c62724","local_time":"20210109142313","is_ascension_mode":true,"campfire_choices":[{"data":"Poisoned Stab","floor":6,"key":"SMITH"},{"data":"Deflect","floor":8,"key":"SMITH"},{"data":"Poisoned Stab","floor":10,"key":"SMITH"},{"floor":15,"key":"REST"},{"data":"Survivor","floor":23,"key":"SMITH"}],"circlet_count":0,"master_deck":["Strike_G","Strike_G","Strike_G","Strike_G","Defend_G","Defend_G","Defend_G","Defend_G","Defend_G","Survivor+1","Neutralize+1","Escape Plan+1","Poisoned Stab+1","Poisoned Stab+1","Deflect+1","Sucker Punch","Poisoned Stab","Catalyst","Night Terror","Footwork","Escape Plan","Heel Hook"],"relics":["Ring of the Snake","Bird Faced Urn","Mummified Hand","Sozu","Oddly Smooth Stone"],"acts_visited":["Exordium","TheCity"],"potions_floor_usage":[7,18],"damage_taken":[{"damage":0,"enemies":"Cultist","floor":1,"turns":5},{"damage":2,"enemies":"2 Louse","floor":2,"turns":4},{"damage":2,"enemies":"Small Slimes","floor":3,"turns":5},{"damage":7,"enemies":"Exordium Wildlife","floor":5,"turns":4},{"damage":11,"enemies":"3 Sentries","floor":7,"turns":9},{"damage":0,"enemies":"Gremlin Gang","floor":11,"turns":5},{"damage":1,"enemies":"Looter","floor":12,"turns":4},{"damage":18,"enemies":"Lots of Slimes","floor":13,"turns":5},{"damage":0,"enemies":"Exordium Wildlife","floor":14,"turns":3},{"damage":19,"enemies":"The Guardian","floor":16,"turns":11},{"damage":11,"enemies":"Spheric Guardian","floor":18,"turns":6},{"damage":23,"enemies":"Gremlin Leader","floor":24,"turns":5}],"seed_played":"6718100361200612216","potions_obtained":[{"floor":3,"key":"SkillPotion"},{"floor":7,"key":"GamblersBrew"},{"floor":13,"key":"CultistPotion"},{"floor":16,"key":"EssenceOfSteel"}],"is_trial":false,"path_per_floor":["M","M","M","?","M","R","E","R","T","R","M","M","M","M","R","B",null,"M","?","$","?","$","R","E"],"character_chosen":"THE_SILENT","items_purchased":["Oddly Smooth Stone","Escape Plan","Heel Hook"],"campfire_rested":1,"item_purchase_floors":[20,20,20],"current_hp_per_floor":[63,61,59,59,52,52,41,41,41,41,41,40,22,22,43,24,59,48,48,48,48,48,48,27,27],"gold":0,"neow_bonus":"UPGRADE_CARD","is_daily":false,"chose_seed":false,"campfire_upgraded":4,"win_rate":0.0,"timestamp":1610223793,"path_taken":["M","M","M","?","M","R","E","R","T","R","M","?","M","M","R","BOSS","M","?","$","?","?","R","E"],"items_purchased_type":["Relic","Card","Card"],"build_version":"2020-12-22","purchased_purges":1,"victory":false,"max_hp_per_floor":[70,70,70,70,70,70,70,70,70,70,70,70,70,70,70,70,70,70,70,70,70,70,70,70,70],"card_choices":[{"not_picked":["Dagger Throw","Accuracy"],"picked":"Escape Plan","floor":1},{"not_picked":["Acrobatics","Dodge and Roll"],"picked":"Poisoned Stab","floor":2},{"not_picked":["Backflip","Cloak And Dagger"],"picked":"Poisoned Stab","floor":3},{"not_picked":["Skewer","Slice","Flechettes"],"picked":"SKIP","floor":5},{"not_picked":["Backstab","Malaise"],"picked":"Deflect","floor":7},{"not_picked":["Flying Knee","Cloak And Dagger"],"picked":"Sucker Punch","floor":11},{"not_picked":["Concentrate","Dagger Throw"],"picked":"Poisoned Stab","floor":12},{"not_picked":["Outmaneuver","Terror","Concentrate"],"picked":"SKIP","floor":13},{"not_picked":["Infinite Blades","Finisher"],"picked":"Catalyst","floor":14},{"not_picked":["Grand Finale","A Thousand Cuts"],"picked":"Night Terror","floor":16},{"not_picked":["Flying Knee","Acrobatics"],"picked":"Footwork","floor":18}],"player_experience":313744,"relics_obtained":[{"floor":7,"key":"Bird Faced Urn"},{"floor":9,"key":"Mummified Hand"}],"event_choices":[{"damage_healed":0,"gold_gain":0,"player_choice":"Upgraded","damage_taken":0,"max_hp_gain":0,"max_hp_loss":0,"event_name":"Upgrade Shrine","floor":4,"gold_loss":0,"cards_upgraded":["Escape Plan"]},{"damage_healed":0,"gold_gain":0,"player_choice":"Ignored","damage_taken":0,"max_hp_gain":0,"max_hp_loss":0,"event_name":"Vampires","floor":19,"gold_loss":0},{"damage_healed":0,"gold_gain":0,"player_choice":"Paid Fearfully","damage_taken":0,"max_hp_gain":0,"max_hp_loss":0,"event_name":"Masked Bandits","floor":21,"gold_loss":30}],"is_beta":false,"boss_relics":[{"not_picked":["Velvet Choker","SacredBark"],"picked":"Sozu"}],"items_purged_floors":[20],"is_endless":false,"potions_floor_spawned":[3,7,13,16],"killed_by":"Gremlin Leader","ascension_level":9}}