{"host":"foq4mrde4mssg7vt","time":1610187026,"event":{"mods":["AchievementEnabler","BaseMod","Colored Map","Colored Powertips","Highlight Path","Minty Spire (QoL Compilation)","Relic Stats","everything is the same but u backflip on backflip"],"gold_per_floor":[112,131,131,143,155,155,182,182,205,224,224,224,236,261,261,336,336,355,270,270,133,146,146,172,172,197,229,243,243,260,45,45,119,119,139,139,89,107,57,57,89,106,106,138,138,156,156,156,156,156,156,156,156,72,106,106],"floor_reached":57,"playtime":3560,"items_purged":["Decay","Strike_P","Defend_P","Strike_P"],"score":3391,"play_id":"8eaca460-252c-4dda-a330-146062181d0f","local_time":"20210109181026","is_ascension_mode":true,"campfire_choices":[{"data":"TalkToTheHand","floor":6.0,"key":"SMITH"},{"data":"Tantrum","floor":8.0,"key":"SMITH"},{"data":"EmptyFist","floor":11.0,"key":"SMITH"},{"data":"LikeWater","floor":15.0,"key":"SMITH"},{"data":"Vault","floor":23.0,"key":"SMITH"},{"data":"Adaptation","floor":25.0,"key":"SMITH"},{"data":"Eruption","floor":32.0,"key":"SMITH"},{"data":"Wireheading","floor":40.0,"key":"SMITH"},{"data":"ForeignInfluence+1","floor":47,"key":"PURGE"},{"floor":49,"key":"RECALL"},{"data":"BowlingBash","floor":53,"key":"PURGE"}],"circlet_count":0,"master_deck":["AscendersBane","Eruption+1","Vigilance","TalkToTheHand+1","Tantrum+1","FearNoEvil","EmptyFist+1","LikeWater+1","Wireheading+1","Vault+1","Scrawl+1","Conclude+1","DeceiveReality","Adaptation+1","MentalFortress+1"],"relics":["Runic Dome","Smiling Mask","Ancient Tea Set","Vajra","Astrolabe","InkBottle","Kunai","Lantern","Potion Belt","TheAbacus","Black Star","Peace Pipe","Art of War","Ice Cream","Orichalcum","Anchor","Bag of Marbles"],"acts_visited":["Exordium","TheCity","TheBeyond","TheEnding"],"potions_floor_usage":[50,51,56,56,56],"damage_taken":[{"damage":0.0,"enemies":"Small Slimes","floor":1.0,"turns":4.0},{"damage":4.0,"enemies":"2 Louse","floor":2.0,"turns":3.0},{"damage":7.0,"enemies":"Jaw Worm","floor":4.0,"turns":3.0},{"damage":5.0,"enemies":"Red Slaver","floor":5.0,"turns":4.0},{"damage":2.0,"enemies":"3 Sentries","floor":7.0,"turns":4.0},{"damage":0.0,"enemies":"2 Fungi Beasts","floor":10.0,"turns":2.0},{"damage":0.0,"enemies":"Lots of Slimes","floor":13.0,"turns":2.0},{"damage":19.0,"enemies":"Lagavulin","floor":14.0,"turns":4.0},{"damage":5.0,"enemies":"The Guardian","floor":16.0,"turns":6.0},{"damage":0.0,"enemies":"Chosen","floor":18.0,"turns":2.0},{"damage":8.0,"enemies":"Shell Parasite","floor":22.0,"turns":4.0},{"damage":0.0,"enemies":"Slavers","floor":24.0,"turns":3.0},{"damage":0.0,"enemies":"Book of Stabbing","floor":27.0,"turns":2.0},{"damage":2.0,"enemies":"Snake Plant","floor":28.0,"turns":4.0},{"damage":0.0,"enemies":"Centurion and Healer","floor":30.0,"turns":3.0},{"damage":0.0,"enemies":"Collector","floor":33.0,"turns":4.0},{"damage":20.0,"enemies":"3 Darklings","floor":35.0,"turns":2.0},{"damage":0.0,"enemies":"Orb Walker","floor":38.0,"turns":2.0},{"damage":29.0,"enemies":"Giant Head","floor":41.0,"turns":6.0},{"damage":0,"enemies":"Writhing Mass","floor":42,"turns":6},{"damage":0,"enemies":"Reptomancer","floor":44,"turns":3},{"damage":0,"enemies":"Sphere and 2 Shapes","floor":46,"turns":6},{"damage":6,"enemies":"Time Eater","floor":50,"turns":9},{"damage":0,"enemies":"Awakened One","floor":51,"turns":4},{"damage":0,"enemies":"Shield and Spear","floor":55,"turns":3},{"damage":0,"enemies":"The Heart","floor":56,"turns":7}],"seed_played":"6477367923286541458","potions_obtained":[{"floor":1.0,"key":"DuplicationPotion"},{"floor":2.0,"key":"AttackPotion"},{"floor":22.0,"key":"DuplicationPotion"},{"floor":24.0,"key":"EssenceOfSteel"},{"floor":33.0,"key":"Regen Potion"},{"floor":41.0,"key":"GamblersBrew"},{"floor":44,"key":"Block Potion"}],"is_trial":false,"path_per_floor":["M","M","?","M","M","R","E","R","T","M","R","?","M","E","R","B",null,"M","?","?","$","M","R","E","R","T","E","M","?","M","$","R","B",null,"M","?","$","M","$","R","E","M","T","E","?","M","R","?","R","B","B",null,"R","$","E","B",null],"character_chosen":"WATCHER","items_purchased":["Adaptation","TheAbacus","Ancient Potion"],"campfire_rested":0,"item_purchase_floors":[21,31,54],"current_hp_per_floor":[61,57,57,50,45,45,43,43,43,43,43,43,43,24,24,19,56,56,56,56,56,48,48,48,48,48,48,46,46,46,46,46,46,63,43,43,43,43,43,43,28,28,28,28,28,28,28,28,28,22,22,57,57,57,57,57],"gold":106,"neow_bonus":"BOSS_RELIC","is_daily":false,"chose_seed":false,"campfire_upgraded":8,"win_rate":0.0,"timestamp":1610187026,"path_taken":["M","M","?","M","M","R","E","R","T","M","R","?","M","E","R","BOSS","M","?","?","$","M","R","E","R","T","E","M","?","?","?","R","BOSS","M","?","$","M","$","R","E","M","T","E","?","?","R","?","R","BOSS","BOSS","R","$","E","BOSS"],"items_purchased_type":["Card","Relic","Potion"],"build_version":"2020-12-22","purchased_purges":4,"victory":true,"max_hp_per_floor":[68,68,68,68,68,68,68,68,68,68,68,68,68,68,68,68,68,68,68,68,68,68,68,68,68,68,68,68,68,68,68,68,68,68,68,68,68,68,68,68,68,68,68,68,68,68,68,68,68,68,68,68,68,68,68,68],"relic_stats":{"Peace Pipe":3,"TheAbacus":[720],"counters":[26,102],"Astrolabe":["Scrawl","Conclude","ForeignInfluence"],"Black Star":3,"Art of War":[1],"Kunai":[75],"Orichalcum":[12],"Smiling Mask":250,"obtain_stats":[{"Potion Belt":27,"Ice Cream":44,"Lantern":26,"Astrolabe":17,"Vajra":14,"Orichalcum":44,"Smiling Mask":7,"Ancient Tea Set":9,"Peace Pipe":41,"Runic Dome":0,"Anchor":55,"TheAbacus":31,"Black Star":34,"Art of War":41,"Bag of Marbles":55,"Kunai":24,"PureWater":0,"InkBottle":19},{"Potion Belt":13,"Ice Cream":21,"Lantern":12,"Astrolabe":9,"Vajra":8,"Orichalcum":21,"Smiling Mask":5,"Ancient Tea Set":5,"Peace Pipe":19,"Runic Dome":0,"Anchor":25,"TheAbacus":15,"Black Star":16,"Art of War":19,"Bag of Marbles":25,"Kunai":12,"PureWater":0,"InkBottle":10},{"Potion Belt":43,"Ice Cream":73,"Lantern":41,"Astrolabe":32,"Vajra":26,"Orichalcum":73,"Smiling Mask":18,"Ancient Tea Set":18,"Peace Pipe":64,"Runic Dome":0,"Anchor":95,"TheAbacus":50,"Black Star":54,"Art of War":64,"Bag of Marbles":95,"Kunai":41,"PureWater":0,"InkBottle":34}],"InkBottle":[41]},"card_choices":[{"not_picked":["WreathOfFlame","Crescendo"],"picked":"TalkToTheHand","floor":1.0},{"not_picked":["MentalFortress","Sanctity"],"picked":"Tantrum","floor":2.0},{"not_picked":["BowlingBash","Conclude"],"picked":"FearNoEvil","floor":4.0},{"not_picked":["Protect","SignatureMove"],"picked":"BowlingBash","floor":5.0},{"not_picked":["PathToVictory","Sanctity","SashWhip"],"picked":"SKIP","floor":7.0},{"not_picked":["Evaluate","LikeWater"],"picked":"EmptyFist","floor":10.0},{"not_picked":["EmptyFist","FlyingSleeves"],"picked":"LikeWater","floor":13.0},{"not_picked":["BattleHymn","ClearTheMind"],"picked":"Wireheading","floor":14.0},{"not_picked":["Brilliance","Judgement"],"picked":"Vault","floor":16.0},{"not_picked":["CarveReality","Consecrate"],"picked":"DeceiveReality","floor":18.0},{"not_picked":["Evaluate","EmptyFist","FlyingSleeves"],"picked":"SKIP","floor":22.0},{"not_picked":["Consecrate","SandsOfTime","ClearTheMind"],"picked":"SKIP","floor":24.0},{"not_picked":["Evaluate","Sanctity"],"picked":"MentalFortress+1","floor":27.0},{"not_picked":["EmptyFist","JustLucky","Prostrate"],"picked":"SKIP","floor":28.0},{"not_picked":["Prostrate","Consecrate","EmptyFist+1"],"picked":"SKIP","floor":30.0},{"not_picked":["Crescendo","SashWhip+1","SandsOfTime+1"],"picked":"SKIP","floor":35.0},{"not_picked":["Prostrate","Indignation","PathToVictory"],"picked":"SKIP","floor":38.0},{"not_picked":["ClearTheMind","Judgement","CarveReality"],"picked":"SKIP","floor":41.0},{"not_picked":["Swivel","Protect+1","LikeWater"],"picked":"SKIP","floor":42},{"not_picked":["Meditate","ClearTheMind","FearNoEvil"],"picked":"SKIP","floor":44},{"not_picked":["Halt","Conclude","Consecrate"],"picked":"SKIP","floor":46},{"not_picked":["Halt","Conclude","Consecrate"],"picked":"SKIP","floor":46},{"not_picked":["SashWhip","Consecrate+1","MentalFortress"],"picked":"SKIP","floor":55}],"player_experience":420566,"relics_obtained":[{"floor":7.0,"key":"Smiling Mask"},{"floor":9.0,"key":"Ancient Tea Set"},{"floor":14.0,"key":"Vajra"},{"floor":24.0,"key":"Kunai"},{"floor":26.0,"key":"Lantern"},{"floor":27.0,"key":"Potion Belt"},{"floor":41.0,"key":"Peace Pipe"},{"floor":41.0,"key":"Art of War"},{"floor":44,"key":"Ice Cream"},{"floor":44,"key":"Orichalcum"},{"floor":55,"key":"Anchor"},{"floor":55,"key":"Bag of Marbles"}],"event_choices":[{"damage_healed":0.0,"max_hp_gain":0.0,"max_hp_loss":0.0,"gold_gain":0.0,"event_name":"Liars Game","player_choice":"Ignored","floor":3.0,"gold_loss":0.0,"damage_taken":0.0},{"damage_healed":0.0,"max_hp_gain":0.0,"max_hp_loss":0.0,"gold_gain":0.0,"event_name":"Shining Light","player_choice":"Ignored","floor":12.0,"gold_loss":0.0,"damage_taken":0.0},{"damage_healed":0.0,"max_hp_gain":0.0,"max_hp_loss":0.0,"gold_gain":0.0,"event_name":"Addict","player_choice":"Obtained Relic","floor":19.0,"gold_loss":85.0,"damage_taken":0.0,"relics_obtained":["InkBottle"]},{"damage_healed":0.0,"max_hp_gain":0.0,"max_hp_loss":0.0,"gold_gain":0.0,"event_name":"Forgotten Altar","player_choice":"Smashed Altar","floor":20.0,"gold_loss":0.0,"damage_taken":0.0,"cards_obtained":["Decay"]},{"cards_removed":["Defend_P"],"damage_healed":0.0,"max_hp_gain":0.0,"max_hp_loss":0.0,"gold_gain":0.0,"event_name":"Back to Basics","player_choice":"Elegance","floor":29.0,"gold_loss":0.0,"damage_taken":0.0},{"damage_healed":0.0,"max_hp_gain":0.0,"max_hp_loss":0.0,"gold_gain":0.0,"event_name":"Mysterious Sphere","player_choice":"Ignored","floor":36.0,"gold_loss":0.0,"damage_taken":0.0},{"cards_removed":["Defend_P"],"damage_healed":0,"gold_gain":0,"player_choice":"Purged","damage_taken":0,"max_hp_gain":0,"max_hp_loss":0,"event_name":"Purifier","floor":45,"gold_loss":0},{"damage_healed":0,"gold_gain":0,"player_choice":"Ignored","damage_taken":0,"max_hp_gain":0,"max_hp_loss":0,"event_name":"Tomb of Lord Red Mask","floor":48,"gold_loss":0}],"is_beta":false,"boss_relics":[{"not_picked":["Calling Bell","Sozu"],"picked":"Astrolabe"},{"not_picked":["Velvet Choker","Fusion Hammer"],"picked":"Black Star"}],"items_purged_floors":[21,31,37,39],"is_endless":false,"potions_floor_spawned":[1,2,5,7,10,22,24,33,41,44],"ascension_level":20}}