{"host":"08sn1703g14rasc1","time":1610181061,"event":{"mods":["AchievementEnabler","BaseMod","Colored Map","Colored Powertips","Hermit","Minty Spire (QoL Compilation)","StSLib"],"gold_per_floor":[416,38,38,38,38,38,52,78,155,155,175,175,175,203,203,301,301,320,320,320,320,245,271,271,283,351,351,351,369,381,391,391,488,488,503,503,553,572,588,588,482,496,496,496,496],"floor_reached":44,"playtime":1361,"items_purged":["Strike_R"],"score":658,"play_id":"df66fdea-1905-476f-945e-b53c92879413","local_time":"20210109003101","is_ascension_mode":true,"campfire_choices":[{"data":"Whirlwind","floor":6.0,"key":"SMITH"},{"data":"Inflame","floor":10.0,"key":"SMITH"},{"data":"Fire Breathing","floor":12.0,"key":"SMITH"},{"data":"Strike_R","floor":15.0,"key":"PURGE"},{"data":"Offering","floor":24.0,"key":"SMITH"},{"data":"Double Tap","floor":27.0,"key":"SMITH"},{"floor":32.0,"key":"REST"},{"floor":40,"key":"REST"}],"circlet_count":0,"master_deck":["Bash","Whirlwind+1","Inflame+1","Fire Breathing+1","Evolve","Double Tap+1","Reaper","Dropkick","Rage","Offering+1","Sword Boomerang","Rupture","Dual Wield","Rage+1","Barricade","Demon Form","Metallicize"],"relics":["Burning Blood","Old Coin","Incense Burner","Art of War","InkBottle","Peace Pipe","Pandora\u0027s Box","MutagenicStrength","Smiling Mask","Gremlin Horn","Empty Cage","TungstenRod","Bag of Marbles"],"acts_visited":["Exordium","TheCity","TheBeyond"],"potions_floor_usage":[39,44,44],"damage_taken":[{"damage":2.0,"enemies":"Jaw Worm","floor":1.0,"turns":4.0},{"damage":0.0,"enemies":"2 Louse","floor":7.0,"turns":1.0},{"damage":20.0,"enemies":"3 Sentries","floor":8.0,"turns":6.0},{"damage":6.0,"enemies":"Cultist","floor":11.0,"turns":3.0},{"damage":9.0,"enemies":"Gremlin Nob","floor":14.0,"turns":4.0},{"damage":61.0,"enemies":"Hexaghost","floor":16.0,"turns":10.0},{"damage":27.0,"enemies":"2 Thieves","floor":18.0,"turns":3.0},{"damage":11.0,"enemies":"Gremlin Leader","floor":23.0,"turns":5.0},{"damage":17.0,"enemies":"Spheric Guardian","floor":25.0,"turns":3.0},{"damage":1.0,"enemies":"3 Cultists","floor":29.0,"turns":2.0},{"damage":26.0,"enemies":"Snecko","floor":30.0,"turns":4.0},{"damage":30.0,"enemies":"Centurion and Healer","floor":31.0,"turns":3.0},{"damage":133.0,"enemies":"Collector","floor":33.0,"turns":10.0},{"damage":6.0,"enemies":"3 Darklings","floor":35.0,"turns":1.0},{"damage":6.0,"enemies":"Mind Bloom Boss Battle","floor":37.0,"turns":4.0},{"damage":14.0,"enemies":"Orb Walker","floor":38.0,"turns":3.0},{"damage":80,"enemies":"Transient","floor":39,"turns":5},{"damage":31,"enemies":"3 Darklings","floor":42,"turns":4},{"damage":41,"enemies":"Spire Growth","floor":44,"turns":5}],"seed_played":"8106091038341492159","potions_obtained":[{"floor":1.0,"key":"ElixirPotion"},{"floor":7.0,"key":"DistilledChaos"},{"floor":11.0,"key":"BloodPotion"},{"floor":14.0,"key":"Explosive Potion"},{"floor":23.0,"key":"Fire Potion"},{"floor":25.0,"key":"Weak Potion"},{"floor":30.0,"key":"Dexterity Potion"},{"floor":37.0,"key":"Energy Potion"},{"floor":39,"key":"Dexterity Potion"},{"floor":42,"key":"Strength Potion"}],"is_trial":false,"path_per_floor":["M","$","?","?","?","R","M","E","T","R","M","R","?","E","R","B",null,"M","?","?","?","?","E","R","M","T","R","?","M","M","M","R","B",null,"M","?","?","M","M","R","?","M","T","M"],"character_chosen":"IRONCLAD","items_purchased":["Incense Burner"],"campfire_rested":2,"item_purchase_floors":[2],"current_hp_per_floor":[72,72,72,77,70,70,76,62,62,62,62,62,62,59,59,19,63,56,56,56,77,77,72,72,68,68,68,54,82,62,52,76,33,70,70,70,82,74,20,44,44,26,26,0,0],"gold":496,"neow_bonus":"ONE_RARE_RELIC","is_daily":false,"chose_seed":false,"campfire_upgraded":5,"win_rate":0.0,"timestamp":1610181061,"path_taken":["M","$","?","?","?","R","M","E","T","R","M","R","?","E","R","BOSS","M","?","?","?","?","E","R","M","T","R","?","M","M","?","R","BOSS","M","?","?","M","M","R","?","?","T","?"],"items_purchased_type":["Relic"],"build_version":"2020-12-22","purchased_purges":1,"victory":false,"max_hp_per_floor":[72,72,72,77,77,77,77,77,77,77,77,77,77,77,77,77,77,77,77,77,77,77,77,77,77,77,77,82,82,82,82,82,82,82,82,82,82,82,82,82,82,82,82,82,82],"card_choices":[{"not_picked":["Power Through","Headbutt"],"picked":"Whirlwind","floor":1.0},{"not_picked":["Metallicize","Feel No Pain"],"picked":"Inflame","floor":7.0},{"not_picked":["Body Slam","Iron Wave"],"picked":"Second Wind","floor":8.0},{"not_picked":["Burning Pact","Headbutt"],"picked":"Fire Breathing","floor":11.0},{"not_picked":["Burning Pact","Body Slam"],"picked":"Evolve","floor":14.0},{"not_picked":["Brutality","Barricade"],"picked":"Double Tap","floor":16.0},{"not_picked":["Warcry","Flex"],"picked":"Sword Boomerang","floor":18.0},{"not_picked":["Warcry","Brutality"],"picked":"Cleave","floor":23.0},{"not_picked":["Wild Strike","Perfected Strike"],"picked":"Rupture","floor":25.0},{"not_picked":["Havoc","Perfected Strike"],"picked":"Dual Wield","floor":29.0},{"not_picked":["Twin Strike","Entrench","Armaments"],"picked":"SKIP","floor":30.0},{"not_picked":["Pommel Strike","Battle Trance"],"picked":"Rage+1","floor":31.0},{"not_picked":["Double Tap","Corruption"],"picked":"Barricade","floor":33.0},{"not_picked":["Sentinel","Pommel Strike","Perfected Strike+1"],"picked":"SKIP","floor":35.0},{"not_picked":["Anger+1","Feel No Pain+1"],"picked":"Demon Form","floor":37.0},{"not_picked":["Body Slam","Armaments"],"picked":"Metallicize","floor":38.0},{"not_picked":["Perfected Strike","Iron Wave+1","Rupture+1"],"picked":"SKIP","floor":39},{"not_picked":["Clash+1","Reckless Charge+1","Cleave"],"picked":"SKIP","floor":42}],"player_experience":471851,"relics_obtained":[{"floor":8.0,"key":"Art of War"},{"floor":9.0,"key":"InkBottle"},{"floor":14.0,"key":"Peace Pipe"},{"floor":23.0,"key":"Smiling Mask"},{"floor":26.0,"key":"Gremlin Horn"},{"floor":37.0,"key":"TungstenRod"}],"event_choices":[{"damage_healed":0.0,"max_hp_gain":0.0,"max_hp_loss":0.0,"gold_gain":0.0,"event_name":"The Cleric","player_choice":"Leave","floor":3.0,"gold_loss":0.0,"damage_taken":0.0},{"damage_healed":0.0,"max_hp_gain":5.0,"max_hp_loss":0.0,"gold_gain":0.0,"event_name":"Big Fish","player_choice":"Donut","floor":4.0,"gold_loss":0.0,"damage_taken":0.0},{"cards_removed":["Strike_R"],"damage_healed":0.0,"max_hp_gain":0.0,"max_hp_loss":0.0,"gold_gain":0.0,"event_name":"Golden Wing","player_choice":"Card Removal","floor":5.0,"gold_loss":0.0,"damage_taken":7.0},{"damage_healed":0.0,"max_hp_gain":0.0,"max_hp_loss":0.0,"gold_gain":0.0,"event_name":"Match and Keep!","player_choice":"0 cards matched","floor":13.0,"gold_loss":0.0,"damage_taken":0.0,"cards_obtained":[]},{"cards_removed":["Entrench"],"damage_healed":0.0,"max_hp_gain":0.0,"max_hp_loss":0.0,"gold_gain":0.0,"event_name":"Back to Basics","player_choice":"Elegance","floor":19.0,"gold_loss":0.0,"damage_taken":0.0},{"damage_healed":0.0,"max_hp_gain":0.0,"max_hp_loss":0.0,"gold_gain":0.0,"event_name":"Drug Dealer","player_choice":"Inject Mutagens","floor":20.0,"gold_loss":0.0,"damage_taken":0.0,"relics_obtained":["MutagenicStrength"]},{"damage_healed":25.0,"max_hp_gain":0.0,"max_hp_loss":0.0,"gold_gain":0.0,"event_name":"The Library","player_choice":"Heal","floor":21.0,"gold_loss":0.0,"damage_taken":0.0},{"cards_removed":["Headbutt"],"damage_healed":0.0,"max_hp_gain":0.0,"max_hp_loss":0.0,"gold_gain":0.0,"event_name":"Beggar","player_choice":"Gave Gold","floor":22.0,"gold_loss":75.0,"damage_taken":0.0},{"damage_healed":0.0,"max_hp_gain":5.0,"max_hp_loss":0.0,"gold_gain":0.0,"event_name":"Forgotten Altar","player_choice":"Shed Blood","floor":28.0,"gold_loss":0.0,"damage_taken":19.0},{"damage_healed":0.0,"max_hp_gain":0.0,"max_hp_loss":0.0,"gold_gain":0.0,"event_name":"Tomb of Lord Red Mask","player_choice":"Ignored","floor":36.0,"gold_loss":0.0,"damage_taken":0.0},{"damage_healed":0.0,"max_hp_gain":0.0,"max_hp_loss":0.0,"gold_gain":0.0,"event_name":"MindBloom","player_choice":"Fight","floor":37.0,"gold_loss":0.0,"damage_taken":0.0},{"damage_healed":0,"gold_gain":0,"player_choice":"Paid Gold","damage_taken":0,"relics_obtained":["Bag of Marbles"],"max_hp_gain":0,"max_hp_loss":0,"event_name":"WeMeetAgain","floor":41,"gold_loss":106}],"is_beta":false,"boss_relics":[{"not_picked":["Fusion Hammer","SacredBark"],"picked":"Pandora\u0027s Box"},{"not_picked":["Velvet Choker","Coffee Dripper"],"picked":"Empty Cage"}],"items_purged_floors":[2],"is_endless":false,"potions_floor_spawned":[1,7,11,14,23,25,30,37,39,42],"killed_by":"Spire Growth","ascension_level":8}}