{"host":"c97twqu0op5dg8i4","time":1610178076,"event":{"mods":["BaseMod","Minty Spire (QoL Compilation)"],"gold_per_floor":[112,63,78,29,45,74,92,120,120,120,149,149,211,223,223,326,326,336,336,353,365,143,143,162,162,162,162,181,581,22,22,22],"floor_reached":31,"playtime":1305,"items_purged":["Strike_P","Vengeance"],"score":293,"play_id":"378b3048-11e5-4b1c-b5cd-d29f507bf576","local_time":"20210109024116","is_ascension_mode":true,"campfire_choices":[{"floor":15,"key":"REST"},{"floor":23,"key":"REST"},{"floor":27,"key":"REST"}],"circlet_count":0,"master_deck":["Strike_P","Strike_P","Defend_P","Defend_P","Defend_P","Eruption","Vigilance","Protect","EmptyBody","FlyingSleeves","SashWhip","ReachHeaven","CutThroughFate","Protect","BowlingBash","DevaForm","FearNoEvil","Protect","TalkToTheHand+1","EmptyFist","EmptyFist","Crescendo+1","Wallop+1","Enlightenment"],"relics":["SlaversCollar","Unceasing Top","Lantern","Matryoshka","Prayer Wheel","Letter Opener","SacredBark","Bag of Marbles","Kunai","The Courier","Old Coin","Molten Egg 2","Ornamental Fan","Shuriken"],"acts_visited":["Exordium","TheCity"],"potions_floor_usage":[8,8,16,20,21,29,29,31],"damage_taken":[{"damage":0.0,"enemies":"Cultist","floor":1.0,"turns":2.0},{"damage":0.0,"enemies":"Small Slimes","floor":3.0,"turns":3.0},{"damage":4,"enemies":"Jaw Worm","floor":5,"turns":4},{"damage":16,"enemies":"Gremlin Nob","floor":6,"turns":3},{"damage":6,"enemies":"Blue Slaver","floor":7,"turns":5},{"damage":13,"enemies":"3 Sentries","floor":8,"turns":5},{"damage":9,"enemies":"Lagavulin","floor":11,"turns":6},{"damage":13,"enemies":"Gremlin Gang","floor":14,"turns":5},{"damage":30,"enemies":"Hexaghost","floor":16,"turns":9},{"damage":22,"enemies":"Spheric Guardian","floor":18,"turns":3},{"damage":44,"enemies":"2 Thieves","floor":20,"turns":4},{"damage":4,"enemies":"Snecko","floor":21,"turns":5},{"damage":34,"enemies":"Shelled Parasite and Fungi","floor":24,"turns":7},{"damage":28,"enemies":"Snake Plant","floor":28,"turns":5},{"damage":13,"enemies":"Colosseum Slavers","floor":29,"turns":7},{"damage":27,"enemies":"Colosseum Nobs","floor":29,"turns":4},{"damage":13,"enemies":"Gremlin Leader","floor":31,"turns":4}],"seed_played":"6247039490894000300","potions_obtained":[{"floor":6,"key":"Dexterity Potion"},{"floor":7,"key":"Energy Potion"},{"floor":11,"key":"FairyPotion"},{"floor":14,"key":"BlessingOfTheForge"},{"floor":18,"key":"SneckoOil"},{"floor":19,"key":"Regen Potion"},{"floor":19,"key":"BlessingOfTheForge"},{"floor":20,"key":"Weak Potion"},{"floor":21,"key":"EntropicBrew"}],"is_trial":false,"path_per_floor":["M","$","M","$","M","E","M","E","T","?","E","?","?","M","R","B",null,"M","?","M","M","$","R","M","?","T","R","M","?","$","E"],"character_chosen":"WATCHER","items_purchased":["EmptyBody","SashWhip","Bag of Marbles","Ornamental Fan","Shuriken","Enlightenment"],"campfire_rested":3,"item_purchase_floors":[2,4,22,30,30,30],"current_hp_per_floor":[72,72,72,72,68,52,46,33,33,33,24,24,24,11,32,2,72,50,50,33,29,29,50,16,16,16,37,9,12,12,0,0],"gold":22,"neow_bonus":"BOSS_RELIC","is_daily":false,"chose_seed":false,"campfire_upgraded":0,"win_rate":0.0,"timestamp":1610178076,"path_taken":["M","$","M","$","M","E","M","E","T","?","E","?","?","M","R","BOSS","M","?","?","M","$","R","M","?","T","R","M","?","?","E"],"items_purchased_type":["Card","Card","Relic","Relic","Relic","Card"],"build_version":"2020-12-22","purchased_purges":2,"victory":false,"max_hp_per_floor":[72,72,72,72,72,72,72,72,72,72,72,72,72,72,72,72,72,72,72,72,72,72,72,72,72,72,72,72,72,72,72,72],"card_choices":[{"not_picked":["Wireheading","ReachHeaven"],"picked":"Protect","floor":1.0},{"not_picked":["Swivel","Worship"],"picked":"FlyingSleeves","floor":3.0},{"not_picked":["WreathOfFlame","LikeWater"],"picked":"ReachHeaven","floor":5},{"not_picked":["WreathOfFlame","Study"],"picked":"CutThroughFate","floor":6},{"not_picked":["Evaluate","WaveOfTheHand","CrushJoints"],"picked":"SKIP","floor":7},{"not_picked":["Prostrate","Wireheading"],"picked":"Protect","floor":8},{"not_picked":["MentalFortress","EmptyBody","Vengeance"],"picked":"SKIP","floor":11},{"not_picked":["WindmillStrike","PathToVictory"],"picked":"BowlingBash","floor":14},{"not_picked":["FlyingSleeves","SashWhip","Wish"],"picked":"SKIP","floor":14},{"not_picked":["Blasphemy","LessonLearned"],"picked":"DevaForm","floor":16},{"not_picked":["TalkToTheHand","EmptyMind"],"picked":"FearNoEvil","floor":18},{"not_picked":["JustLucky","Collect"],"picked":"Protect","floor":18},{"not_picked":["DeceiveReality","SashWhip","CrushJoints"],"picked":"SKIP","floor":20},{"not_picked":["EmptyMind","CrushJoints","CutThroughFate"],"picked":"SKIP","floor":20},{"not_picked":["FlurryOfBlows","DeceiveReality"],"picked":"TalkToTheHand+1","floor":21},{"not_picked":["ClearTheMind","FollowUp","FlurryOfBlows"],"picked":"SKIP","floor":21},{"not_picked":["FollowUp+1","CutThroughFate"],"picked":"EmptyFist","floor":24},{"not_picked":["FlurryOfBlows","Perseverance","EmptyMind+1"],"picked":"SKIP","floor":24},{"not_picked":["EmptyBody","PathToVictory"],"picked":"Crescendo+1","floor":28},{"not_picked":["FlyingSleeves+1","Ragnarok","Halt"],"picked":"SKIP","floor":28},{"not_picked":["SandsOfTime+1","ClearTheMind"],"picked":"Wallop+1","floor":29}],"player_experience":256909,"relics_obtained":[{"floor":6,"key":"Unceasing Top"},{"floor":8,"key":"Lantern"},{"floor":9,"key":"Matryoshka"},{"floor":11,"key":"Prayer Wheel"},{"floor":26,"key":"Kunai"},{"floor":26,"key":"The Courier"},{"floor":29,"key":"Old Coin"},{"floor":29,"key":"Molten Egg 2"}],"event_choices":[{"damage_healed":0,"gold_gain":0,"player_choice":"Ignored","damage_taken":0,"max_hp_gain":0,"max_hp_loss":0,"event_name":"Liars Game","floor":10,"gold_loss":0},{"damage_healed":0,"gold_gain":0,"player_choice":"Searched \u00272\u0027 times","damage_taken":0,"relics_obtained":["Letter Opener"],"max_hp_gain":0,"max_hp_loss":0,"event_name":"Dead Adventurer","floor":12,"gold_loss":0},{"damage_healed":0,"gold_gain":62,"player_choice":"Gained Gold","damage_taken":0,"max_hp_gain":0,"max_hp_loss":0,"event_name":"Golden Wing","floor":13,"gold_loss":0},{"damage_healed":0,"gold_gain":0,"player_choice":"Got Potions","damage_taken":0,"max_hp_gain":0,"max_hp_loss":0,"event_name":"Lab","floor":19,"gold_loss":0},{"damage_healed":0,"gold_gain":0,"cards_transformed":["Strike_P","Defend_P"],"player_choice":"Became Test Subject","damage_taken":0,"max_hp_gain":0,"max_hp_loss":0,"event_name":"Drug Dealer","floor":25,"gold_loss":0,"cards_obtained":["EmptyFist","Vengeance"]},{"damage_healed":0,"gold_gain":0,"player_choice":"Fight","damage_taken":0,"max_hp_gain":0,"max_hp_loss":0,"event_name":"Colosseum","floor":29,"gold_loss":0},{"damage_healed":0,"gold_gain":0,"player_choice":"Fought Nobs","damage_taken":0,"max_hp_gain":0,"max_hp_loss":0,"event_name":"Colosseum","floor":29,"gold_loss":0}],"is_beta":false,"boss_relics":[{"not_picked":["Runic Dome","Runic Pyramid"],"picked":"SacredBark"}],"items_purged_floors":[22,30],"is_endless":false,"potions_floor_spawned":[6,7,11,14,18,20,21,29,29],"killed_by":"Gremlin Leader","ascension_level":3}}