{"host":"resql42syj2vwpbb","time":1610187042,"event":{"mods":["BaseMod","BetterRewards","Colored Powertips","Minty Spire (QoL Compilation)","Quick Restart","StSLib","SuperFastMode"],"gold_per_floor":[109,128,128,145,155,185,200,200,226,179,179,209,223,223,223,326,326,339,354,371,371,382,407,407,436,463,463,481,70,70,102,102,200,200,212,37,52,66,76,76,107,107,132,146,164,144,162,0,0,0,0],"floor_reached":50,"playtime":2701,"items_purged":["Strike_G","Strike_G","Strike_G","Strike_G","Defend_G"],"score":818,"play_id":"f2e4adf3-3bb8-4eac-8857-222c6e52c44e","local_time":"20210109181042","is_ascension_mode":true,"campfire_choices":[{"floor":8.0,"key":"DIG"},{"floor":15.0,"key":"REST"},{"floor":24.0,"key":"DIG"},{"floor":27.0,"key":"REST"},{"floor":30.0,"key":"DIG"},{"floor":32.0,"key":"REST"},{"floor":40.0,"key":"REST"},{"floor":42.0,"key":"REST"},{"floor":49.0,"key":"REST"}],"circlet_count":0,"master_deck":["Strike_G+1","Defend_G+1","Defend_G","Defend_G","Defend_G","Survivor","Neutralize","Infinite Blades+1","Accuracy+1","Unload+1","Cloak And Dagger","Cloak And Dagger","Blade Dance","Infinite Blades","Cloak And Dagger","Envenom+1","Blade Dance","Accuracy+1","A Thousand Cuts+1","Cloak And Dagger+1","Infinite Blades+1","Cloak And Dagger+1","Blade Dance+1","Parasite","Envenom+1"],"relics":["Ring of the Serpent","Shovel","MealTicket","Bag of Marbles","Whetstone","Dream Catcher","Sozu","TungstenRod","Oddly Smooth Stone","Frozen Egg 2","Centennial Puzzle","Paper Crane","Strawberry","White Beast Statue","Art of War","PreservedInsect","Red Mask"],"acts_visited":["Exordium","TheCity","TheBeyond"],"potions_floor_usage":[50,50],"damage_taken":[{"damage":0.0,"enemies":"Cultist","floor":1.0,"turns":4.0},{"damage":1.0,"enemies":"2 Louse","floor":2.0,"turns":3.0},{"damage":0.0,"enemies":"Jaw Worm","floor":4.0,"turns":3.0},{"damage":5.0,"enemies":"Blue Slaver","floor":5.0,"turns":6.0},{"damage":14.0,"enemies":"3 Sentries","floor":6.0,"turns":9.0},{"damage":3.0,"enemies":"Exordium Thugs","floor":7.0,"turns":4.0},{"damage":2.0,"enemies":"Lagavulin","floor":12.0,"turns":5.0},{"damage":8.0,"enemies":"Gremlin Gang","floor":13.0,"turns":4.0},{"damage":37.0,"enemies":"The Guardian","floor":16.0,"turns":9.0},{"damage":0.0,"enemies":"3 Byrds","floor":18.0,"turns":4.0},{"damage":22.0,"enemies":"2 Thieves","floor":19.0,"turns":4.0},{"damage":6.0,"enemies":"Chosen and Byrds","floor":20.0,"turns":5.0},{"damage":0.0,"enemies":"Centurion and Healer","floor":22.0,"turns":3.0},{"damage":0.0,"enemies":"Gremlin Leader","floor":23.0,"turns":5.0},{"damage":14.0,"enemies":"Book of Stabbing","floor":25.0,"turns":5.0},{"damage":30.0,"enemies":"Cultist and Chosen","floor":28.0,"turns":5.0},{"damage":21.0,"enemies":"Gremlin Leader","floor":31.0,"turns":3.0},{"damage":13.0,"enemies":"Automaton","floor":33.0,"turns":5.0},{"damage":5.0,"enemies":"Orb Walker","floor":35.0,"turns":3.0},{"damage":7.0,"enemies":"3 Shapes","floor":37.0,"turns":5.0},{"damage":43.0,"enemies":"3 Darklings","floor":38.0,"turns":3.0},{"damage":15.0,"enemies":"Spire Growth","floor":39.0,"turns":4.0},{"damage":30.0,"enemies":"Reptomancer","floor":41.0,"turns":4.0},{"damage":2.0,"enemies":"Writhing Mass","floor":44.0,"turns":5.0},{"damage":6.0,"enemies":"3 Darklings","floor":45.0,"turns":3.0},{"damage":17.0,"enemies":"4 Shapes","floor":47.0,"turns":3.0},{"damage":32,"enemies":"Time Eater","floor":50,"turns":7}],"seed_played":"-7738958162315731035","potions_obtained":[{"floor":1.0,"key":"Dexterity Potion"},{"floor":4.0,"key":"Dexterity Potion"},{"floor":7.0,"key":"GhostInAJar"}],"is_trial":false,"path_per_floor":["M","M","?","M","M","E","M","R","T","?","?","E","M","T","R","B",null,"M","M","M","?","M","E","R","E","T","R","M","$","R","E","R","B",null,"M","$","M","M","M","R","E","R","T","M","M","?","M","?","R","B"],"character_chosen":"THE_SILENT","items_purchased":["Infinite Blades","Accuracy","Accuracy","Paper Crane"],"campfire_rested":6,"item_purchase_floors":[0,0,0,29],"current_hp_per_floor":[70,69,55,55,50,36,33,33,33,33,33,31,23,23,44,7,70,70,48,42,42,42,42,42,28,28,49,19,34,41,20,43,30,77,72,77,70,27,12,35,5,28,28,26,20,20,3,3,26,0,0],"gold":0,"neow_bonus":"","is_daily":false,"chose_seed":false,"campfire_upgraded":0,"win_rate":0.0,"timestamp":1610187042,"path_taken":["M","?","?","M","M","E","M","R","T","?","?","E","?","?","R","BOSS","M","M","M","?","M","E","R","E","T","R","M","$","R","E","R","BOSS","M","$","M","M","M","R","E","R","T","M","?","?","?","?","R","BOSS"],"items_purchased_type":["Card","Card","Card","Relic"],"build_version":"2020-12-22","purchased_purges":5,"victory":false,"max_hp_per_floor":[70,70,70,70,70,70,70,70,70,70,70,70,70,70,70,70,70,70,70,70,70,70,70,70,70,70,70,70,70,77,77,77,77,77,77,77,77,77,77,77,77,77,77,77,77,77,77,77,77,77,77],"card_choices":[{"not_picked":["Outmaneuver","Dagger Throw"],"picked":"Cloak And Dagger","floor":1.0},{"not_picked":["Quick Slash","Catalyst","Backflip"],"picked":"SKIP","floor":2.0},{"not_picked":["Envenom","Tactician","Flying Knee"],"picked":"SKIP","floor":4.0},{"not_picked":["Poisoned Stab","Dagger Spray","Prepared"],"picked":"SKIP","floor":5.0},{"not_picked":["Quick Slash","Skewer","Die Die Die"],"picked":"SKIP","floor":6.0},{"not_picked":["Calculated Gamble","Quick Slash"],"picked":"Cloak And Dagger","floor":7.0},{"not_picked":["Cloak And Dagger","Underhanded Strike"],"picked":"Blade Dance","floor":12.0},{"not_picked":["Dagger Throw","Flying Knee"],"picked":"Infinite Blades","floor":13.0},{"not_picked":["Flying Knee","Dagger Throw"],"picked":"Cloak And Dagger","floor":15.0},{"not_picked":["Adrenaline","Burst"],"picked":"Envenom","floor":16.0},{"not_picked":["Choke+1","Underhanded Strike","Slice"],"picked":"SKIP","floor":18.0},{"not_picked":["Sucker Punch","Crippling Poison","Noxious Fumes"],"picked":"SKIP","floor":19.0},{"not_picked":["Catalyst+1","Backstab"],"picked":"Blade Dance","floor":20.0},{"not_picked":["All Out Attack+1","Tactician","Well Laid Plans"],"picked":"SKIP","floor":22.0},{"not_picked":["Bullet Time","Backflip","Outmaneuver"],"picked":"SKIP","floor":23.0},{"not_picked":["Slice+1","Leg Sweep","Dodge and Roll"],"picked":"SKIP","floor":25.0},{"not_picked":["Quick Slash","Footwork+1"],"picked":"Accuracy+1","floor":28.0},{"not_picked":["Prepared","Predator","Sucker Punch"],"picked":"SKIP","floor":31.0},{"not_picked":["Terror","Blade Dance"],"picked":"A Thousand Cuts+1","floor":32.0},{"not_picked":["Bouncing Flask+1","PiercingWail+1"],"picked":"Cloak And Dagger+1","floor":35.0},{"not_picked":["All Out Attack","Predator+1","Prepared+1"],"picked":"SKIP","floor":37.0},{"not_picked":["Heel Hook","Dagger Spray"],"picked":"Infinite Blades+1","floor":38.0},{"not_picked":["Deadly Poison+1","Deflect","Backflip+1"],"picked":"SKIP","floor":39.0},{"not_picked":["PiercingWail","Skewer+1"],"picked":"Cloak And Dagger+1","floor":40.0},{"not_picked":["Glass Knife","Bane+1","Deadly Poison+1"],"picked":"SKIP","floor":41.0},{"not_picked":["Backflip","Bane"],"picked":"Blade Dance+1","floor":42.0},{"not_picked":["Flechettes+1","Backflip"],"picked":"Envenom+1","floor":44.0},{"not_picked":["Dagger Throw","Poisoned Stab+1","Prepared"],"picked":"SKIP","floor":45.0},{"not_picked":["Underhanded Strike+1","Outmaneuver+1","Acrobatics"],"picked":"SKIP","floor":47.0}],"player_experience":77816,"relics_obtained":[{"floor":6.0,"key":"Shovel"},{"floor":8.0,"key":"MealTicket"},{"floor":9.0,"key":"Bag of Marbles"},{"floor":12.0,"key":"Whetstone"},{"floor":14.0,"key":"Dream Catcher"},{"floor":23.0,"key":"TungstenRod"},{"floor":24.0,"key":"Oddly Smooth Stone"},{"floor":25.0,"key":"Frozen Egg 2"},{"floor":26.0,"key":"Centennial Puzzle"},{"floor":30.0,"key":"Strawberry"},{"floor":31.0,"key":"White Beast Statue"},{"floor":41.0,"key":"Art of War"},{"floor":43.0,"key":"PreservedInsect"}],"event_choices":[{"damage_healed":0.0,"max_hp_gain":0.0,"max_hp_loss":0.0,"gold_gain":0.0,"event_name":"Shining Light","player_choice":"Entered Light","floor":3.0,"gold_loss":0.0,"damage_taken":14.0,"cards_upgraded":["Infinite Blades","Defend_G"]},{"damage_healed":0.0,"max_hp_gain":0.0,"max_hp_loss":0.0,"gold_gain":0.0,"event_name":"World of Goop","player_choice":"Left Gold","floor":10.0,"gold_loss":47.0,"damage_taken":0.0},{"damage_healed":0.0,"max_hp_gain":0.0,"max_hp_loss":0.0,"gold_gain":0.0,"event_name":"Living Wall","player_choice":"Grow","floor":11.0,"gold_loss":0.0,"damage_taken":0.0,"cards_upgraded":["Accuracy"]},{"damage_healed":0.0,"max_hp_gain":0.0,"max_hp_loss":0.0,"gold_gain":0.0,"event_name":"Accursed Blacksmith","player_choice":"Forge","floor":21.0,"gold_loss":0.0,"damage_taken":0.0,"cards_upgraded":["Envenom"]},{"damage_healed":0.0,"max_hp_gain":0.0,"max_hp_loss":0.0,"gold_gain":0.0,"event_name":"The Woman in Blue","player_choice":"Bought 1 Potion","floor":46.0,"gold_loss":0.0,"damage_taken":0.0},{"damage_healed":0.0,"max_hp_gain":0.0,"max_hp_loss":0.0,"gold_gain":0.0,"event_name":"Tomb of Lord Red Mask","player_choice":"Paid","floor":48.0,"gold_loss":162.0,"damage_taken":0.0,"relics_obtained":["Red Mask"]}],"is_beta":false,"boss_relics":[{"not_picked":["Fusion Hammer","Velvet Choker"],"picked":"Sozu"},{"not_picked":["Black Star","Coffee Dripper"],"picked":"Ring of the Serpent"}],"items_purged_floors":[0,0,0,29,36],"is_endless":false,"potions_floor_spawned":[1,4,7,12,18,28,31,33,35,37,38,39,41,44,45,47],"killed_by":"Time Eater","ascension_level":2}}