{"host":"odz7g4gpgch153rb","time":1610169878,"event":{"mods":["AchievementEnabler","BaseMod","Better Match","Better Third Choice","BetterRewards","GifTheSpireLib","Infinite Spire","Jedi Mod","Minty Spire (QoL Compilation)","Quick Restart","Replay The Spire","Spikes Relics","StSLib","Stuff the Spire","The Blue Laboratory","Trackpad"],"gold_per_floor":[110,110,123,123,173,173,188,188,237,247,265,190,265,284,284,356,356,367,367,384,397,407,407,407,177,177,209,227,237,237,237,237,237,237],"floor_reached":33,"playtime":2444,"items_purged":["Strike_B","Strike_B","Strike_B","Multi-Cast"],"score":710,"play_id":"5cd0e850-8eac-47a6-b21a-3dd339d5d11a","local_time":"20210109002438","is_ascension_mode":true,"campfire_choices":[{"data":"Zap","floor":6,"key":"SMITH"},{"data":"Dualcast","floor":8,"key":"SMITH"},{"data":"jedi:reiji","floor":15,"key":"SMITH"},{"floor":23,"key":"REST"},{"data":"Madness","floor":30,"key":"SMITH"},{"floor":32,"key":"REST"}],"circlet_count":0,"master_deck":["AscendersBane","Defend_B","Defend_B","Defend_B","Zap+1","Dualcast+1","Defragment+1","StuffTheSpire:Coldhearted","Cold Snap","Electrodynamics","Conserve Battery","jedi:BurstLightning+1","All For One","Madness+1","Ball Lightning"],"relics":["Cracked Core","infinitespire:Lychee Nut","Replay:Kaleidoscope","jedi:heavyjacket","trackpad:BiPhaseBiplane","Akabeko","BlackRope","trackpad:IciclePrecepts","Symbiotic Virus"],"acts_visited":["TheCity"],"potions_floor_usage":[16,16,16,16,16,16,22,27,33],"damage_taken":[{"damage":3,"enemies":"Small Slimes","floor":1,"turns":4},{"damage":3,"enemies":"Jaw Worm","floor":3,"turns":5},{"damage":0,"enemies":"Cultist","floor":7,"turns":3},{"damage":0,"enemies":"2 Fungi Beasts","floor":10,"turns":3},{"damage":0,"enemies":"3 Louse","floor":11,"turns":3},{"damage":0,"enemies":"Blue Slaver","floor":14,"turns":3},{"damage":16,"enemies":"Fading Forest","floor":16,"turns":11},{"damage":3,"enemies":"Spheric Guardian","floor":18,"turns":4},{"damage":9,"enemies":"3 Byrds","floor":20,"turns":2},{"damage":24,"enemies":"Cultist and Chosen","floor":21,"turns":7},{"damage":17,"enemies":"Shelled Parasite and Fungi","floor":22,"turns":7},{"damage":0,"enemies":"Gremlin Leader","floor":27,"turns":5},{"damage":18,"enemies":"Snecko","floor":28,"turns":5},{"damage":10,"enemies":"Centurion and Healer","floor":29,"turns":4},{"damage":42,"enemies":"Collector","floor":33,"turns":9}],"seed_played":"-4630912197614941654","potions_obtained":[{"floor":7,"key":"ColorlessPotion"},{"floor":10,"key":"blueLaboratory:CoolantVial"},{"floor":21,"key":"SkillPotion"},{"floor":22,"key":"Strength Potion"},{"floor":29,"key":"blueLaboratory:SystemWipe"}],"is_trial":false,"path_per_floor":["M","?","M","AVR","?","R","M","R","T","M","M","?","?","M","R","B",null,"M","?","M","M","M","R","?","$","T","E","M","M","R","T","R","B"],"character_chosen":"DEFECT","items_purchased":["Defragment","jedi:heavyjacket","StuffTheSpire:Coldhearted","Madness"],"campfire_rested":2,"item_purchase_floors":[0,0,0,25],"current_hp_per_floor":[26,26,29,29,24,24,29,29,29,34,39,39,28,33,33,37,49,50,53,44,26,15,30,30,30,30,36,24,20,20,20,35,0,0],"gold":237,"neow_bonus":"","is_daily":false,"chose_seed":false,"campfire_upgraded":4,"win_rate":0.0,"timestamp":1610169878,"path_taken":["M","?","M","AVR","?","R","M","R","T","?","M","?","?","M","R","BOSS","M","?","?","?","M","R","?","$","T","E","?","M","R","?","R","BOSS"],"items_purchased_type":["Card","Relic","Card","Card"],"build_version":"2020-12-22","purchased_purges":4,"victory":false,"max_hp_per_floor":[53,53,53,53,53,53,53,53,53,53,53,53,53,53,53,53,53,53,53,53,53,53,53,53,53,53,53,53,53,53,53,53,53,53],"card_choices":[{"not_picked":["StuffTheSpire:LoadUp","Coolheaded"],"picked":"Cold Snap","floor":1},{"not_picked":["Glacier","Cold Snap","Redo"],"picked":"SKIP","floor":3},{"not_picked":["Storm","Fusion","Compile Driver"],"picked":"SKIP","floor":7},{"not_picked":["Steam","Redo","BasicCrystalCard"],"picked":"SKIP","floor":10},{"not_picked":["Go for the Eyes","Redo","StuffTheSpire:Purify"],"picked":"SKIP","floor":11},{"not_picked":["Compile Driver","Coolheaded"],"picked":"jedi:reiji","floor":14},{"not_picked":["jedi:meditation","ReplayTheSpireMod:Omega Cannon"],"picked":"Electrodynamics","floor":16},{"not_picked":["Hologram","BasicCrystalCard"],"picked":"Conserve Battery","floor":18},{"not_picked":["Conserve Battery","jedi:BurstLightning","Barrage"],"picked":"SKIP","floor":20},{"not_picked":["ReplayTheSpireMod:Calculation Training","Hologram"],"picked":"jedi:BurstLightning+1","floor":21},{"not_picked":["Rebound","Barrage"],"picked":"All For One","floor":22},{"not_picked":["Genetic Algorithm","jedi:blockon","FTL"],"picked":"SKIP","floor":27},{"not_picked":["Compile Driver","Barrage","Beam Cell"],"picked":"SKIP","floor":28},{"not_picked":["Sweeping Beam","Turbo+1"],"picked":"Ball Lightning","floor":29}],"player_experience":1010073,"relics_obtained":[{"floor":9,"key":"Akabeko"},{"floor":26,"key":"BlackRope"},{"floor":27,"key":"trackpad:IciclePrecepts"},{"floor":31,"key":"Symbiotic Virus"}],"event_choices":[{"damage_healed":0,"gold_gain":0,"player_choice":"Grow","damage_taken":0,"max_hp_gain":0,"max_hp_loss":0,"event_name":"Living Wall","floor":2,"gold_loss":0,"cards_upgraded":["Defragment"]},{"damage_healed":0,"gold_gain":50,"player_choice":"Touch","damage_taken":5,"max_hp_gain":0,"max_hp_loss":0,"event_name":"FaceTrader","floor":5,"gold_loss":0},{"cards_removed":["Strike_B"],"damage_healed":0,"gold_gain":0,"player_choice":"Card Removal","damage_taken":0,"max_hp_gain":0,"max_hp_loss":0,"event_name":"The Cleric","floor":12,"gold_loss":75},{"damage_healed":0,"gold_gain":75,"player_choice":"Gold","damage_taken":11,"max_hp_gain":0,"max_hp_loss":0,"event_name":"betterThird:BetterGoop","floor":13,"gold_loss":0},{"cards_removed":["jedi:reiji"],"damage_healed":3,"gold_gain":0,"player_choice":"Offered Uncommon","damage_taken":0,"max_hp_gain":0,"max_hp_loss":0,"event_name":"Bonfire Elementals","floor":19,"gold_loss":0},{"damage_healed":0,"gold_gain":0,"cards_transformed":["Defend_B"],"player_choice":"Transformed","damage_taken":0,"max_hp_gain":0,"max_hp_loss":0,"event_name":"Transmorgrifier","floor":24,"gold_loss":0,"cards_obtained":["Multi-Cast"]}],"is_beta":false,"boss_relics":[{"not_picked":["ReplayTheSpireMod:DimensionalGlitch","Kintsugi","jedi:battlestandard"]}],"items_purged_floors":[0,0,4,25],"is_endless":false,"potions_floor_spawned":[1,7,10,14,21,22,29],"killed_by":"Collector","ascension_level":17}}