{"host":"6p0attdrtjqaih7v","time":1610214172,"event":{"mods":["2.2 Compatiblity","AchievementEnabler","Bard","BaseMod","Better Skull","Better Third Choice","Colored Powertips","Hermit","Highlight Path","Jorbs\u0027s Wanderer Trilogy","Key Reminder","Minty Spire (QoL Compilation)","Permanent Neow","Quick Restart","Random Character Button","Relic Stats","Replay The Spire","Robot Space Explorer","StSLib"],"gold_per_floor":[116,61,80,80,90,122,122,134,160,70,95,172,184,203,203,278,278,297,316,316,241,258,258,258],"floor_reached":23,"playtime":1084,"items_purged":[],"score":386,"play_id":"8b4c1309-7400-4e99-b3df-1690b34be377","local_time":"20210109124252","is_ascension_mode":true,"campfire_choices":[{"floor":7,"key":"REST"},{"floor":15,"key":"REST"}],"circlet_count":0,"master_deck":["AscendersBane","Strike_B+1","Strike_B+1","Defend_B+1","Defend_B+1","Defend_B+1","Defend_B+1","Zap","Dualcast","Ball Lightning","Lockon","Genetic Algorithm","Barrage","Coolheaded","Cold Snap","Doom and Gloom","Auto Shields","Conserve Battery","Biased Cognition","Compile Driver"],"relics":["Cracked Core","Centennial Puzzle","Bag of Preparation","Odd Mushroom","Snecko Eye"],"acts_visited":["Exordium","TheCity"],"potions_floor_usage":[6,11,14,16,18,23],"damage_taken":[{"damage":7,"enemies":"Jaw Worm","floor":1,"turns":4},{"damage":0,"enemies":"Cultist","floor":3,"turns":2},{"damage":7,"enemies":"Small Slimes","floor":5,"turns":3},{"damage":42,"enemies":"3 Sentries","floor":6,"turns":9},{"damage":14,"enemies":"2 Fungi Beasts","floor":8,"turns":4},{"damage":0,"enemies":"The Mushroom Lair","floor":11,"turns":2},{"damage":3,"enemies":"Blue Slaver","floor":13,"turns":4},{"damage":0,"enemies":"Large Slime","floor":14,"turns":4},{"damage":6,"enemies":"Hexaghost","floor":16,"turns":9},{"damage":8,"enemies":"Spheric Guardian","floor":18,"turns":4},{"damage":12,"enemies":"Shell Parasite","floor":19,"turns":3},{"damage":12,"enemies":"Snake Plant","floor":22,"turns":6},{"damage":43,"enemies":"Slavers","floor":23,"turns":3}],"seed_played":"4556639480007187654","potions_obtained":[{"floor":1,"key":"SteroidPotion"},{"floor":3,"key":"Strength Potion"},{"floor":8,"key":"BlessingOfTheForge"},{"floor":13,"key":"SkillPotion"},{"floor":16,"key":"EssenceOfSteel"},{"floor":18,"key":"Cursed Concoction"}],"is_trial":false,"path_per_floor":["M","$","M","?","M","E","R","M","T","$","?","?","M","M","R","B",null,"M","M","?","?","M","E"],"character_chosen":"DEFECT","items_purchased":["FocusPotion","Doom and Gloom"],"campfire_rested":2,"item_purchase_floors":[2,10],"current_hp_per_floor":[57,57,57,57,50,8,29,15,15,15,15,15,12,12,33,27,60,52,40,40,40,28,0,0],"gold":258,"neow_bonus":"THREE_CARDS","is_daily":false,"chose_seed":false,"campfire_upgraded":0,"win_rate":0.0,"timestamp":1610214172,"path_taken":["M","$","M","?","M","E","R","M","T","?","?","?","M","M","R","BOSS","M","M","?","?","M","E"],"items_purchased_type":["Potion","Card"],"build_version":"2020-12-22","purchased_purges":0,"victory":false,"max_hp_per_floor":[71,71,71,71,71,71,71,71,71,71,71,71,71,71,71,71,71,71,71,71,71,71,71,71],"relic_stats":{"Centennial Puzzle":[21],"counters":[13,57],"Snecko Eye":[31,35,27,42],"Bag of Preparation":[16],"obtain_stats":[{"Centennial Puzzle":6,"Snecko Eye":17,"Bag of Preparation":9,"Odd Mushroom":11,"Cracked Core":0},{"Centennial Puzzle":4,"Snecko Eye":9,"Bag of Preparation":5,"Odd Mushroom":6,"Cracked Core":0},{"Centennial Puzzle":18,"Snecko Eye":41,"Bag of Preparation":22,"Odd Mushroom":24,"Cracked Core":0}]},"card_choices":[{"not_picked":["Conserve Battery","Coolheaded"],"picked":"Ball Lightning","floor":0},{"not_picked":["Storm","ReplaySort"],"picked":"Lockon","floor":1},{"not_picked":["Darkness","Go for the Eyes"],"picked":"Genetic Algorithm","floor":3},{"not_picked":["Redo","Hello World"],"picked":"Barrage","floor":5},{"not_picked":["Beam Cell","Compile Driver"],"picked":"Coolheaded","floor":6},{"not_picked":["Aggregate","Rip and Tear"],"picked":"Cold Snap","floor":8},{"not_picked":["Darkness","BasicCrystalCard"],"picked":"Auto Shields","floor":13},{"not_picked":["Streamline","Steam"],"picked":"Conserve Battery","floor":14},{"not_picked":["Multi-Cast","Seek"],"picked":"Biased Cognition","floor":16},{"not_picked":["Chill","Hologram"],"picked":"Compile Driver","floor":18},{"not_picked":["Steam Power","Streamline","Beam Cell"],"picked":"SKIP","floor":19},{"not_picked":["Stack","Conserve Battery","Darkness"],"picked":"SKIP","floor":22}],"player_experience":797329,"relics_obtained":[{"floor":6,"key":"Centennial Puzzle"},{"floor":9,"key":"Bag of Preparation"},{"floor":11,"key":"Odd Mushroom"}],"event_choices":[{"cards_removed":["Strike_B"],"damage_healed":0,"gold_gain":0,"player_choice":"Offered Basic","damage_taken":0,"max_hp_gain":0,"max_hp_loss":0,"event_name":"Bonfire Elementals","floor":4,"gold_loss":0},{"damage_healed":0,"gold_gain":0,"player_choice":"Fought Mushrooms","damage_taken":0,"max_hp_gain":0,"max_hp_loss":0,"event_name":"Mushrooms","floor":11,"gold_loss":0},{"damage_healed":0,"gold_gain":77,"player_choice":"Gained Gold","damage_taken":0,"max_hp_gain":0,"max_hp_loss":0,"event_name":"Golden Wing","floor":12,"gold_loss":0},{"damage_healed":0,"gold_gain":0,"player_choice":"Simplicity","damage_taken":0,"max_hp_gain":0,"max_hp_loss":0,"event_name":"Back to Basics","floor":20,"gold_loss":0,"cards_upgraded":["Strike_B","Strike_B","Strike_B","Defend_B","Defend_B","Defend_B","Defend_B"]},{"cards_removed":["Strike_B"],"damage_healed":0,"gold_gain":0,"player_choice":"Gave Gold","damage_taken":0,"max_hp_gain":0,"max_hp_loss":0,"event_name":"Beggar","floor":21,"gold_loss":75}],"is_beta":false,"boss_relics":[{"not_picked":["ReplayTheSpireMod:DimensionalGlitch","Snecko Heart"],"picked":"Snecko Eye"}],"items_purged_floors":[],"is_endless":false,"potions_floor_spawned":[1,3,8,13,16,18],"killed_by":"Slavers","ascension_level":20}}