{"host":"o1eo6lsal1uhkpuk","time":1610175595,"event":{"mods":["AchievementEnabler","BaseMod","Block Reminder","Colored Map","Curses Come First","DeckTracker","Friendly Minions","Highlight Path","HololiveMod","Minty Spire (QoL Compilation)","Prisma Mod","Rare Cards Sparkle","StSLib","SuperFastMode","The Animator","Unceasing Turn Reminder","Yohane!"],"gold_per_floor":[85,85,85,100,114,114,142,170,221,256,267,278,278,312,312,413,413,435,136,154,1,1,52,52,52,76,76,76],"floor_reached":27,"playtime":1040,"items_purged":[],"score":486,"play_id":"7a5a4875-ed38-4a54-b19c-f9b24776bdb3","local_time":"20210108225955","is_ascension_mode":true,"campfire_choices":[{"floor":6,"key":"REST"},{"data":"Hololive_RecruitS","floor":13,"key":"SMITH"},{"data":"Hololive_CallAyundaRisu","floor":15,"key":"SMITH"},{"floor":24,"key":"DIG"}],"circlet_count":0,"master_deck":["Hololive_RecruitS","Hololive_RecruitS","Hololive_RecruitS+1","Hololive_RecruitS+1","Hololive_Defend","Hololive_CallShishiroBotan","Hololive_FlyingPonyTail","Hololive_Breathe","Hololive_LuckPotion","Hololive_CallAyundaRisu+1","Hololive_Watashimo","Hololive_Yoholoon","Hololive_Rebirth","Bite","Bite","Bite","Bite","Bite"],"relics":["Hololive_TheStar","Hololive_YagooBigFamily","Blood Vial","White Beast Statue","Anchor","Toy Ornithopter","Potion Belt","SlaversCollar","Lantern","Frozen Eye","Toolbox","MealTicket","Shovel","Unceasing Top","Bag of Marbles"],"acts_visited":["Exordium","TheCity"],"potions_floor_usage":[],"damage_taken":[{"damage":0,"enemies":"Small Slimes","floor":1,"turns":3},{"damage":0,"enemies":"Jaw Worm","floor":4,"turns":3},{"damage":0,"enemies":"2 Louse","floor":5,"turns":3},{"damage":0,"enemies":"Lagavulin","floor":7,"turns":5},{"damage":0,"enemies":"Exordium Thugs","floor":8,"turns":4},{"damage":0,"enemies":"3 Sentries","floor":10,"turns":7},{"damage":0,"enemies":"Exordium Wildlife","floor":11,"turns":4},{"damage":0,"enemies":"Looter","floor":12,"turns":2},{"damage":0,"enemies":"Lagavulin","floor":14,"turns":4},{"damage":0,"enemies":"The Guardian","floor":16,"turns":5},{"damage":0,"enemies":"Spheric Guardian","floor":18,"turns":3},{"damage":0,"enemies":"2 Thieves","floor":20,"turns":3},{"damage":0,"enemies":"Gremlin Leader","floor":23,"turns":5},{"damage":31,"enemies":"Snecko","floor":27,"turns":5}],"seed_played":"-4765380907537549500","potions_obtained":[{"floor":4,"key":"AttackPotion"},{"floor":8,"key":"Fire Potion"},{"floor":10,"key":"EssenceOfSteel"},{"floor":14,"key":"Fire Potion"},{"floor":16,"key":"DuplicationPotion"}],"is_trial":false,"path_per_floor":["M","?","?","M","M","R","E","M","T","E","M","M","R","E","R","B",null,"M","$","M","$","?","E","R","?","T","M"],"character_chosen":"Hololive_HololiveCharacter","items_purchased":["Lantern","Frozen Eye","Toolbox"],"campfire_rested":1,"item_purchase_floors":[19,19,21],"current_hp_per_floor":[35,35,35,35,35,35,35,35,35,35,35,35,35,35,35,35,35,35,35,35,35,35,35,35,24,24,0,0],"gold":76,"neow_bonus":"RANDOM_COMMON_RELIC","is_daily":false,"chose_seed":false,"campfire_upgraded":2,"win_rate":0.0,"timestamp":1610175595,"path_taken":["M","?","?","M","M","R","E","M","T","E","?","M","R","E","R","BOSS","M","$","M","$","?","E","R","?","T","M"],"items_purchased_type":["Relic","Relic","Relic"],"build_version":"2020-12-22","purchased_purges":0,"victory":false,"max_hp_per_floor":[35,35,35,35,35,35,35,35,35,35,35,35,35,35,35,35,35,35,35,35,35,35,35,35,24,24,24,24],"card_choices":[{"not_picked":["Hololive_Psychosis","Hololive_StrengthChampion","Hololive_Trident"],"picked":"Hololive_CallShishiroBotan","floor":1},{"not_picked":["Hololive_Trident","Hololive_CallNakiriAyame","Hololive_CocoNews"],"picked":"Hololive_FlyingPonyTail","floor":4},{"not_picked":["Hololive_CallMinatoAqua","Hololive_CallHimemoriLuna","Hololive_Sequa"],"picked":"Hololive_Breathe","floor":5},{"not_picked":["Hololive_CallYuzukiChoco","Hololive_CandyCastle","Hololive_CallKiryuuCoco"],"picked":"Hololive_LuckPotion","floor":7},{"not_picked":["Hololive_CallOzoraSubaru","Hololive_OvertimeWork","Hololive_RevenueBasedLive","Hololive_CocoNews"],"picked":"SKIP","floor":8},{"not_picked":["Hololive_Breathe","Hololive_Recruit","Hololive_CallRosalyn"],"picked":"Hololive_CallAyundaRisu","floor":10},{"not_picked":["Hololive_Watashimo","Hololive_CallOmaruPolka","Hololive_CallNekomataOkayu","Hololive_Psychosis"],"picked":"SKIP","floor":11},{"not_picked":["Hololive_Trident","Hololive_CallInugamiKorone","Hololive_CallShishiroBotan"],"picked":"Hololive_Watashimo","floor":12},{"not_picked":["Hololive_CandyCastle","Hololive_CallAkaiHaato","Hololive_Breathe"],"picked":"Hololive_Yoholoon","floor":14},{"not_picked":["Hololive_MaximGun","Hololive_WolfAndLamb","Hololive_Recruit"],"picked":"Hololive_Rebirth","floor":16},{"not_picked":["Hololive_CallSakuraMiko","Hololive_Yoholoon","Hololive_HuntDinosaur","Hololive_Rebound"],"picked":"SKIP","floor":18},{"not_picked":["Hololive_HuntDinosaur","Hololive_Psychosis","Hololive_StrengthChampion","Hololive_OvertimeWork"],"picked":"SKIP","floor":20},{"not_picked":["Hololive_Sequa+1","Hololive_Psychosis","Hololive_OpenUp","Hololive_RevenueBasedLive"],"picked":"SKIP","floor":23}],"player_experience":118263,"relics_obtained":[{"floor":7,"key":"White Beast Statue"},{"floor":9,"key":"Anchor"},{"floor":10,"key":"Toy Ornithopter"},{"floor":14,"key":"Potion Belt"},{"floor":23,"key":"Shovel"},{"floor":24,"key":"Unceasing Top"},{"floor":26,"key":"Bag of Marbles"}],"event_choices":[{"damage_healed":0,"gold_gain":0,"player_choice":"Leave","damage_taken":0,"max_hp_gain":0,"max_hp_loss":0,"event_name":"The Cleric","floor":2,"gold_loss":0},{"damage_healed":0,"gold_gain":0,"player_choice":"Grow","damage_taken":0,"max_hp_gain":0,"max_hp_loss":0,"event_name":"Living Wall","floor":3,"gold_loss":0,"cards_upgraded":["Hololive_RecruitS"]},{"damage_healed":0,"gold_gain":0,"player_choice":"Opened","damage_taken":0,"relics_obtained":["MealTicket"],"max_hp_gain":0,"max_hp_loss":0,"event_name":"The Mausoleum","floor":22,"gold_loss":0},{"damage_healed":0,"gold_gain":0,"player_choice":"Became a vampire","damage_taken":0,"max_hp_gain":0,"max_hp_loss":11,"event_name":"Vampires","floor":25,"gold_loss":0,"cards_obtained":["Bite","Bite","Bite","Bite","Bite"]}],"is_beta":false,"boss_relics":[{"not_picked":["Philosopher\u0027s Stone","Hololive_TopUpMoneyS"],"picked":"SlaversCollar"}],"items_purged_floors":[],"is_endless":false,"potions_floor_spawned":[4,8,10,11,12,14,16,18,20,23],"killed_by":"Snecko","ascension_level":3}}