{"host":"k6u7q08ihsmpx7o5","time":1610208743,"event":{"mods":["BaseMod","Bestiary","Filter the Spire","Minty Spire (QoL Compilation)","Permanent Neow","Relic Stats","StSLib"],"gold_per_floor":[111,124,134,149,149,149,149,149],"floor_reached":7,"playtime":316,"items_purged":[],"score":86,"play_id":"bb5059ee-fc4e-4237-abbc-7fe4980ef479","local_time":"20210109171223","is_ascension_mode":true,"campfire_choices":[{"data":"Wraith Form v2","floor":6,"key":"SMITH"}],"circlet_count":0,"master_deck":["AscendersBane","Strike_G","Strike_G","Strike_G","Strike_G","Defend_G","Defend_G+1","Defend_G+1","Defend_G","Defend_G","Survivor","Neutralize","CurseOfTheBell","Wraith Form v2+1","Skewer","Cloak And Dagger","Bullet Time","Backflip"],"relics":["Calling Bell","Shuriken","Prayer Wheel","War Paint"],"acts_visited":["Exordium"],"potions_floor_usage":[2],"damage_taken":[{"damage":9,"enemies":"Jaw Worm","floor":1,"turns":7},{"damage":6,"enemies":"2 Louse","floor":2,"turns":2},{"damage":1,"enemies":"Small Slimes","floor":3,"turns":4},{"damage":8,"enemies":"Blue Slaver","floor":4,"turns":6},{"damage":39,"enemies":"3 Sentries","floor":7,"turns":6}],"seed_played":"4534713759452830","potions_obtained":[{"floor":1,"key":"CunningPotion"}],"is_trial":false,"path_per_floor":["M","M","M","M","?","R","E"],"character_chosen":"THE_SILENT","items_purchased":[],"campfire_rested":0,"item_purchase_floors":[],"current_hp_per_floor":[50,44,43,35,35,35,0,0],"gold":149,"neow_bonus":"BOSS_RELIC","is_daily":false,"chose_seed":false,"campfire_upgraded":1,"win_rate":0.0,"timestamp":1610208743,"path_taken":["M","M","M","M","?","R","E"],"items_purchased_type":[],"build_version":"2020-12-22","purchased_purges":0,"victory":false,"max_hp_per_floor":[66,66,66,66,66,66,66,66],"relic_stats":{"counters":[5,25],"Shuriken":[5],"Prayer Wheel":4,"War Paint":["Defend_G","Defend_G"],"obtain_stats":[{"Calling Bell":0,"Shuriken":0,"Prayer Wheel":0,"War Paint":0,"Ring of the Snake":0},{"Calling Bell":0,"Shuriken":0,"Prayer Wheel":0,"War Paint":0,"Ring of the Snake":0},{"Calling Bell":0,"Shuriken":0,"Prayer Wheel":0,"War Paint":0,"Ring of the Snake":0}]},"card_choices":[{"not_picked":["Sucker Punch","Masterful Stab","Flying Knee"],"picked":"SKIP","floor":1},{"not_picked":["Well Laid Plans","Masterful Stab","Bouncing Flask"],"picked":"SKIP","floor":1},{"not_picked":["Poisoned Stab","Prepared"],"picked":"Wraith Form v2","floor":2},{"not_picked":["Sucker Punch","Backflip"],"picked":"Skewer","floor":2},{"not_picked":["Caltrops","Acrobatics","Deflect"],"picked":"SKIP","floor":3},{"not_picked":["Prepared","PiercingWail","Deflect"],"picked":"SKIP","floor":3},{"not_picked":["Choke","Setup"],"picked":"Cloak And Dagger","floor":4},{"not_picked":["Reflex","Backstab"],"picked":"Bullet Time","floor":4}],"player_experience":1979396,"relics_obtained":[{"floor":0,"key":"Shuriken"},{"floor":0,"key":"Prayer Wheel"},{"floor":0,"key":"War Paint"}],"event_choices":[{"damage_healed":0,"gold_gain":0,"cards_transformed":["Strike_G"],"player_choice":"Change","damage_taken":0,"max_hp_gain":0,"max_hp_loss":0,"event_name":"Living Wall","floor":5,"gold_loss":0,"cards_obtained":["Backflip"]}],"is_beta":false,"boss_relics":[],"items_purged_floors":[],"is_endless":false,"potions_floor_spawned":[1],"killed_by":"3 Sentries","ascension_level":20}}