{"host":"minbhrtlkaoly5f0","time":1610186366,"event":{"mods":["Act Like it!","BaseMod","Colored Map","Colored Powertips","Lobotomy","LobotomyExtend","Luminous","Minty Spire (QoL Compilation)","Quick Restart","StSLib"],"gold_per_floor":[114,64,74,74,74,74,100,100,125,12,12,28,58,78,78,78,78],"floor_reached":16,"playtime":426,"items_purged":["SpecialBullet"],"score":123,"play_id":"78f691d5-0bbe-4315-9f65-e5699e519ac2","local_time":"20210109175926","is_ascension_mode":false,"campfire_choices":[],"circlet_count":0,"master_deck":["SpecialBullet","SpecialBullet","SpecialBullet","SpecialBullet","SpecialBullet","InformationCode","SecurityCode","ExtractionCode","RedEyes","LittleHelper","BlueScar","BigBird","Discord","SomewhereSpear","GreedKing","TodaysExpression","Mercenary"],"relics":["CogitoBucket","NeowsBlessing","RabbitCall","LetterFromLob","Mercury Hourglass","Anchor"],"acts_visited":["Exordium"],"potions_floor_usage":[14],"damage_taken":[{"damage":8,"enemies":"Small Slimes","floor":1,"turns":2},{"damage":0,"enemies":"2 Louse","floor":3,"turns":1},{"damage":0,"enemies":"3 Sentries","floor":7,"turns":2},{"damage":8,"enemies":"Jaw Worm","floor":12,"turns":3},{"damage":18,"enemies":"2 Fungi Beasts","floor":14,"turns":3},{"damage":62,"enemies":"Hexaghost","floor":16,"turns":5}],"seed_played":"8740548672841120959","potions_obtained":[{"floor":3,"key":"ColorlessPotion"},{"floor":7,"key":"GamblersBrew"}],"is_trial":false,"path_per_floor":["M","?","M","?","?","R","E","R","T","$","R","M","?","M","R","B"],"character_chosen":"Angela","items_purchased":["Discord"],"campfire_rested":0,"item_purchase_floors":[10],"current_hp_per_floor":[70,70,70,63,63,63,70,70,70,70,70,74,74,60,60,0,0],"gold":78,"neow_bonus":"THREE_ENEMY_KILL","is_daily":false,"chose_seed":false,"campfire_upgraded":0,"win_rate":0.0,"timestamp":1610186366,"path_taken":["M","?","M","?","?","R","E","R","T","$","R","M","?","M","R","BOSS"],"items_purchased_type":["Card"],"build_version":"2020-12-22","purchased_purges":1,"victory":false,"max_hp_per_floor":[70,70,70,70,70,70,70,70,70,70,70,74,74,78,78,78,78],"card_choices":[{"not_picked":["WristCuter"],"picked":"RedEyes","floor":1},{"not_picked":["Wingbeat","RedEyes"],"picked":"SKIP","floor":1},{"not_picked":["PunishingBird","FairyFestival"],"picked":"LittleHelper","floor":3},{"not_picked":["SomewhereSpear"],"picked":"BlueScar","floor":3},{"not_picked":["Bloodbath","SnowQueen"],"picked":"BigBird","floor":7},{"not_picked":["Loneliness","RedEyes"],"picked":"SKIP","floor":7},{"not_picked":["BlackSwan_ego","Noise"],"picked":"SomewhereSpear","floor":12},{"not_picked":["DreamingCurrent","Alriune"],"picked":"GreedKing","floor":12},{"not_picked":["RedEyes","Wingbeat","SomewhereSpear"],"picked":"SKIP","floor":12},{"not_picked":["Horn","Noise"],"picked":"TodaysExpression","floor":14},{"not_picked":["NakedNest","FairyFestival"],"picked":"Mercenary","floor":14},{"not_picked":["Noise","Regret_ego","RedEyes"],"picked":"SKIP","floor":14}],"player_experience":27882,"relics_obtained":[{"floor":1,"key":"LetterFromLob"},{"floor":7,"key":"Mercury Hourglass"},{"floor":9,"key":"Anchor"}],"event_choices":[{"cards_removed":["SpecialBullet"],"damage_healed":0,"gold_gain":0,"player_choice":"Card Removal","damage_taken":0,"max_hp_gain":0,"max_hp_loss":0,"event_name":"The Cleric","floor":2,"gold_loss":50},{"cards_removed":["SpecialBullet"],"damage_healed":0,"gold_gain":0,"player_choice":"Card Removal","damage_taken":7,"max_hp_gain":0,"max_hp_loss":0,"event_name":"Golden Wing","floor":4,"gold_loss":0},{"damage_healed":0,"gold_gain":0,"player_choice":"Ignored","damage_taken":0,"max_hp_gain":0,"max_hp_loss":0,"event_name":"Liars Game","floor":5,"gold_loss":0},{"damage_healed":0,"gold_gain":30,"player_choice":"Searched \u00272\u0027 times","damage_taken":0,"max_hp_gain":0,"max_hp_loss":0,"event_name":"Dead Adventurer","floor":13,"gold_loss":0}],"is_beta":false,"boss_relics":[],"items_purged_floors":[10],"is_endless":false,"potions_floor_spawned":[3,7],"killed_by":"Hexaghost","ascension_level":0}}