{"host":"evny4tziu33vpgm7","time":1610226499,"event":{"mods":["100% Spire Juice","Arknights The Spire","BaseMod","BetterRewards","Booster Modes","Card Filter","Colored Map","Colored Powertips","Dota2Spire","Evolution","Fox Events","Friendly Minions","GifTheSpireLib","Minty Spire (QoL Compilation)","Puzzle Mod","Random Character Button","Random Character Mod","Rare Cards Sparkle","Relic Filter","Relic Sorter","Shop Mod","StSLib","SuperFastMode","The Caster","The Marked","Thieving Mod","????"],"gold_per_floor":[116,116,162,162,176,176,176,176],"floor_reached":7,"playtime":1206,"items_purged":[],"score":39,"play_id":"ec0643e6-ece0-45b0-93cf-4fc44d59dd2b","local_time":"20210109140819","daily_mods":["SealedDeck","Vintage","Heirloom","Flight","DeadlyEvents","Night Terrors"],"is_ascension_mode":false,"campfire_choices":[{"data":"caster:GlacialShield","floor":6,"key":"SMITH"}],"circlet_count":1,"master_deck":["caster:GlacialShield+1","caster:PyroclasticTide","caster:FireWall","caster:PyroclasticTide","caster:Fissure+1","caster:Grimoire","caster:ShivasGrace+1","caster:BurnItDown"],"relics":["caster:MagicBook","EVO:Axolotl","Turnip","Pear","Circlet","Lantern"],"acts_visited":["Exordium"],"potions_floor_usage":[],"damage_taken":[{"damage":4.0,"enemies":"Cultist","floor":1.0,"turns":5.0},{"damage":27.0,"enemies":"Colosseum Slavers","floor":3.0,"turns":6.0},{"damage":3,"enemies":"2 Louse","floor":5,"turns":2},{"damage":17,"enemies":"3 Sentries","floor":7,"turns":3}],"seed_played":"-4657722354062102559","potions_obtained":[],"is_trial":true,"path_per_floor":["M","?","?","?","M","R","E"],"character_chosen":"THE_CASTER","items_purchased":[],"campfire_rested":0,"item_purchase_floors":[],"current_hp_per_floor":[70,63,30,15,12,12,0,0],"gold":176,"neow_bonus":"","is_daily":false,"chose_seed":false,"campfire_upgraded":1,"win_rate":0.0,"timestamp":1610226499,"path_taken":["M","?","?","?","M","R","E"],"items_purchased_type":[],"build_version":"2020-12-22","purchased_purges":0,"victory":false,"max_hp_per_floor":[74,74,74,74,74,74,74,74],"card_choices":[{"not_picked":["caster:ShivasGrace","caster:MagicWeapon"],"picked":"caster:BurnItDown","floor":3}],"player_experience":875549,"relics_obtained":[{"floor":1.0,"key":"Pear"},{"floor":3,"key":"Circlet"},{"floor":5,"key":"Lantern"}],"event_choices":[{"cards_removed":["caster:Sandstorm"],"damage_healed":0.0,"max_hp_gain":0.0,"max_hp_loss":0.0,"gold_gain":0.0,"event_name":"Golden Wing","player_choice":"Card Removal","floor":2.0,"gold_loss":0.0,"damage_taken":7.0},{"cards_removed":["caster:Unearth"],"damage_healed":0,"gold_gain":0,"player_choice":"Card Removal","damage_taken":7,"max_hp_gain":0,"max_hp_loss":0,"event_name":"Golden Wing","floor":3,"gold_loss":0},{"damage_healed":0,"gold_gain":0,"player_choice":"Entered Light","damage_taken":15,"max_hp_gain":0,"max_hp_loss":0,"event_name":"Shining Light","floor":4,"gold_loss":0,"cards_upgraded":["caster:ShivasGrace","caster:Fissure"]}],"is_beta":false,"boss_relics":[],"items_purged_floors":[],"is_endless":false,"potions_floor_spawned":[],"killed_by":"3 Sentries","ascension_level":0}}