{"host":"lxihx0b6awoz2w1j","time":1610211565,"event":{"mods":["Act Like it!","Aspiration","BaseMod","Better Third Choice","CapriCore","Colored Powertips","Downfall","Gensokyo","Hermit","HololiveMod","Hubris","Infinite Spire","JesterMod","Luminous","Marisa????????","Melee Mod","Minty Spire (QoL Compilation)","Prisma Mod","Quick Restart","Relic Stats","Replay The Spire","Shade Mod","Spicy Shops","StSLib","The Alterego","The Blue Laboratory","The Cursed","The Disciple","The Forsaken","The Immortal","The Jungle","The Marked","The Runesmith","The Senshi","The Servant 0.9.4","Waifu the Spire"],"gold_per_floor":[117,129,141,157,157,185,31,31,80,92,105,105,34,51,51,148,148,162,162,8,20,37,37,50,50,50,83,99,114,114,114,114,114,114],"floor_reached":33,"playtime":1686,"items_purged":[],"score":271,"play_id":"5b867f73-45b7-44e9-8664-66351d024855","local_time":"20210109175925","is_ascension_mode":false,"campfire_choices":[{"data":"Neutralize","floor":8.0,"key":"SMITH"},{"floor":12.0,"key":"REST"},{"floor":15,"key":"DIG"},{"floor":23,"key":"REST"},{"floor":25,"key":"REST"}],"circlet_count":0,"master_deck":["Strike_G","Strike_G","Strike_G","Strike_G","Strike_G","Defend_G","Defend_G","Defend_G","Defend_G","Defend_G","Survivor","Neutralize+1","Poisoned Stab","Dodge and Roll+1","Noxious Fumes","Cloak And Dagger","Atom Bomb","Fluid Movement","Cloak And Dagger","ReplayTheSpireMod:Tripwire","Dash","Envenom","Prepared","Dodge and Roll","Fluid Movement","Flying Knee+1","Poisoned Stab+1","Backflip","Bane+1","Dagger Spray","infinitespire:Starlight"],"relics":["Ring of the Snake","hubris:Icosahedron","Boot","Replay:Rubber Ducky","ReplayTheSpireMod:Lightbulb","ReplayFunnel","Busted Crown","Replay:Multitool","Gambling Chip"],"acts_visited":["Exordium","TheCity"],"potions_floor_usage":[33,33,33],"damage_taken":[{"damage":5.0,"enemies":"Jaw Worm","floor":1.0,"turns":4.0},{"damage":1.0,"enemies":"Cultist","floor":2.0,"turns":3.0},{"damage":3.0,"enemies":"2 Louse","floor":3.0,"turns":4.0},{"damage":0.0,"enemies":"Looter","floor":4.0,"turns":4.0},{"damage":11.0,"enemies":"3 Sentries","floor":6.0,"turns":9.0},{"damage":0.0,"enemies":"Blue Slaver","floor":10.0,"turns":4.0},{"damage":3.0,"enemies":"Red Slaver","floor":11.0,"turns":5.0},{"damage":8,"enemies":"Exordium Wildlife","floor":14,"turns":5},{"damage":17,"enemies":"Fading Forest","floor":16,"turns":11},{"damage":0,"enemies":"Chosen","floor":18,"turns":5},{"damage":18,"enemies":"2 Thieves","floor":21,"turns":5},{"damage":22,"enemies":"3 Cultists","floor":22,"turns":6},{"damage":13,"enemies":"Centurion and Healer","floor":24,"turns":6},{"damage":21,"enemies":"Replay:Snechameleon","floor":27,"turns":7},{"damage":16,"enemies":"Cultist and Chosen","floor":28,"turns":7},{"damage":24,"enemies":"3 Cultists","floor":29,"turns":7},{"damage":43,"enemies":"Collector","floor":33,"turns":7}],"seed_played":"1729304101440056731","potions_obtained":[{"floor":2.0,"key":"blueLaboratory:BottleOfVodka"},{"floor":4.0,"key":"BlessingOfTheForge"},{"floor":6.0,"key":"Strength Potion"},{"floor":22,"key":"blueLaboratory:BottleOfRum"},{"floor":29,"key":"blueLaboratory:Virophage"}],"is_trial":false,"path_per_floor":["M","M","M","M","?","E","$","R","T","M","M","R","$","M","R","B",null,"M","?","$","M","M","R","M","R","T","E","M","M","R","?","R","B"],"character_chosen":"THE_SILENT","items_purchased":["Replay:Rubber Ducky","Fluid Movement","ReplayTheSpireMod:Tripwire","Dodge and Roll","Fluid Movement"],"campfire_rested":3,"item_purchase_floors":[7,7,13,20,20],"current_hp_per_floor":[72,71,68,68,68,57,57,57,57,57,54,77,77,69,69,52,77,77,77,77,59,37,60,47,70,70,49,33,9,9,9,32,0,0],"gold":114,"neow_bonus":"TEN_PERCENT_HP_BONUS","is_daily":false,"chose_seed":false,"campfire_upgraded":1,"win_rate":0.0,"timestamp":1610211565,"path_taken":["M","M","M","M","?","E","$","R","T","M","M","R","$","M","R","BOSS","M","?","$","M","M","R","?","R","T","E","M","M","R","?","R","BOSS"],"items_purchased_type":["Relic","Card","Card","Card","Card"],"build_version":"2020-12-22","purchased_purges":0,"victory":false,"max_hp_per_floor":[77,77,77,77,77,77,77,77,77,77,77,77,77,77,77,77,77,77,77,77,77,77,77,77,77,77,77,77,77,77,77,77,77,77],"relic_stats":{"Busted Crown":14,"counters":[17,99],"Gambling Chip":[2],"Boot":[53],"obtain_stats":[{"ReplayFunnel":15,"hubris:Icosahedron":5,"Busted Crown":17,"Gambling Chip":27,"Replay:Multitool":26,"Boot":6,"ReplayTheSpireMod:Lightbulb":9,"Ring of the Snake":0,"Replay:Rubber Ducky":7},{"ReplayFunnel":8,"hubris:Icosahedron":4,"Busted Crown":9,"Gambling Chip":14,"Replay:Multitool":13,"Boot":5,"ReplayTheSpireMod:Lightbulb":5,"Ring of the Snake":0,"Replay:Rubber Ducky":5},{"ReplayFunnel":38,"hubris:Icosahedron":15,"Busted Crown":49,"Gambling Chip":78,"Replay:Multitool":71,"Boot":24,"ReplayTheSpireMod:Lightbulb":24,"Ring of the Snake":0,"Replay:Rubber Ducky":24}],"Ring of the Snake":[34]},"card_choices":[{"not_picked":["Masterful Stab","Deadly Poison"],"picked":"Poisoned Stab","floor":1.0},{"not_picked":["hubris:SlightOfHand","Slice"],"picked":"Dodge and Roll","floor":2.0},{"not_picked":["Cloak And Dagger","Dagger Throw"],"picked":"Noxious Fumes","floor":3.0},{"not_picked":["Riddle With Holes","Escape Plan"],"picked":"Cloak And Dagger","floor":4.0},{"not_picked":["Outmaneuver","ReplayTheSpireMod:Necrosis"],"picked":"Atom Bomb","floor":6.0},{"not_picked":["Endless Agony","Bouncing Flask"],"picked":"Cloak And Dagger","floor":10.0},{"not_picked":["Outmaneuver","Bane"],"picked":"ReplayTheSpireMod:Tripwire","floor":11.0},{"not_picked":["Tactician","Masterful Stab"],"picked":"Dash","floor":14},{"not_picked":["Unload","Malaise"],"picked":"Envenom","floor":16},{"not_picked":[],"picked":"Prepared","floor":18},{"not_picked":["Acrobatics"],"picked":"SKIP","floor":21},{"not_picked":[],"picked":"Flying Knee+1","floor":22},{"not_picked":[],"picked":"Poisoned Stab+1","floor":24},{"not_picked":[],"picked":"Backflip","floor":27},{"not_picked":[],"picked":"Bane+1","floor":28},{"not_picked":[],"picked":"Dagger Spray","floor":29}],"player_experience":551700,"relics_obtained":[{"floor":6.0,"key":"Boot"},{"floor":9.0,"key":"ReplayTheSpireMod:Lightbulb"},{"floor":15,"key":"ReplayFunnel"},{"floor":26,"key":"Replay:Multitool"},{"floor":27,"key":"Gambling Chip"}],"event_choices":[{"damage_healed":0,"gold_gain":0,"player_choice":"Full Heal","damage_taken":0,"max_hp_gain":0,"max_hp_loss":0,"event_name":"Wheel of Change","floor":19,"gold_loss":0},{"damage_healed":0,"gold_gain":0,"player_choice":"Ignored","damage_taken":0,"max_hp_gain":0,"max_hp_loss":0,"event_name":"Beggar","floor":30,"gold_loss":0},{"cards_removed":["ReplayTheSpireMod:Tripwire"],"damage_healed":0,"gold_gain":0,"player_choice":"Took Card","damage_taken":0,"max_hp_gain":0,"max_hp_loss":0,"event_name":"NoteForYourself","floor":31,"gold_loss":0,"cards_obtained":["infinitespire:Starlight"]}],"is_beta":false,"boss_relics":[{"not_picked":["Ring of the Serpent","Tiny House"],"picked":"Busted Crown"}],"items_purged_floors":[],"is_endless":false,"potions_floor_spawned":[2,4,6,14,16,22,24,29],"killed_by":"Collector","ascension_level":0}}