{"host":"tpad8qsc9e0g0pa5","time":1610201290,"event":{"mods":["BaseMod","Minty Spire (QoL Compilation)","Quick Restart","Remilia£®¿Ÿ√◊¿Ú—«£©","StSLib","The Cursed","The Runesmith"],"gold_per_floor":[16,16,26,39,57,57,89,89,112,147,166,185,205,229,229,334,334,353,135,164,27,53,53,53],"floor_reached":23,"playtime":2181,"items_purged":["Strike_G","Strike_G"],"score":228,"play_id":"72a733a5-804c-45e1-b094-151b16854544","local_time":"20210109220810","is_ascension_mode":true,"campfire_choices":[{"data":"Deadly Poison","floor":6.0,"key":"SMITH"},{"data":"Dagger Spray","floor":8.0,"key":"SMITH"},{"data":"Crippling Poison","floor":15.0,"key":"SMITH"}],"circlet_count":0,"master_deck":["Strike_G","Strike_G","Defend_G","Defend_G","Defend_G","Defend_G","Defend_G","Survivor","Neutralize","Corpse Explosion","Dagger Spray+1","Crippling Poison+1","Deadly Poison+1","Poisoned Stab","Poisoned Stab","Bane","After Image","Noxious Fumes","PiercingWail","Poisoned Stab"],"relics":["Ring of the Snake","CeramicFish","Lantern","Regal Pillow","Black Star","Frozen Eye"],"acts_visited":["Exordium","TheCity"],"potions_floor_usage":[],"damage_taken":[{"damage":2.0,"enemies":"Jaw Worm","floor":1.0,"turns":6.0},{"damage":1.0,"enemies":"Cultist","floor":3.0,"turns":4.0},{"damage":0.0,"enemies":"Small Slimes","floor":4.0,"turns":2.0},{"damage":0.0,"enemies":"Gremlin Gang","floor":5.0,"turns":1.0},{"damage":6.0,"enemies":"3 Sentries","floor":7.0,"turns":4.0},{"damage":14.0,"enemies":"Lagavulin","floor":10.0,"turns":6.0},{"damage":4.0,"enemies":"Blue Slaver","floor":11.0,"turns":3.0},{"damage":3.0,"enemies":"Large Slime","floor":12.0,"turns":5.0},{"damage":0.0,"enemies":"Gremlin Gang","floor":13.0,"turns":2.0},{"damage":0.0,"enemies":"3 Louse","floor":14.0,"turns":2.0},{"damage":12.0,"enemies":"Slime Boss","floor":16.0,"turns":8.0},{"damage":12.0,"enemies":"Shell Parasite","floor":18.0,"turns":6.0},{"damage":14.0,"enemies":"2 Thieves","floor":20.0,"turns":3.0},{"damage":26,"enemies":"Sentry and Sphere","floor":22,"turns":4},{"damage":18,"enemies":"Shelled Parasite and Fungi","floor":23,"turns":1}],"seed_played":"-4969777293310365904","potions_obtained":[{"floor":1.0,"key":"BlessingOfTheForge"},{"floor":3.0,"key":"AttackPotion"},{"floor":4.0,"key":"Energy Potion"},{"floor":7.0,"key":"AttackPotion"},{"floor":11.0,"key":"ColorlessPotion"},{"floor":18.0,"key":"LiquidMemories"}],"is_trial":false,"path_per_floor":["M","?","M","M","M","R","E","R","T","E","M","M","M","M","R","B",null,"M","$","M","$","M","M"],"character_chosen":"THE_SILENT","items_purchased":["Frozen Eye","PiercingWail"],"campfire_rested":0,"item_purchase_floors":[19,21],"current_hp_per_floor":[68,68,67,67,67,67,61,61,61,47,43,40,40,40,40,28,70,58,58,44,44,18,0,0],"gold":53,"neow_bonus":"THREE_RARE_CARDS","is_daily":false,"chose_seed":false,"campfire_upgraded":3,"win_rate":0.0,"timestamp":1610201290,"path_taken":["M","?","M","M","M","R","E","R","T","E","?","M","M","M","R","BOSS","M","$","M","$","M","?"],"items_purchased_type":["Relic","Card"],"build_version":"2020-12-22","purchased_purges":2,"victory":false,"max_hp_per_floor":[70,70,70,70,70,70,70,70,70,70,70,70,70,70,70,70,70,70,70,70,70,70,70,70],"card_choices":[{"not_picked":["Malaise","Die Die Die"],"picked":"Corpse Explosion","floor":0.0},{"not_picked":["Terror","Slice"],"picked":"Dagger Spray","floor":1.0},{"not_picked":["Riddle With Holes","Backstab"],"picked":"Crippling Poison","floor":3.0},{"not_picked":["Endless Agony","Heel Hook","Slice"],"picked":"SKIP","floor":4.0},{"not_picked":["Calculated Gamble","Escape Plan"],"picked":"Deadly Poison","floor":5.0},{"not_picked":["Blade Dance","Flying Knee","Phantasmal Killer"],"picked":"SKIP","floor":7.0},{"not_picked":["Deflect","Backflip"],"picked":"Poisoned Stab","floor":10.0},{"not_picked":["All Out Attack","Sucker Punch","Leg Sweep"],"picked":"SKIP","floor":11.0},{"not_picked":["Deflect","Prepared"],"picked":"Poisoned Stab","floor":12.0},{"not_picked":["Skewer","Eviscerate","Corpse Explosion"],"picked":"SKIP","floor":13.0},{"not_picked":["Slice","Acrobatics"],"picked":"Bane","floor":14.0},{"not_picked":["Phantasmal Killer","A Thousand Cuts"],"picked":"After Image","floor":16.0},{"not_picked":["Dodge and Roll","Slice","Leg Sweep"],"picked":"SKIP","floor":18.0},{"not_picked":["Dodge and Roll","Outmaneuver"],"picked":"Noxious Fumes","floor":20.0},{"not_picked":["Sucker Punch","Slice"],"picked":"Poisoned Stab","floor":22}],"player_experience":249139,"relics_obtained":[{"floor":7.0,"key":"CeramicFish"},{"floor":9.0,"key":"Lantern"},{"floor":10.0,"key":"Regal Pillow"}],"event_choices":[{"cards_removed":["Strike_G"],"damage_healed":0.0,"max_hp_gain":0.0,"max_hp_loss":0.0,"gold_gain":0.0,"event_name":"Purifier","player_choice":"Purged","floor":2.0,"gold_loss":0.0,"damage_taken":0.0}],"is_beta":false,"boss_relics":[{"not_picked":["Cursed Key","Coffee Dripper"],"picked":"Black Star"}],"items_purged_floors":[19,21],"is_endless":false,"potions_floor_spawned":[1,3,4,7,11,18],"killed_by":"Shelled Parasite and Fungi","ascension_level":2}}