{"host":"April","time":1610187722,"event":{"mods":["BaseMod","Minty Spire (QoL Compilation)"],"gold_per_floor":[112,4,4,23,36,68,82,110,110,110,143,200,218,218,218,317,317,337,23,35,48,48,48],"floor_reached":22,"playtime":1599,"items_purged":[],"score":216,"play_id":"57dfc74d-d19b-46e3-bbdb-721dc9eaddd2","local_time":"20210109022202","is_ascension_mode":true,"campfire_choices":[{"floor":10.0,"key":"REST"},{"data":"Storm","floor":15.0,"key":"SMITH"}],"circlet_count":0,"master_deck":["Strike_B","Strike_B","Strike_B","Strike_B","Defend_B","Defend_B","Defend_B","Defend_B","Zap","Dualcast","Beam Cell","Doom and Gloom","Capacitor","Melter","Defragment","Chill","Storm+1","Fusion","Loop","Coolheaded","Buffer","Genetic Algorithm","Darkness","Static Discharge","Doom and Gloom+1"],"relics":["Cracked Core","Omamori","Symbiotic Virus","Molten Egg 2","Matryoshka","Snecko Eye","Prayer Wheel"],"acts_visited":["Exordium","TheCity"],"potions_floor_usage":[22],"damage_taken":[{"damage":6.0,"enemies":"Cultist","floor":1.0,"turns":3.0},{"damage":1.0,"enemies":"Jaw Worm","floor":4.0,"turns":3.0},{"damage":0.0,"enemies":"Small Slimes","floor":5.0,"turns":2.0},{"damage":8.0,"enemies":"3 Sentries","floor":6.0,"turns":7.0},{"damage":10.0,"enemies":"Blue Slaver","floor":7.0,"turns":3.0},{"damage":29.0,"enemies":"Gremlin Nob","floor":8.0,"turns":4.0},{"damage":31.0,"enemies":"Lagavulin","floor":11.0,"turns":5.0},{"damage":0.0,"enemies":"Looter","floor":13.0,"turns":2.0},{"damage":4.0,"enemies":"Slime Boss","floor":16.0,"turns":6.0},{"damage":0.0,"enemies":"Chosen","floor":18.0,"turns":4.0},{"damage":29.0,"enemies":"2 Thieves","floor":20.0,"turns":3.0},{"damage":25.0,"enemies":"Chosen and Byrds","floor":21.0,"turns":5.0},{"damage":30,"enemies":"Cultist and Chosen","floor":22,"turns":6}],"seed_played":"-8754913878183237618","potions_obtained":[{"floor":3.0,"key":"LiquidBronze"},{"floor":3.0,"key":"DuplicationPotion"},{"floor":3.0,"key":"DistilledChaos"},{"floor":5.0,"key":"Block Potion"},{"floor":6.0,"key":"EssenceOfSteel"},{"floor":8.0,"key":"FocusPotion"},{"floor":11.0,"key":"PotionOfCapacity"},{"floor":16.0,"key":"DuplicationPotion"},{"floor":20.0,"key":"EssenceOfSteel"}],"is_trial":false,"path_per_floor":["M","$","?","M","M","E","M","E","T","R","E","?","M","?","R","B",null,"M","$","M","M","M"],"character_chosen":"DEFECT","items_purchased":["Doom and Gloom","Capacitor","Prayer Wheel"],"campfire_rested":1,"item_purchase_floors":[2,2,19],"current_hp_per_floor":[76,76,76,75,75,67,57,28,28,52,21,21,21,41,41,37,82,82,82,53,28,0,0],"gold":48,"neow_bonus":"TEN_PERCENT_HP_BONUS","is_daily":false,"chose_seed":false,"campfire_upgraded":1,"win_rate":0.0,"timestamp":1610187722,"path_taken":["M","$","?","?","M","E","M","E","T","R","E","?","M","?","R","BOSS","M","$","M","M","M"],"items_purchased_type":["Card","Card","Relic"],"build_version":"2020-12-18","purchased_purges":0,"victory":false,"max_hp_per_floor":[82,82,82,82,82,82,82,82,82,82,82,82,82,82,82,82,82,82,82,82,82,82,82],"card_choices":[{"not_picked":["Storm","Leap"],"picked":"Beam Cell","floor":1.0},{"not_picked":["Steam","Rebound"],"picked":"Melter","floor":4.0},{"not_picked":["Undo","Barrage"],"picked":"Defragment","floor":5.0},{"not_picked":["Thunder Strike","Barrage"],"picked":"Chill","floor":6.0},{"not_picked":["Steam","Go for the Eyes"],"picked":"Storm","floor":7.0},{"not_picked":["Compile Driver","Loop"],"picked":"Fusion","floor":8.0},{"not_picked":["Ball Lightning+1","Streamline+1"],"picked":"Loop","floor":11.0},{"not_picked":["Hologram","Leap"],"picked":"Coolheaded","floor":13.0},{"not_picked":["Fission","All For One+1"],"picked":"Buffer","floor":16.0},{"not_picked":["Go for the Eyes+1","Leap"],"picked":"Genetic Algorithm","floor":18.0},{"not_picked":["Steam","Beam Cell+1"],"picked":"Darkness","floor":20.0},{"not_picked":["Reprogram","Sweeping Beam+1","Steam Power"],"picked":"SKIP","floor":20.0},{"not_picked":["Conserve Battery","Rebound+1"],"picked":"Static Discharge","floor":21.0},{"not_picked":["Beam Cell+1","Double Energy"],"picked":"Doom and Gloom+1","floor":21.0}],"player_experience":2564552,"relics_obtained":[{"floor":6.0,"key":"Omamori"},{"floor":8.0,"key":"Symbiotic Virus"},{"floor":9.0,"key":"Molten Egg 2"},{"floor":11.0,"key":"Matryoshka"}],"event_choices":[{"damage_healed":0.0,"max_hp_gain":0.0,"max_hp_loss":0.0,"gold_gain":0.0,"event_name":"Lab","player_choice":"Got Potions","floor":3.0,"gold_loss":0.0,"damage_taken":0.0},{"damage_healed":0.0,"max_hp_gain":0.0,"max_hp_loss":0.0,"gold_gain":57.0,"event_name":"Golden Wing","player_choice":"Gained Gold","floor":12.0,"gold_loss":0.0,"damage_taken":0.0},{"damage_healed":20.0,"max_hp_gain":0.0,"max_hp_loss":0.0,"gold_gain":0.0,"event_name":"Mushrooms","player_choice":"Healed and dodged fight","floor":14.0,"gold_loss":0.0,"damage_taken":0.0,"cards_obtained":["Parasite"]}],"is_beta":true,"boss_relics":[{"not_picked":["Philosopher\u0027s Stone","Busted Crown"],"picked":"Snecko Eye"}],"items_purged_floors":[],"is_endless":false,"potions_floor_spawned":[5,6,8,11,16,20],"killed_by":"Cultist and Chosen","ascension_level":1}}