{"host":"i8jghf4o7lwzr9fo","time":1610196778,"event":{"mods":["BaseMod","Minty Spire (QoL Compilation)"],"gold_per_floor":[118,135,150,225,240,268,268,278,278,278,278],"floor_reached":10,"playtime":505,"items_purged":[],"score":70,"play_id":"5d4ce8d2-c092-47e1-a991-d1a890097bca","local_time":"20210109125258","is_ascension_mode":false,"campfire_choices":[{"floor":7,"key":"REST"}],"circlet_count":0,"master_deck":["Strike_R","Strike_R","Strike_R","Strike_R","Strike_R","Defend_R","Defend_R","Defend_R","Defend_R","Bash","Flex","Iron Wave","Demon Form","Heavy Blade","Rampage","Dropkick"],"relics":["Burning Blood","NeowsBlessing","Bottled Lightning","MealTicket"],"acts_visited":["Exordium"],"potions_floor_usage":[6],"damage_taken":[{"damage":0,"enemies":"Small Slimes","floor":1,"turns":1},{"damage":0,"enemies":"Jaw Worm","floor":2,"turns":1},{"damage":0,"enemies":"Cultist","floor":3,"turns":1},{"damage":15,"enemies":"Looter","floor":5,"turns":3},{"damage":35,"enemies":"Lagavulin","floor":6,"turns":6},{"damage":27,"enemies":"Exordium Thugs","floor":8,"turns":4},{"damage":35,"enemies":"3 Sentries","floor":10,"turns":4}],"seed_played":"5265771174267104681","potions_obtained":[{"floor":1,"key":"CultistPotion"},{"floor":5,"key":"BlessingOfTheForge"}],"is_trial":false,"path_per_floor":["M","M","M","?","M","E","R","M","T","E"],"character_chosen":"IRONCLAD","items_purchased":[],"campfire_rested":1,"item_purchase_floors":[],"current_hp_per_floor":[80,80,80,69,60,31,55,34,34,0,0],"gold":278,"neow_bonus":"THREE_ENEMY_KILL","is_daily":false,"chose_seed":false,"campfire_upgraded":0,"win_rate":0.0,"timestamp":1610196778,"path_taken":["M","M","M","?","M","E","R","M","T","E"],"items_purchased_type":[],"build_version":"2020-12-22","purchased_purges":0,"victory":false,"max_hp_per_floor":[80,80,80,80,80,80,80,80,80,80,80],"card_choices":[{"not_picked":["Power Through","Anger"],"picked":"Flex","floor":1},{"not_picked":["Pommel Strike","Clothesline"],"picked":"Iron Wave","floor":2},{"not_picked":["Twin Strike","Clothesline"],"picked":"Demon Form","floor":3},{"not_picked":["Dropkick","Clash"],"picked":"Heavy Blade","floor":5},{"not_picked":["Cleave","Thunderclap"],"picked":"Rampage","floor":6},{"not_picked":["Power Through","Perfected Strike"],"picked":"Dropkick","floor":8}],"player_experience":31501,"relics_obtained":[{"floor":6,"key":"Bottled Lightning"},{"floor":9,"key":"MealTicket"}],"event_choices":[{"damage_healed":0,"gold_gain":75,"player_choice":"Gather Gold","damage_taken":11,"max_hp_gain":0,"max_hp_loss":0,"event_name":"World of Goop","floor":4,"gold_loss":0}],"is_beta":false,"boss_relics":[],"items_purged_floors":[],"is_endless":false,"potions_floor_spawned":[1,5],"killed_by":"3 Sentries","ascension_level":0}}