{"host":"jwbw4f4imxd0v0b0","time":1610182852,"event":{"mods":["BaseMod","Colored Map","Highlight Path","Minty Spire (QoL Compilation)","Relic Stats","StSLib"],"gold_per_floor":[114,114,129,129,129,167,167,186,236,274,274,274,149,187,187,312,312,381,381,425,425,450,513,557,626,626,32,95,95,193,272,272,427,427,476,525,525,125,174,174,0,158,208,276,276,376,425,425,425,425],"floor_reached":51,"playtime":3925,"items_purged":["Grand Finale","Doppelganger"],"score":1004,"play_id":"e8dbac6b-3ded-4620-ba24-e13c6eff4940","local_time":"20210109030052","daily_mods":["Shiny","Green Cards","Terminal"],"is_ascension_mode":false,"campfire_choices":[{"data":"Wraith Form v2","floor":7.0,"key":"SMITH"},{"data":"Adrenaline","floor":15.0,"key":"SMITH"},{"data":"Wish","floor":29.0,"key":"SMITH"},{"data":"Fasting2","floor":32.0,"key":"SMITH"},{"data":"A Thousand Cuts","floor":40.0,"key":"SMITH"},{"data":"Scrawl","floor":45.0,"key":"SMITH"},{"data":"Glass Knife","floor":49.0,"key":"SMITH"}],"circlet_count":0,"master_deck":["Venomology+1","Corpse Explosion","Malaise","Phantasmal Killer+1","Die Die Die+1","Adrenaline+1","Envenom+1","Burst+1","Wraith Form v2+1","Tools of the Trade","Night Terror+1","Unload","After Image+1","Bullet Time+1","Storm of Steel","Glass Knife+1","A Thousand Cuts+1","Judgement","MasterReality","Brilliance","Devotion","Blasphemy+1","Ragnarok+1","LessonLearned","Scrawl+1","Vault+1","Wish+1","Omniscience+1","Establishment+1","SpiritShield+1","DevaForm+1","DeusExMachina+1","Fasting2+1","A Thousand Cuts+1","Sadistic Nature+1","Glass Knife+1"],"relics":["PureWater","Bird Faced Urn","Golden Idol","Letter Opener","Juzu Bracelet","Bronze Scales","Unceasing Top","White Beast Statue","Snecko Eye","MutagenicStrength","MealTicket","Gambling Chip","Mango","Frozen Egg 2","ClockworkSouvenir","FossilizedHelix","Toxic Egg 2","Busted Crown","War Paint","Happy Flower","Red Mask","Lantern","Orichalcum","StrikeDummy"],"acts_visited":["Exordium","TheCity","TheBeyond"],"potions_floor_usage":[],"damage_taken":[{"damage":0.0,"enemies":"Small Slimes","floor":1.0,"turns":2.0},{"damage":0.0,"enemies":"2 Louse","floor":3.0,"turns":5.0},{"damage":9.0,"enemies":"3 Sentries","floor":6.0,"turns":3.0},{"damage":0.0,"enemies":"Jaw Worm","floor":8.0,"turns":2.0},{"damage":0.0,"enemies":"Gremlin Nob","floor":10.0,"turns":5.0},{"damage":9.0,"enemies":"3 Sentries","floor":14.0,"turns":3.0},{"damage":29.0,"enemies":"The Guardian","floor":16.0,"turns":7.0},{"damage":0.0,"enemies":"Spheric Guardian","floor":18.0,"turns":4.0},{"damage":5.0,"enemies":"Shell Parasite","floor":20.0,"turns":4.0},{"damage":0.0,"enemies":"Book of Stabbing","floor":23.0,"turns":6.0},{"damage":1.0,"enemies":"Shelled Parasite and Fungi","floor":24.0,"turns":4.0},{"damage":0.0,"enemies":"3 Cultists","floor":25.0,"turns":3.0},{"damage":0.0,"enemies":"Gremlin Leader","floor":28.0,"turns":4.0},{"damage":0.0,"enemies":"Book of Stabbing","floor":30.0,"turns":6.0},{"damage":0.0,"enemies":"Centurion and Healer","floor":31.0,"turns":3.0},{"damage":11.0,"enemies":"Automaton","floor":33.0,"turns":7.0},{"damage":0.0,"enemies":"Orb Walker","floor":35.0,"turns":6.0},{"damage":0.0,"enemies":"3 Darklings","floor":36.0,"turns":3.0},{"damage":0.0,"enemies":"Writhing Mass","floor":39.0,"turns":4.0},{"damage":0.0,"enemies":"Reptomancer","floor":42.0,"turns":5.0},{"damage":0.0,"enemies":"Nemesis","floor":44.0,"turns":8.0},{"damage":0.0,"enemies":"4 Shapes","floor":47.0,"turns":2.0},{"damage":0.0,"enemies":"Donu and Deca","floor":50.0,"turns":3.0}],"seed_played":"579003938715623652","potions_obtained":[{"floor":3.0,"key":"ColorlessPotion"},{"floor":23.0,"key":"Fruit Juice"},{"floor":31.0,"key":"Strength Potion"},{"floor":33.0,"key":"LiquidBronze"},{"floor":44.0,"key":"EntropicBrew"}],"is_trial":false,"path_per_floor":["M","?","M","?","?","E","R","M","T","E","?","?","$","E","R","B",null,"M","?","M","?","T","E","M","M","T","$","E","R","E","M","R","B",null,"M","M","?","$","M","R","?","E","T","E","R","?","M","?","R","B",null],"character_chosen":"WATCHER","items_purchased":["PowerPotion","Frozen Egg 2","ClockworkSouvenir","Sadistic Nature+1","War Paint","Happy Flower"],"campfire_rested":0,"item_purchase_floors":[13,27,27,27,38,38],"current_hp_per_floor":[70,45,51,34,34,25,25,25,25,39,32,32,32,31,31,18,54,53,52,51,50,49,53,52,51,64,63,62,61,60,59,58,51,56,55,54,50,49,48,47,46,45,44,43,42,41,40,39,38,37],"gold":425,"neow_bonus":"","is_daily":true,"chose_seed":false,"campfire_upgraded":7,"win_rate":0.0,"timestamp":1610182852,"path_taken":["M","?","M","?","?","E","R","M","T","E","?","?","$","E","R","BOSS","M","?","M","?","?","E","M","M","T","$","E","R","E","M","R","BOSS","M","M","?","$","M","R","?","E","T","E","R","?","M","?","R","BOSS"],"items_purchased_type":["Potion","Relic","Relic","Card","Relic","Relic"],"build_version":"2020-12-22","purchased_purges":2,"victory":true,"max_hp_per_floor":[70,69,68,67,66,65,64,63,62,61,60,59,58,57,56,55,54,53,52,51,50,49,53,52,51,64,63,62,61,60,59,58,57,56,55,54,50,49,48,47,46,45,44,43,42,41,40,39,38,37],"relic_stats":{"Happy Flower":[7],"counters":[23,99],"Golden Idol":179,"Juzu Bracelet":3,"Letter Opener":[283],"War Paint":["Phantasmal Killer","Bullet Time"],"Orichalcum":[0],"Busted Crown":12,"Bird Faced Urn":[54],"Bronze Scales":[202],"Gambling Chip":[56],"Snecko Eye":[122,138,126,155],"MealTicket":0,"obtain_stats":[{"Lantern":42,"Happy Flower":38,"Golden Idol":4,"Mango":26,"Juzu Bracelet":9,"Letter Opener":6,"Frozen Egg 2":27,"War Paint":38,"Orichalcum":43,"White Beast Statue":14,"ClockworkSouvenir":27,"Busted Crown":34,"Bird Faced Urn":2,"Bronze Scales":10,"MutagenicStrength":21,"Gambling Chip":23,"Snecko Eye":17,"MealTicket":22,"Red Mask":41,"PureWater":0,"Toxic Egg 2":30,"StrikeDummy":44,"Unceasing Top":12,"FossilizedHelix":28},{"Lantern":20,"Happy Flower":18,"Golden Idol":2,"Mango":12,"Juzu Bracelet":4,"Letter Opener":3,"Frozen Egg 2":12,"War Paint":18,"Orichalcum":20,"White Beast Statue":6,"ClockworkSouvenir":12,"Busted Crown":16,"Bird Faced Urn":1,"Bronze Scales":5,"MutagenicStrength":9,"Gambling Chip":10,"Snecko Eye":7,"MealTicket":9,"Red Mask":19,"PureWater":0,"Toxic Egg 2":14,"StrikeDummy":21,"Unceasing Top":5,"FossilizedHelix":13},{"Lantern":86,"Happy Flower":77,"Golden Idol":7,"Mango":48,"Juzu Bracelet":12,"Letter Opener":10,"Frozen Egg 2":48,"War Paint":77,"Orichalcum":86,"White Beast Statue":20,"ClockworkSouvenir":48,"Busted Crown":68,"Bird Faced Urn":2,"Bronze Scales":17,"MutagenicStrength":35,"Gambling Chip":41,"Snecko Eye":27,"MealTicket":35,"Red Mask":81,"PureWater":0,"Toxic Egg 2":58,"StrikeDummy":94,"Unceasing Top":17,"FossilizedHelix":52}],"Unceasing Top":[3]},"card_choices":[{"not_picked":["Quick Slash","Prepared"],"picked":"Fasting2","floor":1.0},{"not_picked":["Blade Dance","Outmaneuver","SandsOfTime"],"picked":"SKIP","floor":3.0},{"not_picked":["Prepared","Quick Slash","Sucker Punch"],"picked":"SKIP","floor":6.0},{"not_picked":["Wireheading","Adaptation","CutThroughFate"],"picked":"SKIP","floor":8.0},{"not_picked":["Unload","Distraction","ClearTheMind"],"picked":"SKIP","floor":10.0},{"not_picked":["Dagger Throw","Slice","Prepared"],"picked":"SKIP","floor":14.0},{"not_picked":["Adrenaline","Storm of Steel"],"picked":"A Thousand Cuts","floor":16.0},{"not_picked":["WheelKick","EmptyBody+1","Predator"],"picked":"SKIP","floor":18.0},{"not_picked":["Conclude","Halt","ThirdEye+1"],"picked":"SKIP","floor":20.0},{"not_picked":["EmptyMind","Sucker Punch","Bane+1"],"picked":"SKIP","floor":23.0},{"not_picked":["Dash","Conclude","Deflect"],"picked":"SKIP","floor":24.0},{"not_picked":["Bouncing Flask","Bane","SignatureMove"],"picked":"SKIP","floor":25.0},{"not_picked":["Predator","SashWhip+1","Choke"],"picked":"SKIP","floor":28.0},{"not_picked":["Terror+1","Bane+1","EmptyBody+1"],"picked":"SKIP","floor":30.0},{"not_picked":["Dagger Spray","Conclude+1","Heel Hook+1"],"picked":"SKIP","floor":31.0},{"not_picked":["Pray+1"],"picked":"SKIP","floor":35.0},{"not_picked":["Prepared+1"],"picked":"SKIP","floor":36.0},{"not_picked":["Outmaneuver+1"],"picked":"SKIP","floor":39.0},{"not_picked":["PathToVictory+1"],"picked":"SKIP","floor":42.0},{"not_picked":["Prostrate+1"],"picked":"SKIP","floor":44.0},{"not_picked":["Underhanded Strike"],"picked":"SKIP","floor":47.0}],"player_experience":1019800,"relics_obtained":[{"floor":6.0,"key":"Letter Opener"},{"floor":9.0,"key":"Juzu Bracelet"},{"floor":10.0,"key":"Bronze Scales"},{"floor":14.0,"key":"White Beast Statue"},{"floor":22.0,"key":"MealTicket"},{"floor":23.0,"key":"Gambling Chip"},{"floor":26.0,"key":"Mango"},{"floor":28.0,"key":"FossilizedHelix"},{"floor":30.0,"key":"Toxic Egg 2"},{"floor":42.0,"key":"Lantern"},{"floor":43.0,"key":"Orichalcum"},{"floor":44.0,"key":"StrikeDummy"}],"event_choices":[{"damage_healed":0.0,"max_hp_gain":0.0,"max_hp_loss":0.0,"gold_gain":0.0,"event_name":"Scrap Ooze","player_choice":"Success","floor":2.0,"gold_loss":0.0,"damage_taken":25.0,"relics_obtained":["Bird Faced Urn"]},{"damage_healed":0.0,"max_hp_gain":0.0,"max_hp_loss":0.0,"gold_gain":0.0,"event_name":"Golden Idol","player_choice":"Take Damage","floor":4.0,"gold_loss":0.0,"damage_taken":17.0,"relics_obtained":["Golden Idol"]},{"damage_healed":0.0,"max_hp_gain":0.0,"max_hp_loss":0.0,"gold_gain":0.0,"event_name":"Liars Game","player_choice":"Ignored","floor":5.0,"gold_loss":0.0,"damage_taken":0.0},{"cards_removed":["Alpha"],"damage_healed":0.0,"max_hp_gain":0.0,"max_hp_loss":0.0,"gold_gain":0.0,"event_name":"Golden Wing","player_choice":"Card Removal","floor":11.0,"gold_loss":0.0,"damage_taken":7.0},{"cards_removed":["ConjureBlade"],"damage_healed":0.0,"max_hp_gain":0.0,"max_hp_loss":0.0,"gold_gain":0.0,"event_name":"WeMeetAgain","player_choice":"Gave Card","floor":12.0,"gold_loss":0.0,"damage_taken":0.0,"relics_obtained":["Unceasing Top"]},{"damage_healed":0.0,"max_hp_gain":0.0,"max_hp_loss":0.0,"gold_gain":0.0,"event_name":"Ghosts","player_choice":"Ignored","floor":19.0,"gold_loss":0.0,"damage_taken":0.0},{"damage_healed":0.0,"max_hp_gain":0.0,"max_hp_loss":0.0,"gold_gain":0.0,"event_name":"Drug Dealer","player_choice":"Inject Mutagens","floor":21.0,"gold_loss":0.0,"damage_taken":0.0,"relics_obtained":["MutagenicStrength"]},{"damage_healed":0.0,"max_hp_gain":0.0,"max_hp_loss":3.0,"gold_gain":0.0,"event_name":"Winding Halls","player_choice":"Max HP","floor":37.0,"gold_loss":0.0,"damage_taken":0.0},{"damage_healed":0.0,"max_hp_gain":0.0,"max_hp_loss":0.0,"gold_gain":0.0,"event_name":"Tomb of Lord Red Mask","player_choice":"Paid","floor":41.0,"gold_loss":174.0,"damage_taken":0.0,"relics_obtained":["Red Mask"]},{"damage_healed":0.0,"max_hp_gain":0.0,"max_hp_loss":0.0,"gold_gain":100.0,"event_name":"Golden Shrine","player_choice":"Pray","floor":46.0,"gold_loss":0.0,"damage_taken":0.0},{"damage_healed":0.0,"max_hp_gain":0.0,"max_hp_loss":0.0,"gold_gain":0.0,"event_name":"Match and Keep!","player_choice":"1 cards matched","floor":48.0,"gold_loss":0.0,"damage_taken":0.0,"cards_obtained":["Glass Knife"]}],"is_beta":false,"boss_relics":[{"not_picked":["VioletLotus","Black Star"],"picked":"Snecko Eye"},{"not_picked":["HolyWater","Runic Pyramid"],"picked":"Busted Crown"}],"items_purged_floors":[13,38],"is_endless":false,"potions_floor_spawned":[3,16,18,20,23,24,25,28,30,31,33,35,36,39,42,44,47],"ascension_level":0}}