{"host":"m5bsg12zcyqnofur","time":1610185537,"event":{"mods":["BaseMod","BetterRewards","Colored Powertips","Downfall","Highlight Path","Minty Spire (QoL Compilation)","Quick Restart","Replay The Spire","Shop Mod","StSLib"],"gold_per_floor":[111,111,121,133,19,52,52,52,75,100,100,112,125,144,144,244,244,255,265,180,80,97,97,97],"floor_reached":23,"playtime":1904,"items_purged":["Bash","Strike_R"],"score":318,"play_id":"eee6a918-23f3-45ec-9445-34f72a47e9de","local_time":"20210109034537","is_ascension_mode":true,"campfire_choices":[{"data":"Body Slam","floor":7,"key":"SMITH"},{"data":"Body Slam","floor":11,"key":"SMITH"},{"data":"Berserk","floor":15,"key":"SMITH"}],"circlet_count":0,"master_deck":["Strike_R","Strike_R","Strike_R","Strike_R","Defend_R+1","Defend_R","Defend_R+1","Defend_R","Juggernaut","Shrug It Off","Body Slam+1","Metallicize","Body Slam+1","Metallicize","Berserk+1"],"relics":["Burning Blood","Lantern","Replay:Ringing Soul","Strawberry","Black Star","ReplayTheSpireMod:Spearhead"],"acts_visited":["Exordium","TheCity"],"potions_floor_usage":[6,6,18,18],"damage_taken":[{"damage":6,"enemies":"Jaw Worm","floor":1,"turns":4},{"damage":0,"enemies":"Small Slimes","floor":3,"turns":5},{"damage":0,"enemies":"2 Louse","floor":4,"turns":2},{"damage":9,"enemies":"Gremlin Nob","floor":6,"turns":4},{"damage":13,"enemies":"3 Sentries","floor":10,"turns":7},{"damage":9,"enemies":"Blue Slaver","floor":12,"turns":3},{"damage":0,"enemies":"Red Slaver","floor":13,"turns":4},{"damage":0,"enemies":"Lots of Slimes","floor":14,"turns":4},{"damage":28,"enemies":"Hexaghost","floor":16,"turns":10},{"damage":5,"enemies":"3 Byrds","floor":18,"turns":4},{"damage":25,"enemies":"Chosen","floor":19,"turns":7},{"damage":22,"enemies":"Shelled Parasite and Fungi","floor":22,"turns":7},{"damage":60,"enemies":"Gremlin Leader","floor":23,"turns":6}],"seed_played":"-2722643754853513737","potions_obtained":[{"floor":3,"key":"Strength Potion"},{"floor":4,"key":"Dexterity Potion"},{"floor":10,"key":"Explosive Potion"},{"floor":16,"key":"Reflective Coating"},{"floor":18,"key":"SteroidPotion"}],"is_trial":false,"path_per_floor":["M","?","M","M","$","E","R","?","T","E","R","M","M","M","R","B",null,"M","M","?","$","M","E"],"character_chosen":"IRONCLAD","items_purchased":["Metallicize","Body Slam"],"campfire_rested":0,"item_purchase_floors":[5,5],"current_hp_per_floor":[75,59,65,71,71,71,71,71,71,71,71,68,77,83,83,61,93,93,74,74,74,58,0,0],"gold":97,"neow_bonus":"","is_daily":false,"chose_seed":false,"campfire_upgraded":3,"win_rate":0.0,"timestamp":1610185537,"path_taken":["M","?","M","M","$","E","R","?","T","E","R","M","M","M","R","BOSS","M","M","?","$","M","E"],"items_purchased_type":["Card","Card"],"build_version":"2020-12-22","purchased_purges":2,"victory":false,"max_hp_per_floor":[80,80,80,80,80,83,83,83,83,90,90,90,93,93,93,93,93,93,93,93,93,93,93,93],"card_choices":[{"not_picked":["Sword Boomerang","Pommel Strike","Pummel"],"picked":"SKIP","floor":1},{"not_picked":["Wild Strike","Clash"],"picked":"Shrug It Off","floor":3},{"not_picked":["Clothesline","Iron Wave"],"picked":"Body Slam","floor":4},{"not_picked":["Life Link","Seeing Red"],"picked":"Metallicize","floor":6},{"not_picked":["Sword Boomerang","Pommel Strike","Cleave"],"picked":"SKIP","floor":10},{"not_picked":["Heavy Blade","Sword Boomerang","Second Wind"],"picked":"SKIP","floor":12},{"not_picked":["Clothesline","Replay:Undeath\u0027s Touch"],"picked":"Berserk","floor":13},{"not_picked":["Headbutt","ReplayTheSpireMod:Limb From Limb","Flex"],"picked":"SKIP","floor":14},{"not_picked":["ReplayTheSpireMod:Strike From Hell","Combust","Twin Strike"],"picked":"SKIP","floor":18},{"not_picked":["Dark Embrace+1","Clash+1","Sword Boomerang+1"],"picked":"SKIP","floor":19},{"not_picked":["Pommel Strike","Clothesline","Perfected Strike"],"picked":"SKIP","floor":22}],"player_experience":107732,"relics_obtained":[{"floor":6,"key":"Replay:Ringing Soul"},{"floor":10,"key":"Strawberry"}],"event_choices":[{"damage_healed":0,"gold_gain":0,"player_choice":"Entered Light","damage_taken":16,"max_hp_gain":0,"max_hp_loss":0,"event_name":"Shining Light","floor":2,"gold_loss":0,"cards_upgraded":["Defend_R","Defend_R"]},{"damage_healed":0,"gold_gain":0,"player_choice":"Ignored","damage_taken":0,"max_hp_gain":0,"max_hp_loss":0,"event_name":"Liars Game","floor":8,"gold_loss":0},{"damage_healed":0,"gold_gain":0,"player_choice":"Obtained Relic","damage_taken":0,"relics_obtained":["ReplayTheSpireMod:Spearhead"],"max_hp_gain":0,"max_hp_loss":0,"event_name":"Addict","floor":20,"gold_loss":85}],"is_beta":false,"boss_relics":[{"not_picked":["Coffee Dripper","Painkiller Herb"],"picked":"Black Star"}],"items_purged_floors":[0,21],"is_endless":false,"potions_floor_spawned":[3,4,10,16,18],"killed_by":"Gremlin Leader","ascension_level":1}}