{"host":"ravx05nawt015nhw","time":1610165968,"event":{"mods":["Astrologer","BaseMod","Hermit","Minty Spire (QoL Compilation)","StSLib","The Cursed"],"gold_per_floor":[10,22,22,22,22,22,36,74,74,97,115,131,56,91,91,217,217,235,235,235,258,4,38,59,99,122,156,156,174,174,174,174,275,275,293,305,305,324,374,400,35,81,81,94,7,23,56,56,56,56],"floor_reached":51,"playtime":2722,"items_purged":["astrologer:Strike","astrologer:Strike+1","astrologer:Strike+1","astrologer:Defend+1"],"score":865,"play_id":"bbcc795f-5d57-4e5a-9816-ca525b52de0e","local_time":"20210108201928","is_ascension_mode":true,"campfire_choices":[{"data":"astrologer:NorthStar","floor":6.0,"key":"SMITH"},{"data":"astrologer:Nova","floor":15.0,"key":"SMITH"},{"floor":28,"key":"REST"},{"floor":32,"key":"REST"},{"floor":49,"key":"REST"}],"circlet_count":0,"master_deck":["astrologer:Defend+1","astrologer:Defend+1","astrologer:Defend+1","astrologer:NorthStar+1","astrologer:TheFool","astrologer:Judgement+1","astrologer:Nova+1","astrologer:SolarFlare+1","astrologer:LonelyStar","astrologer:FrozenStar+1","astrologer:Wish","astrologer:Fireball","astrologer:NeutronStar","astrologer:DarkMatter","astrologer:Shine+1","astrologer:GlassStar","astrologer:GlassStar","astrologer:StarOfRegret+1","astrologer:TheMagician","astrologer:ShiningStar+1","Apotheosis","astrologer:CosmicExpanse","astrologer:Quincunx+1","astrologer:CosmicExpanse","astrologer:CrystalBall+1"],"relics":["astrologer:SkyMirror","Thread and Needle","Bloody Idol","Bronze Scales","Mercury Hourglass","Matryoshka","Fusion Hammer","War Paint","Regal Pillow","Boot","Smiling Mask","Dream Catcher","Bag of Marbles","MutagenicStrength","Sozu","Lizard Tail","Ornamental Fan","Omamori","Prayer Wheel","PreservedInsect","Question Card","Whetstone"],"acts_visited":["Exordium","TheCity","TheBeyond"],"potions_floor_usage":[27,27,33,46],"damage_taken":[{"damage":0.0,"enemies":"Jaw Worm","floor":1.0,"turns":4.0},{"damage":0.0,"enemies":"2 Louse","floor":2.0,"turns":3.0},{"damage":0.0,"enemies":"Cultist","floor":7.0,"turns":5.0},{"damage":19.0,"enemies":"3 Sentries","floor":8.0,"turns":11.0},{"damage":1.0,"enemies":"Blue Slaver","floor":10.0,"turns":2.0},{"damage":0.0,"enemies":"Red Slaver","floor":11.0,"turns":2.0},{"damage":2.0,"enemies":"3 Louse","floor":12.0,"turns":2.0},{"damage":0.0,"enemies":"Gremlin Nob","floor":14.0,"turns":3.0},{"damage":8.0,"enemies":"Slime Boss","floor":16.0,"turns":9.0},{"damage":13.0,"enemies":"Spheric Guardian","floor":18.0,"turns":4.0},{"damage":0.0,"enemies":"2 Thieves","floor":21.0,"turns":3.0},{"damage":0.0,"enemies":"Slavers","floor":23.0,"turns":6.0},{"damage":0.0,"enemies":"Snake Plant","floor":24.0,"turns":3.0},{"damage":0.0,"enemies":"Book of Stabbing","floor":25.0,"turns":4.0},{"damage":5,"enemies":"Gremlin Leader","floor":27,"turns":4},{"damage":5,"enemies":"Cultist and Chosen","floor":29,"turns":6},{"damage":19,"enemies":"Champ","floor":33,"turns":8},{"damage":0,"enemies":"Orb Walker","floor":35,"turns":2},{"damage":1,"enemies":"3 Shapes","floor":36,"turns":4},{"damage":0,"enemies":"Sphere and 2 Shapes","floor":38,"turns":2},{"damage":6,"enemies":"Mind Bloom Boss Battle","floor":39,"turns":5},{"damage":7,"enemies":"Nemesis","floor":40,"turns":3},{"damage":30,"enemies":"2 Orb Walkers","floor":42,"turns":5},{"damage":2,"enemies":"Maw","floor":44,"turns":6},{"damage":3,"enemies":"Transient","floor":46,"turns":5},{"damage":34,"enemies":"Reptomancer","floor":47,"turns":5},{"damage":82,"enemies":"Awakened One","floor":50,"turns":10}],"seed_played":"6645309417753400196","potions_obtained":[{"floor":2.0,"key":"GamblersBrew"},{"floor":7.0,"key":"SteroidPotion"},{"floor":8.0,"key":"Weak Potion"},{"floor":18.0,"key":"ColorlessPotion"},{"floor":24.0,"key":"PowerPotion"},{"floor":25.0,"key":"Dexterity Potion"},{"floor":33,"key":"AttackPotion"}],"is_trial":false,"path_per_floor":["M","M","?","?","$","R","M","E","T","M","M","M","$","E","R","B",null,"M","?","?","M","$","E","M","E","T","E","R","M","?","?","R","B",null,"M","M","?","M","?","E","$","?","T","M","$","M","E","?","R","B",null],"character_chosen":"ASTROLOGER","items_purchased":["War Paint","Apotheosis","Omamori","astrologer:CosmicExpanse"],"campfire_rested":3,"item_purchase_floors":[22,41,41,45],"current_hp_per_floor":[70,70,70,63,63,63,63,44,44,43,43,41,41,41,41,33,70,57,57,57,57,57,57,57,57,57,52,70,65,65,65,70,56,70,70,70,66,66,65,63,63,38,38,41,41,43,14,14,48,33],"gold":56,"neow_bonus":"ONE_RARE_RELIC","is_daily":false,"chose_seed":false,"campfire_upgraded":2,"win_rate":0.0,"timestamp":1610165968,"path_taken":["M","M","?","?","?","R","?","E","T","M","M","M","$","E","R","BOSS","M","?","?","M","$","E","?","E","T","E","R","M","?","?","R","BOSS","M","M","?","M","?","E","$","?","T","M","?","M","E","?","R","BOSS"],"items_purchased_type":["Relic","Card","Relic","Card"],"build_version":"2020-12-22","purchased_purges":4,"victory":true,"max_hp_per_floor":[70,70,70,70,70,70,70,70,70,70,70,70,70,70,70,70,70,70,70,70,70,70,70,70,70,70,70,70,70,70,70,70,70,70,70,70,66,66,66,66,66,66,66,66,66,66,66,66,66,66],"card_choices":[{"not_picked":["astrologer:Stardust","astrologer:MeteorShower","astrologer:Moonlight"],"picked":"SKIP","floor":1.0},{"not_picked":["astrologer:Stardust","astrologer:SpaceDust","astrologer:Temperance"],"picked":"SKIP","floor":2.0},{"not_picked":["astrologer:Stardust","astrologer:SpaceDust","astrologer:Temperance"],"picked":"SKIP","floor":2.0},{"not_picked":["astrologer:Radiance","astrologer:Opposition"],"picked":"astrologer:Judgement","floor":7.0},{"not_picked":["astrologer:MeteorShower","astrologer:TheMoon"],"picked":"astrologer:Nova","floor":8.0},{"not_picked":["astrologer:CometStrike","astrologer:Still","astrologer:SpaceDust"],"picked":"SKIP","floor":10.0},{"not_picked":["astrologer:TheEmperor","astrologer:Radiance"],"picked":"astrologer:SolarFlare","floor":11.0},{"not_picked":["astrologer:GlassStar","astrologer:SolarFlare"],"picked":"astrologer:LonelyStar","floor":12.0},{"not_picked":["astrologer:TheMoon","astrologer:Sunrise"],"picked":"astrologer:FrozenStar","floor":14.0},{"not_picked":["astrologer:TheWorld","astrologer:Death"],"picked":"astrologer:Wish","floor":16.0},{"not_picked":["astrologer:Still","astrologer:SpaceDust+1"],"picked":"astrologer:Fireball","floor":18.0},{"not_picked":["astrologer:LonelyStar","astrologer:TheDevil"],"picked":"astrologer:NeutronStar","floor":21.0},{"not_picked":["astrologer:GlassStar+1","astrologer:MeteorShower"],"picked":"astrologer:DarkMatter","floor":23.0},{"not_picked":["astrologer:Opposition","astrologer:SolarFlare"],"picked":"astrologer:Shine+1","floor":24.0},{"not_picked":["astrologer:MeteorShower","astrologer:SolarFlare+1"],"picked":"astrologer:GlassStar","floor":25.0},{"not_picked":["astrologer:TheHangedMan","astrologer:Quincunx+1","astrologer:Novile"],"picked":"SKIP","floor":27},{"not_picked":["astrologer:Stardust","astrologer:Temperance"],"picked":"astrologer:GlassStar","floor":29},{"not_picked":["astrologer:Still","astrologer:Radiance"],"picked":"astrologer:StarOfRegret","floor":32},{"not_picked":["astrologer:Trine","astrologer:Premonition"],"picked":"astrologer:TheMagician","floor":33},{"not_picked":["astrologer:Eclipse","astrologer:SpaceDust","astrologer:TheHighPriestess"],"picked":"SKIP","floor":35},{"not_picked":["astrologer:Moonlight+1","astrologer:Judgement+1","astrologer:Stardust+1"],"picked":"SKIP","floor":36},{"not_picked":["astrologer:Still+1","astrologer:Justice+1"],"picked":"astrologer:ShiningStar+1","floor":38},{"not_picked":["astrologer:MeteorShower+1","astrologer:Still+1","astrologer:Stardust"],"picked":"SKIP","floor":40},{"not_picked":["astrologer:Divination","astrologer:Still","astrologer:Stardust+1"],"picked":"astrologer:CosmicExpanse","floor":44},{"not_picked":["astrologer:WheelofFortune","astrologer:ReadTheStars","astrologer:LonelyStar+1"],"picked":"astrologer:Quincunx+1","floor":44},{"not_picked":["astrologer:Confirmation+1","astrologer:Opposition+1","astrologer:Moonlight","astrologer:ReadTheStars"],"picked":"SKIP","floor":46},{"not_picked":["astrologer:ReadTheStars+1","astrologer:Radiance+1","astrologer:MeteorShower","astrologer:Conjunction"],"picked":"SKIP","floor":46},{"not_picked":["astrologer:HeatDeath","astrologer:TheTower","astrologer:Opposition","astrologer:TheHangedMan+1"],"picked":"SKIP","floor":47},{"not_picked":["astrologer:SpaceDust","astrologer:FrozenStar+1","astrologer:Temperance+1"],"picked":"astrologer:CrystalBall+1","floor":49}],"player_experience":1081909,"relics_obtained":[{"floor":8.0,"key":"Bronze Scales"},{"floor":9.0,"key":"Mercury Hourglass"},{"floor":14.0,"key":"Matryoshka"},{"floor":23.0,"key":"Regal Pillow"},{"floor":25.0,"key":"Boot"},{"floor":26.0,"key":"Smiling Mask"},{"floor":26.0,"key":"Dream Catcher"},{"floor":27,"key":"Bag of Marbles"},{"floor":39,"key":"Lizard Tail"},{"floor":40,"key":"Ornamental Fan"},{"floor":42,"key":"Prayer Wheel"},{"floor":43,"key":"PreservedInsect"},{"floor":43,"key":"Question Card"},{"floor":47,"key":"Whetstone"}],"event_choices":[{"damage_healed":0.0,"max_hp_gain":0.0,"max_hp_loss":0.0,"gold_gain":0.0,"event_name":"Golden Idol","player_choice":"Take Wound","floor":3.0,"gold_loss":0.0,"damage_taken":0.0,"relics_obtained":["Golden Idol"],"cards_obtained":["Injury"]},{"cards_removed":["Injury"],"damage_healed":0.0,"max_hp_gain":0.0,"max_hp_loss":0.0,"gold_gain":0.0,"event_name":"Golden Wing","player_choice":"Card Removal","floor":4.0,"gold_loss":0.0,"damage_taken":7.0},{"damage_healed":0.0,"max_hp_gain":0.0,"max_hp_loss":0.0,"gold_gain":0.0,"event_name":"Back to Basics","player_choice":"Simplicity","floor":19.0,"gold_loss":0.0,"damage_taken":0.0,"cards_upgraded":["astrologer:Strike","astrologer:Strike","astrologer:Strike","astrologer:Defend","astrologer:Defend","astrologer:Defend","astrologer:Defend"]},{"cards_removed":["astrologer:Strike"],"damage_healed":0.0,"max_hp_gain":0.0,"max_hp_loss":0.0,"gold_gain":0.0,"event_name":"Purifier","player_choice":"Purged","floor":20.0,"gold_loss":0.0,"damage_taken":0.0},{"damage_healed":0,"gold_gain":0,"player_choice":"Gave Idol","damage_taken":0,"relics_obtained":["Bloody Idol"],"max_hp_gain":0,"max_hp_loss":0,"event_name":"Forgotten Altar","floor":30,"relics_lost":["Golden Idol"],"gold_loss":0},{"damage_healed":0,"gold_gain":0,"player_choice":"Inject Mutagens","damage_taken":0,"relics_obtained":["MutagenicStrength"],"max_hp_gain":0,"max_hp_loss":0,"event_name":"Drug Dealer","floor":31,"gold_loss":0},{"damage_healed":0,"gold_gain":0,"player_choice":"Max HP","damage_taken":0,"max_hp_gain":0,"max_hp_loss":4,"event_name":"Winding Halls","floor":37,"gold_loss":0},{"damage_healed":0,"gold_gain":0,"player_choice":"Fight","damage_taken":0,"max_hp_gain":0,"max_hp_loss":0,"event_name":"MindBloom","floor":39,"gold_loss":0},{"damage_healed":0,"gold_gain":0,"player_choice":"Fight","damage_taken":0,"max_hp_gain":0,"max_hp_loss":0,"event_name":"Mysterious Sphere","floor":42,"gold_loss":0},{"damage_healed":0,"gold_gain":0,"player_choice":"Ignored","damage_taken":0,"max_hp_gain":0,"max_hp_loss":0,"event_name":"The Moai Head","floor":48,"gold_loss":0}],"is_beta":false,"boss_relics":[{"not_picked":["SacredBark","Coffee Dripper"],"picked":"Fusion Hammer"},{"not_picked":["Runic Dome","Tiny House"],"picked":"Sozu"}],"items_purged_floors":[13,22,41,45],"is_endless":false,"potions_floor_spawned":[2,7,8,18,24,25,33,40,42,44,46],"ascension_level":1}}