{"host":"sav7uxregyirlf69","time":1610214764,"event":{"mods":["AchievementEnabler","BaseMod","Colored Map","DeckTracker","Keyboard Shortcuts","Minty Spire (QoL Compilation)","READ ME - Guardian Mod","StSLib","SuperFastMode"],"gold_per_floor":[118,132,143,156,175,189,189,232,285,306,62,62,62,87,87,87,87],"floor_reached":16,"playtime":352,"items_purged":["Strike_G"],"score":212,"play_id":"5ef1d38a-2cf4-4ebc-976e-d0921b6a215c","local_time":"20210110025244","is_ascension_mode":true,"campfire_choices":[{"data":"Catalyst","floor":12,"key":"SMITH"},{"data":"Neutralize","floor":15,"key":"SMITH"}],"circlet_count":0,"master_deck":["AscendersBane","Strike_G","Strike_G","Strike_G","Strike_G","Defend_G","Defend_G","Defend_G","Defend_G","Defend_G","Survivor","Neutralize+1","Backflip","Dagger Spray","Flying Knee","Deadly Poison+1","Tactician","Catalyst+1"],"relics":["Ring of the Snake","Art of War","Golden Idol","Pear","Bronze Scales","Lantern"],"acts_visited":["Exordium"],"potions_floor_usage":[8,16],"damage_taken":[{"damage":0,"enemies":"Cultist","floor":1,"turns":3},{"damage":0,"enemies":"2 Louse","floor":2,"turns":4},{"damage":3,"enemies":"Small Slimes","floor":3,"turns":4},{"damage":4,"enemies":"2 Fungi Beasts","floor":4,"turns":3},{"damage":12,"enemies":"Exordium Wildlife","floor":5,"turns":6},{"damage":7,"enemies":"3 Louse","floor":6,"turns":5},{"damage":19,"enemies":"3 Sentries","floor":8,"turns":8},{"damage":1,"enemies":"Large Slime","floor":10,"turns":5},{"damage":3,"enemies":"Exordium Wildlife","floor":14,"turns":3},{"damage":23,"enemies":"Hexaghost","floor":16,"turns":8}],"seed_played":"-3719347823158856880","potions_obtained":[{"floor":1,"key":"PowerPotion"},{"floor":5,"key":"Fire Potion"},{"floor":14,"key":"ColorlessPotion"}],"is_trial":false,"path_per_floor":["M","M","M","M","M","M","?","E","T","M","$","R","?","M","R","B"],"character_chosen":"THE_SILENT","items_purchased":["Lantern"],"campfire_rested":0,"item_purchase_floors":[11],"current_hp_per_floor":[59,59,56,52,40,33,33,24,24,23,23,23,23,20,20,0,0],"gold":87,"neow_bonus":"RANDOM_COMMON_RELIC","is_daily":false,"chose_seed":false,"campfire_upgraded":2,"win_rate":0.0,"timestamp":1610214764,"path_taken":["M","M","?","M","M","M","?","E","T","M","$","R","?","?","R","BOSS"],"items_purchased_type":["Relic"],"build_version":"2020-12-22","purchased_purges":1,"victory":false,"max_hp_per_floor":[66,66,66,66,66,66,60,70,70,70,70,70,70,70,70,70,70],"card_choices":[{"not_picked":["Flechettes","Poisoned Stab"],"picked":"Backflip","floor":1},{"not_picked":["Deflect","Bane"],"picked":"Dagger Spray","floor":2},{"not_picked":["Deflect","Quick Slash","Dagger Spray"],"picked":"SKIP","floor":3},{"not_picked":["Dodge and Roll","Underhanded Strike"],"picked":"Flying Knee","floor":4},{"not_picked":["Sucker Punch","Quick Slash"],"picked":"Deadly Poison","floor":5},{"not_picked":["Quick Slash","Setup"],"picked":"Tactician","floor":6},{"not_picked":["Tools of the Trade","Prepared"],"picked":"Catalyst","floor":8},{"not_picked":["Riddle With Holes","Sucker Punch","Outmaneuver"],"picked":"SKIP","floor":10},{"not_picked":["Flechettes","Infinite Blades","Cloak And Dagger"],"picked":"SKIP","floor":14}],"player_experience":1222333,"relics_obtained":[{"floor":8,"key":"Pear"},{"floor":9,"key":"Bronze Scales"}],"event_choices":[{"damage_healed":0,"gold_gain":0,"player_choice":"Lose Max HP","damage_taken":0,"relics_obtained":["Golden Idol"],"max_hp_gain":0,"max_hp_loss":6,"event_name":"Golden Idol","floor":7,"gold_loss":0},{"damage_healed":0,"gold_gain":0,"player_choice":"Upgraded","damage_taken":0,"max_hp_gain":0,"max_hp_loss":0,"event_name":"Upgrade Shrine","floor":13,"gold_loss":0,"cards_upgraded":["Deadly Poison"]}],"is_beta":false,"boss_relics":[],"items_purged_floors":[11],"is_endless":false,"potions_floor_spawned":[1,5,6,14],"killed_by":"Hexaghost","ascension_level":20}}