{"host":"qy4anwei0ctnk0kd","time":1610210774,"event":{"mods":["BaseMod","Minty Spire (QoL Compilation)"],"gold_per_floor":[115,133,148,158,178,178,193,193,193,204,164,176,176,196,196,299,299,272,48,48,60,9,43,43,57,105,105,105,105],"floor_reached":28,"playtime":2287,"items_purged":["Strike_P"],"score":246,"play_id":"d3bd7ff0-2718-47d7-ba7d-a70d149bf877","local_time":"20210109114614","is_ascension_mode":true,"campfire_choices":[{"floor":6,"key":"REST"},{"floor":8,"key":"REST"},{"floor":15,"key":"REST"},{"floor":24,"key":"REST"},{"floor":27,"key":"REST"}],"circlet_count":0,"master_deck":["Strike_P","Strike_P","Strike_P","Defend_P","Defend_P","Defend_P","Defend_P","Eruption","Vigilance","ConjureBlade","Consecrate","Prostrate","FlyingSleeves","FlurryOfBlows","CarveReality","Protect","SandsOfTime","SashWhip","SashWhip","LessonLearned","Prostrate+1","Brilliance","BattleHymn","Prostrate+1"],"relics":["PureWater","Art of War","Happy Flower"],"acts_visited":["Exordium","TheCity"],"potions_floor_usage":[16,16,23,25,25,28],"damage_taken":[{"damage":3,"enemies":"2 Louse","floor":1,"turns":4},{"damage":14,"enemies":"Jaw Worm","floor":2,"turns":3},{"damage":0,"enemies":"Cultist","floor":3,"turns":4},{"damage":20,"enemies":"2 Fungi Beasts","floor":4,"turns":3},{"damage":20,"enemies":"Blue Slaver","floor":5,"turns":3},{"damage":13,"enemies":"Gremlin Gang","floor":7,"turns":2},{"damage":0,"enemies":"Large Slime","floor":10,"turns":2},{"damage":1,"enemies":"Red Slaver","floor":12,"turns":3},{"damage":1,"enemies":"2 Fungi Beasts","floor":14,"turns":3},{"damage":32,"enemies":"Slime Boss","floor":16,"turns":8},{"damage":26,"enemies":"2 Thieves","floor":18,"turns":5},{"damage":17,"enemies":"Shell Parasite","floor":21,"turns":7},{"damage":23,"enemies":"Book of Stabbing","floor":23,"turns":6},{"damage":25,"enemies":"3 Cultists","floor":25,"turns":6},{"damage":29,"enemies":"Slavers","floor":28,"turns":2}],"seed_played":"-7404743635887653271","potions_obtained":[{"floor":4,"key":"Fire Potion"},{"floor":10,"key":"SkillPotion"},{"floor":12,"key":"Swift Potion"},{"floor":14,"key":"Block Potion"},{"floor":23,"key":"Fire Potion"},{"floor":25,"key":"SteroidPotion"}],"is_trial":false,"path_per_floor":["M","M","M","M","M","R","M","R","T","M","?","M","?","M","R","B",null,"M","$","?","M","$","E","R","M","T","R","E"],"character_chosen":"WATCHER","items_purchased":["Brilliance","Explosive Potion"],"campfire_rested":5,"item_purchase_floors":[19,22],"current_hp_per_floor":[69,55,55,35,15,36,23,44,44,44,44,43,43,42,63,31,72,46,46,46,29,29,6,27,2,2,23,0,0],"gold":105,"neow_bonus":"ONE_RANDOM_RARE_CARD","is_daily":false,"chose_seed":false,"campfire_upgraded":0,"win_rate":0.0,"timestamp":1610210774,"path_taken":["M","M","M","M","M","R","M","R","T","M","?","M","?","M","R","BOSS","M","?","?","M","$","E","R","M","T","R","E"],"items_purchased_type":["Card","Potion"],"build_version":"2020-12-22","purchased_purges":1,"victory":false,"max_hp_per_floor":[72,72,72,72,72,72,72,72,72,72,72,72,72,72,72,72,72,72,72,72,72,72,72,72,72,72,72,72,72],"card_choices":[{"not_picked":["EmptyFist","Sanctity"],"picked":"Consecrate","floor":1},{"not_picked":["Indignation","Protect"],"picked":"Prostrate","floor":2},{"not_picked":["JustLucky","Worship"],"picked":"FlyingSleeves","floor":3},{"not_picked":["Halt","Wireheading"],"picked":"FlurryOfBlows","floor":4},{"not_picked":["FollowUp","Crescendo"],"picked":"CarveReality","floor":5},{"not_picked":["Conclude","FlurryOfBlows"],"picked":"Protect","floor":7},{"not_picked":["Wireheading","EmptyFist"],"picked":"SandsOfTime","floor":10},{"not_picked":["ForeignInfluence","JustLucky"],"picked":"SashWhip","floor":12},{"not_picked":["Weave","Collect"],"picked":"SashWhip","floor":14},{"not_picked":["Establishment","Omniscience"],"picked":"LessonLearned","floor":16},{"not_picked":["Adaptation","Sanctity"],"picked":"Prostrate+1","floor":18},{"not_picked":["Indignation","Collect","Prostrate"],"picked":"SKIP","floor":21},{"not_picked":["FlurryOfBlows","BowlingBash"],"picked":"BattleHymn","floor":23},{"not_picked":["CutThroughFate","ThirdEye"],"picked":"Prostrate+1","floor":25}],"player_experience":343908,"relics_obtained":[{"floor":23,"key":"Art of War"},{"floor":26,"key":"Happy Flower"}],"event_choices":[{"damage_healed":0,"gold_gain":0,"player_choice":"Left Gold","damage_taken":0,"max_hp_gain":0,"max_hp_loss":0,"event_name":"World of Goop","floor":11,"gold_loss":40},{"damage_healed":0,"gold_gain":0,"player_choice":"Ignored","damage_taken":0,"max_hp_gain":0,"max_hp_loss":0,"event_name":"Transmorgrifier","floor":13,"gold_loss":0},{"damage_healed":0,"gold_gain":0,"player_choice":"Ignored","damage_taken":0,"max_hp_gain":0,"max_hp_loss":0,"event_name":"Ghosts","floor":20,"gold_loss":0}],"is_beta":false,"boss_relics":[{"not_picked":["Fusion Hammer","Velvet Choker","Sozu"]}],"items_purged_floors":[19],"is_endless":false,"potions_floor_spawned":[4,10,12,14,23,25],"killed_by":"Slavers","ascension_level":1}}