{"host":"dth8fvkfiulu86fi","time":1610188935,"event":{"mods":["2.2 Compatiblity","AchievementEnabler","BaseMod","Better Third Choice","Colored Map","Colored Powertips","Minty Spire (QoL Compilation)","Rare Cards Sparkle","StSLib","SuperFastMode","Synergy Search"],"gold_per_floor":[114,14,29,29,204,242,242,242,292,367,386,405,424,28,28,153,153,172,172,191,191,191,229,248,98,123,142,161,11,49,68,68,193,193,212,231,231,250,294,357,357,395,395,433,433,433,452,452,452,452],"floor_reached":51,"playtime":2905,"items_purged":["Grand Finale"],"score":852,"play_id":"51ea98ac-2913-4e66-b66b-ba52fa1cc7e9","local_time":"20210109114215","daily_mods":["Shiny","Green Cards","Terminal"],"is_ascension_mode":false,"campfire_choices":[{"data":"After Image","floor":7.0,"key":"SMITH"},{"floor":15.0,"key":"REST"},{"data":"After Image","floor":32,"key":"SMITH"},{"data":"Backstab","floor":41,"key":"SMITH"},{"floor":45,"key":"REST"},{"data":"Dramatic Entrance","floor":49,"key":"SMITH"}],"circlet_count":0,"master_deck":["Venomology","Corpse Explosion","Malaise","Phantasmal Killer","Die Die Die","Adrenaline","Envenom","Doppelganger","Burst","Wraith Form v2","Tools of the Trade","Night Terror","Unload","After Image+1","Bullet Time","Storm of Steel","Glass Knife","A Thousand Cuts","Judgement","ConjureBlade","Brilliance","Devotion","Ragnarok","LessonLearned","Scrawl","Vault","Alpha","Wish","Omniscience","Establishment","SpiritShield+1","DevaForm","DeusExMachina+1","Consecrate","BattleHymn","Backstab+1","Dramatic Entrance+1","Apotheosis","ReachHeaven","After Image+1","Deflect","Halt+1","Doubt"],"relics":["PureWater","Golden Idol","Bird Faced Urn","Juzu Bracelet","Black Star","Letter Opener","MutagenicStrength","Bronze Scales","Unceasing Top","War Paint","MealTicket","Sling","White Beast Statue","Busted Crown","Mango","Toxic Egg 2","Lantern","StrikeDummy","FossilizedHelix","Bag of Preparation","Blood Vial"],"acts_visited":["Exordium","TheCity","TheBeyond"],"potions_floor_usage":[31,31,31,31,31,33,33,38,38,38,38,42,42,42,42,44,44,50,50],"damage_taken":[{"damage":0.0,"enemies":"Small Slimes","floor":1.0,"turns":5.0},{"damage":1.0,"enemies":"2 Louse","floor":3.0,"turns":2.0},{"damage":1.0,"enemies":"3 Sentries","floor":6.0,"turns":4.0},{"damage":3.0,"enemies":"Jaw Worm","floor":11.0,"turns":2.0},{"damage":3.0,"enemies":"Looter","floor":12.0,"turns":3.0},{"damage":6.0,"enemies":"Gremlin Gang","floor":13.0,"turns":3.0},{"damage":16.0,"enemies":"The Guardian","floor":16.0,"turns":10.0},{"damage":10.0,"enemies":"Spheric Guardian","floor":18.0,"turns":4.0},{"damage":10.0,"enemies":"Shell Parasite","floor":20.0,"turns":3.0},{"damage":29.0,"enemies":"Book of Stabbing","floor":23.0,"turns":7.0},{"damage":13.0,"enemies":"Shelled Parasite and Fungi","floor":24.0,"turns":5.0},{"damage":0.0,"enemies":"3 Cultists","floor":27.0,"turns":3.0},{"damage":24.0,"enemies":"Centurion and Healer","floor":28.0,"turns":4.0},{"damage":0.0,"enemies":"Gremlin Leader","floor":30.0,"turns":6.0},{"damage":0,"enemies":"Sentry and Sphere","floor":31,"turns":1},{"damage":5,"enemies":"Automaton","floor":33,"turns":8},{"damage":0,"enemies":"Orb Walker","floor":35,"turns":3},{"damage":0,"enemies":"3 Darklings","floor":36,"turns":3},{"damage":0,"enemies":"Writhing Mass","floor":38,"turns":5},{"damage":18,"enemies":"4 Shapes","floor":39,"turns":3},{"damage":11,"enemies":"Reptomancer","floor":40,"turns":7},{"damage":33,"enemies":"Nemesis","floor":42,"turns":4},{"damage":0,"enemies":"Reptomancer","floor":44,"turns":6},{"damage":0,"enemies":"Transient","floor":47,"turns":5},{"damage":21,"enemies":"Donu and Deca","floor":50,"turns":9}],"seed_played":"579003938715623652","potions_obtained":[{"floor":3.0,"key":"SkillPotion"},{"floor":6.0,"key":"LiquidMemories"},{"floor":23.0,"key":"Weak Potion"},{"floor":27.0,"key":"GamblersBrew"},{"floor":28.0,"key":"EntropicBrew"},{"floor":31,"key":"Swift Potion"},{"floor":33,"key":"DistilledChaos"},{"floor":35,"key":"Weak Potion"},{"floor":36,"key":"SkillPotion"},{"floor":38,"key":"SteroidPotion"},{"floor":39,"key":"Dexterity Potion"},{"floor":42,"key":"Fire Potion"},{"floor":44,"key":"SpeedPotion"},{"floor":47,"key":"Energy Potion"}],"is_trial":false,"path_per_floor":["M","$","M","?","?","E","R","?","T","?","M","M","M","$","R","B",null,"M","?","M","?","?","E","M","$","T","M","M","$","E","M","R","B",null,"M","M","?","M","M","E","R","E","T","E","R","?","M","?","R","B",null],"character_chosen":"WATCHER","items_purchased":["Fruit Juice","Dramatic Entrance","Apotheosis","ReachHeaven","War Paint","Sling"],"campfire_rested":2,"item_purchase_floors":[2,14,14,14,25,29],"current_hp_per_floor":[70,74,73,55,55,54,54,47,47,36,35,36,34,34,52,52,59,50,50,46,46,46,25,16,16,16,20,4,19,35,37,37,43,42,41,40,39,38,22,37,37,10,10,22,35,44,43,42,41,31],"gold":452,"neow_bonus":"","is_daily":true,"chose_seed":false,"campfire_upgraded":4,"win_rate":0.0,"timestamp":1610188935,"path_taken":["M","$","M","?","?","E","R","?","T","?","M","M","M","$","R","BOSS","M","?","M","?","?","E","M","$","T","M","M","$","E","M","R","BOSS","M","M","?","M","M","E","R","E","T","E","R","?","M","?","R","BOSS"],"items_purchased_type":["Potion","Card","Card","Card","Relic","Relic"],"build_version":"2020-12-22","purchased_purges":1,"victory":true,"max_hp_per_floor":[70,74,73,72,71,70,69,68,67,66,65,64,63,62,61,60,59,58,57,56,55,54,53,52,51,50,49,48,47,46,45,44,43,42,41,40,39,38,37,50,49,48,47,46,45,44,43,42,41,40],"card_choices":[{"not_picked":["Quick Slash","Fasting2","Prepared"],"picked":"SKIP","floor":1.0},{"not_picked":["CarveReality","FlyingSleeves","Perseverance"],"picked":"SKIP","floor":3.0},{"not_picked":["Meditate","Dagger Spray","ThirdEye"],"picked":"SKIP","floor":6.0},{"not_picked":["SignatureMove","Indignation"],"picked":"Consecrate","floor":11.0},{"not_picked":["Prepared","Distraction"],"picked":"BattleHymn","floor":12.0},{"not_picked":["WindmillStrike","Deflect"],"picked":"Backstab","floor":13.0},{"not_picked":["Alpha","DeusExMachina"],"picked":"After Image","floor":16.0},{"not_picked":["WheelKick","EmptyBody+1","Predator"],"picked":"SKIP","floor":18.0},{"not_picked":["Conclude","Halt","ThirdEye+1"],"picked":"SKIP","floor":20.0},{"not_picked":["EmptyMind","Sucker Punch","Bane+1"],"picked":"SKIP","floor":23.0},{"not_picked":["Dash","Conclude"],"picked":"Deflect","floor":24.0},{"not_picked":["Evaluate","BowlingBash","Crescendo"],"picked":"SKIP","floor":27.0},{"not_picked":["Predator","SashWhip+1","Choke"],"picked":"SKIP","floor":28.0},{"not_picked":["Halt","Judgement","Tantrum"],"picked":"SKIP","floor":30},{"not_picked":["BowlingBash","Skewer"],"picked":"Halt+1","floor":31},{"not_picked":["Pray"],"picked":"SKIP","floor":35},{"not_picked":["Prepared+1"],"picked":"SKIP","floor":36},{"not_picked":["DeceiveReality+1"],"picked":"SKIP","floor":38},{"not_picked":["Concentrate+1"],"picked":"SKIP","floor":39},{"not_picked":["PathToVictory+1"],"picked":"SKIP","floor":40},{"not_picked":["Eviscerate"],"picked":"SKIP","floor":42},{"not_picked":["Outmaneuver+1"],"picked":"SKIP","floor":44},{"not_picked":["PathToVictory+1"],"picked":"SKIP","floor":47}],"player_experience":1134437,"relics_obtained":[{"floor":6.0,"key":"Bird Faced Urn"},{"floor":9.0,"key":"Juzu Bracelet"},{"floor":23.0,"key":"Bronze Scales"},{"floor":23.0,"key":"Unceasing Top"},{"floor":26.0,"key":"MealTicket"},{"floor":30,"key":"White Beast Statue"},{"floor":40,"key":"Mango"},{"floor":40,"key":"Toxic Egg 2"},{"floor":42,"key":"Lantern"},{"floor":42,"key":"StrikeDummy"},{"floor":43,"key":"FossilizedHelix"},{"floor":44,"key":"Bag of Preparation"},{"floor":44,"key":"Blood Vial"}],"event_choices":[{"damage_healed":0.0,"max_hp_gain":0.0,"max_hp_loss":0.0,"gold_gain":0.0,"event_name":"Golden Idol","player_choice":"Take Damage","floor":4.0,"gold_loss":0.0,"damage_taken":18.0,"relics_obtained":["Golden Idol"]},{"damage_healed":0.0,"max_hp_gain":0.0,"max_hp_loss":0.0,"gold_gain":175.0,"event_name":"betterThird:BetterSerpent","player_choice":"AGREE","floor":5.0,"gold_loss":0.0,"damage_taken":29.0},{"cards_removed":["Doubt"],"damage_healed":0.0,"max_hp_gain":0.0,"max_hp_loss":0.0,"gold_gain":0.0,"event_name":"Golden Wing","player_choice":"Card Removal","floor":8.0,"gold_loss":0.0,"damage_taken":7.0},{"damage_healed":0.0,"max_hp_gain":0.0,"max_hp_loss":0.0,"gold_gain":75.0,"event_name":"betterThird:BetterGoop","player_choice":"Gold","floor":10.0,"gold_loss":0.0,"damage_taken":11.0},{"cards_removed":["Blasphemy"],"damage_healed":0.0,"max_hp_gain":0.0,"max_hp_loss":0.0,"gold_gain":0.0,"event_name":"WeMeetAgain","player_choice":"Gave Card","floor":19.0,"gold_loss":0.0,"damage_taken":0.0,"relics_obtained":["Letter Opener"]},{"damage_healed":0.0,"max_hp_gain":0.0,"max_hp_loss":0.0,"gold_gain":0.0,"event_name":"Ghosts","player_choice":"Ignored","floor":21.0,"gold_loss":0.0,"damage_taken":0.0},{"damage_healed":0.0,"max_hp_gain":0.0,"max_hp_loss":0.0,"gold_gain":0.0,"event_name":"Drug Dealer","player_choice":"Inject Mutagens","floor":22.0,"gold_loss":0.0,"damage_taken":0.0,"relics_obtained":["MutagenicStrength"]},{"cards_removed":["MasterReality"],"damage_healed":0,"gold_gain":0,"player_choice":"Removed Power","damage_taken":0,"max_hp_gain":0,"max_hp_loss":0,"event_name":"Falling","floor":37,"gold_loss":0},{"damage_healed":10,"gold_gain":0,"player_choice":"Heal","damage_taken":0,"max_hp_gain":0,"max_hp_loss":0,"event_name":"MindBloom","floor":46,"gold_loss":0,"cards_obtained":["Doubt"]},{"damage_healed":0,"gold_gain":0,"player_choice":"Ignored","damage_taken":0,"max_hp_gain":0,"max_hp_loss":0,"event_name":"The Moai Head","floor":48,"gold_loss":0}],"is_beta":false,"boss_relics":[{"not_picked":["VioletLotus","Snecko Eye"],"picked":"Black Star"},{"not_picked":["HolyWater","Runic Pyramid"],"picked":"Busted Crown"}],"items_purged_floors":[14],"is_endless":false,"potions_floor_spawned":[3,6,23,27,28,31,33,35,36,38,39,40,42,44,47],"ascension_level":0}}