{"host":"v711dtdb46xe9u7l","time":1610214942,"event":{"mods":["BaseMod","Minty Spire (QoL Compilation)","StSLib"],"gold_per_floor":[112,16,26,46,46,82,82,106,106,106,137,160,185,205,205,205,205],"floor_reached":16,"playtime":1112,"items_purged":[],"score":146,"play_id":"e6449ee2-0833-4338-89d2-cc36abe4f644","local_time":"20210109175542","is_ascension_mode":true,"campfire_choices":[{"data":"Finesse","floor":7,"key":"SMITH"},{"data":"Bloodletting","floor":10,"key":"SMITH"},{"floor":15,"key":"REST"}],"circlet_count":0,"master_deck":["Strike_R","Strike_R","Strike_R","Strike_R","Strike_R","Defend_R","Defend_R","Defend_R","Defend_R","Bash","Offering","Inflame","Finesse+1","Shrug It Off","Warcry","Combust","Bloodletting+1","Rage","Headbutt+1","Heavy Blade+1"],"relics":["Burning Blood","Golden Idol","Akabeko","Molten Egg 2","Anchor"],"acts_visited":["Exordium"],"potions_floor_usage":[6,16,16],"damage_taken":[{"damage":6,"enemies":"Jaw Worm","floor":1,"turns":4},{"damage":6,"enemies":"Cultist","floor":3,"turns":3},{"damage":8,"enemies":"Small Slimes","floor":4,"turns":4},{"damage":25,"enemies":"3 Sentries","floor":6,"turns":10},{"damage":6,"enemies":"2 Fungi Beasts","floor":8,"turns":3},{"damage":38,"enemies":"Lagavulin","floor":11,"turns":5},{"damage":10,"enemies":"3 Louse","floor":12,"turns":5},{"damage":5,"enemies":"Large Slime","floor":14,"turns":6},{"damage":41,"enemies":"Hexaghost","floor":16,"turns":9}],"seed_played":"1154087603028558004","potions_obtained":[{"floor":1,"key":"LiquidMemories"},{"floor":3,"key":"Strength Potion"},{"floor":14,"key":"DistilledChaos"}],"is_trial":false,"path_per_floor":["M","$","M","M","?","E","R","M","T","R","E","M","T","M","R","B"],"character_chosen":"IRONCLAD","items_purchased":["Finesse"],"campfire_rested":1,"item_purchase_floors":[2],"current_hp_per_floor":[72,72,72,70,70,51,51,51,51,51,19,15,15,16,38,0,0],"gold":205,"neow_bonus":"ONE_RANDOM_RARE_CARD","is_daily":false,"chose_seed":false,"campfire_upgraded":2,"win_rate":0.0,"timestamp":1610214942,"path_taken":["M","$","M","M","?","E","R","M","T","R","E","M","?","?","R","BOSS"],"items_purchased_type":["Card"],"build_version":"2020-12-22","purchased_purges":0,"victory":false,"max_hp_per_floor":[80,80,80,80,74,74,74,74,74,74,74,74,74,74,74,74,74],"card_choices":[{"not_picked":["Blood for Blood","Heavy Blade"],"picked":"Inflame","floor":1},{"not_picked":["Anger","Headbutt"],"picked":"Shrug It Off","floor":3},{"not_picked":["Anger","Fiend Fire"],"picked":"Warcry","floor":4},{"not_picked":["Clash","Iron Wave"],"picked":"Combust","floor":6},{"not_picked":["Havoc","Perfected Strike"],"picked":"Bloodletting","floor":8},{"not_picked":["Iron Wave+1","Flex"],"picked":"Rage","floor":11},{"not_picked":["Perfected Strike+1","Evolve"],"picked":"Headbutt+1","floor":12},{"not_picked":["Clothesline+1","Perfected Strike+1"],"picked":"Heavy Blade+1","floor":14}],"player_experience":314108,"relics_obtained":[{"floor":6,"key":"Akabeko"},{"floor":11,"key":"Molten Egg 2"},{"floor":13,"key":"Anchor"}],"event_choices":[{"damage_healed":0,"gold_gain":0,"player_choice":"Lose Max HP","damage_taken":0,"relics_obtained":["Golden Idol"],"max_hp_gain":0,"max_hp_loss":6,"event_name":"Golden Idol","floor":5,"gold_loss":0}],"is_beta":false,"boss_relics":[],"items_purged_floors":[],"is_endless":false,"potions_floor_spawned":[1,3,14],"killed_by":"Hexaghost","ascension_level":6}}