{"host":"evny4tziu33vpgm7","time":1610219594,"event":{"mods":["100% Spire Juice","Arknights The Spire","BaseMod","BetterRewards","Booster Modes","Card Filter","Colored Map","Colored Powertips","Dota2Spire","Evolution","Fox Events","Friendly Minions","GifTheSpireLib","Minty Spire (QoL Compilation)","Puzzle Mod","Random Character Button","Random Character Mod","Rare Cards Sparkle","Relic Filter","Relic Sorter","Shop Mod","StSLib","SuperFastMode","The Caster","The Marked","Thieving Mod","????"],"gold_per_floor":[114,79,92,112,122,122,122,148,175,175,175,210,245,59,59,157,157,172,172,201,215,9,9,9,9,9,9,36,36,64,64,64,164,164,181,181,181,195,211,211,243,73,98,98,98,118,118,128,128,128],"floor_reached":51,"playtime":7904,"items_purged":["ats:Ambush","ats:Leaping Hammer"],"score":763,"play_id":"2020fce6-1412-4eca-8ba1-c515ffc5cca3","local_time":"20210109121314","daily_mods":["SealedDeck","Heirloom","Flight","DeadlyEvents","Night Terrors"],"is_ascension_mode":true,"campfire_choices":[{"data":"ats:Encircling Forest","floor":6,"key":"SMITH"},{"data":"ats:Healing Strengthening","floor":7,"key":"SMITH"},{"data":"ats:Counter Healing Mode","floor":10,"key":"SMITH"},{"data":"ats:Soul Absorption","floor":11,"key":"SMITH"},{"data":"ats:Blood Oath","floor":15,"key":"SMITH"},{"data":"ats:Soul Absorption","floor":23,"key":"SMITH"},{"data":"ats:Apocalypse","floor":24,"key":"SMITH"},{"data":"ats:Sword Rain","floor":25,"key":"SMITH"},{"data":"ats:Hammer On","floor":27,"key":"SMITH"},{"data":"ats:Composite Medical Shells","floor":29,"key":"SMITH"},{"data":"ats:Wolf Pack","floor":32,"key":"SMITH"},{"data":"ats:Leaping Hammer","floor":40,"key":"PURGE"},{"data":"ats:Healing Strengthening","floor":44,"key":"SMITH"},{"data":"Madness","floor":45,"key":"SMITH"},{"data":"Madness","floor":47,"key":"SMITH"},{"data":"ats:Wolf Pack","floor":49,"key":"SMITH"}],"circlet_count":0,"master_deck":["ats:LN2 Cannon","ats:Wolf Pack+1","ats:Apocalypse+1","ats:Encircling Forest+1","ats:Blood Oath+1","ats:Soul Absorption+1","ats:Sword Rain+1","ats:Wolf Pack+1","ats:Hammer On+1","ats:Healing Strengthening+1","ats:Song Of Battle","ats:Counter Healing Mode+1","ats:Nebulous Foxfire","ats:Healing Drone+1","ats:Soul Absorption+1","ats:Composite Medical Shells+1","ats:Calcification","ats:Beaten Up","Madness+1","Madness+1","ats:Healing Strengthening+1"],"relics":["ats:Sanity","EVO:Axolotl","Dota2Spire:DivineRapier","Vajra","ats:Originium","Bird Faced Urn","ats:Bonebreaker","MerchantsRug","Black Star","Red Mask","Happy Flower","Dota2Spire:Dagon","Peace Pipe","Dota2Spire:AghanimScepter","Dota2Spire:RefresherOrb","Dota2Spire:OrchidMalevolence","ats:Hidden Killer","Dota2Spire:EchoSabre"],"acts_visited":["Exordium","TheCity","TheBeyond"],"potions_floor_usage":[50],"damage_taken":[{"damage":0,"enemies":"Cultist","floor":1,"turns":2},{"damage":2,"enemies":"Jaw Worm","floor":3,"turns":4},{"damage":0,"enemies":"2 Louse","floor":4,"turns":2},{"damage":22,"enemies":"Looter","floor":5,"turns":3},{"damage":22,"enemies":"Gremlin Nob","floor":8,"turns":6},{"damage":47,"enemies":"Lagavulin","floor":12,"turns":6},{"damage":0,"enemies":"Gremlin Nob","floor":13,"turns":4},{"damage":8,"enemies":"Slime Boss","floor":16,"turns":8},{"damage":10,"enemies":"Chosen","floor":18,"turns":5},{"damage":0,"enemies":"Masked Bandits","floor":20,"turns":3},{"damage":0,"enemies":"2 Thieves","floor":21,"turns":3},{"damage":0,"enemies":"Gremlin Leader","floor":28,"turns":7},{"damage":30,"enemies":"Slavers","floor":30,"turns":5},{"damage":25,"enemies":"Champ","floor":33,"turns":10},{"damage":21,"enemies":"3 Darklings","floor":35,"turns":2},{"damage":7,"enemies":"3 Shapes","floor":38,"turns":3},{"damage":0,"enemies":"3 Darklings","floor":39,"turns":3},{"damage":50,"enemies":"Reptomancer","floor":41,"turns":6},{"damage":0,"enemies":"Maw","floor":46,"turns":6},{"damage":8,"enemies":"Writhing Mass","floor":48,"turns":5},{"damage":71,"enemies":"Awakened One","floor":50,"turns":9}],"seed_played":"3041683004798684984","potions_obtained":[{"floor":12,"key":"Block Potion"},{"floor":13,"key":"Energy Potion"},{"floor":16,"key":"SkillPotion"},{"floor":18,"key":"SkillPotion"},{"floor":30,"key":"Swift Potion"},{"floor":33,"key":"Strength Potion"},{"floor":46,"key":"Swift Potion"},{"floor":48,"key":"PowerPotion"}],"is_trial":true,"path_per_floor":["M","$","M","M","M","R","R","E","T","R","R","E","E","$","R","B",null,"M","?","?","M","$","R","R","R","T","R","E","R","E","T","R","B",null,"M","?","?","M","M","R","E","$","T","R","R","M","R","M","R","B",null],"character_chosen":"DOCTOR_CLASS","items_purchased":["ats:Healing Strengthening","MerchantsRug","Happy Flower","ats:Soul Absorption","ats:Healing Strengthening"],"campfire_rested":0,"item_purchase_floors":[2,14,22,22,42],"current_hp_per_floor":[72,72,72,72,53,53,53,41,41,41,41,15,22,22,22,49,72,72,72,72,72,72,72,72,72,72,72,72,72,79,79,79,82,82,63,53,53,61,76,76,64,64,64,64,64,82,82,82,82,82],"gold":128,"neow_bonus":"","is_daily":false,"chose_seed":false,"campfire_upgraded":15,"win_rate":0.0,"timestamp":1610219594,"path_taken":["M","?","M","?","?","R","R","E","T","R","R","E","?","$","R","BOSS","M","?","?","?","$","R","R","R","T","R","E","R","E","?","R","BOSS","M","?","?","M","?","R","?","$","T","R","R","M","R","?","R","BOSS"],"items_purchased_type":["Card","Relic","Relic","Card","Card"],"build_version":"2020-12-22","purchased_purges":2,"victory":true,"max_hp_per_floor":[72,72,72,72,72,72,72,72,72,72,72,72,72,72,72,72,72,72,72,72,72,72,72,72,72,72,72,72,72,82,82,82,82,82,82,82,82,82,82,82,82,82,82,82,82,82,82,82,82,82],"card_choices":[{"not_picked":["ats:Consecutive Shot Auto","ats:Flexible Camouflage"],"picked":"ats:Hammer On","floor":1},{"not_picked":["ats:Shadow Raid","ats:Apocalypse"],"picked":"ats:Song Of Battle","floor":3},{"not_picked":["ats:Mental Burst","ats:Shell Defense","ats:Ignite"],"picked":"SKIP","floor":4},{"not_picked":["ats:Hammer On","ats:Shell Defense"],"picked":"ats:Counter Healing Mode","floor":5},{"not_picked":["ats:Leaping Hammer","ats:Thermite Blade","ats:Demon Strength"],"picked":"SKIP","floor":8},{"not_picked":["ats:Poison Spread","ats:Ignite","ats:Revitalization"],"picked":"SKIP","floor":12},{"not_picked":["ats:Apocalypse","ats:Mental Burst"],"picked":"ats:Ambush","floor":13},{"not_picked":["ats:Ambush","ats:Rat Pack"],"picked":"ats:Nebulous Foxfire","floor":16},{"not_picked":["ats:Directed Diagnosis","ats:Shadow Raid+1"],"picked":"ats:Healing Drone+1","floor":18},{"not_picked":["ats:Hook Shot","ats:Childhood Dance","ats:Consecutive Shot Auto"],"picked":"SKIP","floor":21},{"not_picked":["ats:Sunburst","ats:Counter Healing Mode"],"picked":"ats:Composite Medical Shells","floor":28},{"not_picked":["ats:Very Hot Blade+1","ats:Consecutive Shot Auto","ats:Apocalypse"],"picked":"SKIP","floor":30},{"not_picked":["ats:Durian","ats:Wolf Pack"],"picked":"ats:Calcification","floor":33},{"not_picked":["ats:Overload","ats:Revitalization+1"],"picked":"ats:Beaten Up","floor":35},{"not_picked":["ats:Poison Spread+1","ats:Cat Scratch+1","ats:Steam Pump+1"],"picked":"SKIP","floor":38},{"not_picked":["ats:Explosion Area Strengthen+1","ats:Flexible Camouflage","ats:Shadow Raid+1"],"picked":"SKIP","floor":39},{"not_picked":["ats:Leaping Hammer","ats:Healing Strengthening+1","ats:Sunburst"],"picked":"SKIP","floor":41},{"not_picked":["ats:Ignite","ats:Mental Burst+1","ats:Cat Scratch+1"],"picked":"SKIP","floor":46},{"not_picked":["ats:Explosion Area Strengthen+1","ats:Powerful Strike","ats:Cat Scratch"],"picked":"SKIP","floor":48}],"player_experience":864614,"relics_obtained":[{"floor":8,"key":"Vajra"},{"floor":8,"key":"ats:Originium"},{"floor":9,"key":"Dota2Spire:ArmletOfMordiggian"},{"floor":12,"key":"ats:Originium"},{"floor":12,"key":"Bird Faced Urn"},{"floor":13,"key":"ats:Originium"},{"floor":13,"key":"ats:Bonebreaker"},{"floor":20,"key":"Red Mask"},{"floor":26,"key":"Dota2Spire:MantaStyle"},{"floor":28,"key":"Dota2Spire:Dagon"},{"floor":28,"key":"PlaceholderMod:DeVermisMysteriis"},{"floor":30,"key":"Peace Pipe"},{"floor":30,"key":"Pear"},{"floor":31,"key":"Dota2Spire:AghanimScepter"},{"floor":41,"key":"Dota2Spire:OrchidMalevolence"},{"floor":41,"key":"ats:Hidden Killer"},{"floor":43,"key":"Dota2Spire:EchoSabre"}],"event_choices":[{"damage_healed":0,"gold_gain":0,"player_choice":"Ignored","damage_taken":0,"max_hp_gain":0,"max_hp_loss":0,"event_name":"Ghosts","floor":19,"gold_loss":0},{"damage_healed":0,"gold_gain":0,"player_choice":"Fought Bandits","damage_taken":0,"max_hp_gain":0,"max_hp_loss":0,"event_name":"Masked Bandits","floor":20,"gold_loss":0},{"damage_healed":0,"gold_gain":0,"player_choice":"Embrace Madness","damage_taken":10,"max_hp_gain":0,"max_hp_loss":0,"event_name":"Winding Halls","floor":36,"gold_loss":0,"cards_obtained":["Madness","Madness"]}],"is_beta":false,"boss_relics":[{"not_picked":["Tiny House","ats:Sanity Plus"],"picked":"Black Star"},{"not_picked":["Runic Dome","SacredBark"],"picked":"Dota2Spire:RefresherOrb"}],"items_purged_floors":[14,42],"is_endless":false,"potions_floor_spawned":[12,13,16,18,30,33,38,46,48],"ascension_level":1}}