{"host":"ta9mufxydm4vkknf","time":1610202209,"event":{"mods":["AchievementEnabler","BaseMod","Minty Spire (QoL Compilation)","Quick Restart"],"gold_per_floor":[116,76,86,96,110,110,156,156,201,212,312,324,324,349,349,446,446,463,475,126,126,126,126,126],"floor_reached":23,"playtime":869,"items_purged":["Strike_R"],"score":241,"play_id":"be81d48e-c625-491c-a4b6-23a39587338b","local_time":"20210109152329","is_ascension_mode":true,"campfire_choices":[{"data":"Dropkick","floor":6,"key":"SMITH"},{"data":"Whirlwind","floor":8,"key":"SMITH"},{"data":"Uppercut","floor":13,"key":"SMITH"},{"data":"Cleave","floor":15,"key":"SMITH"}],"circlet_count":0,"master_deck":["Strike_R","Strike_R","Strike_R","Strike_R","Defend_R","Defend_R","Defend_R","Defend_R","Bash","Whirlwind+1","Dropkick+1","Uppercut+1","Cleave+1","Fiend Fire","Shockwave","Spot Weakness","Exhume","Offering","Seeing Red","Writhe"],"relics":["Burning Blood","NeowsBlessing","Mummified Hand","MealTicket","Orichalcum","Black Star","Membership Card","Eternal Feather","Toxic Egg 2","Darkstone Periapt"],"acts_visited":["Exordium","TheCity"],"potions_floor_usage":[7,18,19,19,23,23],"damage_taken":[{"damage":0,"enemies":"Small Slimes","floor":1,"turns":1},{"damage":0,"enemies":"Cultist","floor":3,"turns":1},{"damage":0,"enemies":"2 Louse","floor":4,"turns":1},{"damage":19,"enemies":"Gremlin Gang","floor":5,"turns":6},{"damage":37,"enemies":"Lagavulin","floor":7,"turns":6},{"damage":0,"enemies":"Exordium Wildlife","floor":10,"turns":3},{"damage":12,"enemies":"2 Fungi Beasts","floor":12,"turns":4},{"damage":25,"enemies":"3 Sentries","floor":14,"turns":4},{"damage":3,"enemies":"Slime Boss","floor":16,"turns":8},{"damage":46,"enemies":"Spheric Guardian","floor":18,"turns":6},{"damage":6,"enemies":"Shell Parasite","floor":19,"turns":2},{"damage":75,"enemies":"Book of Stabbing","floor":23,"turns":7}],"seed_played":"-1702832200024166797","potions_obtained":[{"floor":1,"key":"FearPotion"},{"floor":2,"key":"ColorlessPotion"},{"floor":2,"key":"SteroidPotion"},{"floor":12,"key":"PowerPotion"},{"floor":16,"key":"Fruit Juice"},{"floor":18,"key":"FearPotion"},{"floor":19,"key":"Regen Potion"}],"is_trial":false,"path_per_floor":["M","?","M","M","M","R","E","R","T","M","?","M","R","E","R","B",null,"M","M","$","?","?","E"],"character_chosen":"IRONCLAD","items_purchased":["Membership Card","Eternal Feather","Block Potion","Seeing Red"],"campfire_rested":0,"item_purchase_floors":[20,20,20,20],"current_hp_per_floor":[80,80,80,80,67,67,36,36,36,42,42,36,36,17,17,20,80,45,45,60,60,60,0,0],"gold":126,"neow_bonus":"THREE_ENEMY_KILL","is_daily":false,"chose_seed":false,"campfire_upgraded":4,"win_rate":0.0,"timestamp":1610202209,"path_taken":["M","?","M","?","M","R","E","R","T","M","?","?","R","E","R","BOSS","M","M","$","?","?","E"],"items_purchased_type":["Relic","Relic","Potion","Card"],"build_version":"2020-12-22","purchased_purges":1,"victory":false,"max_hp_per_floor":[80,80,80,80,80,80,80,80,80,80,80,80,80,80,80,80,80,85,85,85,85,85,85,85],"card_choices":[{"not_picked":["Sever Soul","Warcry"],"picked":"Whirlwind","floor":1},{"not_picked":["Anger","Cleave"],"picked":"Dropkick","floor":3},{"not_picked":["Havoc","Reckless Charge"],"picked":"Uppercut","floor":4},{"not_picked":["Rage","Intimidate"],"picked":"Cleave","floor":5},{"not_picked":["Warcry","Havoc"],"picked":"Fiend Fire","floor":7},{"not_picked":["Havoc","Body Slam"],"picked":"Shockwave","floor":10},{"not_picked":["Armaments","Perfected Strike","Havoc"],"picked":"SKIP","floor":12},{"not_picked":["Seeing Red","Barricade"],"picked":"Spot Weakness","floor":14},{"not_picked":["Barricade","Corruption"],"picked":"Exhume","floor":16},{"not_picked":["Thunderclap","Warcry","Clothesline"],"picked":"SKIP","floor":18},{"not_picked":["Carnage+1","Flex"],"picked":"Offering","floor":19}],"player_experience":250202,"relics_obtained":[{"floor":7,"key":"Mummified Hand"},{"floor":9,"key":"MealTicket"},{"floor":14,"key":"Orichalcum"}],"event_choices":[{"damage_healed":0,"gold_gain":0,"player_choice":"Bought 3 Potions","damage_taken":0,"max_hp_gain":0,"max_hp_loss":0,"event_name":"The Woman in Blue","floor":2,"gold_loss":0},{"damage_healed":0,"gold_gain":100,"player_choice":"Pray","damage_taken":0,"max_hp_gain":0,"max_hp_loss":0,"event_name":"Golden Shrine","floor":11,"gold_loss":0},{"damage_healed":0,"gold_gain":0,"player_choice":"Opened","damage_taken":0,"relics_obtained":["Toxic Egg 2"],"max_hp_gain":0,"max_hp_loss":0,"event_name":"The Mausoleum","floor":21,"gold_loss":0,"cards_obtained":["Writhe"]},{"damage_healed":0,"gold_gain":0,"player_choice":"Gave Potion","damage_taken":0,"relics_obtained":["Darkstone Periapt"],"max_hp_gain":0,"max_hp_loss":0,"event_name":"WeMeetAgain","floor":22,"gold_loss":0}],"is_beta":false,"boss_relics":[{"not_picked":["Philosopher\u0027s Stone","Snecko Eye"],"picked":"Black Star"}],"items_purged_floors":[20],"is_endless":false,"potions_floor_spawned":[1,3,4,12,16,18,19],"killed_by":"Book of Stabbing","ascension_level":4}}