{"host":"z1wl47oisvloj0tp","time":1610204025,"event":{"mods":["BaseMod","Minty Spire (QoL Compilation)"],"gold_per_floor":[110,127,141,141,159,188,202,234,234,234,12,36,36,6,6,107,107,120,131,131,131,131,162,162,174,199,199,299,299,19,35,35,35,35],"floor_reached":33,"playtime":2681,"items_purged":["Decay"],"score":313,"play_id":"8f3fcc62-8982-450b-baa4-bce1d901f060","local_time":"20210109155345","is_ascension_mode":true,"campfire_choices":[{"floor":15,"key":"REST"},{"floor":24,"key":"REST"},{"floor":27,"key":"RECALL"},{"floor":32,"key":"REST"}],"circlet_count":0,"master_deck":["Strike_G","Strike_G","Strike_G","Strike_G","Strike_G","Defend_G","Defend_G","Defend_G","Defend_G","Defend_G","Survivor","Neutralize","Footwork+1","Backflip","Caltrops","Outmaneuver","Unload","Flying Knee","Dodge and Roll","Deflect","After Image","Dash","Backflip","Corpse Explosion","Deadly Poison+1","Deadly Poison","Adrenaline+1","PiercingWail+1","Caltrops"],"relics":["Ring of the Serpent","Tiny Chest","Happy Flower","Vajra","Oddly Smooth Stone","PreservedInsect","Pen Nib","Dream Catcher","Bottled Lightning","Centennial Puzzle","TungstenRod","Singing Bowl","Membership Card","War Paint"],"acts_visited":["Exordium","TheCity"],"potions_floor_usage":[8,16,16,23,28,31],"damage_taken":[{"damage":0,"enemies":"Small Slimes","floor":1,"turns":3},{"damage":0,"enemies":"Cultist","floor":2,"turns":5},{"damage":0,"enemies":"2 Louse","floor":3,"turns":4},{"damage":1,"enemies":"Exordium Wildlife","floor":5,"turns":4},{"damage":17,"enemies":"Lagavulin","floor":6,"turns":12},{"damage":11,"enemies":"3 Louse","floor":7,"turns":3},{"damage":28,"enemies":"Gremlin Nob","floor":8,"turns":4},{"damage":0,"enemies":"Looter","floor":14,"turns":4},{"damage":13,"enemies":"Hexaghost","floor":16,"turns":11},{"damage":1,"enemies":"Shell Parasite","floor":18,"turns":7},{"damage":0,"enemies":"3 Byrds","floor":19,"turns":4},{"damage":52,"enemies":"Gremlin Leader","floor":23,"turns":8},{"damage":6,"enemies":"Centurion and Healer","floor":25,"turns":6},{"damage":17,"enemies":"Colosseum Slavers","floor":28,"turns":4},{"damage":13,"enemies":"Colosseum Nobs","floor":28,"turns":4},{"damage":0,"enemies":"Snake Plant","floor":31,"turns":4},{"damage":56,"enemies":"Collector","floor":33,"turns":7}],"seed_played":"-5360136454902660594","potions_obtained":[{"floor":1,"key":"Dexterity Potion"},{"floor":3,"key":"BlessingOfTheForge"},{"floor":7,"key":"PowerPotion"},{"floor":16,"key":"LiquidMemories"},{"floor":18,"key":"SkillPotion"},{"floor":23,"key":"PowerPotion"},{"floor":28,"key":"Ancient Potion"}],"is_trial":false,"path_per_floor":["M","M","M","?","M","E","M","E","T","?","$","T","$","M","R","B",null,"M","M","?","?","T","E","R","M","T","R","?","?","$","M","R","B"],"character_chosen":"THE_SILENT","items_purchased":["Oddly Smooth Stone","Membership Card","FairyPotion","War Paint"],"campfire_rested":3,"item_purchase_floors":[11,30,30,30],"current_hp_per_floor":[70,70,70,70,69,52,41,13,13,13,13,13,13,13,34,21,70,69,69,69,69,69,17,38,32,32,32,2,2,2,2,23,0,0],"gold":35,"neow_bonus":"RANDOM_COMMON_RELIC","is_daily":false,"chose_seed":false,"campfire_upgraded":0,"win_rate":0.0,"timestamp":1610204025,"path_taken":["M","M","M","?","M","E","?","E","T","?","$","?","$","?","R","BOSS","M","M","?","?","?","E","R","M","T","R","?","?","?","M","R","BOSS"],"items_purchased_type":["Relic","Relic","Potion","Relic"],"build_version":"2020-12-22","purchased_purges":1,"victory":false,"max_hp_per_floor":[70,70,70,70,70,70,70,70,70,70,70,70,70,70,70,70,70,70,70,70,70,70,70,70,70,70,70,70,70,70,70,70,70,70],"card_choices":[{"not_picked":["Dodge and Roll","Expertise"],"picked":"Footwork","floor":1},{"not_picked":["Distraction","PiercingWail"],"picked":"Backflip","floor":2},{"not_picked":["Well Laid Plans","Cloak And Dagger"],"picked":"Caltrops","floor":3},{"not_picked":["Endless Agony","Dagger Throw"],"picked":"Outmaneuver","floor":5},{"not_picked":["Quick Slash","Acrobatics"],"picked":"Unload","floor":6},{"not_picked":["All Out Attack","Finisher"],"picked":"Flying Knee","floor":7},{"not_picked":["Prepared","Sucker Punch"],"picked":"Dodge and Roll","floor":8},{"not_picked":["Blade Dance","Infinite Blades"],"picked":"Deflect","floor":14},{"not_picked":["Storm of Steel","Unload"],"picked":"After Image","floor":16},{"not_picked":["Slice","Heel Hook"],"picked":"Dash","floor":18},{"not_picked":["Blade Dance","Prepared"],"picked":"Backflip","floor":19},{"not_picked":["A Thousand Cuts","Backflip+1","Venomology"],"picked":"SKIP","floor":23},{"not_picked":["Dagger Spray","Infinite Blades+1"],"picked":"Deadly Poison","floor":24},{"not_picked":["Dodge and Roll","Prepared+1"],"picked":"Deadly Poison","floor":25},{"not_picked":["Slice","Poisoned Stab+1"],"picked":"Adrenaline","floor":28},{"not_picked":["Setup","Quick Slash"],"picked":"PiercingWail+1","floor":31},{"not_picked":["Prepared","Tactician+1"],"picked":"Caltrops","floor":32}],"player_experience":317256,"relics_obtained":[{"floor":6,"key":"Happy Flower"},{"floor":8,"key":"Vajra"},{"floor":12,"key":"PreservedInsect"},{"floor":22,"key":"Dream Catcher"},{"floor":23,"key":"Bottled Lightning"},{"floor":26,"key":"Centennial Puzzle"},{"floor":28,"key":"TungstenRod"},{"floor":28,"key":"Singing Bowl"}],"event_choices":[{"damage_healed":0,"gold_gain":0,"player_choice":"Upgraded","damage_taken":0,"max_hp_gain":0,"max_hp_loss":0,"event_name":"Upgrade Shrine","floor":4,"gold_loss":0,"cards_upgraded":["Footwork"]},{"damage_healed":0,"gold_gain":0,"player_choice":"Cursed","damage_taken":0,"max_hp_gain":0,"max_hp_loss":0,"event_name":"Wheel of Change","floor":10,"gold_loss":0,"cards_obtained":["Decay"]},{"damage_healed":0,"gold_gain":0,"player_choice":"Read","damage_taken":0,"max_hp_gain":0,"max_hp_loss":0,"event_name":"The Library","floor":20,"gold_loss":0,"cards_obtained":["Corpse Explosion"]},{"damage_healed":0,"gold_gain":0,"player_choice":"Gave Potion","damage_taken":0,"relics_obtained":["Pen Nib"],"max_hp_gain":0,"max_hp_loss":0,"event_name":"WeMeetAgain","floor":21,"gold_loss":0},{"damage_healed":0,"gold_gain":0,"player_choice":"Fight","damage_taken":0,"max_hp_gain":0,"max_hp_loss":0,"event_name":"Colosseum","floor":28,"gold_loss":0},{"damage_healed":0,"gold_gain":0,"player_choice":"Fought Nobs","damage_taken":0,"max_hp_gain":0,"max_hp_loss":0,"event_name":"Colosseum","floor":28,"gold_loss":0},{"damage_healed":0,"gold_gain":0,"player_choice":"Ignored","damage_taken":0,"max_hp_gain":0,"max_hp_loss":0,"event_name":"Cursed Tome","floor":29,"gold_loss":0}],"is_beta":false,"boss_relics":[{"not_picked":["HoveringKite","Pandora\u0027s Box"],"picked":"Ring of the Serpent"}],"items_purged_floors":[11],"is_endless":false,"potions_floor_spawned":[1,3,7,16,18,23,28],"killed_by":"Collector","ascension_level":1}}