{"host":"cu","time":1610210897,"event":{"mods":["BaseMod","Colored Map","Gremlin Mod","Hubris","Infinite Spire","Minty Spire (QoL Compilation)","Replay The Spire","StSLib","The Cursed"],"gold_per_floor":[116,130,147,147,147,180,145,163,163,181,197,197,197,197,197,197,197],"floor_reached":16,"playtime":1185,"items_purged":[],"score":102,"play_id":"f572b77c-80c1-44bf-9204-b00acb3f9e25","local_time":"20210109134817","is_ascension_mode":false,"campfire_choices":[{"data":"Strike_R","floor":13,"key":"SMITH"},{"data":"Strike_R","floor":15,"key":"SMITH"}],"circlet_count":0,"master_deck":["Strike_R+1","Strike_R","Strike_R+1","Strike_R","Strike_R","Defend_R","Defend_R","Defend_R","Defend_R","Bash","Trip","Run Through","Shrug It Off","Anger","infinitespire:UltimateForm+1","Anger","Thunderclap","hubris:CleavingFinish","True Grit"],"relics":["Burning Blood","hubris:ChampionShield","infinitespire:FocusingShard","hubris:Towel"],"acts_visited":["Exordium"],"potions_floor_usage":[],"damage_taken":[{"damage":7,"enemies":"Small Slimes","floor":1,"turns":5},{"damage":9,"enemies":"Jaw Worm","floor":2,"turns":4},{"damage":1,"enemies":"2 Louse","floor":3,"turns":3},{"damage":13,"enemies":"Replay:BlueRogue","floor":6,"turns":5},{"damage":17,"enemies":"Exordium Wildlife","floor":8,"turns":5},{"damage":14,"enemies":"Blue Slaver","floor":10,"turns":4},{"damage":2,"enemies":"Large Slime","floor":11,"turns":5},{"damage":59,"enemies":"The Guardian","floor":16,"turns":8}],"seed_played":"-8281677872989983579","potions_obtained":[{"floor":1,"key":"Doom Potion"},{"floor":2,"key":"EssenceOfSteel"},{"floor":11,"key":"Weak Potion"}],"is_trial":false,"path_per_floor":["M","M","M","?","?","E","?","M","T","M","M","$","R","?","R","B"],"character_chosen":"IRONCLAD","items_purchased":[],"campfire_rested":0,"item_purchase_floors":[],"current_hp_per_floor":[79,76,80,61,61,54,74,63,63,55,59,59,59,59,59,0,0],"gold":197,"neow_bonus":"RANDOM_COLORLESS","is_daily":false,"chose_seed":false,"campfire_upgraded":2,"win_rate":0.0,"timestamp":1610210897,"path_taken":["M","M","M","?","?","E","?","M","T","?","M","$","R","?","R","BOSS"],"items_purchased_type":[],"build_version":"2020-11-17","purchased_purges":0,"victory":false,"max_hp_per_floor":[80,80,80,80,80,80,80,80,80,80,80,80,80,80,80,80,80],"card_choices":[{"not_picked":["ReplayTheSpireMod:Private Reserves","Dark Shackles"],"picked":"Trip","floor":0},{"not_picked":["hubris:CleavingFinish","Metallicize"],"picked":"Run Through","floor":1},{"not_picked":["Heavy Blade","Iron Wave"],"picked":"Shrug It Off","floor":2},{"not_picked":["Flex","Headbutt"],"picked":"Anger","floor":3},{"not_picked":["infinitespire:Starlight","hubris:Fate"],"picked":"infinitespire:UltimateForm","floor":4},{"not_picked":["Thunderclap","Iron Wave"],"picked":"Anger","floor":6},{"not_picked":["Iron Wave","Rupture"],"picked":"Thunderclap","floor":8},{"not_picked":["Hemokinesis","Sword Boomerang"],"picked":"hubris:CleavingFinish","floor":10},{"not_picked":["Second Wind","ReplayTheSpireMod:Muscle Training"],"picked":"True Grit","floor":11}],"player_experience":15195,"relics_obtained":[{"floor":6,"key":"hubris:ChampionShield"},{"floor":9,"key":"infinitespire:FocusingShard"}],"event_choices":[{"damage_healed":0,"gold_gain":0,"player_choice":"Grow","damage_taken":0,"max_hp_gain":0,"max_hp_loss":0,"event_name":"Living Wall","floor":5,"gold_loss":0,"cards_upgraded":["infinitespire:UltimateForm"]},{"damage_healed":20,"gold_gain":0,"player_choice":"Healed","damage_taken":0,"max_hp_gain":0,"max_hp_loss":0,"event_name":"The Cleric","floor":7,"gold_loss":35}],"is_beta":true,"boss_relics":[],"items_purged_floors":[],"is_endless":false,"potions_floor_spawned":[1,2,11],"killed_by":"The Guardian","ascension_level":0}}