{"host":"v1g0lpd6z6lg7is8","time":1610210032,"event":{"mods":["BaseMod","Colored Map","Colored Powertips","Minty Spire (QoL Compilation)","Quick Restart"],"gold_per_floor":[119,119,44,20,40,70,83,100,127,27,102,115,130,130,130,233,233,250,270,270,270,270,270,270,286,363,363,375,389,339,358,358,456,506,520,520,533,533,483,483,189,222,222,222,242,262,280,280,280,280],"floor_reached":51,"playtime":1054,"items_purged":["Strike_R","Strike_R","Strike_R","Defend_R","Strike_R"],"score":779,"play_id":"9f30ff4d-e745-4e7b-bdcd-21bc61a884c5","local_time":"20210110003352","is_ascension_mode":false,"campfire_choices":[{"data":"Flex","floor":15.0,"key":"SMITH"},{"data":"Limit Break","floor":23,"key":"SMITH"},{"data":"Sword Boomerang","floor":32,"key":"SMITH"},{"data":"Sword Boomerang","floor":40,"key":"SMITH"},{"floor":49,"key":"DIG"}],"circlet_count":0,"master_deck":["Bash","Heavy Blade+1","Flex+1","Sword Boomerang+1","Shrug It Off+1","Limit Break+1","Shrug It Off","Shrug It Off+1","Sword Boomerang+1"],"relics":["Burning Blood","NeowsBlessing","Bag of Marbles","Lantern","Sozu","MutagenicStrength","Blue Candle","Smiling Mask","Tiny House","HornCleat","Ancient Tea Set","Shovel","Shuriken"],"acts_visited":["Exordium","TheCity","TheBeyond"],"potions_floor_usage":[],"damage_taken":[{"damage":0.0,"enemies":"Small Slimes","floor":1.0,"turns":1.0},{"damage":0.0,"enemies":"Cultist","floor":5.0,"turns":1.0},{"damage":0.0,"enemies":"3 Sentries","floor":6.0,"turns":2.0},{"damage":6.0,"enemies":"Jaw Worm","floor":7.0,"turns":2.0},{"damage":2.0,"enemies":"Blue Slaver","floor":8.0,"turns":2.0},{"damage":7.0,"enemies":"Large Slime","floor":12.0,"turns":7.0},{"damage":0.0,"enemies":"2 Fungi Beasts","floor":13.0,"turns":3.0},{"damage":75.0,"enemies":"Hexaghost","floor":16.0,"turns":12.0},{"damage":5.0,"enemies":"3 Byrds","floor":18.0,"turns":5.0},{"damage":7.0,"enemies":"Shell Parasite","floor":19.0,"turns":2.0},{"damage":0,"enemies":"Snecko","floor":25,"turns":2},{"damage":0,"enemies":"Snake Plant","floor":28,"turns":1},{"damage":0,"enemies":"Cultist and Chosen","floor":29,"turns":2},{"damage":6,"enemies":"3 Cultists","floor":31,"turns":3},{"damage":41,"enemies":"Collector","floor":33,"turns":7},{"damage":3,"enemies":"3 Shapes","floor":35,"turns":1},{"damage":17,"enemies":"3 Darklings","floor":37,"turns":5},{"damage":0,"enemies":"Giant Head","floor":42,"turns":4},{"damage":0,"enemies":"Transient","floor":45,"turns":5},{"damage":0,"enemies":"4 Shapes","floor":46,"turns":3},{"damage":0,"enemies":"Spire Growth","floor":47,"turns":4},{"damage":16,"enemies":"Awakened One","floor":50,"turns":6}],"seed_played":"8079520799570650499","potions_obtained":[{"floor":5.0,"key":"ElixirPotion"},{"floor":7.0,"key":"ElixirPotion"},{"floor":12.0,"key":"Regen Potion"}],"is_trial":false,"path_per_floor":["M","?","$","$","M","E","M","M","T","$","?","M","M","?","R","B",null,"M","M","?","?","?","R","?","M","T","?","M","M","$","M","R","B",null,"M","?","M","?","$","R","$","E","T","?","M","M","M","?","R","B",null],"character_chosen":"IRONCLAD","items_purchased":["Heavy Blade","HornCleat"],"campfire_rested":0,"item_purchase_floors":[4,41],"current_hp_per_floor":[80,80,80,80,80,80,80,80,80,80,69,68,74,67,67,10,80,80,79,79,79,79,79,79,80,80,80,80,80,80,80,80,45,85,85,81,70,70,70,70,70,76,76,76,81,81,81,81,81,71],"gold":280,"neow_bonus":"THREE_ENEMY_KILL","is_daily":false,"chose_seed":false,"campfire_upgraded":4,"win_rate":0.0,"timestamp":1610210032,"path_taken":["M","?","?","$","M","E","M","M","T","$","?","M","?","?","R","BOSS","M","M","?","?","?","R","?","?","T","?","M","?","?","M","R","BOSS","M","?","M","?","$","R","$","E","T","?","M","M","?","?","R","BOSS"],"items_purchased_type":["Card","Relic"],"build_version":"2020-12-22","purchased_purges":5,"victory":true,"max_hp_per_floor":[80,80,80,80,80,80,80,80,80,80,80,80,80,80,80,80,80,80,80,80,80,80,80,80,80,80,80,80,80,80,80,80,80,85,85,81,81,81,81,81,81,81,81,81,81,81,81,81,81,81],"card_choices":[{"not_picked":["Twin Strike","Burning Pact","Blood for Blood"],"picked":"SKIP","floor":1.0},{"not_picked":["Headbutt","Searing Blow","Reckless Charge"],"picked":"SKIP","floor":5.0},{"not_picked":["Clash","Sword Boomerang"],"picked":"Flex","floor":6.0},{"not_picked":["Anger","Infernal Blade"],"picked":"Sword Boomerang","floor":7.0},{"not_picked":["Armaments","Clash"],"picked":"Shrug It Off","floor":8.0},{"not_picked":["Iron Wave","Armaments","Pummel"],"picked":"SKIP","floor":12.0},{"not_picked":["Clothesline","Reaper","Anger"],"picked":"SKIP","floor":13.0},{"not_picked":["Feed","Corruption"],"picked":"Limit Break","floor":16.0},{"not_picked":["Thunderclap","Anger"],"picked":"Shrug It Off","floor":18.0},{"not_picked":["Iron Wave","Reckless Charge"],"picked":"Shrug It Off+1","floor":19.0},{"not_picked":["Ghostly Armor","Headbutt","Warcry"],"picked":"SKIP","floor":25},{"not_picked":["Clothesline+1","Sword Boomerang","Hemokinesis"],"picked":"SKIP","floor":28},{"not_picked":["Exhume","Heavy Blade","Havoc+1"],"picked":"SKIP","floor":29},{"not_picked":["Searing Blow","Sword Boomerang","Clash+1"],"picked":"SKIP","floor":31},{"not_picked":["Havoc+1","Sever Soul"],"picked":"Sword Boomerang","floor":34},{"not_picked":["True Grit","Dual Wield+1","Flex+1"],"picked":"SKIP","floor":35},{"not_picked":["Hemokinesis+1","Metallicize","Anger+1"],"picked":"SKIP","floor":37},{"not_picked":["Reckless Charge+1","Feel No Pain+1","Warcry"],"picked":"SKIP","floor":42},{"not_picked":["Wild Strike","Headbutt+1","Warcry"],"picked":"SKIP","floor":45},{"not_picked":["Body Slam","Dropkick","Heavy Blade"],"picked":"SKIP","floor":46},{"not_picked":["Flame Barrier+1","Uppercut+1","Fire Breathing+1"],"picked":"SKIP","floor":47}],"player_experience":1971340,"relics_obtained":[{"floor":6.0,"key":"Bag of Marbles"},{"floor":9.0,"key":"Lantern"},{"floor":26,"key":"Blue Candle"},{"floor":42,"key":"Ancient Tea Set"},{"floor":43,"key":"Shovel"},{"floor":49,"key":"Shuriken"}],"event_choices":[{"cards_removed":["Strike_R"],"damage_healed":0.0,"max_hp_gain":0.0,"max_hp_loss":0.0,"gold_gain":0.0,"event_name":"Purifier","player_choice":"Purged","floor":2.0,"gold_loss":0.0,"damage_taken":0.0},{"damage_healed":0.0,"max_hp_gain":0.0,"max_hp_loss":0.0,"gold_gain":75.0,"event_name":"World of Goop","player_choice":"Gather Gold","floor":11.0,"gold_loss":0.0,"damage_taken":11.0},{"cards_removed":["Defend_R"],"damage_healed":0.0,"max_hp_gain":0.0,"max_hp_loss":0.0,"gold_gain":0.0,"event_name":"Golden Wing","player_choice":"Card Removal","floor":14.0,"gold_loss":0.0,"damage_taken":7.0},{"damage_healed":0.0,"max_hp_gain":0.0,"max_hp_loss":0.0,"gold_gain":0.0,"event_name":"Cursed Tome","player_choice":"Ignored","floor":20.0,"gold_loss":0.0,"damage_taken":0.0},{"damage_healed":0,"gold_gain":0,"player_choice":"Inject Mutagens","damage_taken":0,"relics_obtained":["MutagenicStrength"],"max_hp_gain":0,"max_hp_loss":0,"event_name":"Drug Dealer","floor":21,"gold_loss":0},{"cards_removed":["Defend_R"],"damage_healed":0,"gold_gain":0,"player_choice":"Elegance","damage_taken":0,"max_hp_gain":0,"max_hp_loss":0,"event_name":"Back to Basics","floor":22,"gold_loss":0},{"damage_healed":0,"gold_gain":0,"player_choice":"Forge","damage_taken":0,"max_hp_gain":0,"max_hp_loss":0,"event_name":"Accursed Blacksmith","floor":24,"gold_loss":0,"cards_upgraded":["Heavy Blade"]},{"damage_healed":0,"gold_gain":0,"player_choice":"Gave Potion","damage_taken":0,"relics_obtained":["Smiling Mask"],"max_hp_gain":0,"max_hp_loss":0,"event_name":"WeMeetAgain","floor":27,"gold_loss":0},{"damage_healed":0,"gold_gain":0,"player_choice":"Max HP","damage_taken":0,"max_hp_gain":0,"max_hp_loss":4,"event_name":"Winding Halls","floor":36,"gold_loss":0},{"cards_removed":["Defend_R"],"damage_healed":0,"gold_gain":0,"player_choice":"Removed Skill","damage_taken":0,"max_hp_gain":0,"max_hp_loss":0,"event_name":"Falling","floor":38,"gold_loss":0},{"damage_healed":0,"gold_gain":0,"player_choice":"Memory 1","damage_taken":0,"max_hp_gain":0,"max_hp_loss":0,"event_name":"SensoryStone","floor":44,"gold_loss":0},{"damage_healed":0,"gold_gain":0,"player_choice":"Ignored","damage_taken":0,"max_hp_gain":0,"max_hp_loss":0,"event_name":"Tomb of Lord Red Mask","floor":48,"gold_loss":0}],"is_beta":false,"boss_relics":[{"not_picked":["SacredBark","Calling Bell"],"picked":"Sozu"},{"not_picked":["Velvet Choker","Fusion Hammer"],"picked":"Tiny House"}],"items_purged_floors":[3,10,30,39,41],"is_endless":false,"potions_floor_spawned":[5,7,12,19,28,35,37],"ascension_level":0}}