{"host":"w9yruvs4bqht6bhw","time":1610220714,"event":{"mods":["BaseMod","Colored Powertips","Minty Spire (QoL Compilation)"],"gold_per_floor":[119,135,150,162,113,113,113,133,182,182,193,193,206,218,218,318,318,337,4,14,26,26,26,26],"floor_reached":23,"playtime":801,"items_purged":["Defend_R"],"score":287,"play_id":"27569d5e-240d-4a7a-a004-53245e7415cb","local_time":"20210109143154","is_ascension_mode":true,"campfire_choices":[{"data":"Searing Blow","floor":6,"key":"SMITH"},{"data":"Searing Blow+1","floor":10,"key":"SMITH"},{"data":"Searing Blow+2","floor":12,"key":"SMITH"},{"data":"Searing Blow+3","floor":15,"key":"SMITH"}],"circlet_count":0,"master_deck":["Defend_R","Defend_R","Defend_R","Bash","Searing Blow+4","Headbutt","Spot Weakness","Clothesline","Armaments","Armaments","Armaments","Iron Wave","Bite","Bite","Bite","Bite","Bite"],"relics":["Burning Blood","Tiny Chest","Membership Card","Anchor"],"acts_visited":["Exordium","TheCity"],"potions_floor_usage":[4,8,8,14,16,16,18,20,23],"damage_taken":[{"damage":0,"enemies":"Small Slimes","floor":1,"turns":5},{"damage":6,"enemies":"Cultist","floor":2,"turns":3},{"damage":13,"enemies":"Jaw Worm","floor":3,"turns":4},{"damage":18,"enemies":"Large Slime","floor":4,"turns":7},{"damage":2,"enemies":"Exordium Thugs","floor":8,"turns":3},{"damage":1,"enemies":"2 Fungi Beasts","floor":11,"turns":3},{"damage":6,"enemies":"Blue Slaver","floor":13,"turns":3},{"damage":20,"enemies":"Lots of Slimes","floor":14,"turns":5},{"damage":54,"enemies":"Slime Boss","floor":16,"turns":12},{"damage":40,"enemies":"Shell Parasite","floor":18,"turns":4},{"damage":1,"enemies":"Spheric Guardian","floor":20,"turns":3},{"damage":22,"enemies":"Snake Plant","floor":21,"turns":5},{"damage":50,"enemies":"Gremlin Leader","floor":23,"turns":5}],"seed_played":"-5264990686387060053","potions_obtained":[{"floor":3,"key":"SteroidPotion"},{"floor":7,"key":"SkillPotion"},{"floor":7,"key":"Dexterity Potion"},{"floor":13,"key":"BloodPotion"},{"floor":14,"key":"ElixirPotion"},{"floor":16,"key":"Regen Potion"},{"floor":21,"key":"Regen Potion"}],"is_trial":false,"path_per_floor":["M","M","M","M","$","R","?","M","T","R","M","R","M","M","R","B",null,"M","$","M","M","?","E"],"character_chosen":"IRONCLAD","items_purchased":["AttackPotion","Membership Card","Anchor","Armaments","Fire Potion","SpeedPotion"],"campfire_rested":0,"item_purchase_floors":[5,19,19,19,19,19],"current_hp_per_floor":[86,86,79,67,67,67,67,71,71,71,76,76,76,79,79,31,74,52,52,57,41,41,15,15],"gold":26,"neow_bonus":"TEN_PERCENT_HP_BONUS","is_daily":false,"chose_seed":false,"campfire_upgraded":4,"win_rate":0.0,"timestamp":1610220714,"path_taken":["M","M","M","M","$","R","?","M","T","R","?","R","M","M","R","BOSS","M","$","M","M","?","E"],"items_purchased_type":["Potion","Relic","Relic","Card","Potion","Potion"],"build_version":"2020-12-22","purchased_purges":1,"victory":false,"max_hp_per_floor":[88,88,88,88,88,88,88,88,88,88,88,88,88,88,88,88,88,88,88,88,88,61,61,61],"card_choices":[{"not_picked":["Clothesline","Pummel"],"picked":"Searing Blow","floor":1},{"not_picked":["Sword Boomerang","Combust","Entrench"],"picked":"SKIP","floor":2},{"not_picked":["Hemokinesis","Warcry","Pummel"],"picked":"SKIP","floor":3},{"not_picked":["Heavy Blade","Body Slam","Warcry"],"picked":"SKIP","floor":4},{"not_picked":["Bludgeon","Rupture"],"picked":"Headbutt","floor":8},{"not_picked":["Ghostly Armor","Second Wind"],"picked":"Spot Weakness","floor":11},{"not_picked":["Battle Trance","Havoc"],"picked":"Clothesline","floor":13},{"not_picked":["Blood for Blood","Warcry","Armaments"],"picked":"SKIP","floor":14},{"not_picked":["Blood for Blood","Warcry"],"picked":"Armaments","floor":14},{"not_picked":["Pommel Strike+1","Thunderclap"],"picked":"Armaments","floor":18},{"not_picked":["Second Wind","Dual Wield"],"picked":"Iron Wave","floor":20},{"not_picked":["Twin Strike","Havoc","Cleave"],"picked":"SKIP","floor":21}],"player_experience":353693,"relics_obtained":[{"floor":9,"key":"Tiny Chest"}],"event_choices":[{"damage_healed":0,"gold_gain":0,"player_choice":"Got Potions","damage_taken":0,"max_hp_gain":0,"max_hp_loss":0,"event_name":"Lab","floor":7,"gold_loss":0},{"damage_healed":0,"gold_gain":0,"player_choice":"Became a vampire","damage_taken":0,"max_hp_gain":0,"max_hp_loss":27,"event_name":"Vampires","floor":22,"gold_loss":0,"cards_obtained":["Bite","Bite","Bite","Bite","Bite"]}],"is_beta":false,"boss_relics":[{"not_picked":["Cursed Key","Coffee Dripper","Mark of Pain"]}],"items_purged_floors":[19],"is_endless":false,"potions_floor_spawned":[3,13,14,16,21],"killed_by":"Gremlin Leader","ascension_level":8}}