{"host":"9d9dhukr2jywmy0f","time":1610213264,"event":{"mods":["2.2 Compatiblity","Alarm Clock","BaseMod","Bestiary","Block Reminder","Colored Map","Colored Powertips","Curses Come First","DeckTracker","Energized Spire","Highlight Path","Key Reminder","Minty Spire (QoL Compilation)","Quick Restart","Rare Cards Sparkle","Relic Sorter","Relic Stats","Spire Birthday Party","StSLib","SuperFastMode","Synergy Search","Unceasing Turn Reminder","Unknown Chances"],"gold_per_floor":[110,124,199,124,143,143,68,82,108,108,131,31,50,66,66,66,66],"floor_reached":16,"playtime":379,"items_purged":["Strike_B","Defend_B"],"score":184,"play_id":"2facc704-64a8-4a27-bcb1-42cba6ff1a16","local_time":"20210110012744","is_ascension_mode":true,"campfire_choices":[{"data":"Zap","floor":6.0,"key":"SMITH"},{"data":"Dualcast","floor":10.0,"key":"SMITH"},{"floor":15.0,"key":"REST"}],"circlet_count":0,"master_deck":["AscendersBane","Strike_B","Defend_B","Defend_B","Defend_B","Zap+1","Dualcast+1","Electrodynamics","Turbo","Gash"],"relics":["Cracked Core","Juzu Bracelet","Odd Mushroom"],"acts_visited":["Exordium"],"potions_floor_usage":[16,16],"damage_taken":[{"damage":2.0,"enemies":"Jaw Worm","floor":1.0,"turns":4.0},{"damage":12.0,"enemies":"Small Slimes","floor":2.0,"turns":3.0},{"damage":0.0,"enemies":"2 Louse","floor":5.0,"turns":3.0},{"damage":0.0,"enemies":"Lots of Slimes","floor":8.0,"turns":1.0},{"damage":16.0,"enemies":"The Mushroom Lair","floor":11.0,"turns":3.0},{"damage":0.0,"enemies":"3 Louse","floor":13.0,"turns":2.0},{"damage":7.0,"enemies":"Looter","floor":14.0,"turns":3.0},{"damage":31,"enemies":"Slime Boss","floor":16,"turns":5}],"seed_played":"-6172193948186449807","potions_obtained":[{"floor":5.0,"key":"SteroidPotion"},{"floor":8.0,"key":"Strength Potion"},{"floor":13.0,"key":"Dexterity Potion"}],"is_trial":false,"path_per_floor":["M","M","?","?","M","R","$","M","T","R","?","$","M","M","R","B"],"character_chosen":"DEFECT","items_purchased":[],"campfire_rested":1,"item_purchase_floors":[],"current_hp_per_floor":[62,50,39,39,39,39,39,39,39,39,23,23,23,16,37,6,6],"gold":66,"neow_bonus":"TRANSFORM_CARD","is_daily":false,"chose_seed":false,"campfire_upgraded":2,"win_rate":0.0,"timestamp":1610213264,"path_taken":["M","M","?","?","M","R","?","M","T","R","?","$","M","M","R","BOSS"],"items_purchased_type":[],"build_version":"2020-11-30","purchased_purges":2,"victory":false,"max_hp_per_floor":[71,71,71,71,71,71,71,71,71,71,71,71,71,71,71,71,71],"relic_stats":{"counters":[8,24],"Juzu Bracelet":0,"obtain_stats":[{"Juzu Bracelet":9,"Odd Mushroom":11,"Cracked Core":0},{"Juzu Bracelet":4,"Odd Mushroom":5,"Cracked Core":0},{"Juzu Bracelet":11,"Odd Mushroom":14,"Cracked Core":0}]},"card_choices":[{"not_picked":["Redo","Steam","Capacitor"],"picked":"SKIP","floor":1.0},{"not_picked":["Hologram","Scrape","Cold Snap"],"picked":"SKIP","floor":2.0},{"not_picked":["Hologram","Leap","Compile Driver"],"picked":"SKIP","floor":5.0},{"not_picked":["Tempest","White Noise"],"picked":"Turbo","floor":8.0},{"not_picked":["Go for the Eyes","Leap"],"picked":"Gash","floor":11.0},{"not_picked":["Barrage","Reinforced Body","Compile Driver"],"picked":"SKIP","floor":13.0},{"not_picked":["Turbo","Rebound","Sweeping Beam"],"picked":"SKIP","floor":14.0}],"player_experience":798750,"relics_obtained":[{"floor":9.0,"key":"Juzu Bracelet"},{"floor":11.0,"key":"Odd Mushroom"}],"event_choices":[{"damage_healed":0.0,"max_hp_gain":0.0,"max_hp_loss":0.0,"gold_gain":75.0,"event_name":"World of Goop","player_choice":"Gather Gold","floor":3.0,"gold_loss":0.0,"damage_taken":11.0},{"cards_removed":["Strike_B"],"damage_healed":0.0,"max_hp_gain":0.0,"max_hp_loss":0.0,"gold_gain":0.0,"event_name":"The Cleric","player_choice":"Card Removal","floor":4.0,"gold_loss":75.0,"damage_taken":0.0},{"damage_healed":0.0,"max_hp_gain":0.0,"max_hp_loss":0.0,"gold_gain":0.0,"event_name":"Mushrooms","player_choice":"Fought Mushrooms","floor":11.0,"gold_loss":0.0,"damage_taken":0.0}],"is_beta":false,"boss_relics":[],"items_purged_floors":[7,12],"is_endless":false,"potions_floor_spawned":[5,8,13],"killed_by":"Slime Boss","ascension_level":20}}