{"host":"jq8d8epkoknfq6em","time":1610219915,"event":{"mods":["AchievementEnabler","BaseMod","Colored Map","Colored Powertips","Highlight Path","Minty Spire (QoL Compilation)","Quick Restart","StSLib"],"gold_per_floor":[115,128,31,41,41,41,51,80,104,104,104,132,132,132,132,132,132],"floor_reached":16,"playtime":683,"items_purged":["Decay"],"score":167,"play_id":"24ef7b7f-fe93-488e-94c8-d83e89ed5569","local_time":"20210109201835","is_ascension_mode":true,"campfire_choices":[{"data":"Bash","floor":6,"key":"SMITH"},{"data":"Carnage","floor":11,"key":"SMITH"},{"data":"Hemokinesis","floor":13,"key":"SMITH"},{"data":"Hemokinesis","floor":15,"key":"SMITH"}],"circlet_count":0,"master_deck":["AscendersBane","Strike_R","Strike_R","Strike_R","Defend_R","Defend_R","Defend_R","Defend_R","Bash+1","Reaper","Hemokinesis+1","Combust","Shrug It Off","Cleave+1","Carnage+1","Headbutt","Hemokinesis+1"],"relics":["Burning Blood","Toy Ornithopter","Smiling Mask","Lantern"],"acts_visited":["Exordium"],"potions_floor_usage":[8,12],"damage_taken":[{"damage":3,"enemies":"2 Louse","floor":1,"turns":4},{"damage":7,"enemies":"Small Slimes","floor":2,"turns":4},{"damage":6,"enemies":"Cultist","floor":4,"turns":4},{"damage":13,"enemies":"Exordium Wildlife","floor":7,"turns":6},{"damage":35,"enemies":"Lagavulin","floor":8,"turns":7},{"damage":37,"enemies":"3 Sentries","floor":12,"turns":6},{"damage":30,"enemies":"The Guardian","floor":16,"turns":4}],"seed_played":"-8361635703776098206","potions_obtained":[{"floor":2,"key":"FearPotion"},{"floor":7,"key":"Strength Potion"},{"floor":8,"key":"SteroidPotion"}],"is_trial":false,"path_per_floor":["M","M","$","M","?","R","M","E","T","?","R","E","R","?","R","B"],"character_chosen":"IRONCLAD","items_purchased":["Shrug It Off"],"campfire_rested":0,"item_purchase_floors":[3],"current_hp_per_floor":[80,80,80,80,80,80,77,54,54,47,47,30,30,30,30,0,0],"gold":132,"neow_bonus":"THREE_RARE_CARDS","is_daily":false,"chose_seed":false,"campfire_upgraded":4,"win_rate":0.0,"timestamp":1610219915,"path_taken":["M","M","$","M","?","R","M","E","T","?","R","E","R","?","R","BOSS"],"items_purchased_type":["Card"],"build_version":"2020-12-22","purchased_purges":1,"victory":false,"max_hp_per_floor":[80,80,80,80,80,80,80,80,80,80,80,80,80,80,80,80,80],"card_choices":[{"not_picked":["Limit Break","Offering"],"picked":"Reaper","floor":0},{"not_picked":["Second Wind","Twin Strike"],"picked":"Hemokinesis","floor":1},{"not_picked":["Entrench","Perfected Strike"],"picked":"Combust","floor":2},{"not_picked":["Burning Pact","Clash"],"picked":"Cleave","floor":4},{"not_picked":["Sword Boomerang","Twin Strike"],"picked":"Carnage","floor":7},{"not_picked":["Thunderclap","Perfected Strike"],"picked":"Headbutt","floor":8},{"not_picked":["Corruption","Flex"],"picked":"Hemokinesis","floor":12}],"player_experience":977649,"relics_obtained":[{"floor":8,"key":"Toy Ornithopter"},{"floor":9,"key":"Smiling Mask"},{"floor":12,"key":"Lantern"}],"event_choices":[{"damage_healed":0,"gold_gain":0,"player_choice":"Grow","damage_taken":0,"max_hp_gain":0,"max_hp_loss":0,"event_name":"Living Wall","floor":5,"gold_loss":0,"cards_upgraded":["Cleave"]},{"cards_removed":["Strike_R"],"damage_healed":0,"gold_gain":0,"player_choice":"Card Removal","damage_taken":7,"max_hp_gain":0,"max_hp_loss":0,"event_name":"Golden Wing","floor":10,"gold_loss":0},{"cards_removed":["Strike_R"],"damage_healed":0,"gold_gain":0,"player_choice":"Purged","damage_taken":0,"max_hp_gain":0,"max_hp_loss":0,"event_name":"Purifier","floor":14,"gold_loss":0}],"is_beta":false,"boss_relics":[],"items_purged_floors":[3],"is_endless":false,"potions_floor_spawned":[2,7,8],"killed_by":"The Guardian","ascension_level":11}}