{"host":"wnty67d4nhrob9mt","time":1610195744,"event":{"mods":["BaseMod","Block Reminder","Infinite Spire","Minty Spire (QoL Compilation)","Permanent Neow","Quick Restart","Relic Stats","Replay The Spire","StSLib","The Jungle"],"gold_per_floor":[109,122,122,132,152,180,16,16,16,48,48,48,61,78,78,175,175,175,126,126,126,126,126,126,126],"floor_reached":24,"playtime":2653,"items_purged":[],"score":239,"play_id":"63460764-fd57-4ae2-b3b1-c2a4dc6797a3","local_time":"20210109153544","is_ascension_mode":true,"campfire_choices":[{"data":"Replay:Dark Deal","floor":8,"key":"SMITH"},{"data":"Reaper","floor":12,"key":"SMITH"},{"data":"Replay:Undeath\u0027s Touch","floor":12,"key":"SMITH"},{"floor":15,"key":"REST"}],"circlet_count":0,"master_deck":["Strike_R","Strike_R","Strike_R","Strike_R","Strike_R","Defend_R","Defend_R","Defend_R","Defend_R","Bash","Replay:Dark Deal+1","Twin Strike","Anger","Run Through","ReplayTheSpireMod:Strike From Hell","Reaper+1","Replay:Undeath\u0027s Touch+1","Pummel","Pummel","Shrug It Off","Rage","Anger","Warcry","Limit Break","Flex","Armaments","Burning Pact","Sword Boomerang+1","ReplayTheSpireMod:LeadingStrike"],"relics":["Burning Blood","Thread and Needle","Replay:Arrowhead","infinitespire:Eraser","Ectoplasm","theJungle:WildPear","Snack Pack"],"acts_visited":["Exordium","Exordium"],"potions_floor_usage":[16,16,21,23],"damage_taken":[{"damage":0,"enemies":"Cultist","floor":1,"turns":4},{"damage":6,"enemies":"Jaw Worm","floor":2,"turns":4},{"damage":6,"enemies":"2 Louse","floor":4,"turns":3},{"damage":5,"enemies":"Looter","floor":5,"turns":3},{"damage":44,"enemies":"Lagavulin","floor":6,"turns":8},{"damage":13,"enemies":"Replay:BlueRogue","floor":10,"turns":4},{"damage":2,"enemies":"Large Slime","floor":13,"turns":6},{"damage":0,"enemies":"Exordium Wildlife","floor":14,"turns":2},{"damage":15,"enemies":"The Guardian","floor":16,"turns":7},{"damage":0,"enemies":"theJungle:5_Spyders","floor":18,"turns":8},{"damage":7,"enemies":"Shell Parasite","floor":20,"turns":5},{"damage":44,"enemies":"theJungle:2_Snecko_Cultists","floor":21,"turns":5},{"damage":53,"enemies":"theJungle:MamaSnecko","floor":23,"turns":6},{"damage":48,"enemies":"theJungle:Lyon","floor":24,"turns":5}],"seed_played":"-5771585080594768573","potions_obtained":[{"floor":4,"key":"Strength Potion"},{"floor":13,"key":"FearPotion"},{"floor":14,"key":"ElixirPotion"},{"floor":18,"key":"Fire Potion"},{"floor":21,"key":"FearPotion"}],"is_trial":false,"path_per_floor":["M","M","?","M","M","E","$","R","T","E","$","R","M","M","R","B",null,"M","$","M","M","?","E","M"],"character_chosen":"IRONCLAD","items_purchased":["Replay:Undeath\u0027s Touch","Pummel","Shrug It Off","Armaments"],"campfire_rested":1,"item_purchase_floors":[7,7,7,19],"current_hp_per_floor":[72,72,72,72,72,34,34,34,34,27,27,27,36,42,63,54,72,72,72,71,34,44,28,0,0],"gold":126,"neow_bonus":"RANDOM_COLORLESS_2","is_daily":false,"chose_seed":false,"campfire_upgraded":3,"win_rate":0.0,"timestamp":1610195744,"path_taken":["M","?","?","M","M","E","$","R","T","E","$","R","?","M","R","BOSS","M","?","M","M","?","E","M"],"items_purchased_type":["Card","Card","Card","Card"],"build_version":"2020-12-22","purchased_purges":0,"victory":false,"max_hp_per_floor":[72,72,72,72,72,72,72,72,72,72,72,72,72,72,72,72,72,72,72,72,72,82,82,82,82],"relic_stats":{"counters":[14,70],"Ectoplasm":68,"obtain_stats":[{"Thread and Needle":6,"Ectoplasm":17,"theJungle:WildPear":22,"Snack Pack":23,"infinitespire:Eraser":10,"Burning Blood":0,"Replay:Arrowhead":9},{"Thread and Needle":5,"Ectoplasm":9,"theJungle:WildPear":12,"Snack Pack":13,"infinitespire:Eraser":6,"Burning Blood":0,"Replay:Arrowhead":5},{"Thread and Needle":22,"Ectoplasm":41,"theJungle:WildPear":59,"Snack Pack":65,"infinitespire:Eraser":26,"Burning Blood":0,"Replay:Arrowhead":22}],"Burning Blood":65},"card_choices":[{"not_picked":["Poisoned Strike","The Bomb"],"picked":"Replay:Dark Deal","floor":0},{"not_picked":["Clothesline","Second Wind"],"picked":"Twin Strike","floor":1},{"not_picked":["Warcry","Intimidate"],"picked":"Anger","floor":2},{"not_picked":["Life Link","Iron Wave"],"picked":"Run Through","floor":4},{"not_picked":["Anger","Body Slam"],"picked":"ReplayTheSpireMod:Strike From Hell","floor":5},{"not_picked":["Shrug It Off","Run Through"],"picked":"Reaper","floor":6},{"not_picked":["Evolve","Second Wind"],"picked":"Rage","floor":10},{"not_picked":["Bloodletting","ReplayTheSpireMod:Strike From Hell"],"picked":"Anger","floor":13},{"not_picked":["Perfected Strike","Second Wind"],"picked":"Warcry","floor":14},{"not_picked":["Corruption","Brutality"],"picked":"Limit Break","floor":16},{"not_picked":["True Grit","Wild Strike+1"],"picked":"Flex","floor":18},{"not_picked":["Rage+1","Entrench"],"picked":"Burning Pact","floor":20},{"not_picked":["Flame Barrier","Clash"],"picked":"Sword Boomerang+1","floor":21},{"not_picked":["Iron Wave","Headbutt"],"picked":"ReplayTheSpireMod:LeadingStrike","floor":23}],"player_experience":156055,"relics_obtained":[{"floor":6,"key":"Thread and Needle"},{"floor":9,"key":"Replay:Arrowhead"},{"floor":10,"key":"infinitespire:Eraser"},{"floor":23,"key":"Snack Pack"}],"event_choices":[{"damage_healed":0,"gold_gain":0,"player_choice":"Ignored","damage_taken":0,"max_hp_gain":0,"max_hp_loss":0,"event_name":"NoteForYourself","floor":3,"gold_loss":0}],"is_beta":false,"boss_relics":[{"not_picked":["ReplayTheSpireMod:DimensionalGlitch","Runic Dome"],"picked":"Ectoplasm"}],"items_purged_floors":[],"is_endless":false,"potions_floor_spawned":[4,13,14,18,21],"killed_by":"theJungle:Lyon","ascension_level":1}}