{"host":"3l94tha3a4jgu0q4","time":1610191622,"event":{"mods":["2.2 Compatiblity","AchievementEnabler","BaseMod","Colored Map","Colored Powertips","Highlight Path","Minty Spire (QoL Compilation)","Permanent Neow","StSLib","SuperFastMode"],"gold_per_floor":[99,99,99,99,99,99,99,1,1,1,1,1,1,1,1,1,1,0,0,0,0,0,0,0,0,0,0,0,0,0,0],"floor_reached":30,"playtime":4663,"items_purged":["Pain"],"score":493,"play_id":"a51c89e4-7c5f-4599-88e9-75fa7d313dec","local_time":"20210109032702","is_ascension_mode":true,"campfire_choices":[{"data":"Eruption","floor":6,"key":"SMITH"},{"data":"WaveOfTheHand","floor":11,"key":"SMITH"},{"floor":15,"key":"REST"},{"data":"Devotion","floor":23,"key":"SMITH"}],"circlet_count":0,"master_deck":["AscendersBane","Strike_P+1","Strike_P+1","Strike_P+1","Defend_P+1","Defend_P+1","Defend_P+1","Defend_P+1","Eruption+1","Vigilance","Conclude","WaveOfTheHand+1","FollowUp+1","EmptyFist","Crescendo","EmptyFist+1","ConjureBlade","Sanctity","ClearTheMind","Wallop","Devotion+1","Evaluate+1","Consecrate","Evaluate+1","Halt","SignatureMove+1"],"relics":["Ectoplasm","WarpedTongs","Toy Ornithopter","Bag of Marbles","Whetstone","Boot","VioletLotus","Nilry\u0027s Codex","Bottled Flame","The Courier","Bronze Scales"],"acts_visited":["Exordium","TheCity"],"potions_floor_usage":[7,12,18,28,28],"damage_taken":[{"damage":5,"enemies":"Small Slimes","floor":1,"turns":4},{"damage":0,"enemies":"Cultist","floor":3,"turns":2},{"damage":2,"enemies":"2 Louse","floor":4,"turns":2},{"damage":13,"enemies":"Exordium Thugs","floor":5,"turns":4},{"damage":17,"enemies":"3 Sentries","floor":7,"turns":6},{"damage":22,"enemies":"Lagavulin","floor":12,"turns":4},{"damage":2,"enemies":"Gremlin Gang","floor":13,"turns":4},{"damage":2,"enemies":"Gremlin Nob","floor":14,"turns":3},{"damage":12,"enemies":"Hexaghost","floor":16,"turns":8},{"damage":17,"enemies":"2 Thieves","floor":18,"turns":3},{"damage":0,"enemies":"Chosen","floor":21,"turns":4},{"damage":2,"enemies":"Gremlin Leader","floor":24,"turns":7},{"damage":3,"enemies":"Shelled Parasite and Fungi","floor":25,"turns":4},{"damage":35,"enemies":"Centurion and Healer","floor":27,"turns":4},{"damage":21,"enemies":"Book of Stabbing","floor":28,"turns":7},{"damage":6,"enemies":"Snecko","floor":29,"turns":4},{"damage":7,"enemies":"Snake Plant","floor":30,"turns":1}],"seed_played":"482267855277054935","potions_obtained":[{"floor":4,"key":"FairyPotion"},{"floor":5,"key":"ColorlessPotion"},{"floor":7,"key":"GamblersBrew"},{"floor":14,"key":"SneckoOil"},{"floor":24,"key":"PowerPotion"},{"floor":27,"key":"Strength Potion"},{"floor":28,"key":"DuplicationPotion"},{"floor":29,"key":"SteroidPotion"}],"is_trial":false,"path_per_floor":["M","?","M","M","M","R","E","$","T","?","R","E","M","E","R","B",null,"M","?","$","M","?","R","E","M","T","M","E","M","M"],"character_chosen":"WATCHER","items_purchased":["EmptyFist"],"campfire_rested":1,"item_purchase_floors":[8],"current_hp_per_floor":[56,56,56,54,41,41,24,24,24,24,24,7,5,3,23,11,54,42,42,42,42,26,26,24,21,21,20,9,3,0,0],"gold":0,"neow_bonus":"BOSS_RELIC","is_daily":false,"chose_seed":false,"campfire_upgraded":3,"win_rate":0.0,"timestamp":1610191622,"path_taken":["M","?","M","M","M","R","E","?","T","?","R","E","?","E","R","BOSS","M","?","$","M","?","R","E","?","T","M","E","?","?"],"items_purchased_type":["Card"],"build_version":"2020-12-22","purchased_purges":1,"victory":false,"max_hp_per_floor":[68,68,68,68,68,68,68,68,68,68,68,68,68,68,68,68,68,68,68,68,68,68,68,68,68,68,68,68,68,68,68],"card_choices":[{"not_picked":["ClearTheMind","Evaluate"],"picked":"Conclude","floor":1},{"not_picked":["Swivel","Sanctity"],"picked":"WaveOfTheHand","floor":3},{"not_picked":["Worship","ThirdEye"],"picked":"FollowUp","floor":4},{"not_picked":["ForeignInfluence","JustLucky"],"picked":"EmptyFist","floor":5},{"not_picked":["CrushJoints","WreathOfFlame"],"picked":"Crescendo","floor":7},{"not_picked":["CrushJoints","WaveOfTheHand"],"picked":"Sanctity","floor":12},{"not_picked":["Sanctity","EmptyMind"],"picked":"ClearTheMind","floor":13},{"not_picked":["Evaluate","ConjureBlade"],"picked":"Wallop","floor":14},{"not_picked":["Omniscience","Alpha"],"picked":"Devotion","floor":16},{"not_picked":["FollowUp+1","Worship"],"picked":"Evaluate+1","floor":18},{"not_picked":["BowlingBash","Crescendo"],"picked":"Consecrate","floor":21},{"not_picked":["BowlingBash","CrushJoints"],"picked":"Evaluate+1","floor":24},{"not_picked":["FlyingSleeves","Protect","SashWhip"],"picked":"SKIP","floor":25},{"not_picked":["SandsOfTime","Perseverance"],"picked":"Halt","floor":27},{"not_picked":["Fasting2","Swivel","FollowUp"],"picked":"SKIP","floor":28},{"not_picked":["Conclude","PathToVictory"],"picked":"SignatureMove+1","floor":29}],"player_experience":1906013,"relics_obtained":[{"floor":7,"key":"Toy Ornithopter"},{"floor":9,"key":"Bag of Marbles"},{"floor":12,"key":"Whetstone"},{"floor":14,"key":"Boot"},{"floor":22,"key":"Nilry\u0027s Codex"},{"floor":24,"key":"Bottled Flame"},{"floor":26,"key":"The Courier"},{"floor":28,"key":"Bronze Scales"}],"event_choices":[{"damage_healed":0,"gold_gain":0,"player_choice":"Rummage","damage_taken":0,"relics_obtained":["WarpedTongs"],"max_hp_gain":0,"max_hp_loss":0,"event_name":"Accursed Blacksmith","floor":2,"gold_loss":0,"cards_obtained":["Pain"]},{"damage_healed":0,"gold_gain":0,"cards_transformed":["Strike_P"],"player_choice":"Transformed","damage_taken":0,"max_hp_gain":0,"max_hp_loss":0,"event_name":"Transmorgrifier","floor":10,"gold_loss":0,"cards_obtained":["ConjureBlade"]},{"damage_healed":0,"gold_gain":0,"player_choice":"Simplicity","damage_taken":0,"max_hp_gain":0,"max_hp_loss":0,"event_name":"Back to Basics","floor":19,"gold_loss":0,"cards_upgraded":["Strike_P","Strike_P","Strike_P","Defend_P","Defend_P","Defend_P","Defend_P"]},{"damage_healed":0,"gold_gain":0,"player_choice":"Obtained Book","damage_taken":16,"max_hp_gain":0,"max_hp_loss":0,"event_name":"Cursed Tome","floor":22,"gold_loss":0}],"is_beta":false,"boss_relics":[{"not_picked":["Runic Dome","Black Star"],"picked":"VioletLotus"}],"items_purged_floors":[8],"is_endless":false,"potions_floor_spawned":[4,5,7,14,24,27,28,29],"killed_by":"Snake Plant","ascension_level":14}}