{"host":"uc0x0d8zaap3n3zi","time":1610175636,"event":{"mods":["2.2 Compatiblity","AchievementEnabler","Act Like it!","Alarm Clock","BaseMod","Colored Powertips","Downfall","Minty Spire (QoL Compilation)","Pale of the Ancients","Rare Cards Sparkle","Relic Stats","StSLib","The Cursed","The Marked","The Servant 0.9.4","slay the spire mod where everything is the same but ironclad has a cowboy hat"],"gold_per_floor":[115,133,149,324,20,20,20,20,91,109,129,148,166,166,166,290,290,304,304,329,38,57,57,71,22,22,41,66,165,165,165,165,289,289,289,120,183,183,183,183,219,219,244,244,280,293,293,308,308,308,308],"floor_reached":50,"playtime":2578,"items_purged":["Doubt","Strike_R"],"score":567,"play_id":"3d78a41c-91c4-48bd-8842-ae88abd89e99","local_time":"20210109200036","is_ascension_mode":false,"campfire_choices":[{"data":"Metallicize","floor":6.0,"key":"SMITH"},{"data":"Bash","floor":8.0,"key":"SMITH"},{"data":"Berserk","floor":15.0,"key":"SMITH"},{"floor":23.0,"key":"REST"},{"data":"Evolve","floor":32.0,"key":"SMITH"},{"data":"Berserk","floor":40,"key":"SMITH"},{"floor":44,"key":"REST"},{"data":"Feel No Pain","floor":47,"key":"SMITH"},{"floor":49,"key":"REST"}],"circlet_count":0,"master_deck":["Strike_R","Defend_R","Defend_R","Defend_R","Defend_R","Bash+1","Metallicize+1","Feel No Pain+1","Cleave","Berserk+1","Evolve+1","Demon Form","Body Slam+1","Metallicize+1","Sentinel","Shrug It Off","Reckless Charge","Wild Strike","Berserk+1","Feel No Pain","Power Through+1","Wild Strike+1","Armaments+1"],"relics":["Burning Blood","Medical Kit","Self Forming Clay","Singing Bowl","Golden Idol","Astrolabe","Tiny Chest","Ice Cream","Black Star","WingedGreaves","Paper Frog","Potion Belt","CaptainsWheel","Strawberry","PreservedInsect","Frozen Egg 2"],"acts_visited":["Exordium","TheCity","TheBeyond"],"potions_floor_usage":[35,41,50,50],"damage_taken":[{"damage":0.0,"enemies":"Small Slimes","floor":1.0,"turns":3.0},{"damage":16.0,"enemies":"Jaw Worm","floor":2.0,"turns":5.0},{"damage":7.0,"enemies":"Cultist","floor":3.0,"turns":4.0},{"damage":3.0,"enemies":"2 Fungi Beasts","floor":10.0,"turns":4.0},{"damage":12.0,"enemies":"Looter","floor":11.0,"turns":3.0},{"damage":25.0,"enemies":"Exordium Thugs","floor":12.0,"turns":6.0},{"damage":6.0,"enemies":"Exordium Wildlife","floor":13.0,"turns":4.0},{"damage":14.0,"enemies":"Hexaghost","floor":16.0,"turns":13.0},{"damage":11.0,"enemies":"Shell Parasite","floor":18.0,"turns":8.0},{"damage":55.0,"enemies":"3 Byrds","floor":20.0,"turns":9.0},{"damage":17.0,"enemies":"Snake Plant","floor":22.0,"turns":8.0},{"damage":3.0,"enemies":"Snecko","floor":24.0,"turns":8.0},{"damage":4.0,"enemies":"Centurion and Healer","floor":27.0,"turns":7.0},{"damage":19.0,"enemies":"Snake Plant","floor":28.0,"turns":7.0},{"damage":40.0,"enemies":"Champ","floor":33.0,"turns":12.0},{"damage":0,"enemies":"3 Darklings","floor":35,"turns":1},{"damage":26,"enemies":"Mind Bloom Boss Battle","floor":37,"turns":7},{"damage":36,"enemies":"Giant Head","floor":41,"turns":10},{"damage":24,"enemies":"Nemesis","floor":45,"turns":7},{"damage":22,"enemies":"Orb Walker","floor":46,"turns":6},{"damage":34,"enemies":"Jaw Worm Horde","floor":48,"turns":8},{"damage":111,"enemies":"Awakened One","floor":50,"turns":11}],"seed_played":"35824698440122134","potions_obtained":[{"floor":3.0,"key":"SmokeBomb"},{"floor":13.0,"key":"Swift Potion"},{"floor":24.0,"key":"SmokeBomb"},{"floor":27.0,"key":"Weak Potion"},{"floor":37,"key":"ColorlessPotion"},{"floor":41,"key":"Explosive Potion"},{"floor":48,"key":"PowerPotion"}],"is_trial":false,"path_per_floor":["M","M","M","?","$","R","?","R","T","M","M","M","M","?","R","B",null,"M","?","M","$","M","R","M","$","T","M","M","?","?","T","R","B",null,"M","$","?","?","?","R","E","T","T","R","E","M","R","M","R","B"],"character_chosen":"IRONCLAD","items_purchased":["Medical Kit","Feel No Pain","Reckless Charge","FairyPotion","Tiny Chest","Wild Strike","Feel No Pain"],"campfire_rested":3,"item_purchase_floors":[5,5,21,21,21,25,36],"current_hp_per_floor":[88,78,77,77,77,77,77,77,77,80,74,57,57,57,57,49,83,80,80,31,31,22,48,53,53,53,57,46,46,46,46,46,12,93,93,93,73,73,75,75,47,47,54,85,67,53,53,25,56,0,0],"gold":308,"neow_bonus":"TEN_PERCENT_HP_BONUS","is_daily":false,"chose_seed":false,"campfire_upgraded":6,"win_rate":0.0,"timestamp":1610175636,"path_taken":["M","M","M","?","$","R","?","R","T","M","M","M","?","?","R","BOSS","M","?","M","?","?","R","M","$","T","M","M","?","?","?","R","BOSS","M","$","?","?","?","R","E","?","T","R","E","M","R","M","R","BOSS"],"items_purchased_type":["Relic","Card","Card","Potion","Relic","Card","Card"],"build_version":"2020-12-22","purchased_purges":2,"victory":false,"max_hp_per_floor":[88,88,88,88,88,88,88,88,88,88,88,90,90,83,83,83,83,85,85,85,85,87,87,89,89,89,91,93,93,93,93,93,93,93,93,93,93,93,95,95,97,97,104,104,104,106,106,106,106,106,106],"relic_stats":{"Singing Bowl":18,"counters":[22,151],"Self Forming Clay":[219],"Golden Idol":110,"Astrolabe":["Body Slam","Metallicize","Blood for Blood"],"Tiny Chest":2,"PreservedInsect":0,"Black Star":2,"Medical Kit":[70],"obtain_stats":[{"Ice Cream":31,"Potion Belt":41,"Singing Bowl":9,"Self Forming Clay":7,"Golden Idol":14,"Astrolabe":17,"PreservedInsect":45,"Frozen Egg 2":45,"Medical Kit":5,"Burning Blood":0,"CaptainsWheel":42,"Strawberry":43,"Tiny Chest":21,"WingedGreaves":37,"Black Star":34,"Paper Frog":41},{"Ice Cream":14,"Potion Belt":18,"Singing Bowl":3,"Self Forming Clay":3,"Golden Idol":7,"Astrolabe":8,"PreservedInsect":19,"Frozen Egg 2":19,"Medical Kit":3,"Burning Blood":0,"CaptainsWheel":18,"Strawberry":18,"Tiny Chest":10,"WingedGreaves":17,"Black Star":15,"Paper Frog":18},{"Ice Cream":89,"Potion Belt":119,"Singing Bowl":12,"Self Forming Clay":12,"Golden Idol":29,"Astrolabe":42,"PreservedInsect":126,"Frozen Egg 2":126,"Medical Kit":12,"Burning Blood":0,"CaptainsWheel":119,"Strawberry":119,"Tiny Chest":59,"WingedGreaves":109,"Black Star":101,"Paper Frog":119}],"Burning Blood":114},"card_choices":[{"not_picked":["True Grit","Clothesline","Rupture"],"picked":"SKIP","floor":1.0},{"not_picked":["Body Slam","Iron Wave"],"picked":"Metallicize","floor":2.0},{"not_picked":["Clothesline","Headbutt","Sword Boomerang"],"picked":"SKIP","floor":3.0},{"not_picked":["Clash","Sword Boomerang"],"picked":"Cleave","floor":10.0},{"not_picked":["True Grit","Ghostly Armor"],"picked":"Berserk","floor":11.0},{"not_picked":["Second Wind","Sword Boomerang","Twin Strike"],"picked":"Singing Bowl","floor":12.0},{"not_picked":["Flex","Pommel Strike"],"picked":"Evolve","floor":13.0},{"not_picked":["Impervious","Corruption"],"picked":"Demon Form","floor":16.0},{"not_picked":["Flex","Dual Wield","Headbutt"],"picked":"Singing Bowl","floor":18.0},{"not_picked":["Sentinel+1","Bloodletting"],"picked":"Shrug It Off","floor":20.0},{"not_picked":["Metallicize","Bloodletting","Body Slam"],"picked":"Singing Bowl","floor":22.0},{"not_picked":["Double Tap","Combust","Warcry+1"],"picked":"Singing Bowl","floor":24.0},{"not_picked":["Shrug It Off","Hemokinesis","Carnage"],"picked":"Singing Bowl","floor":27.0},{"not_picked":["Pommel Strike","Havoc","Twin Strike"],"picked":"Singing Bowl","floor":28.0},{"not_picked":["Barricade","Offering"],"picked":"Berserk","floor":33.0},{"not_picked":["Headbutt","Shrug It Off+1"],"picked":"Power Through+1","floor":37},{"not_picked":["Madness","Forethought","Transmutation"],"picked":"Singing Bowl","floor":39},{"not_picked":["Iron Wave+1","Second Wind","Metallicize"],"picked":"Singing Bowl","floor":41},{"not_picked":["Havoc+1","Whirlwind"],"picked":"Wild Strike+1","floor":45},{"not_picked":["Havoc+1","Feed","Warcry+1"],"picked":"Singing Bowl","floor":46},{"not_picked":["True Grit","Wild Strike+1"],"picked":"Armaments+1","floor":48}],"player_experience":280979,"relics_obtained":[{"floor":9.0,"key":"Singing Bowl"},{"floor":31.0,"key":"Ice Cream"},{"floor":37,"key":"WingedGreaves"},{"floor":41,"key":"Paper Frog"},{"floor":41,"key":"Potion Belt"},{"floor":42,"key":"CaptainsWheel"},{"floor":43,"key":"Strawberry"},{"floor":45,"key":"PreservedInsect"},{"floor":45,"key":"Frozen Egg 2"}],"event_choices":[{"damage_healed":0.0,"max_hp_gain":0.0,"max_hp_loss":0.0,"gold_gain":175.0,"event_name":"Liars Game","player_choice":"AGREE","floor":4.0,"gold_loss":0.0,"damage_taken":0.0,"cards_obtained":["Doubt"]},{"damage_healed":0.0,"max_hp_gain":0.0,"max_hp_loss":0.0,"gold_gain":0.0,"event_name":"WeMeetAgain","player_choice":"Gave Potion","floor":7.0,"gold_loss":0.0,"damage_taken":0.0,"relics_obtained":["Self Forming Clay"]},{"damage_healed":0.0,"max_hp_gain":0.0,"max_hp_loss":7.0,"gold_gain":0.0,"event_name":"Golden Idol","player_choice":"Lose Max HP","floor":14.0,"gold_loss":0.0,"damage_taken":0.0,"relics_obtained":["Golden Idol"]},{"damage_healed":0.0,"max_hp_gain":0.0,"max_hp_loss":0.0,"gold_gain":0.0,"cards_transformed":["Blood for Blood"],"event_name":"Transmorgrifier","player_choice":"Transformed","floor":19.0,"gold_loss":0.0,"damage_taken":0.0,"cards_obtained":["Sentinel"]},{"damage_healed":0.0,"max_hp_gain":0.0,"max_hp_loss":0.0,"gold_gain":99.0,"event_name":"Nest","player_choice":"Stole From Cult","floor":29.0,"gold_loss":0.0,"damage_taken":0.0},{"damage_healed":0.0,"max_hp_gain":0.0,"max_hp_loss":0.0,"gold_gain":0.0,"event_name":"N\u0027loth","player_choice":"Ignored","floor":30.0,"gold_loss":0.0,"damage_taken":0.0},{"damage_healed":0,"gold_gain":0,"player_choice":"Fight","damage_taken":0,"max_hp_gain":0,"max_hp_loss":0,"event_name":"MindBloom","floor":37,"gold_loss":0},{"damage_healed":0,"gold_gain":0,"player_choice":"Ignored","damage_taken":0,"max_hp_gain":0,"max_hp_loss":0,"event_name":"Mysterious Sphere","floor":38,"gold_loss":0},{"damage_healed":0,"gold_gain":0,"player_choice":"Memory 1","damage_taken":0,"max_hp_gain":0,"max_hp_loss":0,"event_name":"SensoryStone","floor":39,"gold_loss":0}],"is_beta":false,"boss_relics":[{"not_picked":["Runic Dome","Busted Crown"],"picked":"Astrolabe"},{"not_picked":["Runic Pyramid","Runic Cube"],"picked":"Black Star"}],"items_purged_floors":[5,36],"is_endless":false,"potions_floor_spawned":[3,13,24,27,35,37,41,48],"killed_by":"Awakened One","ascension_level":0}}