{"host":"kh6fvhxn285ncg0o","time":1610182872,"event":{"mods":["Act Like it!","BaseMod","Colored Map","Friendly Minions","Keyboard Shortcuts","Minty Spire (QoL Compilation)","Quick Restart","Relic Stats","StSLib","SuperFastMode"],"gold_per_floor":[364,364,381,265,279,313,313,341,368,382,398,431,441,441,441,512,512,529,203,219,219,235,235,235,235],"floor_reached":24,"playtime":751,"items_purged":["Strike_R","Immolate"],"score":436,"play_id":"c451c0d8-b369-44e3-bb10-607b0d9d0fa8","local_time":"20210109180112","is_ascension_mode":true,"campfire_choices":[{"data":"Immolate","floor":7.0,"key":"SMITH"},{"data":"Evolve","floor":15.0,"key":"SMITH"},{"data":"Body Slam","floor":23,"key":"SMITH"}],"circlet_count":0,"master_deck":["AscendersBane","Bash","Evolve+1","Infernal Blade","Immolate+1","Wild Strike","Feel No Pain","Burning Pact","Rage+1","Second Wind","Feed","Barricade","Blood for Blood","Intimidate","Body Slam+1","Infernal Blade","Havoc","Bludgeon","Immolate","Fire Breathing","Dark Shackles","Entrench+1","Sentinel"],"relics":["Burning Blood","Red Skull","Smiling Mask","Centennial Puzzle","Champion Belt","Pandora\u0027s Box","Oddly Smooth Stone"],"acts_visited":["Exordium","TheCity"],"potions_floor_usage":[16,16,24],"damage_taken":[{"damage":10.0,"enemies":"2 Louse","floor":1.0,"turns":4.0},{"damage":12.0,"enemies":"Cultist","floor":3.0,"turns":4.0},{"damage":11.0,"enemies":"Jaw Worm","floor":5.0,"turns":4.0},{"damage":15.0,"enemies":"3 Sentries","floor":6.0,"turns":5.0},{"damage":8.0,"enemies":"Gremlin Nob","floor":8.0,"turns":3.0},{"damage":9.0,"enemies":"Red Slaver","floor":10.0,"turns":3.0},{"damage":6.0,"enemies":"Looter","floor":11.0,"turns":2.0},{"damage":15.0,"enemies":"Lagavulin","floor":12.0,"turns":7.0},{"damage":8.0,"enemies":"3 Louse","floor":13.0,"turns":6.0},{"damage":37,"enemies":"The Guardian","floor":16,"turns":13},{"damage":29,"enemies":"Chosen","floor":18,"turns":8},{"damage":23,"enemies":"Spheric Guardian","floor":20,"turns":4},{"damage":0,"enemies":"Snake Plant","floor":22,"turns":3},{"damage":33,"enemies":"Book of Stabbing","floor":24,"turns":4}],"seed_played":"-6250880084443470911","potions_obtained":[{"floor":6.0,"key":"DistilledChaos"},{"floor":10.0,"key":"PowerPotion"},{"floor":11.0,"key":"Regen Potion"},{"floor":12.0,"key":"Strength Potion"},{"floor":13.0,"key":"GamblersBrew"},{"floor":22,"key":"ColorlessPotion"}],"is_trial":false,"path_per_floor":["M","?","M","$","M","E","R","E","T","M","M","E","M","?","R","B",null,"M","$","M","T","M","R","E"],"character_chosen":"IRONCLAD","items_purchased":["Feel No Pain","Oddly Smooth Stone","Dark Shackles"],"campfire_rested":0,"item_purchase_floors":[4,19,19],"current_hp_per_floor":[64,64,58,58,53,44,44,42,42,39,39,33,49,49,49,21,63,43,43,26,26,32,32,0,0],"gold":235,"neow_bonus":"TWO_FIFTY_GOLD","is_daily":false,"chose_seed":false,"campfire_upgraded":3,"win_rate":0.0,"timestamp":1610182872,"path_taken":["M","?","M","$","?","E","R","E","T","M","M","E","M","?","R","BOSS","M","$","M","?","M","R","E"],"items_purchased_type":["Card","Relic","Card"],"build_version":"2020-12-22","purchased_purges":2,"victory":false,"max_hp_per_floor":[68,68,68,68,68,68,68,68,68,68,68,71,74,74,74,77,77,80,80,80,80,80,80,80,80],"relic_stats":{"Centennial Puzzle":[24],"counters":[14,70],"Pandora\u0027s Box":["Blood for Blood","Intimidate","Body Slam","Infernal Blade","Havoc","Bludgeon","Immolate","Immolate"],"Champion Belt":[7],"Smiling Mask":50,"obtain_stats":[{"Centennial Puzzle":9,"Oddly Smooth Stone":19,"Pandora\u0027s Box":17,"Champion Belt":12,"Smiling Mask":8,"Burning Blood":0,"Red Skull":6},{"Centennial Puzzle":5,"Oddly Smooth Stone":11,"Pandora\u0027s Box":10,"Champion Belt":8,"Smiling Mask":5,"Burning Blood":0,"Red Skull":4},{"Centennial Puzzle":20,"Oddly Smooth Stone":59,"Pandora\u0027s Box":51,"Champion Belt":32,"Smiling Mask":20,"Burning Blood":0,"Red Skull":17}],"Burning Blood":78},"card_choices":[{"not_picked":["Clothesline","Perfected Strike"],"picked":"Evolve","floor":1.0},{"not_picked":["Havoc","Pommel Strike"],"picked":"Wild Strike","floor":3.0},{"not_picked":["Juggernaut","Anger"],"picked":"Burning Pact","floor":6.0},{"not_picked":["Perfected Strike","Headbutt"],"picked":"Rage","floor":8.0},{"not_picked":["Clash","Feel No Pain"],"picked":"Second Wind","floor":10.0},{"not_picked":["Flex","Flame Barrier"],"picked":"Feed","floor":11.0},{"not_picked":["Sword Boomerang","Cleave","Warcry"],"picked":"SKIP","floor":12.0},{"not_picked":["Whirlwind","Burning Pact","Iron Wave"],"picked":"SKIP","floor":13.0},{"not_picked":["Feed","Exhume"],"picked":"Barricade","floor":16},{"not_picked":["Carnage","Dual Wield"],"picked":"Fire Breathing","floor":18},{"not_picked":["Twin Strike","Perfected Strike+1"],"picked":"Entrench+1","floor":20},{"not_picked":["Clash","Warcry"],"picked":"Sentinel","floor":22}],"player_experience":3395211,"relics_obtained":[{"floor":6.0,"key":"Red Skull"},{"floor":8.0,"key":"Smiling Mask"},{"floor":9.0,"key":"Centennial Puzzle"},{"floor":12.0,"key":"Champion Belt"}],"event_choices":[{"damage_healed":0.0,"max_hp_gain":0.0,"max_hp_loss":0.0,"gold_gain":0.0,"event_name":"Match and Keep!","player_choice":"2 cards matched","floor":2.0,"gold_loss":0.0,"damage_taken":0.0,"cards_obtained":["Infernal Blade","Immolate"]},{"damage_healed":0.0,"max_hp_gain":0.0,"max_hp_loss":0.0,"gold_gain":0.0,"event_name":"Upgrade Shrine","player_choice":"Upgraded","floor":14.0,"gold_loss":0.0,"damage_taken":0.0,"cards_upgraded":["Rage"]}],"is_beta":false,"boss_relics":[{"not_picked":["Runic Pyramid","Black Star"],"picked":"Pandora\u0027s Box"}],"items_purged_floors":[4,19],"is_endless":false,"potions_floor_spawned":[6,10,11,12,13,22],"killed_by":"Book of Stabbing","ascension_level":20}}