{"host":"mmyob72dycyg5z21","time":1610192993,"event":{"mods":["AchievementEnabler","Act Like it!","Alarm Clock","Aspiration","BaseMod","Bestiary","Better Note","Better Third Choice","Better Vampires","Colored Powertips","Gold Saver","Gremlin Skip","Luminous","Marked Mod","Minty Spire (QoL Compilation)","Poor People Problems","Rare Cards Sparkle","Spicy Shops","StSLib","SuperFastMode","The Hierophant","Yuyuko","[功能]功能增强和修复MOD","【功能Mod】精心准备","【遗物卡牌】REMEMod","篝火指南"],"gold_per_floor":[114,124,130,143,143,143,143,256,256,285,285,305,315,70,70,174,174,193,193,210,230,230,257,269,380,380,380,415,415,440,54,54,158,158,175,75,88,106,106,106],"floor_reached":39,"playtime":2898,"items_purged":["Linger over Flower","Dreamy Sakura"],"score":599,"play_id":"1572157f-046b-4769-b72c-9dc14193d7ec","local_time":"20210109194953","is_ascension_mode":true,"campfire_choices":[{"data":"Deathly Ground","floor":6.0,"key":"SMITH"},{"data":"Faramita\u0027s Temptation","floor":11.0,"key":"SMITH"},{"floor":15.0,"key":"REST"},{"data":"REME_Flogging","floor":27,"key":"SMITH"},{"data":"Unfulfilling Attachment","floor":29,"key":"SMITH"},{"data":"Dancing Soul","floor":32,"key":"SMITH"}],"circlet_count":0,"master_deck":["Dreamy Sakura","Dreamy Sakura","Dreamy Sakura","Deathly Ground+1","Faramita\u0027s Temptation+1","REME_WheelOfFate","Living to Die","Steamed Phantom","Postpone Bloom","Backstab","Distraction","Masterful Stab","Unknown Petal","Dancing Soul+1","Open The Fan","Chase The Sukhavati","Unfulfilling Attachment+1","Spear of Papilio+1","Chase The Sukhavati","REME_Flogging+1","Dying Sakura","Phantom Butterflies","Explore Ghostdom","Monster Cherry Tree+1","Parasite","Sweet of Phantom+1"],"relics":["Coronal","Yuyuko\u0027s fan","REME_ComplimentaryCards","Centennial Puzzle","REME_HandOfSuture","aspiration:HummingbirdHeart","InkBottle","Meat on the Bone","Vajra","aspiration:StickyExplosives","aspiration:SecretTechniqueScroll","Nunchaku","Pantograph","Shuriken","Kunai","REME_HourglassOfDeath","Trip to Hell","OrangePellets","Question Card","Coffee Dripper"],"acts_visited":["Exordium","TheCity","TheBeyond"],"potions_floor_usage":[33,39,39],"damage_taken":[{"damage":43.0,"enemies":"Cultist","floor":1.0,"turns":6.0},{"damage":30.0,"enemies":"Jaw Worm","floor":2.0,"turns":5.0},{"damage":1.0,"enemies":"2 Louse","floor":3.0,"turns":1.0},{"damage":16.0,"enemies":"Large Slime","floor":4.0,"turns":4.0},{"damage":19.0,"enemies":"3 Sentries","floor":8.0,"turns":3.0},{"damage":16.0,"enemies":"Gremlin Nob","floor":10.0,"turns":3.0},{"damage":8.0,"enemies":"3 Louse","floor":12.0,"turns":3.0},{"damage":1.0,"enemies":"Exordium Wildlife","floor":13.0,"turns":1.0},{"damage":29.0,"enemies":"Slime Boss","floor":16.0,"turns":7.0},{"damage":3.0,"enemies":"3 Byrds","floor":18.0,"turns":3.0},{"damage":9.0,"enemies":"Shell Parasite","floor":20.0,"turns":3.0},{"damage":12.0,"enemies":"Snecko","floor":21.0,"turns":3.0},{"damage":3,"enemies":"Gremlin Leader","floor":23,"turns":3},{"damage":4,"enemies":"Sentry and Sphere","floor":24,"turns":4},{"damage":23,"enemies":"REME_1_Revenger","floor":25,"turns":3},{"damage":12,"enemies":"Book of Stabbing","floor":28,"turns":3},{"damage":20,"enemies":"Gremlin Leader","floor":30,"turns":3},{"damage":33,"enemies":"Automaton","floor":33,"turns":6},{"damage":3,"enemies":"Orb Walker","floor":35,"turns":2},{"damage":11,"enemies":"3 Darklings","floor":37,"turns":2},{"damage":9,"enemies":"Writhing Mass","floor":38,"turns":4},{"damage":60,"enemies":"2 Orb Walkers","floor":39,"turns":4}],"seed_played":"-3165269163339147987","potions_obtained":[{"floor":2.0,"key":"Gelsemium Tea"},{"floor":4.0,"key":"Explosive Potion"},{"floor":8.0,"key":"REME_GoldPotion"},{"floor":12.0,"key":"ColorlessPotion"},{"floor":12.0,"key":"LiquidMemories"},{"floor":16.0,"key":"EssenceOfSteel"},{"floor":33,"key":"Fruit Juice"},{"floor":35,"key":"SpeedPotion"}],"is_trial":false,"path_per_floor":["M","M","M","M","?","R","?","E","T","E","R","M","M","$","R","B",null,"M","?","M","M","?","E","M","E","T","R","E","R","E","$","R","B",null,"M","$","M","M","?"],"character_chosen":"YUYOKO","items_purchased":["aspiration:StickyExplosives","OrangePellets","Question Card"],"campfire_rested":1,"item_purchase_floors":[14,31,31],"current_hp_per_floor":[18,30,29,24,17,17,17,10,10,29,29,27,26,26,38,33,40,37,37,37,34,34,37,26,30,30,30,37,37,29,29,29,33,45,42,42,41,41,0,0],"gold":106,"neow_bonus":"TRANSFORM_TWO_CARDS","is_daily":false,"chose_seed":false,"campfire_upgraded":5,"win_rate":0.0,"timestamp":1610192993,"path_taken":["M","M","?","M","?","R","?","E","T","E","R","M","M","$","R","BOSS","M","?","M","M","?","E","?","E","T","R","E","R","E","$","R","BOSS","M","$","M","M","?"],"items_purchased_type":["Relic","Relic","Relic"],"build_version":"2020-12-22","purchased_purges":2,"victory":false,"max_hp_per_floor":[40,40,40,40,40,40,40,40,40,40,40,40,40,40,40,40,40,40,40,40,40,40,40,40,40,40,40,40,40,40,40,40,45,45,45,45,45,45,45,45],"card_choices":[{"not_picked":["Trap Lamp","Infinite Sin","Steamed Phantom"],"picked":"SKIP","floor":1.0},{"not_picked":["Butterflies Rainbow","Gather the Spring","Wandering Soul"],"picked":"SKIP","floor":2.0},{"not_picked":["Monster Cherry Tree","End of Faramita"],"picked":"Linger over Flower","floor":3.0},{"not_picked":["Unpaved Way","Song of Papilio"],"picked":"Postpone Bloom","floor":4.0},{"not_picked":["Linger over Flower","Postpone Bloom"],"picked":"Unknown Petal","floor":8.0},{"not_picked":["Ghostdom Sakura","The Nether"],"picked":"Dancing Soul","floor":10.0},{"not_picked":["Become Phantom","Dancing Butterflies"],"picked":"Open The Fan","floor":12.0},{"not_picked":["Immigrant Phantom","Unreal"],"picked":"Chase The Sukhavati","floor":13.0},{"not_picked":["Remain Here","Living to Die"],"picked":"Unfulfilling Attachment","floor":16.0},{"not_picked":["Showy Withering","Dancing Butterflies"],"picked":"Spear of Papilio+1","floor":18.0},{"not_picked":["Unstable Ward+1","Gone"],"picked":"Chase The Sukhavati","floor":20.0},{"not_picked":["Mini Ghostdom","City of Death","The Forgotten Winter"],"picked":"SKIP","floor":21.0},{"not_picked":["City of Death","Dying Dream"],"picked":"Dying Sakura","floor":23},{"not_picked":["End of Faramita","City of Death","Lunch"],"picked":"SKIP","floor":24},{"not_picked":["Full Moon","Butterflies Rainbow"],"picked":"Phantom Butterflies","floor":25},{"not_picked":["Redemption of Death","Gauzy Sakura","Dark Wind"],"picked":"SKIP","floor":28},{"not_picked":["Monster Cherry Tree","Ghostdom Sakura+1","Postpone Bloom"],"picked":"SKIP","floor":30},{"not_picked":["Revive The Butterflies","Scenery of Papilio","Sakura Sakura"],"picked":"Explore Ghostdom","floor":33},{"not_picked":["Unborn Light","Butterflies Rainbow","Dancing Soul"],"picked":"Monster Cherry Tree+1","floor":35},{"not_picked":["The Forgotten Winter","Gone","Postpone Bloom","Elegance"],"picked":"SKIP","floor":37},{"not_picked":["The Forgotten Winter+1","Nihility","Butterflies Rainbow+1"],"picked":"Sweet of Phantom+1","floor":38}],"player_experience":390904,"relics_obtained":[{"floor":8.0,"key":"aspiration:HummingbirdHeart"},{"floor":9.0,"key":"InkBottle"},{"floor":10.0,"key":"Meat on the Bone"},{"floor":23,"key":"Pantograph"},{"floor":25,"key":"Shuriken"},{"floor":26,"key":"Kunai"},{"floor":28,"key":"REME_HourglassOfDeath"},{"floor":30,"key":"Trip to Hell"}],"event_choices":[{"cards_removed":["Fantasy Butterflies"],"damage_healed":0.0,"max_hp_gain":0.0,"max_hp_loss":0.0,"gold_gain":0.0,"event_name":"Golden Wing","player_choice":"Card Removal","floor":5.0,"gold_loss":0.0,"damage_taken":7.0},{"damage_healed":0.0,"max_hp_gain":0.0,"max_hp_loss":0.0,"gold_gain":0.0,"event_name":"The Woman in Blue","player_choice":"Bought 0 Potions","floor":19.0,"gold_loss":0.0,"damage_taken":0.0},{"cards_removed":["REME_Flogging"],"damage_healed":0,"gold_gain":0,"player_choice":"Take \u0026 Give","damage_taken":0,"max_hp_gain":0,"max_hp_loss":0,"event_name":"betterNote:BetterNote","floor":22,"gold_loss":0,"cards_obtained":["REME_Flogging"]},{"damage_healed":0,"gold_gain":0,"player_choice":"Fight","damage_taken":0,"max_hp_gain":0,"max_hp_loss":0,"event_name":"Mysterious Sphere","floor":39,"gold_loss":0}],"is_beta":false,"boss_relics":[{"not_picked":["Astrolabe","aspiration:RitualDagger"],"picked":"aspiration:SecretTechniqueScroll"},{"not_picked":["Runic Pyramid","Snecko Eye"],"picked":"Coffee Dripper"}],"items_purged_floors":[31,36],"is_endless":false,"potions_floor_spawned":[2,4,8,12,12,16,21,24,28,28,30,33,35],"killed_by":"2 Orb Walkers","ascension_level":3}}