{"host":"rylkjufw9dlhr07b","time":1610217594,"event":{"mods":["AchievementEnabler","BaseMod","Better Note","BetterRewards","Hubris","Minty Spire (QoL Compilation)","Quick Restart","Replay The Spire","StSLib"],"gold_per_floor":[110,110,124,135,135,135,115,128,152,163,183,27,27,44,44,115,115,127,307,327,327,327,327,356,356,356],"floor_reached":25,"playtime":1113,"items_purged":["hubris:Gluttony"],"score":595,"play_id":"f97060e0-0950-482b-97ef-df5d8455ffb8","local_time":"20210109193954","is_ascension_mode":true,"campfire_choices":[{"data":"True Grit","floor":6,"key":"SMITH"},{"floor":13,"key":"REST"},{"data":"Carnage","floor":15,"key":"SMITH"},{"data":"Armaments","floor":23,"key":"SMITH"}],"circlet_count":0,"master_deck":["AscendersBane","Strike_R","Strike_R","Strike_R","Defend_R","Defend_R","Defend_R","Bash","True Grit+1","Flame Barrier","Iron Wave+1","Heavy Blade","Feel No Pain","Sword Boomerang","Wild Strike","Carnage+1","Infernal Blade","Heavy Blade","Juggernaut","Flex+1","Iron Wave","Armaments+1","Berserk"],"relics":["Burning Blood","ReplayTheSpireMod:CursedCoin","PreservedInsect","Orichalcum","Honey Jar","CultistMask","Bag of Marbles"],"acts_visited":["Exordium","TheCity"],"potions_floor_usage":[3,10,16,24,25],"damage_taken":[{"damage":7,"enemies":"2 Louse","floor":1,"turns":4},{"damage":9,"enemies":"Cultist","floor":3,"turns":5},{"damage":0,"enemies":"Jaw Worm","floor":4,"turns":6},{"damage":0,"enemies":"3 Louse","floor":8,"turns":4},{"damage":9,"enemies":"Red Slaver","floor":10,"turns":4},{"damage":31,"enemies":"Exordium Thugs","floor":11,"turns":7},{"damage":5,"enemies":"Looter","floor":14,"turns":3},{"damage":54,"enemies":"Fading Forest","floor":16,"turns":11},{"damage":11,"enemies":"3 Byrds","floor":18,"turns":4},{"damage":12,"enemies":"Chosen","floor":20,"turns":4},{"damage":54,"enemies":"Book of Stabbing","floor":24,"turns":6},{"damage":15,"enemies":"3 Cultists","floor":25,"turns":3}],"seed_played":"-3889314482044996969","potions_obtained":[{"floor":1,"key":"Weak Potion"},{"floor":4,"key":"Weak Potion"},{"floor":7,"key":"Swift Potion"},{"floor":14,"key":"SpeedPotion"},{"floor":16,"key":"FairyPotion"},{"floor":24,"key":"Adrenaline Potion"}],"is_trial":false,"path_per_floor":["M","?","M","M","?","R","?","M","T","M","M","$","R","M","R","B",null,"M","?","M","?","?","R","E","M"],"character_chosen":"IRONCLAD","items_purchased":["ReplayTheSpireMod:CursedCoin","PreservedInsect","Carnage","Infernal Blade"],"campfire_rested":1,"item_purchase_floors":[0,0,12,12],"current_hp_per_floor":[59,59,56,62,62,62,62,68,68,65,40,40,62,63,63,21,62,57,38,32,32,32,32,7,0,0],"gold":356,"neow_bonus":"","is_daily":false,"chose_seed":false,"campfire_upgraded":3,"win_rate":0.0,"timestamp":1610217594,"path_taken":["M","?","?","?","?","R","?","M","T","M","?","?","R","M","R","BOSS","M","?","M","?","?","R","E","M"],"items_purchased_type":["Relic","Relic","Card","Card"],"build_version":"2020-12-22","purchased_purges":1,"victory":false,"max_hp_per_floor":[75,75,75,75,75,75,75,75,75,75,75,75,75,75,75,75,75,75,75,75,75,75,75,75,75,75],"card_choices":[{"not_picked":["Infernal Blade","Run Through"],"picked":"Flame Barrier","floor":1},{"not_picked":["Defy Death","Armaments"],"picked":"Iron Wave","floor":3},{"not_picked":["Shrug It Off","Clothesline"],"picked":"Heavy Blade","floor":4},{"not_picked":["Warcry","Headbutt"],"picked":"Feel No Pain","floor":8},{"not_picked":["Evolve","Pommel Strike"],"picked":"Sword Boomerang","floor":10},{"not_picked":["Dark Embrace","Sentinel"],"picked":"Wild Strike","floor":11},{"not_picked":["Double Tap","ReplayTheSpireMod:Corrosion Curse"],"picked":"Heavy Blade","floor":14},{"not_picked":["Reaper","Berserk"],"picked":"Juggernaut","floor":16},{"not_picked":["hubris:ReadiedAction","Thunderclap","Warcry"],"picked":"Flex+1","floor":18},{"not_picked":["Flex+1","Hemogenesis","Sever Soul"],"picked":"Iron Wave","floor":20},{"not_picked":["hubris:ReadiedAction","Perfected Strike","Massacre"],"picked":"Berserk","floor":24}],"player_experience":528299,"relics_obtained":[{"floor":9,"key":"Orichalcum"},{"floor":24,"key":"Bag of Marbles"}],"event_choices":[{"cards_removed":["Defend_R"],"damage_healed":0,"gold_gain":0,"player_choice":"Purged","damage_taken":0,"max_hp_gain":0,"max_hp_loss":0,"event_name":"Purifier","floor":2,"gold_loss":0},{"damage_healed":0,"gold_gain":0,"player_choice":"Bought 1 Potion","damage_taken":0,"max_hp_gain":0,"max_hp_loss":0,"event_name":"The Woman in Blue","floor":7,"gold_loss":0},{"damage_healed":0,"gold_gain":180,"player_choice":"GOLD GOLD ","damage_taken":19,"max_hp_gain":0,"max_hp_loss":0,"event_name":"Knowing Skull","floor":19,"potions_obtained":[],"gold_loss":0,"cards_obtained":[]},{"damage_healed":0,"gold_gain":0,"player_choice":"Trade","damage_taken":0,"relics_obtained":["CultistMask"],"max_hp_gain":0,"max_hp_loss":0,"event_name":"FaceTrader","floor":21,"gold_loss":0},{"damage_healed":0,"gold_gain":0,"cards_transformed":["Strike_R"],"player_choice":"Transformed","damage_taken":0,"max_hp_gain":0,"max_hp_loss":0,"event_name":"Transmorgrifier","floor":22,"gold_loss":0,"cards_obtained":["Armaments"]}],"is_beta":false,"boss_relics":[{"not_picked":["Black Blood","hubris:CrackedHourglass"],"picked":"Honey Jar"}],"items_purged_floors":[0],"is_endless":false,"potions_floor_spawned":[1,4,8,14,16,24],"killed_by":"3 Cultists","ascension_level":18}}