{"host":"zzf13dk0jcen0ncv","time":1610175024,"event":{"mods":["AchievementEnabler","BaseMod","BetterRewards","Colored Map","Keyboard Shortcuts","Minty Spire (QoL Compilation)","Quick Restart","Shop Mod","StSLib","SuperFastMode","The Dragon Tamer","Waifu the Spire"],"gold_per_floor":[113,128,128,143,157,184,196,0,27,62,62,62,104,119,119,230,230,244,265,265,190,0,0,29,39,90,90,107,126,141,153,153,265,265,284,284,3,23,48,74,85,133,182,182,220,270,270,285,285,285,285,285,9,48,48],"floor_reached":56,"playtime":1651,"items_purged":["DTMod:Strike"],"score":2419,"play_id":"efcb4e67-3c5b-45f4-b68b-f1a27d2936db","local_time":"20210109155024","is_ascension_mode":true,"metric_token":799,"campfire_choices":[{"data":"DTMod:CrossStep","floor":11.0,"key":"SMITH"},{"data":"DTMod:DragonDance","floor":15.0,"key":"SMITH"},{"data":"DTMod:Inferno","floor":23.0,"key":"SMITH"},{"floor":27.0,"key":"RECALL"},{"floor":32.0,"key":"REST"},{"data":"DTMod:DragonDance","floor":44.0,"key":"SMITH"},{"floor":49.0,"key":"REST"},{"floor":52,"key":"REST"}],"dtmod_dragon_data":[1,50,4,1,13,13],"circlet_count":0,"master_deck":["DTMod:Strike","DTMod:DoubleHit+1","DTMod:TargetDefense","DTMod:TargetDefense+1","DTMod:TargetDefense","DTMod:SwitchingTactic+1","DTMod:Haste+1","DTMod:Inferno+1","DTMod:Observe+1","DTMod:DragonDance+1","DTMod:BurningForce+1","DTMod:Cover+1","Dark Shackles+1","DTMod:StarRain+1","DTMod:MasterPlan+1","DTMod:RunningTactic+1","DTMod:Hide+1","DTMod:Observe+1","DTMod:BurningEnergy+1","DTMod:LastStand+1","DTMod:BalancedStrike+1","DTMod:OpeningTactic+1","DTMod:CrossStep+1","DTMod:Cover+1","DTMod:Cover+1","DTMod:EchoTactic+1","DTMod:HeadStart+1","DTMod:Shift+1","Panacea+1","DTMod:GearUp+1","DTMod:Cover+1","DTMod:HeadStart+1","DTMod:DragonDance+1","DTMod:TauntingStrike+1","DTMod:SneakAttack+1","DTMod:Cover+1","DTMod:DragonDance+1"],"relics":["DTMod:PactStone","Toxic Egg 2","Bronze Scales","Chemical X","OrangePellets","HornCleat","Molten Egg 2","DTMod:TacticalNote","The Courier","Bag of Marbles","CeramicFish","Happy Flower","Busted Crown","Dream Catcher","Singing Bowl","Orichalcum","Black Star","DollysMirror","DTMod:BasicTextbook","Turnip","MealTicket","CaptainsWheel","Strawberry","Incense Burner","Gambling Chip","Gremlin Horn","Shuriken","Blue Candle"],"acts_visited":["Exordium","TheCity","TheBeyond","TheEnding"],"potions_floor_usage":[50,55,55,55],"damage_taken":[{"damage":0.0,"enemies":"Jaw Worm","floor":1.0,"turns":2.0},{"damage":0.0,"enemies":"Small Slimes","floor":2.0,"turns":2.0},{"damage":0.0,"enemies":"2 Louse","floor":4.0,"turns":2.0},{"damage":0.0,"enemies":"Blue Slaver","floor":5.0,"turns":3.0},{"damage":0.0,"enemies":"Lagavulin","floor":6.0,"turns":3.0},{"damage":0.0,"enemies":"Looter","floor":7.0,"turns":3.0},{"damage":0.0,"enemies":"Gremlin Nob","floor":10.0,"turns":4.0},{"damage":0.0,"enemies":"Lagavulin","floor":13.0,"turns":3.0},{"damage":0.0,"enemies":"Lots of Slimes","floor":14.0,"turns":4.0},{"damage":0.0,"enemies":"Slime Boss","floor":16.0,"turns":4.0},{"damage":0.0,"enemies":"Chosen","floor":18.0,"turns":1.0},{"damage":0.0,"enemies":"2 Thieves","floor":19.0,"turns":3.0},{"damage":0.0,"enemies":"Gremlin Leader","floor":24.0,"turns":2.0},{"damage":0.0,"enemies":"Centurion and Healer","floor":25.0,"turns":2.0},{"damage":0.0,"enemies":"3 Cultists","floor":28.0,"turns":2.0},{"damage":0.0,"enemies":"Snecko","floor":29.0,"turns":1.0},{"damage":0.0,"enemies":"Sentry and Sphere","floor":30.0,"turns":3.0},{"damage":0.0,"enemies":"Centurion and Healer","floor":31.0,"turns":1.0},{"damage":0.0,"enemies":"Champ","floor":33.0,"turns":5.0},{"damage":0.0,"enemies":"3 Darklings","floor":35.0,"turns":1.0},{"damage":0.0,"enemies":"Orb Walker","floor":38.0,"turns":1.0},{"damage":0.0,"enemies":"Writhing Mass","floor":39.0,"turns":1.0},{"damage":0.0,"enemies":"Reptomancer","floor":40.0,"turns":2.0},{"damage":0.0,"enemies":"Transient","floor":41.0,"turns":5.0},{"damage":0.0,"enemies":"2 Orb Walkers","floor":42.0,"turns":2.0},{"damage":0.0,"enemies":"Nemesis","floor":45.0,"turns":1.0},{"damage":0.0,"enemies":"Mind Bloom Boss Battle","floor":46.0,"turns":2.0},{"damage":0.0,"enemies":"Sphere and 2 Shapes","floor":48.0,"turns":2.0},{"damage":15,"enemies":"Awakened One","floor":50,"turns":7},{"damage":0,"enemies":"Shield and Spear","floor":54,"turns":5},{"damage":61,"enemies":"The Heart","floor":55,"turns":11}],"seed_played":"-2207605663729169425","potions_obtained":[{"floor":1.0,"key":"Swift Potion"},{"floor":6.0,"key":"DistilledChaos"},{"floor":7.0,"key":"SmokeBomb"},{"floor":13.0,"key":"Block Potion"},{"floor":16.0,"key":"DistilledChaos"},{"floor":24.0,"key":"Explosive Potion"},{"floor":29.0,"key":"DuplicationPotion"},{"floor":48.0,"key":"CultistPotion"}],"is_trial":false,"path_per_floor":["M","M","?","M","M","E","M","$","T","E","R","?","E","M","R","B",null,"M","M","?","?","$","R","E","M","T","R","M","M","M","M","R","B",null,"M","?","$","M","M","E","M","?","T","R","E","?","?","M","R","B",null,"R","$","E","B",null],"character_chosen":"THE_DT","items_purchased":["Toxic Egg 2","Bronze Scales","Chemical X","DTMod:Haste+1","DTMod:Inferno","OrangePellets","HornCleat","Molten Egg 2","DTMod:Observe+1","DTMod:DragonDance","DTMod:BurningForce+1","DTMod:Cover+1","DTMod:TacticalNote","Dark Shackles+1","DTMod:MasterPlan+1","DTMod:OpeningTactic+1","DTMod:CrossStep","DTMod:Cover+1","Panacea+1","Dream Catcher","DollysMirror","DTMod:DragonDance","DTMod:BasicTextbook","Gremlin Horn","DTMod:Cover+1","ColorlessPotion"],"campfire_rested":3,"item_purchase_floors":[0,0,0,0,0,0,0,0,0,0,0,0,0,0,0,8,8,8,22,22,37,37,37,53,53,53],"current_hp_per_floor":[41,41,34,34,34,34,34,34,34,34,34,25,25,25,25,25,40,40,40,40,40,40,40,42,44,44,44,46,48,50,52,59,59,59,59,59,59,61,61,63,65,67,67,67,74,76,72,74,86,71,82,88,88,88,27],"gold":48,"neow_bonus":"","is_daily":false,"chose_seed":false,"campfire_upgraded":4,"win_rate":0.0,"timestamp":1610175024,"path_taken":["M","M","?","M","M","E","M","$","T","E","R","?","E","M","R","BOSS","M","M","?","?","$","R","E","M","T","R","M","M","M","M","R","BOSS","M","?","$","M","?","E","M","?","T","R","E","?","?","M","R","BOSS","R","$","E","BOSS"],"items_purchased_type":["Relic","Relic","Relic","Card","Card","Relic","Relic","Relic","Card","Card","Card","Card","Relic","Card","Card","Card","Card","Card","Card","Relic","Relic","Card","Relic","Relic","Card","Potion"],"build_version":"2020-12-22","purchased_purges":1,"victory":true,"max_hp_per_floor":[45,45,45,45,45,45,45,45,45,45,45,45,45,45,45,45,45,45,45,45,45,45,45,47,49,49,49,51,53,55,57,59,59,59,59,59,59,61,61,63,65,67,67,67,74,76,82,84,86,86,86,88,88,88,88],"card_choices":[{"not_picked":["DTMod:Cover+1","DTMod:QuickFly+1"],"picked":"DTMod:RunningTactic+1","floor":1.0},{"not_picked":["DTMod:CleansingStrike+1","DTMod:MasterPlan+1"],"picked":"DTMod:Hide+1","floor":2.0},{"not_picked":["DTMod:MasterPlan+1","DTMod:Feint+1"],"picked":"DTMod:Observe+1","floor":4.0},{"not_picked":["DTMod:BurningForce+1","DTMod:ComboAttack+1"],"picked":"DTMod:BurningEnergy+1","floor":5.0},{"not_picked":["DTMod:FlameSlash+1","DTMod:BuildUp+1"],"picked":"DTMod:LastStand+1","floor":6.0},{"not_picked":["DTMod:Feint+1","DTMod:Adaptation"],"picked":"DTMod:BalancedStrike+1","floor":7.0},{"not_picked":["DTMod:MagiciansMark+1","DTMod:StarRain+1"],"picked":"DTMod:Cover+1","floor":10.0},{"not_picked":["DTMod:Adaptation","DTMod:Cover+1"],"picked":"DTMod:EchoTactic+1","floor":13.0},{"not_picked":["DTMod:ComboAttack+1","DTMod:Feint+1","DTMod:CalculatedDefense"],"picked":"SKIP","floor":14.0},{"not_picked":["DTMod:ResonanceForm","DTMod:EchoTactic+1"],"picked":"DTMod:HeadStart+1","floor":16.0},{"not_picked":["DTMod:HeatWave+1"],"picked":"SKIP","floor":18.0},{"not_picked":[],"picked":"DTMod:Shift+1","floor":19.0},{"not_picked":["DTMod:Hide+1"],"picked":"Singing Bowl","floor":24.0},{"not_picked":["DTMod:Haste+1"],"picked":"Singing Bowl","floor":25.0},{"not_picked":["DTMod:CleansingStrike+1"],"picked":"Singing Bowl","floor":28.0},{"not_picked":["DTMod:BizarreTactic+1"],"picked":"Singing Bowl","floor":29.0},{"not_picked":["DTMod:CleansingStrike+1"],"picked":"Singing Bowl","floor":30.0},{"not_picked":["DTMod:Punisher+1"],"picked":"Singing Bowl","floor":31.0},{"not_picked":["DTMod:CrossStep"],"picked":"Singing Bowl","floor":32.0},{"not_picked":[],"picked":"DTMod:GearUp+1","floor":33.0},{"not_picked":[],"picked":"DTMod:Cover+1","floor":35.0},{"not_picked":["DTMod:BlazingStrike+1"],"picked":"Singing Bowl","floor":38.0},{"not_picked":[],"picked":"DTMod:TauntingStrike+1","floor":39.0},{"not_picked":["DTMod:BreakAttack+1"],"picked":"Singing Bowl","floor":40.0},{"not_picked":["DTMod:StarRain+1"],"picked":"Singing Bowl","floor":41.0},{"not_picked":["DTMod:Training+1"],"picked":"Singing Bowl","floor":42.0},{"not_picked":[],"picked":"DTMod:SneakAttack+1","floor":45.0},{"not_picked":["DTMod:BreakAttack+1"],"picked":"Singing Bowl","floor":46.0},{"not_picked":["Good Instincts+1"],"picked":"Singing Bowl","floor":47.0},{"not_picked":["Transmutation+1"],"picked":"Singing Bowl","floor":47.0},{"not_picked":["Flash of Steel+1"],"picked":"Singing Bowl","floor":47.0},{"not_picked":["DTMod:InvisibleFlame"],"picked":"Singing Bowl","floor":48.0},{"not_picked":["DTMod:Threaten+1"],"picked":"Singing Bowl","floor":49.0},{"not_picked":["DTMod:HeatWave+1"],"picked":"Singing Bowl","floor":52},{"not_picked":[],"picked":"DTMod:DragonDance+1","floor":54}],"player_experience":935618,"relics_obtained":[{"floor":6.0,"key":"The Courier"},{"floor":9.0,"key":"Bag of Marbles"},{"floor":10.0,"key":"CeramicFish"},{"floor":13.0,"key":"Happy Flower"},{"floor":24.0,"key":"Singing Bowl"},{"floor":26.0,"key":"Orichalcum"},{"floor":40.0,"key":"Turnip"},{"floor":40.0,"key":"MealTicket"},{"floor":42.0,"key":"CaptainsWheel"},{"floor":45.0,"key":"Strawberry"},{"floor":45.0,"key":"Incense Burner"},{"floor":46.0,"key":"Gambling Chip"},{"floor":54,"key":"Shuriken"},{"floor":54,"key":"Blue Candle"}],"event_choices":[{"cards_removed":["DTMod:Strike"],"damage_healed":0.0,"max_hp_gain":0.0,"max_hp_loss":0.0,"gold_gain":0.0,"event_name":"Golden Wing","player_choice":"Card Removal","floor":3.0,"gold_loss":0.0,"damage_taken":7.0},{"damage_healed":0.0,"max_hp_gain":0.0,"max_hp_loss":0.0,"gold_gain":0.0,"event_name":"Shining Light","player_choice":"Entered Light","floor":12.0,"gold_loss":0.0,"damage_taken":9.0,"cards_upgraded":["DTMod:SwitchingTactic","DTMod:TargetDefense"]},{"damage_healed":0.0,"max_hp_gain":0.0,"max_hp_loss":0.0,"gold_gain":0.0,"event_name":"Ghosts","player_choice":"Ignored","floor":20.0,"gold_loss":0.0,"damage_taken":0.0},{"cards_removed":["DTMod:Strike"],"damage_healed":0.0,"max_hp_gain":0.0,"max_hp_loss":0.0,"gold_gain":0.0,"event_name":"Beggar","player_choice":"Gave Gold","floor":21.0,"gold_loss":75.0,"damage_taken":0.0},{"damage_healed":0.0,"max_hp_gain":0.0,"max_hp_loss":0.0,"gold_gain":0.0,"event_name":"Accursed Blacksmith","player_choice":"Forge","floor":36.0,"gold_loss":0.0,"damage_taken":0.0,"cards_upgraded":["DTMod:DoubleHit"]},{"damage_healed":0.0,"max_hp_gain":0.0,"max_hp_loss":0.0,"gold_gain":0.0,"event_name":"Mysterious Sphere","player_choice":"Fight","floor":42.0,"gold_loss":0.0,"damage_taken":0.0},{"damage_healed":0.0,"max_hp_gain":0.0,"max_hp_loss":0.0,"gold_gain":0.0,"event_name":"MindBloom","player_choice":"Fight","floor":46.0,"gold_loss":0.0,"damage_taken":0.0},{"damage_healed":0.0,"max_hp_gain":0.0,"max_hp_loss":0.0,"gold_gain":0.0,"event_name":"SensoryStone","player_choice":"Memory 3","floor":47.0,"gold_loss":0.0,"damage_taken":10.0}],"is_beta":false,"boss_relics":[{"not_picked":["Sozu","Fusion Hammer"],"picked":"Busted Crown"},{"not_picked":["Astrolabe","Runic Dome"],"picked":"Black Star"}],"items_purged_floors":[0],"is_endless":false,"potions_floor_spawned":[1,6,7,13,16,24,28,29,33,35,40,41,46,48,54],"ascension_level":6}}