{"host":"qihv10mixs26xc23","time":1610234925,"event":{"mods":["AchievementEnabler","BaseMod","BetterRewards","Downfall","Googly Eyes","Hermit","Minty Spire (QoL Compilation)","Replay The Spire","Shop Mod","StSLib","The Marked"],"gold_per_floor":[113,13,43,61,92,92,127,177,230,276,276,293,308,378,378,508,508,522,0,0,15,56,56,56],"floor_reached":23,"playtime":1191,"items_purged":["Defend_B","Defend_B","Force Field"],"score":307,"play_id":"b308a324-c4b7-44ac-a5e2-b08efe1f5185","local_time":"20210109182844","is_ascension_mode":false,"campfire_choices":[{"floor":6,"key":"REST"},{"data":"HandOfGreed","floor":11,"key":"SMITH"},{"floor":15,"key":"REST"}],"circlet_count":0,"master_deck":["Zap","Dualcast","HandOfGreed+1","Lockon","Go for the Eyes","Cold Snap","Thunder Strike","Storm","Time Bomb","Compile Driver","Steam Power","Rebound","Rainbow","Consume","Barrage","Melter","Machine Learning","Defragment","Beam Cell+1","Panic Button","Redo","Beam Cell","Stack"],"relics":["Cracked Core","Orichalcum","ReplayTheSpireMod:Shallot","Boot","Quantum Egg","Pandora\u0027s Box","Torii","Nilry\u0027s Codex"],"acts_visited":["Exordium","TheCity"],"potions_floor_usage":[16,16,23,23],"damage_taken":[{"damage":5,"enemies":"Jaw Worm","floor":1,"turns":2},{"damage":0,"enemies":"2 Louse","floor":3,"turns":2},{"damage":0,"enemies":"Cultist","floor":4,"turns":2},{"damage":0,"enemies":"Large Slime","floor":5,"turns":3},{"damage":0,"enemies":"3 Louse","floor":7,"turns":2},{"damage":8,"enemies":"Replay:BlueRogue","floor":8,"turns":4},{"damage":1,"enemies":"Gremlin Nob","floor":10,"turns":3},{"damage":3,"enemies":"Blue Slaver","floor":12,"turns":2},{"damage":1,"enemies":"Looter","floor":13,"turns":2},{"damage":4,"enemies":"Lots of Slimes","floor":14,"turns":3},{"damage":30,"enemies":"Hexaghost","floor":16,"turns":9},{"damage":15,"enemies":"Shell Parasite","floor":18,"turns":4},{"damage":1,"enemies":"Spheric Guardian","floor":21,"turns":3},{"damage":12,"enemies":"Shelled Parasite and Fungi","floor":22,"turns":3},{"damage":42,"enemies":"Slavers","floor":23,"turns":4}],"seed_played":"-7867784566740243811","potions_obtained":[{"floor":1,"key":"Energy Potion"},{"floor":3,"key":"Guardian:BlockOnCardUsePotion"},{"floor":5,"key":"Weak Potion"},{"floor":16,"key":"Adrenaline Potion"},{"floor":18,"key":"SpeedPotion"}],"is_trial":false,"path_per_floor":["M","$","M","M","M","R","M","E","T","E","R","M","M","M","R","B",null,"M","$","?","M","M","E"],"character_chosen":"DEFECT","items_purchased":["HandOfGreed","Orichalcum","Lockon","Panic Button","Redo","Torii"],"campfire_rested":2,"item_purchase_floors":[0,0,0,19,19,19],"current_hp_per_floor":[45,45,45,45,45,67,67,59,59,58,58,55,54,50,72,42,75,60,60,44,43,31,0,0],"gold":56,"neow_bonus":"","is_daily":false,"chose_seed":false,"campfire_upgraded":1,"win_rate":0.0,"timestamp":1610234924,"path_taken":["M","$","M","M","M","R","M","E","T","E","R","M","M","M","R","BOSS","M","$","?","M","M","E"],"items_purchased_type":["Card","Relic","Card","Card","Card","Relic"],"build_version":"2020-12-22","purchased_purges":3,"victory":false,"max_hp_per_floor":[75,75,75,75,75,75,75,75,75,75,75,75,75,75,75,75,75,75,75,75,75,75,75,75],"card_choices":[{"not_picked":["BasicCrystalCard","Compile Driver"],"picked":"Go for the Eyes","floor":1},{"not_picked":["ReplayTheSpireMod:System Scan","Gash","Hologram"],"picked":"SKIP","floor":3},{"not_picked":["Turbo","Genetic Algorithm"],"picked":"Cold Snap","floor":4},{"not_picked":["Hologram","Gash","Aggregate"],"picked":"SKIP","floor":5},{"not_picked":["Panic Button","Aggregate"],"picked":"Thunder Strike","floor":7},{"not_picked":["Conserve Battery","Undo"],"picked":"Storm","floor":8},{"not_picked":["Rebound","Barrage"],"picked":"Time Bomb","floor":10},{"not_picked":["Reprogram","Barrage"],"picked":"Compile Driver","floor":12},{"not_picked":["Compile Driver","Heatsinks"],"picked":"Steam Power","floor":13},{"not_picked":["Compile Driver","ReplayTheSpireMod:GoodbyeWorld"],"picked":"Rebound","floor":14},{"not_picked":["Seek","Machine Learning"],"picked":"Rainbow","floor":16},{"not_picked":["Storm+1","Barrage"],"picked":"Beam Cell+1","floor":18},{"not_picked":["Go for the Eyes","Streamline"],"picked":"Beam Cell","floor":21},{"not_picked":["Sunder","Melter"],"picked":"Stack","floor":22}],"player_experience":79467,"relics_obtained":[{"floor":8,"key":"ReplayTheSpireMod:Shallot"},{"floor":9,"key":"Boot"},{"floor":10,"key":"Quantum Egg"},{"floor":20,"key":"Nilry\u0027s Codex"}],"event_choices":[{"damage_healed":0,"gold_gain":0,"player_choice":"Obtained Book","damage_taken":16,"max_hp_gain":0,"max_hp_loss":0,"event_name":"Cursed Tome","floor":20,"gold_loss":0}],"is_beta":false,"boss_relics":[{"not_picked":["Abe\u0027s Treasure","Snecko Eye"],"picked":"Pandora\u0027s Box"}],"items_purged_floors":[0,2,19],"is_endless":false,"potions_floor_spawned":[1,3,5,8,10,16,18,22],"killed_by":"Slavers","ascension_level":0}}