{"host":"a5lz0e76zb3fcwkm","time":1610204736,"event":{"mods":["AchievementEnabler","BaseMod","Colored Map","Colored Powertips","Minty Spire (QoL Compilation)","StSLib","SuperFastMode"],"gold_per_floor":[113,113,113,126,51,92,92,92,164,177,177,197,217,217,217,312,312,326,326,339,239,262,262,278,278,278,321,321,236,250,250,250,349,349,370,370,370,391,404,437,437,437,437,453,83,83,116,131,131,131,131,131],"floor_reached":51,"playtime":1641,"items_purged":["Strike_R","Strike_R","Strike_R+1"],"score":1575,"play_id":"750b57d2-fde6-4148-814d-45f875a7323c","local_time":"20210110000536","is_ascension_mode":true,"campfire_choices":[{"data":"Shockwave","floor":7.0,"key":"SMITH"},{"data":"Blood for Blood","floor":11.0,"key":"SMITH"},{"data":"Feed","floor":15.0,"key":"SMITH"},{"floor":23.0,"key":"REST"},{"floor":25.0,"key":"REST"},{"data":"Barricade","floor":28.0,"key":"SMITH"},{"data":"Offering","floor":32.0,"key":"SMITH"},{"data":"Double Tap","floor":42.0,"key":"SMITH"},{"floor":49,"key":"RECALL"}],"circlet_count":0,"master_deck":["AscendersBane","Defend_R","Defend_R","Defend_R+1","Defend_R","Bash","Carnage","Blood for Blood+1","Shockwave+1","Feed+1","Offering+1","Armaments+1","Shrug It Off","Barricade+1","Double Tap+1","Body Slam+1","Feel No Pain","Power Through","Body Slam","Feel No Pain"],"relics":["Burning Blood","NeowsBlessing","Golden Idol","Boot","Blue Candle","Runic Cube","FaceOfCleric","Charon\u0027s Ashes","Question Card","Vajra","Pantograph","Sozu","Bottled Lightning","Medical Kit","Mango"],"acts_visited":["Exordium","TheCity","TheBeyond"],"potions_floor_usage":[],"damage_taken":[{"damage":0.0,"enemies":"Jaw Worm","floor":1.0,"turns":1.0},{"damage":0.0,"enemies":"Small Slimes","floor":4.0,"turns":1.0},{"damage":0.0,"enemies":"3 Sentries","floor":6.0,"turns":1.0},{"damage":0.0,"enemies":"2 Louse","floor":10.0,"turns":3.0},{"damage":9.0,"enemies":"Blue Slaver","floor":12.0,"turns":2.0},{"damage":1.0,"enemies":"Exordium Wildlife","floor":13.0,"turns":5.0},{"damage":22.0,"enemies":"The Guardian","floor":16.0,"turns":8.0},{"damage":19.0,"enemies":"Shell Parasite","floor":18.0,"turns":3.0},{"damage":9.0,"enemies":"3 Byrds","floor":20.0,"turns":7.0},{"damage":42.0,"enemies":"Shelled Parasite and Fungi","floor":22.0,"turns":4.0},{"damage":29.0,"enemies":"Cultist and Chosen","floor":24.0,"turns":6.0},{"damage":28.0,"enemies":"Slavers","floor":27.0,"turns":4.0},{"damage":6.0,"enemies":"Centurion and Healer","floor":30.0,"turns":6.0},{"damage":78.0,"enemies":"Champ","floor":33.0,"turns":15.0},{"damage":20.0,"enemies":"3 Darklings","floor":35.0,"turns":10.0},{"damage":0.0,"enemies":"3 Shapes","floor":38.0,"turns":7.0},{"damage":7.0,"enemies":"Jaw Worm Horde","floor":39.0,"turns":4.0},{"damage":6.0,"enemies":"Giant Head","floor":40.0,"turns":7.0},{"damage":66,"enemies":"Writhing Mass","floor":44,"turns":12},{"damage":18,"enemies":"Reptomancer","floor":47,"turns":9},{"damage":6,"enemies":"Maw","floor":48,"turns":5},{"damage":32,"enemies":"Donu and Deca","floor":50,"turns":10},{"damage":61,"enemies":"Time Eater","floor":51,"turns":12}],"seed_played":"1434002365222561707","potions_obtained":[{"floor":12.0,"key":"PowerPotion"},{"floor":13.0,"key":"SmokeBomb"},{"floor":18.0,"key":"CultistPotion"},{"floor":24.0,"key":"Block Potion"},{"floor":27.0,"key":"CultistPotion"},{"floor":30.0,"key":"LiquidMemories"}],"is_trial":false,"path_per_floor":["M","?","?","M","$","E","R","?","T","M","R","M","M","?","R","B",null,"M","?","M","$","M","R","M","R","T","E","R","?","M","T","R","B",null,"M","?","?","M","M","E","?","R","T","M","$","?","E","M","R","B","B"],"character_chosen":"IRONCLAD","items_purchased":["Medical Kit","Feel No Pain"],"campfire_rested":2,"item_purchase_floors":[45,45],"current_hp_per_floor":[74,51,25,31,31,37,37,37,37,43,43,43,51,44,44,28,68,59,59,61,61,30,58,40,70,70,53,53,53,58,58,58,12,86,73,73,73,84,88,89,89,89,89,30,30,30,33,34,34,34,0,0],"gold":131,"neow_bonus":"THREE_ENEMY_KILL","is_daily":false,"chose_seed":false,"campfire_upgraded":6,"win_rate":0.0,"timestamp":1610204736,"path_taken":["M","?","?","M","?","E","R","?","T","M","R","M","?","?","R","BOSS","M","?","M","?","?","R","M","R","T","E","R","?","M","?","R","BOSS","M","?","?","?","M","E","?","R","T","M","$","?","E","M","R","BOSS","BOSS"],"items_purchased_type":["Relic","Card"],"build_version":"2020-12-22","purchased_purges":3,"victory":false,"max_hp_per_floor":[75,75,75,75,75,75,75,75,75,75,75,78,81,81,81,81,81,85,85,90,90,95,95,100,100,100,105,105,105,110,110,110,111,111,112,112,112,117,122,123,117,117,117,118,118,118,133,134,134,135,135,135],"card_choices":[{"not_picked":["Havoc","Clash"],"picked":"Carnage","floor":1.0},{"not_picked":["Clash","Wild Strike"],"picked":"Blood for Blood","floor":4.0},{"not_picked":["Rage","Pummel"],"picked":"Shockwave","floor":6.0},{"not_picked":["Sword Boomerang","Rage"],"picked":"Feed","floor":10.0},{"not_picked":["Flex","Clothesline","Anger"],"picked":"SKIP","floor":12.0},{"not_picked":["Spot Weakness","Sword Boomerang","Dark Embrace"],"picked":"SKIP","floor":13.0},{"not_picked":["Feed","Double Tap"],"picked":"Offering","floor":16.0},{"not_picked":["Flex","Headbutt"],"picked":"Armaments+1","floor":18.0},{"not_picked":["Heavy Blade","Clothesline","Wild Strike"],"picked":"SKIP","floor":20.0},{"not_picked":["Flex","Infernal Blade"],"picked":"Shrug It Off","floor":22.0},{"not_picked":["Pommel Strike","Armaments"],"picked":"Barricade","floor":24.0},{"not_picked":["Clothesline","Sword Boomerang","Shrug It Off"],"picked":"SKIP","floor":27.0},{"not_picked":["Perfected Strike","Fiend Fire","Heavy Blade","Reckless Charge"],"picked":"SKIP","floor":30.0},{"not_picked":["Immolate","Berserk","Juggernaut"],"picked":"Double Tap","floor":33.0},{"not_picked":["Pommel Strike","Feel No Pain","Havoc"],"picked":"Body Slam","floor":35.0},{"not_picked":["Flex+1","Dark Embrace","Flame Barrier"],"picked":"Feel No Pain","floor":38.0},{"not_picked":["Shockwave","Feed","Sword Boomerang"],"picked":"Power Through","floor":39.0},{"not_picked":["Searing Blow","Heavy Blade","Blood for Blood+1","Thunderclap"],"picked":"SKIP","floor":40.0},{"not_picked":["Sword Boomerang","Ghostly Armor","Clothesline+1"],"picked":"Body Slam","floor":44},{"not_picked":["Fire Breathing+1","Sword Boomerang","Rage","Dual Wield+1"],"picked":"SKIP","floor":47},{"not_picked":["Sword Boomerang+1","Dropkick","Brutality","Clothesline+1"],"picked":"SKIP","floor":48}],"player_experience":1702385,"relics_obtained":[{"floor":6.0,"key":"Boot"},{"floor":9.0,"key":"Blue Candle"},{"floor":26.0,"key":"Charon\u0027s Ashes"},{"floor":27.0,"key":"Question Card"},{"floor":31.0,"key":"Pantograph"},{"floor":40.0,"key":"Bottled Lightning"},{"floor":47,"key":"Mango"}],"event_choices":[{"damage_healed":0.0,"max_hp_gain":0.0,"max_hp_loss":0.0,"gold_gain":0.0,"event_name":"Shining Light","player_choice":"Entered Light","floor":2.0,"gold_loss":0.0,"damage_taken":23.0,"cards_upgraded":["Strike_R","Defend_R"]},{"damage_healed":0.0,"max_hp_gain":0.0,"max_hp_loss":0.0,"gold_gain":0.0,"event_name":"Golden Idol","player_choice":"Take Damage","floor":3.0,"gold_loss":0.0,"damage_taken":26.0,"relics_obtained":["Golden Idol"]},{"cards_removed":["Strike_R"],"damage_healed":0.0,"max_hp_gain":0.0,"max_hp_loss":0.0,"gold_gain":0.0,"event_name":"Living Wall","player_choice":"Forget","floor":8.0,"gold_loss":0.0,"damage_taken":0.0},{"cards_removed":["Strike_R"],"damage_healed":0.0,"max_hp_gain":0.0,"max_hp_loss":0.0,"gold_gain":0.0,"event_name":"Golden Wing","player_choice":"Card Removal","floor":14.0,"gold_loss":0.0,"damage_taken":7.0},{"damage_healed":0.0,"max_hp_gain":0.0,"max_hp_loss":0.0,"gold_gain":0.0,"event_name":"FaceTrader","player_choice":"Trade","floor":19.0,"gold_loss":0.0,"damage_taken":0.0,"relics_obtained":["FaceOfCleric"]},{"damage_healed":0.0,"max_hp_gain":0.0,"max_hp_loss":0.0,"gold_gain":0.0,"event_name":"Addict","player_choice":"Obtained Relic","floor":29.0,"gold_loss":85.0,"damage_taken":0.0,"relics_obtained":["Vajra"]},{"damage_healed":0.0,"max_hp_gain":0.0,"max_hp_loss":0.0,"gold_gain":0.0,"event_name":"Tomb of Lord Red Mask","player_choice":"Ignored","floor":36.0,"gold_loss":0.0,"damage_taken":0.0},{"damage_healed":0.0,"max_hp_gain":0.0,"max_hp_loss":0.0,"gold_gain":0.0,"event_name":"Accursed Blacksmith","player_choice":"Forge","floor":37.0,"gold_loss":0.0,"damage_taken":0.0,"cards_upgraded":["Body Slam"]},{"damage_healed":0.0,"max_hp_gain":0.0,"max_hp_loss":6.0,"gold_gain":0.0,"event_name":"Winding Halls","player_choice":"Max HP","floor":41.0,"gold_loss":0.0,"damage_taken":0.0},{"damage_healed":0,"gold_gain":0,"player_choice":"Got Potions","damage_taken":0,"max_hp_gain":0,"max_hp_loss":0,"event_name":"Lab","floor":46,"gold_loss":0}],"is_beta":false,"boss_relics":[{"not_picked":["Fusion Hammer","SacredBark"],"picked":"Runic Cube"},{"not_picked":["Mark of Pain","Snecko Eye"],"picked":"Sozu"}],"items_purged_floors":[5,21,45],"is_endless":false,"potions_floor_spawned":[12,13,18,24,27,30,39,44,48],"killed_by":"Time Eater","ascension_level":20}}