{"host":"nomlpa5ttaaqphus","time":1610162671,"event":{"mods":["100% Spire Juice","BaseMod","Colored Powertips","Minty Spire (QoL Compilation)","StSLib"],"gold_per_floor":[111,111,126,126,126,126,126,126,126,126,141,141,72,72,72],"floor_reached":14,"playtime":329,"items_purged":[],"score":138,"play_id":"517392bd-88df-4c88-b334-51dea500cdcb","local_time":"20210108232431","is_ascension_mode":false,"campfire_choices":[{"floor":7,"key":"REST"},{"floor":10,"key":"REST"}],"circlet_count":0,"master_deck":["Moonworks:Accelerator+1","Moonworks:CloudOfSeagulls","Moonworks:CloudOfSeagulls","Moonworks:CloudOfSeagulls","Moonworks:CloudOfSeagulls","Moonworks:AngelHand","Moonworks:IntelligenceOfficer","Moonworks:Bloodlust"],"relics":["Moonworks:BrokenBomb","Moonworks:Homemark","Pear"],"acts_visited":["Exordium"],"potions_floor_usage":[4,4,6],"damage_taken":[{"damage":25.0,"enemies":"Cultist","floor":1.0,"turns":4.0},{"damage":24.0,"enemies":"Jaw Worm","floor":3.0,"turns":4.0},{"damage":11,"enemies":"Small Slimes","floor":4,"turns":3},{"damage":5,"enemies":"3 Sentries","floor":6,"turns":2},{"damage":15,"enemies":"Blue Slaver","floor":11,"turns":4},{"damage":62,"enemies":"Lagavulin","floor":14,"turns":5}],"seed_played":"-6623522817690456055","potions_obtained":[{"floor":3,"key":"EntropicBrew"}],"is_trial":false,"path_per_floor":["M","?","M","M","$","E","R","?","T","R","M","$","$","E"],"character_chosen":"THE_STARBREAKER","items_purchased":["Moonworks:Bloodlust"],"campfire_rested":2,"item_purchase_floors":[13],"current_hp_per_floor":[41,41,17,6,6,1,20,20,30,52,37,37,37,0,0],"gold":72,"neow_bonus":"TEN_PERCENT_HP_BONUS","is_daily":false,"chose_seed":false,"campfire_upgraded":0,"win_rate":0.0,"timestamp":1610162671,"path_taken":["M","?","M","M","$","E","R","?","T","R","M","?","$","E"],"items_purchased_type":["Card"],"build_version":"2020-12-22","purchased_purges":0,"victory":false,"max_hp_per_floor":[66,66,66,66,66,66,66,66,76,76,76,76,76,76,76],"card_choices":[{"not_picked":["Moonworks:BigMagnum","Moonworks:IndiscriminateFireSupport","Moonworks:CloudOfSeagulls"],"picked":"SKIP","floor":1.0},{"not_picked":["Moonworks:LuckyCharm","Moonworks:SakisCookie"],"picked":"Moonworks:AngelHand","floor":3},{"not_picked":["Moonworks:CloudOfSeagulls","Moonworks:CastOff"],"picked":"Moonworks:IntelligenceOfficer","floor":11}],"player_experience":64850,"relics_obtained":[{"floor":9,"key":"Pear"}],"event_choices":[{"damage_healed":0.0,"max_hp_gain":0.0,"max_hp_loss":0.0,"gold_gain":0.0,"event_name":"Golden Idol","player_choice":"Ignored","floor":2.0,"gold_loss":0.0,"damage_taken":0.0},{"damage_healed":0,"gold_gain":0,"player_choice":"Grow","damage_taken":0,"max_hp_gain":0,"max_hp_loss":0,"event_name":"Living Wall","floor":8,"gold_loss":0,"cards_upgraded":["Moonworks:Accelerator"]}],"is_beta":false,"boss_relics":[],"items_purged_floors":[],"is_endless":false,"potions_floor_spawned":[3,6],"killed_by":"Lagavulin","ascension_level":0}}