{"host":"a1eatafr7pisesky","time":1610165200,"event":{"mods":["AchievementEnabler","BaseMod","Colored Map","Keyboard Shortcuts","Minty Spire (QoL Compilation)","Say the Spire","StSLib","SuperFastMode","everything is the same but u backflip on backflip"],"gold_per_floor":[115,115,127,143,161,161,161,192,192,192,227,242,257,290,290,395,395,408,107,206,190,190,190],"floor_reached":22,"playtime":612,"items_purged":["Strike_B"],"score":278,"play_id":"d85fff97-6da9-43ca-93b4-d9edd912a206","local_time":"20210109130640","is_ascension_mode":true,"campfire_choices":[{"data":"Dualcast","floor":6.0,"key":"SMITH"},{"data":"Self Repair","floor":10.0,"key":"SMITH"},{"floor":15.0,"key":"REST"}],"circlet_count":0,"master_deck":["Strike_B","Strike_B","Defend_B","Defend_B","Defend_B","Defend_B","Zap","Dualcast+1","Turbo","Steam","Conserve Battery","Sweeping Beam","Doom and Gloom","Self Repair+1","Genetic Algorithm+1","Skim+1","Defragment","Fusion+1","Echo Form","Capacitor","Lockon"],"relics":["Cracked Core","Torii","Boot","PreservedInsect","Toxic Egg 2","Art of War","Runic Pyramid","OrangePellets"],"acts_visited":["Exordium","TheCity"],"potions_floor_usage":[],"damage_taken":[{"damage":0.0,"enemies":"2 Louse","floor":1.0,"turns":1.0},{"damage":1.0,"enemies":"Jaw Worm","floor":3.0,"turns":3.0},{"damage":1.0,"enemies":"Small Slimes","floor":4.0,"turns":3.0},{"damage":6.0,"enemies":"2 Fungi Beasts","floor":5.0,"turns":3.0},{"damage":12.0,"enemies":"3 Sentries","floor":8.0,"turns":6.0},{"damage":17.0,"enemies":"Lagavulin","floor":11.0,"turns":4.0},{"damage":12.0,"enemies":"Gremlin Gang","floor":12.0,"turns":2.0},{"damage":2.0,"enemies":"3 Louse","floor":13.0,"turns":3.0},{"damage":15.0,"enemies":"Gremlin Nob","floor":14.0,"turns":3.0},{"damage":22.0,"enemies":"Slime Boss","floor":16.0,"turns":8.0},{"damage":31.0,"enemies":"3 Byrds","floor":18.0,"turns":5.0},{"damage":17.0,"enemies":"2 Thieves","floor":21.0,"turns":4.0},{"damage":0,"enemies":"Cultist and Chosen","floor":22,"turns":4}],"seed_played":"4470423986652899238","potions_obtained":[{"floor":4.0,"key":"LiquidMemories"},{"floor":11.0,"key":"FocusPotion"},{"floor":13.0,"key":"Fire Potion"},{"floor":14.0,"key":"AttackPotion"},{"floor":16.0,"key":"FocusPotion"}],"is_trial":false,"path_per_floor":["M","?","M","M","M","R","?","E","T","R","E","M","M","E","R","B",null,"M","$","?","M","M"],"character_chosen":"DEFECT","items_purchased":["OrangePellets","Capacitor"],"campfire_rested":1,"item_purchase_floors":[19,19],"current_hp_per_floor":[68,68,67,66,60,60,60,48,48,48,41,39,37,22,42,30,59,38,38,38,31,31,31],"gold":190,"neow_bonus":"ONE_RARE_RELIC","is_daily":false,"chose_seed":false,"campfire_upgraded":2,"win_rate":0.0,"timestamp":1610165200,"path_taken":["M","?","M","M","M","R","?","E","T","R","E","M","M","E","R","BOSS","M","$","?","M","M"],"items_purchased_type":["Relic","Card"],"build_version":"2020-12-22","purchased_purges":1,"victory":false,"max_hp_per_floor":[68,68,68,68,68,68,68,68,68,68,68,68,68,68,68,68,68,68,68,68,68,68,68],"card_choices":[{"not_picked":["Streamline","Steam Power"],"picked":"Turbo","floor":1.0},{"not_picked":["Force Field","Auto Shields"],"picked":"Conserve Battery","floor":3.0},{"not_picked":["Turbo","Steam Power"],"picked":"Sweeping Beam","floor":4.0},{"not_picked":["Stack","Redo"],"picked":"Doom and Gloom","floor":5.0},{"not_picked":["Chaos","Barrage"],"picked":"Self Repair","floor":8.0},{"not_picked":["Cold Snap","Gash"],"picked":"Genetic Algorithm+1","floor":11.0},{"not_picked":["Conserve Battery+1","Steam+1"],"picked":"Skim+1","floor":12.0},{"not_picked":["Beam Cell","Ball Lightning"],"picked":"Defragment","floor":13.0},{"not_picked":["Sweeping Beam","Aggregate+1"],"picked":"Fusion+1","floor":14.0},{"not_picked":["Hyperbeam","Multi-Cast+1"],"picked":"Echo Form","floor":16.0},{"not_picked":["Gash+1","Skim+1","Rebound"],"picked":"SKIP","floor":18.0},{"not_picked":["Beam Cell","Undo+1"],"picked":"Lockon","floor":21.0}],"player_experience":297749,"relics_obtained":[{"floor":8.0,"key":"Boot"},{"floor":9.0,"key":"PreservedInsect"},{"floor":11.0,"key":"Toxic Egg 2"},{"floor":14.0,"key":"Art of War"}],"event_choices":[{"damage_healed":0.0,"max_hp_gain":0.0,"max_hp_loss":0.0,"gold_gain":0.0,"cards_transformed":["Strike_B"],"event_name":"Living Wall","player_choice":"Change","floor":2.0,"gold_loss":0.0,"damage_taken":0.0,"cards_obtained":["Steam"]},{"damage_healed":0.0,"max_hp_gain":0.0,"max_hp_loss":0.0,"gold_gain":0.0,"event_name":"Liars Game","player_choice":"Ignored","floor":7.0,"gold_loss":0.0,"damage_taken":0.0},{"damage_healed":0.0,"max_hp_gain":0.0,"max_hp_loss":0.0,"gold_gain":99.0,"event_name":"Nest","player_choice":"Stole From Cult","floor":20.0,"gold_loss":0.0,"damage_taken":0.0}],"is_beta":false,"boss_relics":[{"not_picked":["Fusion Hammer","Runic Dome"],"picked":"Runic Pyramid"}],"items_purged_floors":[19],"is_endless":false,"potions_floor_spawned":[4,11,13,14,16,18],"killed_by":"Cultist and Chosen","ascension_level":7}}