{"host":"0ttaavwaei2fh9kw","time":1610193210,"event":{"mods":["Act Like it!","BaseMod","Chen","Colored Map","Downfall","Gensokyo","KinomotoSakuraMod(ƒæ÷Æ±æ”£)","Marisa£®ÏF”Í°°ƒß¿Ì…≥£©","Minty Spire (QoL Compilation)","Reimu£®≤©¿ˆ¡È√Œ£©","Remilia£®¿Ÿ√◊¿Ú—«£©","Replay The Spire","StSLib","The Servant 0.9.4","WarShipGirlsR/’ΩΩ¢…Ÿ≈ÆR mod","Youmu£®ªÍ∆«—˝√Œ£©"],"gold_per_floor":[112,112,112,112,128,157,167,177,177,177,177],"floor_reached":10,"playtime":1219,"items_purged":[],"score":93,"play_id":"d60e8963-75bd-449f-8112-513cd7e5ab6e","local_time":"20210109195330","is_ascension_mode":false,"campfire_choices":[],"circlet_count":0,"master_deck":["Strike_S","Strike_S","Strike_S","Strike_S","Defend_S","Defend_S","Defend_S","Defend_S","Exchange","Clumsy","Injury","Foresight","SilverBlades","ShatteredReality","LightFlow"],"relics":["Uniform","NeowsBlessing","Happy Flower","Gensokyo:NagashiBinaDoll","Matryoshka","Girya","Pet Ghost","Darkstone Periapt"],"acts_visited":["Gensokyo:Gensokyo"],"potions_floor_usage":[10],"damage_taken":[{"damage":0.0,"enemies":"Gensokyo:2_Kodama","floor":1.0,"turns":1.0},{"damage":0.0,"enemies":"Gensokyo:Gryphon","floor":5.0,"turns":1.0},{"damage":0.0,"enemies":"Gensokyo:Mamizou","floor":6.0,"turns":3.0},{"damage":16.0,"enemies":"Gensokyo:3_Fairies","floor":7.0,"turns":6.0},{"damage":31.0,"enemies":"Gensokyo:2_Rabbits","floor":8.0,"turns":6.0},{"damage":18,"enemies":"Gensokyo:Aya","floor":10,"turns":5}],"seed_played":"-1001390366579012762","potions_obtained":[{"floor":5.0,"key":"Venom Potion"}],"is_trial":false,"path_per_floor":["M","?","?","?","M","E","M","M","T","E"],"character_chosen":"THE_SERVANT","items_purchased":[],"campfire_rested":0,"item_purchase_floors":[],"current_hp_per_floor":[65,65,65,65,65,65,49,18,18,0,0],"gold":177,"neow_bonus":"THREE_ENEMY_KILL","is_daily":false,"chose_seed":false,"campfire_upgraded":0,"win_rate":0.0,"timestamp":1610193210,"path_taken":["M","?","?","?","?","E","M","M","T","E"],"items_purchased_type":[],"build_version":"2020-12-22","purchased_purges":0,"victory":false,"max_hp_per_floor":[65,65,65,65,65,65,65,65,65,65,65],"card_choices":[{"not_picked":["Replace","Spin","Defy"],"picked":"SKIP","floor":1.0},{"not_picked":["BottledTime","Collapse"],"picked":"Foresight","floor":5.0},{"not_picked":["Gouge","Rewind"],"picked":"SilverBlades","floor":6.0},{"not_picked":["Read","Alleviate"],"picked":"ShatteredReality","floor":7.0},{"not_picked":["Revamp","StarChef"],"picked":"LightFlow","floor":8.0}],"player_experience":131352,"relics_obtained":[{"floor":6.0,"key":"Girya"},{"floor":9.0,"key":"Pet Ghost"},{"floor":9.0,"key":"Darkstone Periapt"}],"event_choices":[],"is_beta":false,"boss_relics":[],"items_purged_floors":[],"is_endless":false,"potions_floor_spawned":[5],"killed_by":"Gensokyo:Aya","ascension_level":0}}