{"host":"344lv32hnei0mdhu","time":1610159082,"event":{"mods":["Act Like it!","BaseMod","Better Match","Better Sensory Stone","Better Skull","Better Third Choice","Better Vampires","Colored Powertips","Highlight Path","Minty Spire (QoL Compilation)","Quick Restart","Random Character Button","Rare Cards Sparkle","StSLib"],"gold_per_floor":[113,113,127,462,479,512,512,512,538,557,557,212,224,235,235,338,338,355,355,366,379,394,394,420,30,30,30,41,41,59,86,86,181,181,196,296,296,311,311,344,344,125,152,152,182,82,113,131,131,131],"floor_reached":51,"playtime":2449,"items_purged":["Strike_R","Strike_R"],"score":1213,"play_id":"33cb8f11-35c8-4ada-8812-c0ee93d00027","local_time":"20210108202442","is_ascension_mode":true,"campfire_choices":[{"floor":8.0,"key":"REST"},{"floor":11.0,"key":"REST"},{"data":"Shockwave","floor":15.0,"key":"SMITH"},{"floor":23.0,"key":"REST"},{"floor":27.0,"key":"REST"},{"data":"Demon Form","floor":29.0,"key":"SMITH"},{"floor":32.0,"key":"REST"},{"data":"Limit Break","floor":44.0,"key":"SMITH"},{"data":"Barricade","floor":49,"key":"SMITH"}],"circlet_count":0,"master_deck":["Strike_R","Strike_R","Strike_R","Defend_R","Defend_R","Defend_R+1","Defend_R+1","Bash+1","Wild Strike+1","Feed+1","Bludgeon+1","Reaper+1","Armaments","Demon Form+1","Shrug It Off","Shrug It Off","Shockwave+1","Barricade+1","Fire Breathing","Pummel","Whirlwind","Pummel+1","Iron Wave+1","Metallicize","Twin Strike+1","Double Tap","Inflame","Anger","Limit Break+1","Panacea","Entrench+1","Metallicize"],"relics":["Black Blood","NeowsBlessing","Centennial Puzzle","Akabeko","Whetstone","Thread and Needle","Mark of Pain","Toy Ornithopter","Oddly Smooth Stone","Orichalcum","Art of War","Juzu Bracelet","Champion Belt","War Paint","Strawberry","White Beast Statue","Bronze Scales"],"acts_visited":["Exordium","TheCity","TheBeyond"],"potions_floor_usage":[50,50],"damage_taken":[{"damage":0.0,"enemies":"2 Louse","floor":1.0,"turns":1.0},{"damage":0.0,"enemies":"Cultist","floor":3.0,"turns":1.0},{"damage":0.0,"enemies":"Small Slimes","floor":5.0,"turns":1.0},{"damage":37.0,"enemies":"Gremlin Nob","floor":6.0,"turns":5.0},{"damage":0.0,"enemies":"Exordium Wildlife","floor":10.0,"turns":2.0},{"damage":2.0,"enemies":"Looter","floor":13.0,"turns":3.0},{"damage":6.0,"enemies":"Large Slime","floor":14.0,"turns":4.0},{"damage":5.0,"enemies":"The Guardian","floor":16.0,"turns":12.0},{"damage":0.0,"enemies":"Chosen","floor":18.0,"turns":4.0},{"damage":2.0,"enemies":"Spheric Guardian","floor":20.0,"turns":3.0},{"damage":1.0,"enemies":"Snake Plant","floor":21.0,"turns":3.0},{"damage":40.0,"enemies":"3 Cultists","floor":22.0,"turns":6.0},{"damage":39.0,"enemies":"Slavers","floor":24.0,"turns":6.0},{"damage":0.0,"enemies":"Centurion and Healer","floor":28.0,"turns":5.0},{"damage":14.0,"enemies":"Sentry and Sphere","floor":30.0,"turns":6.0},{"damage":33.0,"enemies":"Book of Stabbing","floor":31.0,"turns":6.0},{"damage":22.0,"enemies":"Champ","floor":33.0,"turns":8.0},{"damage":27.0,"enemies":"3 Darklings","floor":35.0,"turns":6.0},{"damage":15.0,"enemies":"3 Shapes","floor":38.0,"turns":5.0},{"damage":5.0,"enemies":"Nemesis","floor":40.0,"turns":3.0},{"damage":12.0,"enemies":"Giant Head","floor":45.0,"turns":7.0},{"damage":57.0,"enemies":"Nemesis","floor":47.0,"turns":7.0},{"damage":31,"enemies":"3 Darklings","floor":48,"turns":4},{"damage":119,"enemies":"Donu and Deca","floor":50,"turns":9}],"seed_played":"-2505167765001772216","potions_obtained":[{"floor":1.0,"key":"Fire Potion"},{"floor":6.0,"key":"SkillPotion"},{"floor":14.0,"key":"Energy Potion"},{"floor":16.0,"key":"Weak Potion"},{"floor":20.0,"key":"Block Potion"},{"floor":21.0,"key":"SneckoOil"},{"floor":28.0,"key":"Strength Potion"},{"floor":30.0,"key":"Strength Potion"},{"floor":35.0,"key":"BlessingOfTheForge"},{"floor":38.0,"key":"Fruit Juice"},{"floor":40.0,"key":"SkillPotion"},{"floor":47.0,"key":"Fire Potion"},{"floor":48,"key":"Energy Potion"}],"is_trial":false,"path_per_floor":["M","?","M","?","M","E","?","R","T","M","R","$","M","M","R","B",null,"M","?","M","M","M","R","E","$","T","R","M","R","M","E","R","B",null,"M","?","?","M","?","E","?","$","T","R","E","$","E","M","R","B",null],"character_chosen":"IRONCLAD","items_purchased":["Thread and Needle","Shrug It Off","Oddly Smooth Stone","Orichalcum","Metallicize","War Paint"],"campfire_rested":5,"item_purchase_floors":[12,12,25,25,25,42],"current_hp_per_floor":[78,78,80,32,42,22,22,48,48,58,85,85,89,89,89,90,92,92,92,92,92,58,85,66,66,66,94,96,96,97,70,100,84,96,81,81,81,88,88,105,105,105,112,112,112,112,105,110,110,13],"gold":131,"neow_bonus":"THREE_ENEMY_KILL","is_daily":false,"chose_seed":false,"campfire_upgraded":4,"win_rate":0.0,"timestamp":1610159082,"path_taken":["M","?","M","?","?","E","?","R","T","M","R","$","M","M","R","BOSS","M","?","M","M","M","R","E","$","T","R","M","R","M","E","R","BOSS","BOSS","M","?","?","M","?","E","?","$","T","R","E","$","E","M","R","BOSS"],"items_purchased_type":["Relic","Card","Relic","Relic","Card","Relic"],"build_version":"2020-12-22","purchased_purges":2,"victory":true,"max_hp_per_floor":[80,80,80,80,84,88,88,88,88,92,92,92,92,92,92,92,92,92,92,92,92,92,92,96,96,96,96,96,96,100,100,100,100,100,100,100,100,105,105,105,105,105,112,112,112,112,112,112,112,112],"card_choices":[{"not_picked":["Evolve","Havoc"],"picked":"Wild Strike","floor":1.0},{"not_picked":["Juggernaut+1","Corruption+1"],"picked":"Feed+1","floor":2.0},{"not_picked":["Feed+1","Juggernaut+1"],"picked":"Bludgeon+1","floor":2.0},{"not_picked":["Juggernaut+1","Barricade+1"],"picked":"Reaper+1","floor":2.0},{"not_picked":["Cleave","Dual Wield"],"picked":"Armaments","floor":3.0},{"not_picked":["Hemokinesis","Pommel Strike"],"picked":"Demon Form","floor":5.0},{"not_picked":["Feel No Pain","Cleave","Warcry"],"picked":"SKIP","floor":6.0},{"not_picked":["Clash","True Grit","Cleave"],"picked":"SKIP","floor":10.0},{"not_picked":["Havoc","Headbutt"],"picked":"Shrug It Off","floor":13.0},{"not_picked":["Pommel Strike","Burning Pact"],"picked":"Shockwave","floor":14.0},{"not_picked":["Bludgeon","Reaper"],"picked":"Barricade","floor":16.0},{"not_picked":["Clash","Pommel Strike+1"],"picked":"Fire Breathing","floor":18.0},{"not_picked":["Havoc","Cleave+1"],"picked":"Whirlwind","floor":20.0},{"not_picked":["Evolve","Pommel Strike+1"],"picked":"Pummel+1","floor":21.0},{"not_picked":["Dropkick+1","Shrug It Off"],"picked":"Iron Wave+1","floor":22.0},{"not_picked":["Burning Pact+1","Brutality","Searing Blow+1"],"picked":"SKIP","floor":24.0},{"not_picked":["Sword Boomerang+1","Headbutt+1"],"picked":"Twin Strike+1","floor":28.0},{"not_picked":["Rupture","Burning Pact","Havoc+1"],"picked":"SKIP","floor":30.0},{"not_picked":["Dropkick","Hemokinesis+1","Twin Strike"],"picked":"SKIP","floor":31.0},{"not_picked":["Juggernaut","Feed"],"picked":"Double Tap","floor":33.0},{"not_picked":["Reckless Charge","Heavy Blade"],"picked":"Inflame","floor":35.0},{"not_picked":["Havoc","Flex+1"],"picked":"Anger","floor":38.0},{"not_picked":["Fire Breathing+1","Warcry"],"picked":"Limit Break","floor":40.0},{"not_picked":["Madness","PanicButton"],"picked":"Panacea","floor":41.0},{"not_picked":["Sever Soul","Intimidate","Offering"],"picked":"SKIP","floor":45.0},{"not_picked":["Anger","True Grit"],"picked":"Entrench+1","floor":47.0},{"not_picked":["Rupture","Burning Pact"],"picked":"Metallicize","floor":48}],"player_experience":321481,"relics_obtained":[{"floor":6.0,"key":"Akabeko"},{"floor":9.0,"key":"Whetstone"},{"floor":24.0,"key":"Toy Ornithopter"},{"floor":26.0,"key":"Art of War"},{"floor":31.0,"key":"Juzu Bracelet"},{"floor":40.0,"key":"Champion Belt"},{"floor":43.0,"key":"Strawberry"},{"floor":45.0,"key":"White Beast Statue"},{"floor":47.0,"key":"Bronze Scales"}],"event_choices":[{"damage_healed":0.0,"max_hp_gain":0.0,"max_hp_loss":0.0,"gold_gain":0.0,"event_name":"betterMatch:BetterMatch","player_choice":"3","floor":2.0,"gold_loss":0.0,"damage_taken":0.0,"cards_obtained":["betterMatch:RareCard"]},{"damage_healed":0.0,"max_hp_gain":0.0,"max_hp_loss":0.0,"gold_gain":335.0,"event_name":"betterSkull:BetterSkull","player_choice":"GO GO RE GO ","floor":4.0,"gold_loss":0.0,"damage_taken":53.0,"cards_upgraded":[],"relics_obtained":["Centennial Puzzle"]},{"damage_healed":0.0,"max_hp_gain":0.0,"max_hp_loss":0.0,"gold_gain":0.0,"event_name":"betterThird:BetterSerpent","player_choice":"Ignored","floor":7.0,"gold_loss":0.0,"damage_taken":512.0},{"damage_healed":0.0,"max_hp_gain":0.0,"max_hp_loss":0.0,"gold_gain":0.0,"event_name":"The Library","player_choice":"Read","floor":19.0,"gold_loss":0.0,"damage_taken":0.0,"cards_obtained":["Pummel"]},{"damage_healed":0.0,"max_hp_gain":0.0,"max_hp_loss":0.0,"gold_gain":100.0,"event_name":"Golden Shrine","player_choice":"Pray","floor":36.0,"gold_loss":0.0,"damage_taken":0.0},{"damage_healed":0.0,"max_hp_gain":0.0,"max_hp_loss":0.0,"gold_gain":0.0,"event_name":"Mysterious Sphere","player_choice":"Ignored","floor":37.0,"gold_loss":0.0,"damage_taken":0.0},{"damage_healed":0.0,"max_hp_gain":0.0,"max_hp_loss":0.0,"gold_gain":0.0,"event_name":"Tomb of Lord Red Mask","player_choice":"Ignored","floor":39.0,"gold_loss":0.0,"damage_taken":0.0},{"damage_healed":0.0,"max_hp_gain":0.0,"max_hp_loss":0.0,"gold_gain":3.0,"event_name":"betterStone:BetterStone","player_choice":"1","floor":41.0,"gold_loss":0.0,"damage_taken":0.0}],"is_beta":false,"boss_relics":[{"not_picked":["Runic Dome","Fusion Hammer"],"picked":"Mark of Pain"},{"not_picked":["Snecko Eye","Sozu"],"picked":"Black Blood"}],"items_purged_floors":[42,46],"is_endless":false,"potions_floor_spawned":[1,6,14,16,20,21,28,30,35,38,40,47,48],"ascension_level":9}}