{"host":"Kdaddybrian","time":1610226301,"event":{"mods":["AchievementEnabler","BaseMod","Bestiary","Colored Powertips","Minty Spire (QoL Compilation)","Potion Indicator Mod","Quick Restart","Rare Cards Sparkle","Relic Stats","StSLib","Uncapped"],"gold_per_floor":[216,234,129,129,147,176,176,176,176],"floor_reached":8,"playtime":265,"items_purged":[],"score":84,"play_id":"09bc9440-188d-4ef5-a050-775ef496cc56","local_time":"20210109160501","is_ascension_mode":true,"campfire_choices":[{"floor":7,"key":"REST"}],"circlet_count":0,"master_deck":["AscendersBane","Strike_B","Strike_B","Strike_B","Defend_B","Defend_B","Defend_B","Defend_B","Zap","Dualcast","Capacitor","Barrage","Ball Lightning","BootSequence","Self Repair"],"relics":["Cracked Core","Smiling Mask"],"acts_visited":["Exordium"],"potions_floor_usage":[],"damage_taken":[{"damage":0,"enemies":"2 Louse","floor":1,"turns":3},{"damage":0,"enemies":"Small Slimes","floor":2,"turns":4},{"damage":1,"enemies":"Cultist","floor":5,"turns":3},{"damage":40,"enemies":"3 Sentries","floor":6,"turns":8},{"damage":42,"enemies":"Gremlin Nob","floor":8,"turns":4}],"seed_played":"986294471995824883","potions_obtained":[{"floor":1,"key":"SpeedPotion"},{"floor":5,"key":"SteroidPotion"}],"is_trial":false,"path_per_floor":["M","M","$","?","M","E","R","E"],"character_chosen":"DEFECT","items_purchased":["Ball Lightning","Strength Potion"],"campfire_rested":1,"item_purchase_floors":[3,3],"current_hp_per_floor":[68,68,68,61,60,20,42,0,0],"gold":176,"neow_bonus":"HUNDRED_GOLD","is_daily":false,"chose_seed":false,"campfire_upgraded":0,"win_rate":0.0,"timestamp":1610226301,"path_taken":["M","M","$","?","M","E","R","E"],"items_purchased_type":["Card","Potion"],"build_version":"2020-12-18","purchased_purges":0,"victory":false,"max_hp_per_floor":[75,75,75,75,75,75,75,75,75],"relic_stats":{"counters":[5,22],"Smiling Mask":0,"obtain_stats":[{"Cracked Core":0,"Smiling Mask":6},{"Cracked Core":0,"Smiling Mask":4},{"Cracked Core":0,"Smiling Mask":18}]},"card_choices":[{"not_picked":["Aggregate","Go for the Eyes"],"picked":"Capacitor","floor":1},{"not_picked":["Streamline","Gash"],"picked":"Barrage","floor":2},{"not_picked":["Redo","Tempest"],"picked":"BootSequence","floor":5},{"not_picked":["Recycle","Reboot"],"picked":"Self Repair","floor":6}],"player_experience":2948258,"relics_obtained":[{"floor":6,"key":"Smiling Mask"}],"event_choices":[{"cards_removed":["Strike_B"],"damage_healed":0,"gold_gain":0,"player_choice":"Card Removal","damage_taken":7,"max_hp_gain":0,"max_hp_loss":0,"event_name":"Golden Wing","floor":4,"gold_loss":0}],"is_beta":true,"boss_relics":[],"items_purged_floors":[],"is_endless":false,"potions_floor_spawned":[1,5],"killed_by":"Gremlin Nob","ascension_level":10}}