{"host":"7eytxr1oawi6r5nr","time":1610194378,"event":{"mods":["BaseMod","Bestiary","Better Third Choice","Curses Come First","Dark Map","Downfall","Gremlin Mod","Hermit","Hubris","Jorbs\u0027s Wanderer Trilogy","Minty Spire (QoL Compilation)","Permanent Neow","Quick Restart","Rare Cards Sparkle","Replay The Spire","Robot Space Explorer","StSLib","The Disciple","The Runesmith"],"gold_per_floor":[118,128,140,155,230,230,247,282,309,309,323,141,154,167,167,272,272,304,324,324,324,324,324,311,331,386,419,445,370,94,113,113,225,225,245,245,275,176,176,176,205,205,205,246,270,326,338,370,430,469,481,497],"floor_reached":53,"playtime":6610,"items_purged":["Runesmith:Strike_RS","Doubt","Runesmith:Strike_RS","Runesmith:Strike_RS"],"score":666,"play_id":"98f44c35-84c1-4513-a218-9725833176a5","local_time":"20210109121258","is_ascension_mode":false,"campfire_choices":[{"data":"Runesmith:Fortify","floor":6.0,"key":"SMITH"},{"data":"Runesmith:CraftFirestone","floor":10.0,"key":"SMITH"},{"floor":15.0,"key":"REST"},{"floor":23.0,"key":"REST"},{"floor":32.0,"key":"REST"},{"data":"Runesmith:Grindstone","floor":42.0,"key":"SMITH"},{"data":"Runesmith:Permafrost","floor":47.0,"key":"SMITH"},{"floor":51,"key":"REST"}],"circlet_count":0,"master_deck":["Runesmith:Defend_RS","Runesmith:Defend_RS","Runesmith:Defend_RS","Runesmith:Defend_RS","Runesmith:CraftFirestone+1","Runesmith:Fortify+1","Runesmith:HeatExchange+1","Runesmith:Overpower","Runesmith:CraftProtectio","Runesmith:StaticCage","Runesmith:GoWithTheFlow","Runesmith:Permafrost+1","Runesmith:EarthShield","Runesmith:HeatedChisel+1","Runesmith:CraftIndustria+1","CurseOfTheBell","Runesmith:CraftIncendium","Runesmith:CraftMagma","Runesmith:Firewall","Runesmith:LithiumIon","Runesmith:RuneHurl","Runesmith:HammerThrow+1","Runesmith:Grindstone+1","Runesmith:UnlimitedPower+1","Runesmith:MakeshiftArmor","Runesmith:ArcReactor","Secret Weapon","Runesmith:CraftObretio","Parasite","Runesmith:ElementalConversion"],"relics":["Runesmith:BrokenRuby","Ginger","Replay:Rubber Ducky","Membership Card","Calling Bell","Replay:Bandana","Runesmith:Nanobots","hubris:CuriousFeather","Anchor","Blood Vial","ReplayTheSpireMod:CursedCoin","hubris:TenFootPole","Pet Ghost","Bag of Preparation","Guide Book","Whetstone","hubris:VirtuousBlindfold","Regal Pillow","MawBank","PreservedInsect","Art of War"],"acts_visited":["Exordium","TheCity","TheBeyond"],"potions_floor_usage":[52,52],"damage_taken":[{"damage":0.0,"enemies":"2 Louse","floor":1.0,"turns":3.0},{"damage":0.0,"enemies":"Cultist","floor":2.0,"turns":5.0},{"damage":0.0,"enemies":"Small Slimes","floor":3.0,"turns":2.0},{"damage":2.0,"enemies":"Blue Slaver","floor":4.0,"turns":3.0},{"damage":5.0,"enemies":"2 Fungi Beasts","floor":7.0,"turns":4.0},{"damage":25.0,"enemies":"Gremlin Nob","floor":8.0,"turns":4.0},{"damage":5.0,"enemies":"Looter","floor":11.0,"turns":2.0},{"damage":5.0,"enemies":"Red Slaver","floor":13.0,"turns":4.0},{"damage":0.0,"enemies":"3 Louse","floor":14.0,"turns":1.0},{"damage":32.0,"enemies":"The Guardian","floor":16.0,"turns":11.0},{"damage":28.0,"enemies":"Spheric Guardian","floor":18.0,"turns":6.0},{"damage":5.0,"enemies":"Chosen","floor":19.0,"turns":5.0},{"damage":17.0,"enemies":"Shelled Parasite and Fungi","floor":25.0,"turns":8.0},{"damage":27.0,"enemies":"Gremlin Leader","floor":27.0,"turns":8.0},{"damage":11.0,"enemies":"Snake Plant","floor":28.0,"turns":5.0},{"damage":0.0,"enemies":"Sentry and Sphere","floor":31.0,"turns":5.0},{"damage":28.0,"enemies":"Automaton","floor":33.0,"turns":9.0},{"damage":0.0,"enemies":"3 Shapes","floor":35.0,"turns":4.0},{"damage":15.0,"enemies":"3 Darklings","floor":37.0,"turns":5.0},{"damage":0.0,"enemies":"4 Shapes","floor":41.0,"turns":4.0},{"damage":4.0,"enemies":"Giant Head","floor":44.0,"turns":8.0},{"damage":10.0,"enemies":"R_Hoarder","floor":46.0,"turns":12.0},{"damage":0,"enemies":"Writhing Mass","floor":48,"turns":7},{"damage":0,"enemies":"Jaw Worm Horde","floor":50,"turns":5},{"damage":4,"enemies":"Replay:Hell Engine","floor":52,"turns":15}],"seed_played":"-4094901379710249220","potions_obtained":[{"floor":3.0,"key":"Weak Potion"},{"floor":4.0,"key":"Toxic Potion"},{"floor":11.0,"key":"sneckomod:MuddlingPotion"},{"floor":19.0,"key":"LiquidMemories"},{"floor":27.0,"key":"Regen Potion"},{"floor":31.0,"key":"LiquidMemories"},{"floor":44.0,"key":"AttackPotion"}],"is_trial":false,"path_per_floor":["M","M","M","M","?","R","M","E","T","R","M","$","M","M","R","B",null,"M","M","?","?","?","R","$","M","T","E","M","?","$","M","R","B",null,"M","?","M","$","PTL","PTL","M","R","?","E","T","E","R","M","?","M","R","B",null],"character_chosen":"RUNESMITH_CLASS","items_purchased":["Membership Card","ReplayTheSpireMod:CursedCoin","Runesmith:LithiumIon","hubris:TenFootPole","Runesmith:UnlimitedPower","Runesmith:MakeshiftArmor","Guide Book","Whetstone","PowerPotion"],"campfire_rested":4,"item_purchase_floors":[12,24,24,24,30,30,30,30,38],"current_hp_per_floor":[77,77,77,75,68,68,63,38,38,38,33,33,28,28,51,19,77,49,44,44,44,44,67,67,52,52,27,23,23,23,25,48,22,77,77,77,62,62,62,62,64,64,64,62,62,54,54,56,47,49,77,73],"gold":509,"neow_bonus":"TEN_PERCENT_HP_BONUS","is_daily":false,"chose_seed":false,"campfire_upgraded":4,"win_rate":0.0,"timestamp":1610194378,"path_taken":["M","M","M","M","?","R","M","E","T","R","?","$","M","M","R","BOSS","M","M","?","?","?","R","$","M","T","E","?","?","$","M","R","BOSS","M","?","M","$","PTL","PTL","M","R","?","E","T","E","R","M","?","?","R","BOSS"],"items_purchased_type":["Relic","Relic","Card","Relic","Card","Card","Relic","Relic","Potion"],"build_version":"2020-12-22","purchased_purges":4,"victory":true,"max_hp_per_floor":[77,77,77,77,77,77,77,77,77,77,77,77,77,77,77,77,77,77,77,77,77,77,77,77,77,77,77,77,77,77,77,77,77,77,77,77,77,77,77,77,77,77,77,77,77,77,77,77,77,77,77,77],"card_choices":[{"not_picked":["Runesmith:BackupBattery","Runesmith:UnstableHammer"],"picked":"Runesmith:HeatExchange","floor":1.0},{"not_picked":["Runesmith:StaticCage","Runesmith:UnstableHammer"],"picked":"Runesmith:Overpower","floor":2.0},{"not_picked":["Runesmith:BackupBattery","Runesmith:Discharge"],"picked":"Runesmith:CraftProtectio","floor":3.0},{"not_picked":["Runesmith:Overpower","Runesmith:Electrocute"],"picked":"Runesmith:StaticCage","floor":4.0},{"not_picked":["Runesmith:CraftMedicinae","Runesmith:CraftProtectio"],"picked":"Runesmith:GoWithTheFlow","floor":7.0},{"not_picked":["Runesmith:Superposition","Runesmith:BackupBattery"],"picked":"Runesmith:Permafrost","floor":8.0},{"not_picked":["Runesmith:Attraction","Runesmith:HeatedChisel"],"picked":"Runesmith:EarthShield","floor":11.0},{"not_picked":["Runesmith:Repurpose","Runesmith:HeatExchange","Runesmith:EarthShield"],"picked":"SKIP","floor":13.0},{"not_picked":["Runesmith:RuneHurl","Runesmith:NanitesCloud"],"picked":"Runesmith:HeatedChisel","floor":14.0},{"not_picked":["Runesmith:LastStand","Runesmith:UnlimitedPower"],"picked":"Runesmith:CraftIndustria","floor":16.0},{"not_picked":["Runesmith:BackupBattery","Runesmith:HammerTime+1"],"picked":"Runesmith:CraftIncendium","floor":18.0},{"not_picked":["Runesmith:HeatExchange","Runesmith:OneForEveryone"],"picked":"Runesmith:CraftMagma","floor":19.0},{"not_picked":["Runesmith:Augment","Runesmith:HammerThrow+1"],"picked":"Runesmith:RuneHurl","floor":25.0},{"not_picked":["Runesmith:NegativeSpace","Runesmith:HeatExchange"],"picked":"Runesmith:HammerThrow+1","floor":27.0},{"not_picked":["Runesmith:ShiftingStrike","Runesmith:CraftProtectio+1"],"picked":"Runesmith:Grindstone","floor":28.0},{"not_picked":["Runesmith:CraftPrismatica","Runesmith:Augment","Runesmith:CraftMagma"],"picked":"SKIP","floor":31.0},{"not_picked":["Runesmith:UnlimitedPower","Runesmith:LastStand"],"picked":"Runesmith:ArcReactor","floor":33.0},{"not_picked":["Runesmith:Superposition+1","Runesmith:BackupBattery","Runesmith:CraftMagma"],"picked":"SKIP","floor":35.0},{"not_picked":["Dramatic Entrance","Crow Ritual"],"picked":"Secret Weapon","floor":36.0},{"not_picked":["Runesmith:EarthShield","Runesmith:ChiselStab"],"picked":"Runesmith:CraftObretio","floor":37.0},{"not_picked":["Runesmith:Repurpose","Runesmith:Overpower","Runesmith:CraftReservo+1"],"picked":"SKIP","floor":41.0},{"not_picked":["Runesmith:CraftMagma","Runesmith:UnstableHammer","Runesmith:Augment"],"picked":"SKIP","floor":44.0},{"not_picked":["Runesmith:EarthShield","Runesmith:ChargedHammer+1","Runesmith:CraftPrismatica"],"picked":"SKIP","floor":46.0},{"not_picked":["Runesmith:NegativeSpace","Runesmith:Electrocute+1"],"picked":"Runesmith:ElementalConversion","floor":48},{"not_picked":["Runesmith:EarthShield+1","Runesmith:HammerThrow+1","Runesmith:HeatedChisel+1"],"picked":"SKIP","floor":50}],"player_experience":150141,"relics_obtained":[{"floor":8.0,"key":"Ginger"},{"floor":9.0,"key":"Replay:Rubber Ducky"},{"floor":17.0,"key":"Replay:Bandana"},{"floor":17.0,"key":"Runesmith:Nanobots"},{"floor":17.0,"key":"hubris:CuriousFeather"},{"floor":26.0,"key":"Pet Ghost"},{"floor":27.0,"key":"Bag of Preparation"},{"floor":44.0,"key":"Regal Pillow"},{"floor":45.0,"key":"MawBank"},{"floor":46.0,"key":"PreservedInsect"},{"floor":49,"key":"Art of War"}],"event_choices":[{"damage_healed":0.0,"max_hp_gain":0.0,"max_hp_loss":0.0,"gold_gain":75.0,"event_name":"FaceTrader","player_choice":"Touch","floor":5.0,"gold_loss":0.0,"damage_taken":7.0},{"damage_healed":0.0,"max_hp_gain":0.0,"max_hp_loss":0.0,"gold_gain":0.0,"event_name":"The Mausoleum","player_choice":"Opened","floor":20.0,"gold_loss":0.0,"damage_taken":0.0,"relics_obtained":["Anchor"]},{"damage_healed":0.0,"max_hp_gain":0.0,"max_hp_loss":0.0,"gold_gain":0.0,"event_name":"The Library","player_choice":"Read","floor":21.0,"gold_loss":0.0,"damage_taken":0.0,"cards_obtained":["Runesmith:Firewall"]},{"damage_healed":0.0,"max_hp_gain":0.0,"max_hp_loss":0.0,"gold_gain":0.0,"event_name":"WeMeetAgain","player_choice":"Gave Potion","floor":22.0,"gold_loss":0.0,"damage_taken":0.0,"relics_obtained":["Blood Vial"]},{"cards_removed":["Runesmith:Strike_RS"],"damage_healed":0.0,"max_hp_gain":0.0,"max_hp_loss":0.0,"gold_gain":0.0,"event_name":"Beggar","player_choice":"Gave Gold","floor":29.0,"gold_loss":75.0,"damage_taken":0.0},{"damage_healed":0.0,"max_hp_gain":0.0,"max_hp_loss":0.0,"gold_gain":0.0,"event_name":"SensoryStone","player_choice":"Memory 1","floor":36.0,"gold_loss":0.0,"damage_taken":0.0}],"is_beta":false,"boss_relics":[{"not_picked":["Replay:Bronze Core","Snecko Eye"],"picked":"Calling Bell"},{"not_picked":["hubris:RunicObelisk","Painkiller Herb"],"picked":"hubris:VirtuousBlindfold"}],"items_purged_floors":[12,24,30,38],"is_endless":false,"potions_floor_spawned":[3,4,11,19,27,31,44,48],"ascension_level":0}}