{"host":"pzxn1nb1tlmimivy","time":1610188361,"event":{"mods":["BaseMod","CapriCore","Infinite Spire","Lobotomy","LobotomyExtend","Minty Spire (QoL Compilation)","Quick Restart","Replay The Spire","StSLib","TestMod","The Immortal"],"gold_per_floor":[212,62,62,78,78,103,123,123,123,123,177,212,223,223,223,223,223,328,328,345,345,360,376,387,415,415,442,467,486,486,500,517,692,702,353,382,782,816,840,871,746,746,746,446,446,543,543,558,383,383,383,383,408,421,434,485,513,513,537,549,549,549,591,591,688,688,699,699,724,473,524,561,561,579,624,659,712,731,731,1062,1062,1163,1163,1176,1126,1137,1119,1132,1144,1181,1256,1256,1281,1299,1328,1346,1346,1346,1443,1443,1461,1461,1477,1490,1274,1296,1308,1321,1321,1321,1051,1070,1093,1093,1093,1179,1179,1179,1179,1179],"floor_reached":18,"playtime":5456,"items_purged":["MokouMod:Defend","Doubt","MokouMod:Defend","MokouMod:Strike","MokouMod:Strike","MokouMod:ResoluteFlare+1","MokouMod:Cataclysm","MokouMod:BurningDraft+1"],"score":2208,"play_id":"28cfc4ff-4041-4bd6-ae5e-347b5a141e10","local_time":"20210109183241","is_ascension_mode":true,"campfire_choices":[{"data":"MokouMod:FujiyamaVolcano","floor":8.0,"key":"SMITH"},{"floor":15.0,"key":"REST"},{"data":"MokouMod:HeatSpark","floor":17.0,"key":"SMITH"},{"data":"MokouMod:Defend","floor":26.0,"key":"PURGE"},{"data":"MokouMod:HeartofFire","floor":30.0,"key":"PURGE"},{"data":"MokouMod:Extinguish","floor":13.0,"key":"SMITH"},{"data":"MokouMod:BurningDraft","floor":15.0,"key":"SMITH"},{"data":"infinitespire:Collect","floor":34.0,"key":"SMITH"},{"data":"MokouMod:TemporalFireSeal","floor":34.0,"key":"SMITH"},{"data":"infinitespire:Starlight","floor":51.0,"key":"PURGE"},{"data":"MokouMod:Overheat","floor":68.0,"key":"SMITH"},{"data":"MokouMod:ControlledCombustion","floor":68.0,"key":"SMITH"},{"floor":10.0,"key":"RECALL"},{"data":"MokouMod:HeatSpark+1","floor":15.0,"key":"PURGE"}],"circlet_count":0,"master_deck":["MokouMod:Extinguish+1","MokouMod:Overheat+1","MokouMod:ControlledCombustion+1","MokouMod:Extinguish+1","MokouMod:WarmUp+1","infinitespire:Collect+1","MokouMod:TemporalFireSeal+1","MokouMod:SubterraneanCore+1","MokouMod:EnchantingBambooForest+1","MokouMod:Overheat+1","MokouMod:WarmUp+1","infinitespire:Collect+1"],"relics":["MokouMod:PhoenixFeather","testmod-ObsoleteBoomerang","CultistMask","Singing Bowl","Anchor","infinitespire:PuzzleCube","testmod-ArcanaOfDestiny","Replay:Mystery Machine","Astrolabe","Enchiridion","Peace Pipe","Prayer Wheel","testmod-RealStoneCalender","Replay:Wax Seal","Frozen Egg 2","Gambling Chip","testmod-Déjàvu","testmod-TurbochargingSystem","Orichalcum","Pen Nib","Juzu Bracelet","Replay:Arrowhead","testmod-Fanaticism","Whetstone","MealTicket","ReplayTheSpireMod:Shallot","CeramicFish","infinitespire:Golems Mask","testmod-Register","Oddly Smooth Stone","Empty Cage","Regal Pillow","Membership Card","infinitespire:Lychee Nut","infinitespire:CursedDice","StoneCalendar","testmod-BouquetWithThorns","MagicBullet_r","testmod-Brilliant","Medical Kit","Gremlin Food","Ancient Tea Set","testmod-HeartOfStrike","testmod-Faith","Old Coin","Replay:Rubber Ducky","TungstenRod","Durian","Toxic Egg 2","infinitespire:EmpoweringShard","testmod-EqualTreatment","Lee\u0027s Waffle","White Beast Statue","Replay:WaspNest","Counterbalance","testmod-Prudence","LetterFromLob","Replay:Kaleidoscope","DollysMirror","Replay:Baseball","ReplayFunnel","Replay:Accelerometer","BargainBundle","Incense Burner","ReplayTheSpireMod:EnergyBall","Quantum Egg","WingedGreaves","Sling","Fusion Hammer"],"acts_visited":["Exordium","TheCity","TheCity","TheBeyond","Exordium","TheCity","TheCity"],"potions_floor_usage":[18,18,18,18],"damage_taken":[{"damage":6.0,"enemies":"Cultist","floor":1.0,"turns":3.0},{"damage":12.0,"enemies":"Jaw Worm","floor":4.0,"turns":2.0},{"damage":40.0,"enemies":"Lagavulin","floor":6.0,"turns":5.0},{"damage":0.0,"enemies":"2 Louse","floor":7.0,"turns":2.0},{"damage":0.0,"enemies":"3 Sentries","floor":12.0,"turns":4.0},{"damage":0.0,"enemies":"Looter","floor":13.0,"turns":2.0},{"damage":16.0,"enemies":"Hexaghost","floor":18.0,"turns":5.0},{"damage":15.0,"enemies":"2 Thieves","floor":20.0,"turns":3.0},{"damage":2.0,"enemies":"Chosen","floor":22.0,"turns":2.0},{"damage":0.0,"enemies":"Centurion and Healer","floor":23.0,"turns":2.0},{"damage":0.0,"enemies":"Snake Plant","floor":24.0,"turns":1.0},{"damage":23.0,"enemies":"Slavers","floor":25.0,"turns":3.0},{"damage":53.0,"enemies":"Book of Stabbing","floor":27.0,"turns":6.0},{"damage":5.0,"enemies":"Chosen and Byrds","floor":29.0,"turns":5.0},{"damage":0.0,"enemies":"Cultist","floor":1.0,"turns":2.0},{"damage":0.0,"enemies":"Small Slimes","floor":2.0,"turns":1.0},{"damage":0.0,"enemies":"2 Louse","floor":4.0,"turns":2.0},{"damage":20.0,"enemies":"Lagavulin","floor":6.0,"turns":3.0},{"damage":10.0,"enemies":"3 Sentries","floor":8.0,"turns":3.0},{"damage":0.0,"enemies":"Gremlin Nob","floor":10.0,"turns":2.0},{"damage":0.0,"enemies":"Hexaghost","floor":16.0,"turns":1.0},{"damage":0.0,"enemies":"2 Thieves","floor":18.0,"turns":1.0},{"damage":0.0,"enemies":"Nightmare","floor":23.0,"turns":1.0},{"damage":0.0,"enemies":"3 Byrds","floor":24.0,"turns":1.0},{"damage":0.0,"enemies":"Centurion and Healer","floor":25.0,"turns":1.0},{"damage":0.0,"enemies":"Replay:Snechameleon","floor":27.0,"turns":2.0},{"damage":0.0,"enemies":"Snecko","floor":29.0,"turns":1.0},{"damage":0.0,"enemies":"Sentry and Sphere","floor":30.0,"turns":1.0},{"damage":0.0,"enemies":"Slavers","floor":33.0,"turns":1.0},{"damage":0.0,"enemies":"Champ","floor":35.0,"turns":2.0},{"damage":1.0,"enemies":"3 Darklings","floor":37.0,"turns":2.0},{"damage":0.0,"enemies":"Orb Walker","floor":39.0,"turns":2.0},{"damage":0.0,"enemies":"2 Orb Walkers","floor":41.0,"turns":1.0},{"damage":0.0,"enemies":"Nemesis","floor":42.0,"turns":1.0},{"damage":0.0,"enemies":"Sphere and 2 Shapes","floor":44.0,"turns":1.0},{"damage":0.0,"enemies":"R_Hoarder","floor":46.0,"turns":2.0},{"damage":0.0,"enemies":"Writhing Mass","floor":48.0,"turns":1.0},{"damage":0.0,"enemies":"Nightmare","floor":50.0,"turns":1.0},{"damage":0.0,"enemies":"infinitespire:MassOfShapes","floor":52.0,"turns":1.0},{"damage":0.0,"enemies":"Jaw Worm","floor":54.0,"turns":1.0},{"damage":19.0,"enemies":"2 Louse","floor":56.0,"turns":1.0},{"damage":0.0,"enemies":"Cultist","floor":58.0,"turns":1.0},{"damage":0.0,"enemies":"Exordium Wildlife","floor":59.0,"turns":1.0},{"damage":0.0,"enemies":"Gremlin Nob","floor":60.0,"turns":1.0},{"damage":0.0,"enemies":"Nightmare","floor":63.0,"turns":1.0},{"damage":0.0,"enemies":"Blue Slaver","floor":64.0,"turns":1.0},{"damage":0.0,"enemies":"Gremlin Nob","floor":65.0,"turns":1.0},{"damage":19.0,"enemies":"2 Fungi Beasts","floor":66.0,"turns":1.0},{"damage":0.0,"enemies":"Fading Forest","floor":69.0,"turns":1.0},{"damage":0.0,"enemies":"Small Slimes","floor":1.0,"turns":1.0},{"damage":0.0,"enemies":"Cultist","floor":3.0,"turns":1.0},{"damage":0.0,"enemies":"Jaw Worm","floor":4.0,"turns":1.0},{"damage":0.0,"enemies":"Gremlin Nob","floor":6.0,"turns":1.0},{"damage":0.0,"enemies":"Red Slaver","floor":7.0,"turns":1.0},{"damage":19.0,"enemies":"Large Slime","floor":8.0,"turns":1.0},{"damage":0.0,"enemies":"3 Louse","floor":12.0,"turns":1.0},{"damage":0.0,"enemies":"Nightmare","floor":13.0,"turns":1.0},{"damage":0.0,"enemies":"Hexaghost","floor":16.0,"turns":1.0},{"damage":0,"enemies":"2 Thieves","floor":18,"turns":1}],"seed_played":"1575585674410369734","potions_obtained":[{"floor":1.0,"key":"Adrenaline Potion"},{"floor":4.0,"key":"Fire Potion"},{"floor":12.0,"key":"infinitespire:BlackPotion"},{"floor":23.0,"key":"LiquidMemories"},{"floor":24.0,"key":"Toxic Potion"},{"floor":1.0,"key":"LiquidMemories"},{"floor":22.0,"key":"Fruit Juice"},{"floor":22.0,"key":"DistilledChaos"},{"floor":23.0,"key":"Swift Potion"},{"floor":37.0,"key":"testmod-TestPotion"},{"floor":58.0,"key":"testmod-TestPotion"}],"is_trial":false,"path_per_floor":["M","$","?","M","T","E","M","R","PTL","PTL","T","E","M","?","R","?","R","B",null,"M","?","M","M","M","E","R","E","T","M","R","E","M","M","?","M","$","E","?","E","T","E","$","?","R","$","R","B",null,"M","$","?","?","?","NM","M","M","T","E","AVR","M","M","PTL","PTL","E","R","B",null,"M","AVR","M","$","?","E","?","M","T","E","T","M","?","NM","R","B",null,"M","?","M","$","M","M","E","?","T","NM","M","E","M","AVR","R","B",null,"M","M","?","M","M","$","E","M","M","T","R","$","M","NM","?","R","B",null,"M"],"character_chosen":"MKU","items_purchased":["MokouMod:HeartofFire","Frozen Egg 2","Juzu Bracelet","Membership Card","Durian","MokouMod:Overheat","Replay:Kaleidoscope","DollysMirror","Replay:Accelerometer","BargainBundle"],"campfire_rested":1,"item_purchase_floors":[2,5,14,40,57,57,5,5,11,11],"current_hp_per_floor":[69,69,69,57,57,19,21,21,21,21,21,23,25,18,42,42,42,26,83,70,54,54,56,56,35,35,24,24,23,23,99,103,103,107,107,89,89,81,81,81,81,81,81,81,81,83,113,117,117,89,89,94,106,108,112,112,114,114,126,130,130,130,130,130,132,140,143,143,146,146,111,111,91,110,110,117,117,121,121,123,123,125,125,129,129,114,134,138,142,142,132,132,155,159,161,146,146,146,148,167,171,171,175,179,181,183,187,174,174,174,189,193,195,157,157,159,199,199,199,199],"gold":1179,"neow_bonus":"HUNDRED_GOLD","is_daily":false,"chose_seed":false,"campfire_upgraded":8,"win_rate":0.0,"timestamp":1610188361,"path_taken":["M","?","?","?","?","E","M","R","PTL","PTL","T","E","M","?","R","?","R","BOSS","M","?","M","M","M","E","R","E","T","M","R","E","M","M","?","M","$","E","?","E","T","E","$","?","R","$","R","BOSS","M","$","?","?","?","NM","M","M","T","E","AVR","M","M","PTL","PTL","E","R","BOSS","M","AVR","M","?","?","E","?","M","T","E","?","M","?","NM","R","BOSS","M","?","M","$","M","M","E","?","T","NM","M","E","M","AVR","R","BOSS","M","M","?","M","M","$","E","M","M","T","R","?","M","NM","?","R","BOSS","M"],"items_purchased_type":["Card","Relic","Relic","Relic","Relic","Card","Relic","Relic","Relic","Relic"],"build_version":"2020-12-22","purchased_purges":8,"victory":false,"max_hp_per_floor":[75,75,75,75,75,77,79,79,79,79,79,81,83,83,83,83,83,83,83,85,85,87,89,89,91,91,93,93,97,97,99,103,103,107,107,109,109,111,111,111,111,111,111,111,111,113,113,117,117,117,117,122,124,126,130,130,132,132,134,138,138,138,138,138,140,140,144,144,146,146,111,111,111,115,115,117,117,121,121,123,123,125,125,129,129,133,138,142,146,146,146,146,155,159,161,165,165,165,167,167,171,171,175,179,181,183,187,191,191,191,191,195,197,197,197,199,199,199,199,199],"card_choices":[{"not_picked":["MokouMod:InfernalWave","MokouMod:BurningDraft"],"picked":"MokouMod:ControlledCombustion","floor":1.0},{"not_picked":["MokouMod:FlareStarter","MokouMod:SearingShot"],"picked":"MokouMod:FujiyamaVolcano","floor":4.0},{"not_picked":["MokouMod:EternalBurstReactor","MokouMod:ResoluteFlare","MokouMod:RoaringFlare"],"picked":"Singing Bowl","floor":6.0},{"not_picked":["MokouMod:UncontrollableSolarReaction","MokouMod:FlickeringFlame","MokouMod:RoaringFlare"],"picked":"Singing Bowl","floor":7.0},{"not_picked":["MokouMod:CrimsonFlare","MokouMod:Ember","MokouMod:IllusoryBattlefield"],"picked":"Singing Bowl","floor":12.0},{"not_picked":["MokouMod:HeartofFire","MokouMod:CrimsonFlare","MokouMod:ShiftIgnition"],"picked":"Singing Bowl","floor":13.0},{"not_picked":["MokouMod:ResonatingAura","MokouMod:ExplosiveFlame"],"picked":"MokouMod:Extinguish","floor":18.0},{"not_picked":["MokouMod:IgnitionBarrier+1","MokouMod:Ember","MokouMod:Meltdown+1"],"picked":"Singing Bowl","floor":20.0},{"not_picked":["MokouMod:ResoluteFlare+1","MokouMod:BurningDraft","MokouMod:InfernalWave+1"],"picked":"Singing Bowl","floor":22.0},{"not_picked":["MokouMod:Burn","MokouMod:IcarusDive","MokouMod:EternalBurstReactor+1"],"picked":"Singing Bowl","floor":23.0},{"not_picked":["MokouMod:IllusoryBattlefield","MokouMod:Overheat"],"picked":"MokouMod:BurningDraft","floor":24.0},{"not_picked":["MokouMod:ThermalPressure","MokouMod:ResonatingAura","MokouMod:Scorch"],"picked":"Singing Bowl","floor":25.0},{"not_picked":["MokouMod:Combust","MokouMod:ResoluteFlare","MokouMod:InfernalWave"],"picked":"Singing Bowl","floor":27.0},{"not_picked":["MokouMod:ResoluteFlare","MokouMod:IgnitionBarrier+1","MokouMod:FlamingFireTalons"],"picked":"Singing Bowl","floor":29.0},{"not_picked":["MokouMod:UncontrollableSolarReaction","MokouMod:Firecracker","MokouMod:Ember+1"],"picked":"Singing Bowl","floor":29.0},{"not_picked":["MokouMod:DanceofFlames","MokouMod:Burn","MokouMod:RoaringFlare"],"picked":"Singing Bowl","floor":1.0},{"not_picked":["MokouMod:IndiscriminateIgnition","MokouMod:UncontrollableSolarReaction"],"picked":"MokouMod:ControlledCombustion","floor":1.0},{"not_picked":["MokouMod:EternalBurstReactor","MokouMod:Overheat","MokouMod:IndiscriminateIgnition"],"picked":"Singing Bowl","floor":2.0},{"not_picked":["MokouMod:ScorchedEarth","MokouMod:IllusoryBattlefield","MokouMod:InfernalWave"],"picked":"Singing Bowl","floor":2.0},{"not_picked":["MokouMod:SearingShot","MokouMod:SearingBlow","MokouMod:Stoke"],"picked":"Singing Bowl","floor":4.0},{"not_picked":["MokouMod:EternalBurstReactor","MokouMod:SearingShot","MokouMod:IgnitionBlast"],"picked":"Singing Bowl","floor":4.0},{"not_picked":["MokouMod:HeatTransfer","MokouMod:GuidingSmoke","MokouMod:Firecracker"],"picked":"Singing Bowl","floor":6.0},{"not_picked":["MokouMod:ResoluteFlare","MokouMod:FlickeringFlame","MokouMod:Burn"],"picked":"Singing Bowl","floor":8.0},{"not_picked":["MokouMod:Fireball","MokouMod:EternalBurstReactor"],"picked":"MokouMod:Extinguish","floor":10.0},{"not_picked":["MokouMod:Rekindle","MokouMod:SearingBlow","MokouMod:Geothermal"],"picked":"Singing Bowl","floor":16.0},{"not_picked":["MokouMod:HeatTransfer","MokouMod:UncontrollableSolarReaction","MokouMod:IndiscriminateIgnition"],"picked":"Singing Bowl","floor":18.0},{"not_picked":["MokouMod:AdaptivePyromancy+1","MokouMod:HeatTransfer+1","MokouMod:ThermalPressure"],"picked":"Singing Bowl","floor":18.0},{"not_picked":["infinitespire:NeuralNetwork","infinitespire:SealOfDarkness+"],"picked":"infinitespire:Starlight","floor":20.0},{"not_picked":["MokouMod:CrimsonFlare","MokouMod:Afterburner+1","MokouMod:Wildfire"],"picked":"Singing Bowl","floor":23.0},{"not_picked":["MokouMod:RoaringFlare","MokouMod:IndiscriminateIgnition","MokouMod:Burn"],"picked":"Singing Bowl","floor":24.0},{"not_picked":["MokouMod:EternalBurstReactor","MokouMod:BlazingComet"],"picked":"MokouMod:WarmUp+1","floor":24.0},{"not_picked":["MokouMod:Overheat","MokouMod:InfernalWave+1","MokouMod:Firecracker"],"picked":"Singing Bowl","floor":25.0},{"not_picked":["MokouMod:Scorch+1","MokouMod:HeatTransfer+1","MokouMod:BlazingComet"],"picked":"Singing Bowl","floor":25.0},{"not_picked":["MokouMod:Overheat","MokouMod:SpontaneousHumanCombustion","MokouMod:EternalBurstReactor+1"],"picked":"Singing Bowl","floor":27.0},{"not_picked":["MokouMod:FlareStarter","MokouMod:Singe","MokouMod:BlazingComet"],"picked":"Singing Bowl","floor":29.0},{"not_picked":["MokouMod:WarmUp+1","MokouMod:InfernalWave"],"picked":"MokouMod:TemporalFireSeal","floor":29.0},{"not_picked":["MokouMod:Ember+1","MokouMod:IndiscriminateIgnition","MokouMod:ControlledCombustion"],"picked":"Singing Bowl","floor":30.0},{"not_picked":["MokouMod:Ember","MokouMod:FlareStarter","MokouMod:ResoluteFlare+1"],"picked":"Singing Bowl","floor":30.0},{"not_picked":["MokouMod:ThermalPressure+1","MokouMod:BurningDraft+1"],"picked":"MokouMod:Cataclysm","floor":33.0},{"not_picked":["MokouMod:BurningHiddenBullet","MokouMod:Rekindle","MokouMod:ExplosiveFlame+1"],"picked":"Singing Bowl","floor":35.0},{"not_picked":["MokouMod:ScorchedEarth+1","MokouMod:GuidingSmoke+1","MokouMod:Fireball+1"],"picked":"Singing Bowl","floor":37.0},{"not_picked":["MokouMod:DanceofFlames+1","MokouMod:Sear","MokouMod:Cataclysm"],"picked":"Singing Bowl","floor":37.0},{"not_picked":["MokouMod:Ember+1","MokouMod:FlareStarter+1"],"picked":"MokouMod:SubterraneanCore","floor":39.0},{"not_picked":["MokouMod:Geothermal","MokouMod:SearingShot","MokouMod:Sear+1"],"picked":"Singing Bowl","floor":39.0},{"not_picked":["MokouMod:BurningDraft","MokouMod:Combust","MokouMod:Firecracker+1"],"picked":"Singing Bowl","floor":41.0},{"not_picked":["MokouMod:SearingShot","MokouMod:Geothermal"],"picked":"MokouMod:EnchantingBambooForest+1","floor":42.0},{"not_picked":["MokouMod:SubterraneanCore+1","MokouMod:FlareStarter","MokouMod:Overheat"],"picked":"Singing Bowl","floor":44.0},{"not_picked":["MokouMod:ThermalPressure","MokouMod:SearingShot+1","MokouMod:FlickeringFlame+1"],"picked":"Singing Bowl","floor":44.0},{"not_picked":["MokouMod:UncontrollableSolarReaction+1","MokouMod:BurningDraft","MokouMod:Afterburner+1"],"picked":"Singing Bowl","floor":46.0},{"not_picked":["MokouMod:IgneousBlow+1","MokouMod:DanceofFlames+1","MokouMod:TemporalFireSeal+1"],"picked":"Singing Bowl","floor":48.0},{"not_picked":["MokouMod:FusionFlare","MokouMod:RoaringFlare","MokouMod:ControlledCombustion"],"picked":"Singing Bowl","floor":48.0},{"not_picked":["MokouMod:HeartofFire+1","MokouMod:EternalBurstReactor+1","MokouMod:ImperishableFlame"],"picked":"Singing Bowl","floor":50.0},{"not_picked":["MokouMod:Geothermal","MokouMod:SacredFire","MokouMod:ResonatingAura+1"],"picked":"Singing Bowl","floor":52.0},{"not_picked":["MokouMod:WarmUp","MokouMod:IgnitionBlast+1","MokouMod:ScorchingColumn"],"picked":"Singing Bowl","floor":54.0},{"not_picked":["MokouMod:Singe","MokouMod:Stoke","MokouMod:Meltdown+1"],"picked":"Singing Bowl","floor":54.0},{"not_picked":["MokouMod:ImperishableFlame","MokouMod:AdaptivePyromancy","MokouMod:FlareStarter"],"picked":"Singing Bowl","floor":56.0},{"not_picked":["MokouMod:RoaringFlare","MokouMod:Singe","MokouMod:BurningHiddenBullet"],"picked":"Singing Bowl","floor":56.0},{"not_picked":["MokouMod:InfernalWave","MokouMod:FlickeringFlame","MokouMod:GuidingSmoke"],"picked":"Singing Bowl","floor":58.0},{"not_picked":["MokouMod:UncontrollableSolarReaction","MokouMod:Afterburner","MokouMod:Ventilation"],"picked":"Singing Bowl","floor":58.0},{"not_picked":["MokouMod:IndiscriminateIgnition","MokouMod:UncontrollableSolarReaction","MokouMod:Firecracker"],"picked":"Singing Bowl","floor":59.0},{"not_picked":["MokouMod:HeatTransfer","MokouMod:Wildfire","MokouMod:IgnitionBarrier"],"picked":"Singing Bowl","floor":59.0},{"not_picked":["MokouMod:Stoke+1","MokouMod:IgnitionBarrier+1"],"picked":"MokouMod:WarmUp+1","floor":60.0},{"not_picked":["MokouMod:AdaptivePyromancy","MokouMod:PhoenixFeathers+1","MokouMod:Afterburner+1"],"picked":"Singing Bowl","floor":63.0},{"not_picked":["MokouMod:Overheat+1","MokouMod:TemporalFireSeal","MokouMod:SearingShot"],"picked":"Singing Bowl","floor":64.0},{"not_picked":["MokouMod:ResoluteFlare","MokouMod:BurningDraft+1","MokouMod:Meltdown+1"],"picked":"Singing Bowl","floor":64.0},{"not_picked":["MokouMod:EnchantingBambooForest+1","MokouMod:Sear+1","MokouMod:IgneousBlow"],"picked":"Singing Bowl","floor":65.0},{"not_picked":["MokouMod:RoaringFlare","MokouMod:ImperishableFlame+1","MokouMod:BurningDraft+1"],"picked":"Singing Bowl","floor":66.0},{"not_picked":["MokouMod:FujiyamaVolcano","MokouMod:Singe","MokouMod:HeatCyclone+1"],"picked":"Singing Bowl","floor":66.0},{"not_picked":["MokouMod:SpontaneousHumanCombustion+1","MokouMod:ResonatingAura+1","MokouMod:Geothermal"],"picked":"Singing Bowl","floor":69.0},{"not_picked":["MokouMod:GuidingSmoke","MokouMod:FlareStarter+1","MokouMod:FujiyamaVolcano"],"picked":"Singing Bowl","floor":1.0},{"not_picked":["MokouMod:ImperishableFlame+1","MokouMod:WarmUp+1","MokouMod:BurningDraft+1"],"picked":"Singing Bowl","floor":1.0},{"not_picked":["MokouMod:Ember","MokouMod:ScorchingColumn","MokouMod:AdaptivePyromancy"],"picked":"Singing Bowl","floor":3.0},{"not_picked":["MokouMod:Combust","MokouMod:IcarusDive","MokouMod:EternalBurstReactor"],"picked":"Singing Bowl","floor":3.0},{"not_picked":["MokouMod:Firecracker+1","MokouMod:SubterraneanCore+1","MokouMod:EternalBurstReactor"],"picked":"Singing Bowl","floor":4.0},{"not_picked":["MokouMod:DanceofFlames+1","MokouMod:Firecracker+1","MokouMod:AdaptivePyromancy"],"picked":"Singing Bowl","floor":4.0},{"not_picked":["ReplayTheSpireMod:Haul","infinitespire:TheBestDefense","infinitespire:Execution"],"picked":"Singing Bowl","floor":5.0},{"not_picked":["MokouMod:Stoke+1","MokouMod:Ember","MokouMod:HeatCyclone+1"],"picked":"Singing Bowl","floor":6.0},{"not_picked":["MokouMod:Fireball","MokouMod:Rekindle+1","MokouMod:CrimsonFlare"],"picked":"Singing Bowl","floor":7.0},{"not_picked":["MokouMod:IllusoryBattlefield","MokouMod:CrimsonFlare","MokouMod:FlickeringFlame"],"picked":"Singing Bowl","floor":7.0},{"not_picked":["MokouMod:Singe","MokouMod:CrimsonArmoury+1","MokouMod:EternalBurstReactor"],"picked":"Singing Bowl","floor":8.0},{"not_picked":["MokouMod:FlickeringFlame","MokouMod:WarmUp+1","MokouMod:UncontrollableSolarReaction"],"picked":"Singing Bowl","floor":8.0},{"not_picked":["MokouMod:RisingSunBarrier+1","MokouMod:Ember","MokouMod:FujiyamaVolcano"],"picked":"Singing Bowl","floor":12.0},{"not_picked":["MokouMod:TemporalFireSeal","MokouMod:FlareStarter+1","MokouMod:EternalBurstReactor"],"picked":"Singing Bowl","floor":12.0},{"not_picked":["MokouMod:ScorchingColumn","MokouMod:Ember","MokouMod:DanceofFlames+1"],"picked":"Singing Bowl","floor":13.0},{"not_picked":["MokouMod:Rekindle+1","MokouMod:EnchantingBambooForest+1","MokouMod:SpontaneousHumanCombustion+1"],"picked":"Singing Bowl","floor":16.0}],"player_experience":1360849,"relics_obtained":[{"floor":1.0,"key":"LetterFromLob"},{"floor":5.0,"key":"Singing Bowl"},{"floor":6.0,"key":"Anchor"},{"floor":11.0,"key":"infinitespire:PuzzleCube"},{"floor":12.0,"key":"testmod-ArcanaOfDestiny"},{"floor":21.0,"key":"Enchiridion"},{"floor":23.0,"key":"Peace Pipe"},{"floor":25.0,"key":"Prayer Wheel"},{"floor":27.0,"key":"testmod-RealStoneCalender"},{"floor":28.0,"key":"Replay:Wax Seal"},{"floor":1.0,"key":"LetterFromLob"},{"floor":6.0,"key":"Gambling Chip"},{"floor":6.0,"key":"testmod-Déjàvu"},{"floor":8.0,"key":"testmod-TurbochargingSystem"},{"floor":9.0,"key":"Orichalcum"},{"floor":10.0,"key":"Pen Nib"},{"floor":16.0,"key":"Replay:Arrowhead"},{"floor":23.0,"key":"Whetstone"},{"floor":26.0,"key":"MealTicket"},{"floor":27.0,"key":"ReplayTheSpireMod:Shallot"},{"floor":33.0,"key":"infinitespire:Golems Mask"},{"floor":33.0,"key":"testmod-Register"},{"floor":33.0,"key":"Oddly Smooth Stone"},{"floor":41.0,"key":"infinitespire:Lychee Nut"},{"floor":41.0,"key":"infinitespire:CursedDice"},{"floor":42.0,"key":"StoneCalendar"},{"floor":42.0,"key":"testmod-BouquetWithThorns"},{"floor":44.0,"key":"testmod-Brilliant"},{"floor":44.0,"key":"Medical Kit"},{"floor":45.0,"key":"Gremlin Food"},{"floor":47.0,"key":"Ancient Tea Set"},{"floor":48.0,"key":"testmod-HeartOfStrike"},{"floor":48.0,"key":"testmod-Faith"},{"floor":50.0,"key":"Old Coin"},{"floor":50.0,"key":"Replay:Rubber Ducky"},{"floor":52.0,"key":"TungstenRod"},{"floor":60.0,"key":"Toxic Egg 2"},{"floor":62.0,"key":"infinitespire:EmpoweringShard"},{"floor":63.0,"key":"testmod-EqualTreatment"},{"floor":63.0,"key":"Lee\u0027s Waffle"},{"floor":63.0,"key":"White Beast Statue"},{"floor":69.0,"key":"Counterbalance"},{"floor":1.0,"key":"LetterFromLob"},{"floor":6.0,"key":"Replay:Baseball"},{"floor":9.0,"key":"ReplayFunnel"},{"floor":13.0,"key":"Incense Burner"},{"floor":13.0,"key":"ReplayTheSpireMod:EnergyBall"},{"floor":13.0,"key":"Quantum Egg"},{"floor":16.0,"key":"WingedGreaves"},{"floor":16.0,"key":"Sling"}],"event_choices":[{"damage_healed":0.0,"max_hp_gain":0.0,"max_hp_loss":0.0,"gold_gain":0.0,"event_name":"FaceTrader","player_choice":"Trade","floor":3.0,"gold_loss":0.0,"damage_taken":0.0,"relics_obtained":["CultistMask"]},{"damage_healed":0.0,"max_hp_gain":0.0,"max_hp_loss":0.0,"gold_gain":0.0,"event_name":"Scrap Ooze","player_choice":"Success","floor":14.0,"gold_loss":0.0,"damage_taken":7.0,"relics_obtained":["Replay:Mystery Machine"]},{"damage_healed":0.0,"max_hp_gain":0.0,"max_hp_loss":0.0,"gold_gain":0.0,"event_name":"Cursed Tome","player_choice":"Obtained Book","floor":21.0,"gold_loss":0.0,"damage_taken":16.0},{"damage_healed":0.0,"max_hp_gain":0.0,"max_hp_loss":0.0,"gold_gain":175.0,"event_name":"Liars Game","player_choice":"AGREE","floor":3.0,"gold_loss":0.0,"damage_taken":0.0,"cards_obtained":["Doubt"]},{"damage_healed":0.0,"max_hp_gain":0.0,"max_hp_loss":0.0,"gold_gain":400.0,"event_name":"恩洛斯的盘子","player_choice":"Sell","floor":7.0,"relics_lost":["testmod-TestBox"],"gold_loss":0.0,"damage_taken":0.0},{"cards_removed":["MokouMod:Strike"],"damage_healed":0.0,"max_hp_gain":0.0,"max_hp_loss":0.0,"gold_gain":0.0,"event_name":"Purifier","player_choice":"Purged","floor":21.0,"gold_loss":0.0,"damage_taken":0.0},{"damage_healed":0.0,"max_hp_gain":0.0,"max_hp_loss":0.0,"gold_gain":0.0,"event_name":"Lab","player_choice":"Got Potions","floor":22.0,"gold_loss":0.0,"damage_taken":0.0},{"damage_healed":0.0,"max_hp_gain":0.0,"max_hp_loss":0.0,"gold_gain":0.0,"event_name":"Mysterious Sphere","player_choice":"Fight","floor":41.0,"gold_loss":0.0,"damage_taken":0.0},{"damage_healed":0.0,"max_hp_gain":0.0,"max_hp_loss":0.0,"gold_gain":0.0,"event_name":"给自己的盒子","player_choice":"Ignored","floor":49.0,"gold_loss":0.0,"damage_taken":0.0},{"cards_removed":["MokouMod:ControlledCombustion"],"damage_healed":0.0,"max_hp_gain":0.0,"max_hp_loss":0.0,"gold_gain":0.0,"event_name":"The Cleric","player_choice":"Card Removal","floor":55.0,"gold_loss":50.0,"damage_taken":0.0},{"damage_healed":0.0,"max_hp_gain":0.0,"max_hp_loss":0.0,"gold_gain":75.0,"event_name":"World of Goop","player_choice":"Gather Gold","floor":61.0,"gold_loss":0.0,"damage_taken":11.0},{"damage_healed":0.0,"max_hp_gain":0.0,"max_hp_loss":0.0,"gold_gain":0.0,"event_name":"Lab","player_choice":"Got Potions","floor":2.0,"gold_loss":0.0,"damage_taken":0.0},{"damage_healed":0.0,"max_hp_gain":0.0,"max_hp_loss":0.0,"gold_gain":0.0,"event_name":"Shining Light","player_choice":"Entered Light","floor":14.0,"gold_loss":0.0,"damage_taken":39.0,"cards_upgraded":["MokouMod:SubterraneanCore"]}],"is_beta":false,"boss_relics":[{"not_picked":["Replay:Ancient Bell","testmod-NegativeEmotionEnhancer"],"picked":"Astrolabe"},{"not_picked":["infinitespire:Cupcake","Replay:Bronze Core"],"picked":"testmod-Fanaticism"},{"not_picked":["Velvet Choker","testmod-BloodSacrificeSpiritualization"],"picked":"Empty Cage"},{"not_picked":["Honey Jar","Abe\u0027s Treasure","Calling Bell"]},{"not_picked":["SacredBark","ChewingGum"],"picked":"testmod-Prudence"},{"not_picked":["testmod-DreamHouse","Runic Pyramid"],"picked":"Fusion Hammer"}],"items_purged_floors":[2,5,11,14,19,28,40,11],"is_endless":true,"potions_floor_spawned":[1,4,12,13,23,24,1,8,16,23,25,29,30,37,41,48,52,56,58,60,63,64,65,66,69,1,3,4,6,7,8,12,13,16],"killed_by":"2 Thieves","ascension_level":3}}