{"host":"7l2t4psy44vpcd9q","time":1610171197,"event":{"mods":["AchievementEnabler","BaseMod","DeckTracker","Minty Spire (QoL Compilation)","SuperFastMode"],"gold_per_floor":[168,188,207,220,231,231,263,263,263,188,218,235,28,28,28,105,105,117,133,133,133,37,64,64,64,64,64,84,84,101,129,129,206,206,220,55,71,83,33,33,0,13,13,13,13,47,47,47],"floor_reached":47,"playtime":3030,"items_purged":["Defend_G","Defend_G+1"],"score":1031,"play_id":"f284c648-d962-4395-869f-c48da1f841e7","local_time":"20210109144637","is_ascension_mode":true,"campfire_choices":[{"data":"Predator","floor":6.0,"key":"SMITH"},{"data":"Noxious Fumes","floor":15.0,"key":"SMITH"},{"data":"Well Laid Plans","floor":27.0,"key":"SMITH"},{"data":"Footwork","floor":29.0,"key":"SMITH"},{"floor":32.0,"key":"REST"},{"floor":40.0,"key":"DIG"},{"floor":45,"key":"REST"}],"circlet_count":0,"master_deck":["AscendersBane","Strike_G+1","Strike_G+1","Strike_G+1","Strike_G+1","Defend_G+1","Defend_G+1","Defend_G+1","Survivor","Neutralize","Predator+1","Escape Plan","Deadly Poison","Leg Sweep","Masterful Stab","Well Laid Plans+1","Burst+1","Acrobatics","Noxious Fumes+1","Venomology","Dagger Spray+1","PiercingWail","Flash of Steel","PiercingWail","Choke+1","Footwork+1","Concentrate","Dash+1","Adrenaline","CurseOfTheBell","Prepared+1","Dagger Spray+1","Acrobatics+1","Dagger Throw+1","Acrobatics","Backflip"],"relics":["Tiny House","Lantern","MealTicket","Strawberry","Bag of Preparation","Cursed Key","MutagenicStrength","Molten Egg 2","Smiling Mask","Calling Bell","White Beast Statue","Shovel","Dream Catcher","Akabeko","Torii","Red Mask","Girya"],"acts_visited":["Exordium","TheCity","TheBeyond"],"potions_floor_usage":[42,42,46,47,47],"damage_taken":[{"damage":6.0,"enemies":"2 Louse","floor":1.0,"turns":3.0},{"damage":0.0,"enemies":"Cultist","floor":2.0,"turns":4.0},{"damage":4.0,"enemies":"Small Slimes","floor":3.0,"turns":3.0},{"damage":3.0,"enemies":"Exordium Wildlife","floor":4.0,"turns":4.0},{"damage":0.0,"enemies":"2 Fungi Beasts","floor":5.0,"turns":4.0},{"damage":25.0,"enemies":"Lagavulin","floor":7.0,"turns":8.0},{"damage":15.0,"enemies":"3 Sentries","floor":11.0,"turns":7.0},{"damage":4.0,"enemies":"3 Louse","floor":12.0,"turns":2.0},{"damage":14.0,"enemies":"The Guardian","floor":16.0,"turns":13.0},{"damage":10.0,"enemies":"3 Byrds","floor":18.0,"turns":3.0},{"damage":14.0,"enemies":"Spheric Guardian","floor":19.0,"turns":4.0},{"damage":1.0,"enemies":"Book of Stabbing","floor":23.0,"turns":7.0},{"damage":14.0,"enemies":"Snecko","floor":28.0,"turns":4.0},{"damage":0.0,"enemies":"Cultist and Chosen","floor":30.0,"turns":5.0},{"damage":46.0,"enemies":"Gremlin Leader","floor":31.0,"turns":5.0},{"damage":20.0,"enemies":"Automaton","floor":33.0,"turns":11.0},{"damage":0.0,"enemies":"Orb Walker","floor":35.0,"turns":4.0},{"damage":5.0,"enemies":"3 Darklings","floor":37.0,"turns":3.0},{"damage":16.0,"enemies":"Writhing Mass","floor":38.0,"turns":6.0},{"damage":55,"enemies":"Maw","floor":42,"turns":8},{"damage":19,"enemies":"Reptomancer","floor":46,"turns":8},{"damage":29,"enemies":"Spire Growth","floor":47,"turns":4}],"seed_played":"1237909273284245894","potions_obtained":[{"floor":0.0,"key":"Swift Potion"},{"floor":1.0,"key":"Swift Potion"},{"floor":2.0,"key":"Fire Potion"},{"floor":5.0,"key":"GhostInAJar"},{"floor":7.0,"key":"Fire Potion"},{"floor":16.0,"key":"LiquidBronze"},{"floor":18.0,"key":"Ancient Potion"},{"floor":19.0,"key":"PowerPotion"},{"floor":37.0,"key":"SkillPotion"},{"floor":38.0,"key":"FearPotion"},{"floor":42,"key":"Weak Potion"},{"floor":46,"key":"Ancient Potion"}],"is_trial":false,"path_per_floor":["M","M","M","M","M","R","E","?","T","$","E","M","$","?","R","B",null,"M","M","?","?","$","E","$","?","T","R","M","R","M","E","R","B",null,"M","$","M","M","$","R","?","M","T","?","R","E","M"],"character_chosen":"THE_SILENT","items_purchased":["Bag of Preparation","Noxious Fumes","Flash of Steel","Akabeko"],"campfire_rested":2,"item_purchase_floors":[13,13,22,36],"current_hp_per_floor":[58,58,54,51,51,51,26,26,26,41,33,29,44,44,44,30,66,56,42,42,42,57,56,71,71,71,71,57,57,57,11,34,14,62,62,77,72,56,71,71,71,16,16,16,39,20,0,0],"gold":47,"neow_bonus":"BOSS_RELIC","is_daily":false,"chose_seed":false,"campfire_upgraded":4,"win_rate":0.0,"timestamp":1610171197,"path_taken":["M","M","M","M","M","R","E","?","T","$","E","M","?","?","R","BOSS","M","M","?","?","$","E","?","?","T","R","M","R","M","E","R","BOSS","M","$","M","M","$","R","?","M","T","?","R","E","M"],"items_purchased_type":["Relic","Card","Card","Relic"],"build_version":"2020-12-22","purchased_purges":2,"victory":false,"max_hp_per_floor":[71,71,71,71,71,71,71,71,71,71,78,78,78,78,78,78,78,78,78,78,78,78,78,78,78,78,78,78,78,78,78,78,78,78,78,78,78,78,78,78,78,78,78,78,78,78,78,78],"card_choices":[{"not_picked":["Tactician","Cloak And Dagger"],"picked":"Predator","floor":0.0},{"not_picked":["Underhanded Strike","Blur"],"picked":"Escape Plan","floor":1.0},{"not_picked":["Heel Hook","Quick Slash"],"picked":"Deadly Poison","floor":2.0},{"not_picked":["Unload","Terror"],"picked":"Leg Sweep","floor":3.0},{"not_picked":["Underhanded Strike","Skewer","Deflect"],"picked":"SKIP","floor":4.0},{"not_picked":["Sucker Punch","Concentrate"],"picked":"Masterful Stab","floor":5.0},{"not_picked":["Outmaneuver","Calculated Gamble"],"picked":"Well Laid Plans","floor":7.0},{"not_picked":["Bouncing Flask","Poisoned Stab"],"picked":"Burst","floor":11.0},{"not_picked":["Sucker Punch","Deflect"],"picked":"Acrobatics","floor":12.0},{"not_picked":["Storm of Steel","Night Terror"],"picked":"Venomology","floor":16.0},{"not_picked":["Terror","Backflip"],"picked":"Dagger Spray+1","floor":18.0},{"not_picked":["Acrobatics","Quick Slash"],"picked":"PiercingWail","floor":19.0},{"not_picked":["Prepared","Dagger Throw+1"],"picked":"PiercingWail","floor":23.0},{"not_picked":["Bane+1","PiercingWail"],"picked":"Footwork","floor":28.0},{"not_picked":["Heel Hook+1","Infinite Blades"],"picked":"Concentrate","floor":30.0},{"not_picked":["Leg Sweep","Sucker Punch+1"],"picked":"Dash+1","floor":31.0},{"not_picked":["Doppelganger","After Image"],"picked":"Adrenaline","floor":33.0},{"not_picked":["Riddle With Holes+1","Blade Dance"],"picked":"Prepared+1","floor":35.0},{"not_picked":["Outmaneuver","Flying Knee+1"],"picked":"Dagger Spray+1","floor":37.0},{"not_picked":["Slice+1","Dagger Throw+1"],"picked":"Acrobatics+1","floor":38.0},{"not_picked":["Flying Knee+1","Noxious Fumes"],"picked":"Dagger Throw+1","floor":42},{"not_picked":["Wraith Form v2","Deadly Poison"],"picked":"Acrobatics","floor":45},{"not_picked":["Deflect","Outmaneuver"],"picked":"Backflip","floor":46}],"player_experience":1156020,"relics_obtained":[{"floor":7.0,"key":"Lantern"},{"floor":9.0,"key":"MealTicket"},{"floor":11.0,"key":"Strawberry"},{"floor":23.0,"key":"Molten Egg 2"},{"floor":31.0,"key":"Smiling Mask"},{"floor":34.0,"key":"White Beast Statue"},{"floor":34.0,"key":"Shovel"},{"floor":34.0,"key":"Dream Catcher"},{"floor":40.0,"key":"Torii"},{"floor":46,"key":"Girya"}],"event_choices":[{"cards_removed":["Strike_G"],"damage_healed":0.0,"max_hp_gain":0.0,"max_hp_loss":0.0,"gold_gain":0.0,"event_name":"Purifier","player_choice":"Purged","floor":8.0,"gold_loss":0.0,"damage_taken":0.0},{"damage_healed":0.0,"max_hp_gain":0.0,"max_hp_loss":0.0,"gold_gain":0.0,"event_name":"Living Wall","player_choice":"Grow","floor":14.0,"gold_loss":0.0,"damage_taken":0.0,"cards_upgraded":["Burst"]},{"damage_healed":0.0,"max_hp_gain":0.0,"max_hp_loss":0.0,"gold_gain":0.0,"event_name":"Back to Basics","player_choice":"Simplicity","floor":20.0,"gold_loss":0.0,"damage_taken":0.0,"cards_upgraded":["Strike_G","Strike_G","Strike_G","Defend_G","Defend_G","Defend_G","Defend_G"]},{"damage_healed":0.0,"max_hp_gain":0.0,"max_hp_loss":0.0,"gold_gain":0.0,"event_name":"Drug Dealer","player_choice":"Inject Mutagens","floor":21.0,"gold_loss":0.0,"damage_taken":0.0,"relics_obtained":["MutagenicStrength"]},{"damage_healed":0.0,"max_hp_gain":0.0,"max_hp_loss":0.0,"gold_gain":0.0,"event_name":"The Library","player_choice":"Read","floor":25.0,"gold_loss":0.0,"damage_taken":0.0,"cards_obtained":["Choke"]},{"damage_healed":0.0,"max_hp_gain":0.0,"max_hp_loss":0.0,"gold_gain":0.0,"event_name":"Tomb of Lord Red Mask","player_choice":"Paid","floor":41.0,"gold_loss":33.0,"damage_taken":0.0,"relics_obtained":["Red Mask"]},{"damage_healed":0,"gold_gain":0,"player_choice":"Ignored","damage_taken":0,"max_hp_gain":0,"max_hp_loss":0,"event_name":"Mysterious Sphere","floor":44,"gold_loss":0}],"is_beta":false,"boss_relics":[{"not_picked":["Black Star","HoveringKite"],"picked":"Cursed Key"},{"not_picked":["Runic Dome","Velvet Choker"],"picked":"Calling Bell"}],"items_purged_floors":[10,39],"is_endless":false,"potions_floor_spawned":[1,2,5,7,16,18,19,30,35,37,38,42,46],"killed_by":"Spire Growth","ascension_level":20}}