{"host":"crf907qknq19bfb7","time":1610183809,"event":{"mods":["ATMod(∞¢Ë™Mod)","Act Like it!","BaseMod","CapriCore","Colored Powertips","Friendly Minions","Gensokyo","GifTheSpireLib","Lobotomy","Minty Spire (QoL Compilation)","Pale of the Ancients","Quick Restart","Remilia£®¿Ÿ√◊¿Ú—«£©","StSLib","Td1madao Mod","The Administrix","The Immortal","Unceasing Turn Reminder","Waifu the Spire","Yakumo Yukari mod","Youmu£®ªÍ∆«—˝√Œ£©","°æ“≈ŒÔø®≈∆°øREMEMod"],"gold_per_floor":[110,110,110,110,123,123,135,135,158,158,189,223,252,266,266,366,366,378,52,72,72,72,86,86,111,164,177,177,127,10,35,35,136,136,152,252,279,279,289,289,299,5,30,57,75,93,16,42,42,42,57,77,77,77,77,77,77,27,27,27,27],"floor_reached":60,"playtime":4417,"items_purged":["Footwork","Lore","Shockwave Tdmadao","Machining","Machining+1"],"score":1085,"play_id":"f882abc2-8e81-4d64-aee7-290900b31e79","local_time":"20210109171649","daily_mods":["SealedDeck","DeadlyEvents"],"is_ascension_mode":false,"campfire_choices":[{"data":"Machining","floor":6,"key":"SMITH"},{"data":"Lunge","floor":8,"key":"SMITH"},{"data":"Defend System","floor":10,"key":"SMITH"},{"data":"Reinforcement Parts","floor":15,"key":"SMITH"},{"data":"Furious","floor":24,"key":"SMITH"},{"data":"Shockwave Tdmadao","floor":28,"key":"SMITH"},{"data":"Pod Fire","floor":32,"key":"SMITH"},{"data":"Here Defend Chip+1","floor":40,"key":"SMITH"},{"data":"Transfer Energy","floor":49,"key":"SMITH"},{"data":"Here Defend Chip+2","floor":55,"key":"SMITH"},{"data":"Here Defend Chip+3","floor":57,"key":"SMITH"}],"circlet_count":0,"master_deck":["Cursed Blade","Afterwards+1","Resistance+1","Lunge+1","Cooling Song+1","Sub Weapons","Defend System+1","Twin Teeth+1","Afterwards","AT_TinkerSharpsword","Reinforcement Parts+1","De Ware Chip","Fixing","Furious+1","Here Defend Chip+4","Shockwave Tdmadao+1","Pod Fire+1","Bursts","Fixing+1","Transfer Energy+1"],"relics":["Apod","REME_ComplimentaryCards","AT_ATBox","Anchor","ScarletDevilRocket","AntiCross","Girl Clothes","Smiling Mask","Nloth\u0027s Gift","REME_IWantAll","AT_EbonyIvory","AT_Kusabimaru","Sozu","Meat on the Bone","Cut Hand","Toy Ornithopter","Pen Nib","Whetstone","paleoftheancients:Timepiece","Letter Opener","CultistMask","paleoftheancients:SoulOfTheShapes","Pocketwatch"],"acts_visited":["Exordium","TheCity","TheBeyond","paleoftheancients:PaleOfTheAncients"],"potions_floor_usage":[11,12,16,20,27,41],"damage_taken":[{"damage":2,"enemies":"Jaw Worm","floor":1,"turns":4},{"damage":2,"enemies":"2 Louse","floor":5,"turns":2},{"damage":0,"enemies":"Small Slimes","floor":7,"turns":3},{"damage":10,"enemies":"3 Sentries","floor":11,"turns":5},{"damage":3,"enemies":"Gremlin Nob","floor":12,"turns":3},{"damage":17,"enemies":"3 Sentries","floor":13,"turns":5},{"damage":0,"enemies":"Red Slaver","floor":14,"turns":2},{"damage":0,"enemies":"Hexaghost","floor":16,"turns":6},{"damage":0,"enemies":"Spheric Guardian","floor":18,"turns":3},{"damage":11,"enemies":"Chosen","floor":20,"turns":4},{"damage":2,"enemies":"Snake Plant","floor":23,"turns":3},{"damage":16,"enemies":"REME_1_Revenger","floor":25,"turns":4},{"damage":8,"enemies":"3 Cultists","floor":27,"turns":5},{"damage":24,"enemies":"Gremlin Leader","floor":31,"turns":5},{"damage":8,"enemies":"Automaton","floor":33,"turns":5},{"damage":14,"enemies":"Orb Walker","floor":35,"turns":4},{"damage":0,"enemies":"Giant Head","floor":37,"turns":4},{"damage":0,"enemies":"3 Darklings","floor":39,"turns":3},{"damage":12,"enemies":"Transient","floor":41,"turns":5},{"damage":8,"enemies":"Nemesis","floor":44,"turns":3},{"damage":0,"enemies":"Writhing Mass","floor":45,"turns":4},{"damage":1,"enemies":"Sphere and 2 Shapes","floor":46,"turns":4},{"damage":4,"enemies":"Giant Head","floor":48,"turns":4},{"damage":10,"enemies":"Time Eater","floor":50,"turns":7},{"damage":12,"enemies":"Time Eater","floor":51,"turns":5},{"damage":11,"enemies":"Time Eater","floor":52,"turns":5},{"damage":78,"enemies":"Time Eater","floor":56,"turns":3},{"damage":0,"enemies":"paleoftheancients:N","floor":60,"turns":1}],"seed_played":"3705488961861512306","potions_obtained":[{"floor":7,"key":"PowerPotion"},{"floor":11,"key":"ColorlessPotion"},{"floor":14,"key":"Dexterity Potion"},{"floor":18,"key":"DuplicationPotion"},{"floor":25,"key":"AttackPotion"},{"floor":33,"key":"EssenceOfSteel"}],"is_trial":true,"path_per_floor":["M","?","?","?","M","R","M","R","T","R","E","E","E","M","R","B",null,"M","$","M","T","?","M","R","E","T","M","R","$","$","E","R","B",null,"M","?","E","?","M","R","M","$","T","E","M","M","$","E","R","B","M","M","?","T","R","M","R","$","?","B"],"character_chosen":"TD1MADAO_CLASS","items_purchased":["Girl Clothes","Pod Fire","Cut Hand","Transfer Energy"],"campfire_rested":0,"item_purchase_floors":[19,30,42,47],"current_hp_per_floor":[68,54,59,59,57,57,57,57,57,57,47,44,27,27,27,27,75,75,75,64,64,64,62,62,46,46,41,41,41,41,17,17,9,78,64,64,64,64,64,64,52,52,52,44,44,43,43,51,51,78,72,70,70,70,70,75,75,75,75,75,75],"gold":27,"neow_bonus":"","is_daily":false,"chose_seed":false,"campfire_upgraded":11,"win_rate":0.0,"timestamp":1610183809,"path_taken":["M","?","?","?","?","R","M","R","T","R","?","E","?","M","R","BOSS","M","$","M","?","?","M","R","?","T","M","R","?","$","?","R","BOSS","M","?","?","?","M","R","M","$","T","?","M","M","$","E","R","BOSS","M","M","?","T","R","M","R","$","?","BOSS"],"items_purchased_type":["Relic","Card","Relic","Card"],"build_version":"2020-12-22","purchased_purges":5,"victory":false,"max_hp_per_floor":[70,70,75,75,75,75,75,75,75,75,75,75,75,75,75,75,75,75,75,75,75,75,75,75,75,75,78,78,78,78,78,78,78,78,78,78,78,78,78,78,78,78,78,78,78,78,78,78,78,78,78,78,75,75,75,75,75,75,75,75,75],"card_choices":[{"not_picked":["Recovery Mechanism","Fire Blade"],"picked":"Reinforcement Parts","floor":1},{"not_picked":["Reinforcement Parts","White Contract"],"picked":"De Ware Chip","floor":5},{"not_picked":["Judgment","Money Cant Rescue","Defend System"],"picked":"SKIP","floor":7},{"not_picked":["Light Attack","Lunge","Three Hit"],"picked":"SKIP","floor":11},{"not_picked":["Lunge","Machining"],"picked":"Fixing","floor":12},{"not_picked":["Chip Synthesis","Oblique Hack","Black Warm Hole"],"picked":"SKIP","floor":13},{"not_picked":["Lunge","Rupture","Floating Even"],"picked":"SKIP","floor":14},{"not_picked":["Backup","Moon Tear"],"picked":"Furious","floor":16},{"not_picked":["Black Shadow","Afterwards"],"picked":"Here Defend Chip+1","floor":18},{"not_picked":["Here Defend Chip","Machining+1","Gravity Defend+1"],"picked":"SKIP","floor":20},{"not_picked":["Energy Supply","Coercion","Fire Blade"],"picked":"SKIP","floor":23},{"not_picked":["Machining","Lore"],"picked":"Shockwave Tdmadao","floor":25},{"not_picked":["Black Hand","Black Shadow","Thunder Jump"],"picked":"Singing Bowl","floor":27},{"not_picked":["Lore","Fire Up","Light Attack"],"picked":"SKIP","floor":27},{"not_picked":["Bugfix+1","Winding Magic","Recovery Mechanism"],"picked":"SKIP","floor":31},{"not_picked":["Im Angry","Chip Synthesis"],"picked":"Bursts","floor":33},{"not_picked":["White Contract+1","Perfect Defend+1","Twin Teeth+1"],"picked":"SKIP","floor":35},{"not_picked":["Afterwards+1","Winding Magic+1","Black Contract"],"picked":"SKIP","floor":37},{"not_picked":["Resistance+1","Reflection Mechanism"],"picked":"Fixing+1","floor":39},{"not_picked":["Here Defend Chip","Provocative","Light Attack"],"picked":"SKIP","floor":41},{"not_picked":["Chip Synthesis","Backup","Gravity Defend"],"picked":"SKIP","floor":44},{"not_picked":["Provocative","Retrieval Recycling","Pod Laser"],"picked":"SKIP","floor":45},{"not_picked":["Provocative","Retrieval Recycling","Pod Laser"],"picked":"SKIP","floor":45},{"not_picked":["Preparedness+1","Fire Up","Black Hand"],"picked":"SKIP","floor":46},{"not_picked":["Coercion","Trader","Provocative+1"],"picked":"SKIP","floor":48},{"not_picked":["Pod Laser","Reinforcement Parts","Shockwave Tdmadao"],"picked":"SKIP","floor":51},{"not_picked":["Oblique Hack","Gravity Defend","Recovery Mechanism"],"picked":"SKIP","floor":52}],"player_experience":49520,"relics_obtained":[{"floor":9,"key":"Lsj Skin"},{"floor":11,"key":"Anchor"},{"floor":12,"key":"ScarletDevilRocket"},{"floor":13,"key":"AntiCross"},{"floor":21,"key":"Smiling Mask"},{"floor":25,"key":"REME_IWantAll"},{"floor":26,"key":"AT_EbonyIvory"},{"floor":31,"key":"AT_Kusabimaru"},{"floor":37,"key":"Meat on the Bone"},{"floor":43,"key":"Toy Ornithopter"},{"floor":44,"key":"Pen Nib"},{"floor":48,"key":"Whetstone"},{"floor":52,"key":"paleoftheancients:SoulOfTheShapes"},{"floor":54,"key":"Pocketwatch"}],"event_choices":[{"damage_healed":0,"gold_gain":0,"player_choice":"Entered Light","damage_taken":14,"max_hp_gain":0,"max_hp_loss":0,"event_name":"Shining Light","floor":2,"gold_loss":0,"cards_upgraded":["Afterwards","Cooling Song"]},{"damage_healed":0,"gold_gain":0,"player_choice":"Donut","damage_taken":0,"max_hp_gain":5,"max_hp_loss":0,"event_name":"Big Fish","floor":3,"gold_loss":0},{"damage_healed":0,"gold_gain":0,"player_choice":"Ignored","damage_taken":0,"max_hp_gain":0,"max_hp_loss":0,"event_name":"WeMeetAgain","floor":4,"gold_loss":0},{"damage_healed":0,"gold_gain":0,"player_choice":"Traded Relic","damage_taken":0,"relics_obtained":["Nloth\u0027s Gift"],"max_hp_gain":0,"max_hp_loss":0,"event_name":"N\u0027loth","floor":22,"relics_lost":["Lsj Skin"],"gold_loss":0},{"damage_healed":0,"gold_gain":100,"player_choice":"Pray","damage_taken":0,"max_hp_gain":0,"max_hp_loss":0,"event_name":"Golden Shrine","floor":36,"gold_loss":0},{"damage_healed":0,"gold_gain":0,"player_choice":"Ignored","damage_taken":0,"max_hp_gain":0,"max_hp_loss":0,"event_name":"SecretPortal","floor":38,"gold_loss":0},{"cards_removed":["Parasite"],"damage_healed":0,"gold_gain":0,"player_choice":"Removed Curses","damage_taken":0,"max_hp_gain":0,"max_hp_loss":0,"event_name":"Fountain of Cleansing","floor":53,"gold_loss":0}],"is_beta":false,"boss_relics":[{"not_picked":["Velvet Choker","Runic Dome","REME_DuelDisc"]},{"not_picked":["REME_DemonsWealth","Busted Crown"],"picked":"Sozu"}],"items_purged_floors":[19,29,30,42,58],"is_endless":false,"potions_floor_spawned":[7,11,14,18,25,33,37,39,41,52],"killed_by":"paleoftheancients:N","ascension_level":0}}