{"host":"i0s8vbixp24k5aul","time":1610215817,"event":{"mods":["2.2 Compatiblity","Act Like it!","Arknights The Spire","Aspiration","BaseMod","Better Note","Better Third Choice","Better Vampires","BetterUpgradePreview","Colorless Booster Pack","Displayed Cursed Tome","GifTheSpireLib","Halation","Hubris","Jedi Mod","Minty Spire (QoL Compilation)","Optimize The Spire","Random Character Mod","StSLib","Stuff the Spire","Swap Starting Deck Mod","The Mystic","vexMod","??????REMEMod"],"gold_per_floor":[111,111,111,127,144,144,0,61,61,61,61,61,78,113,113,187,237,255,255,275,47,62,62,88,88,138,151,166,166,182,182,182],"floor_reached":31,"playtime":1849,"items_purged":["Regret"],"score":421,"play_id":"440650ce-f511-490e-9fc2-72cb1362025e","local_time":"20210109211017","is_ascension_mode":true,"campfire_choices":[{"data":"Riddle With Holes","floor":6,"key":"SMITH"},{"data":"hubris:DuctTapeCard","floor":10,"key":"SMITH"},{"data":"Enlightenment","floor":12,"key":"SMITH"},{"floor":15,"key":"REST"},{"floor":23,"key":"REST"},{"floor":25,"key":"REST"},{"floor":29,"key":"REST"}],"circlet_count":0,"master_deck":["AscendersBane","Strike_G","Strike_G","Strike_G+1","Strike_G","Defend_G","Defend_G","Defend_G","Defend_G","Defend_G","Survivor","Neutralize","Blade Dance","Crippling Poison","Enlightenment+1","Poisoned Stab","hubris:DuctTapeCard+1","Dagger Spray","Corpse Explosion","Venomology","Crippling Poison","Deadly Poison","Blade Dance+1","Poisoned Stab","Dagger Spray","Riddle With Holes","REME_ShadowForm"],"relics":["Ring of the Snake","REME_ComplimentaryCards","aspiration:Nostalgia","Cracked Core","StuffTheSpire:RedRose","hubris:64BitClover","hubris:DuctTape","StuffTheSpire:WitherSkull","Tiny House","Happy Flower","aspiration:Lifesprig","Art of War","vexMod:BarristanHead"],"acts_visited":["Exordium","TheCity"],"potions_floor_usage":[8,18,20,22,24,27,28,31,31],"damage_taken":[{"damage":3,"enemies":"Jaw Worm","floor":1,"turns":5},{"damage":0,"enemies":"2 Louse","floor":4,"turns":3},{"damage":0,"enemies":"Small Slimes","floor":5,"turns":3},{"damage":12,"enemies":"Gremlin Nob","floor":8,"turns":3},{"damage":0,"enemies":"Looter","floor":13,"turns":3},{"damage":46,"enemies":"3 Sentries","floor":14,"turns":6},{"damage":41,"enemies":"The Guardian","floor":16,"turns":8},{"damage":29,"enemies":"Spheric Guardian","floor":18,"turns":4},{"damage":5,"enemies":"3 Byrds","floor":20,"turns":1},{"damage":10,"enemies":"Snecko","floor":22,"turns":3},{"damage":34,"enemies":"Gremlin Leader","floor":24,"turns":5},{"damage":14,"enemies":"3 Cultists","floor":27,"turns":3},{"damage":7,"enemies":"Centurion and Healer","floor":28,"turns":4},{"damage":37,"enemies":"Shelled Parasite and Fungi","floor":30,"turns":4},{"damage":33,"enemies":"REME_1_Revenger","floor":31,"turns":3}],"seed_played":"-8221699640052724849","potions_obtained":[{"floor":5,"key":"Fire Potion"},{"floor":14,"key":"Swift Potion"},{"floor":16,"key":"DistilledChaos"},{"floor":17,"key":"LiquidMemories"},{"floor":20,"key":"Ancient Potion"},{"floor":27,"key":"FearPotion"}],"is_trial":false,"path_per_floor":["M","?","?","M","M","R","?","?","T","R","$","R","M","E","R","B",null,"M","?","M","$","M","R","E","R","T","M","M","R","M","E"],"character_chosen":"THE_SILENT","items_purchased":["Happy Flower"],"campfire_rested":4,"item_purchase_floors":[21],"current_hp_per_floor":[66,59,59,65,70,70,76,64,64,64,64,64,64,27,49,17,66,37,37,32,32,31,55,30,54,54,40,33,57,20,0,0],"gold":182,"neow_bonus":"NOSTALGIA","is_daily":false,"chose_seed":false,"campfire_upgraded":3,"win_rate":0.0,"timestamp":1610215817,"path_taken":["M","?","?","M","?","R","?","?","T","R","$","R","M","E","R","BOSS","M","?","?","?","?","R","E","R","T","M","M","R","M","E"],"items_purchased_type":["Relic"],"build_version":"2020-12-22","purchased_purges":1,"victory":false,"max_hp_per_floor":[70,70,70,70,70,70,76,76,76,76,76,76,76,76,76,76,81,81,81,81,81,81,81,81,81,81,81,81,81,81,81,81],"card_choices":[{"not_picked":["Acrobatics","Heel Hook"],"picked":"Blade Dance","floor":1},{"not_picked":["Dagger Throw","Cloak And Dagger"],"picked":"Crippling Poison","floor":4},{"not_picked":["Cloak And Dagger","Deflect"],"picked":"Riddle With Holes","floor":5},{"not_picked":["StuffTheSpire:ReptileScales","Deadly Poison"],"picked":"Poisoned Stab","floor":8},{"not_picked":["Expertise","hubris:Counter"],"picked":"Dagger Spray","floor":13},{"not_picked":["jedi:collectorvenom","Blade Dance"],"picked":"Corpse Explosion","floor":14},{"not_picked":["jedi:studypoison","jedi:studyshivs"],"picked":"Venomology","floor":16},{"not_picked":["Slice","Cloak And Dagger"],"picked":"Crippling Poison","floor":17},{"not_picked":["Dagger Throw","Choke"],"picked":"Deadly Poison","floor":18},{"not_picked":["Outmaneuver","Backstab"],"picked":"Blade Dance+1","floor":20},{"not_picked":["hubris:Sniper+1","jedi:unstablefumes"],"picked":"Poisoned Stab","floor":22},{"not_picked":["Acrobatics","Bane"],"picked":"Dagger Spray","floor":24},{"not_picked":["Heel Hook","Sucker Punch"],"picked":"Riddle With Holes","floor":27},{"not_picked":["Reflex","Well Laid Plans"],"picked":"REME_ShadowForm","floor":28},{"not_picked":["Dagger Throw","Prepared","Heel Hook"],"picked":"SKIP","floor":30}],"player_experience":754253,"relics_obtained":[{"floor":8,"key":"hubris:64BitClover"},{"floor":9,"key":"hubris:DuctTape"},{"floor":14,"key":"StuffTheSpire:WitherSkull"},{"floor":24,"key":"aspiration:Lifesprig"},{"floor":26,"key":"Art of War"},{"floor":28,"key":"vexMod:BarristanHead"}],"event_choices":[{"cards_removed":["Strike_G"],"damage_healed":0,"gold_gain":0,"player_choice":"Card Removal","damage_taken":7,"max_hp_gain":0,"max_hp_loss":0,"event_name":"Golden Wing","floor":2,"gold_loss":0},{"damage_healed":0,"gold_gain":0,"player_choice":"RENOUNCE","damage_taken":144,"max_hp_gain":0,"max_hp_loss":0,"event_name":"betterThird:BetterSerpent","floor":7,"gold_loss":144,"cards_obtained":["Enlightenment"]},{"damage_healed":0,"gold_gain":30,"player_choice":"Searched \u00272\u0027 times","damage_taken":0,"max_hp_gain":0,"max_hp_loss":0,"event_name":"Dead Adventurer","floor":8,"gold_loss":0},{"cards_removed":["Corpse Explosion"],"damage_healed":0,"gold_gain":0,"player_choice":"Give","damage_taken":0,"max_hp_gain":0,"max_hp_loss":0,"event_name":"betterNote:BetterNote","floor":19,"gold_loss":0,"cards_obtained":["None"]}],"is_beta":false,"boss_relics":[{"not_picked":["hubris:Stopwatch","halation:MonkeysPaw"],"picked":"Tiny House"}],"items_purged_floors":[21],"is_endless":false,"potions_floor_spawned":[5,14,16,20,27],"killed_by":"REME_1_Revenger","ascension_level":13}}