{"host":"07e1k1rk6c4zn0bu","time":1610227583,"event":{"mods":["BaseMod","Minty Spire (QoL Compilation)"],"gold_per_floor":[119,130,148,128,140,175,175,175,200,215,18,18,18,29,29,131,131,143,153,153,153,153,153],"floor_reached":22,"playtime":886,"items_purged":[],"score":186,"play_id":"a07a8f11-394f-46d8-9fc2-6c21e840c482","local_time":"20210109162623","is_ascension_mode":false,"campfire_choices":[{"floor":7,"key":"REST"},{"floor":15,"key":"REST"}],"circlet_count":0,"master_deck":["Strike_G","Strike_G","Strike_G","Strike_G","Strike_G","Defend_G","Defend_G","Defend_G","Defend_G","Defend_G","Survivor","Neutralize","Bouncing Flask","Riddle With Holes","Bane","Distraction","Deadly Poison","Dagger Throw","Masterful Stab","Envenom","Poisoned Stab","Choke","Deadly Poison"],"relics":["Ring of the Snake","NeowsBlessing","Meat on the Bone","Sundial","Regal Pillow","Boot","Velvet Choker"],"acts_visited":["Exordium","TheCity"],"potions_floor_usage":[6,6],"damage_taken":[{"damage":0,"enemies":"Small Slimes","floor":1,"turns":1},{"damage":0,"enemies":"Cultist","floor":2,"turns":1},{"damage":0,"enemies":"Jaw Worm","floor":3,"turns":1},{"damage":53,"enemies":"Gremlin Gang","floor":5,"turns":4},{"damage":32,"enemies":"3 Sentries","floor":6,"turns":8},{"damage":18,"enemies":"Exordium Wildlife","floor":10,"turns":4},{"damage":12,"enemies":"Large Slime","floor":14,"turns":4},{"damage":11,"enemies":"Slime Boss","floor":16,"turns":9},{"damage":30,"enemies":"Spheric Guardian","floor":18,"turns":4},{"damage":20,"enemies":"3 Byrds","floor":19,"turns":3},{"damage":22,"enemies":"Snake Plant","floor":22,"turns":2}],"seed_played":"-8679923917907169614","potions_obtained":[{"floor":1,"key":"FairyPotion"},{"floor":3,"key":"Block Potion"},{"floor":4,"key":"AttackPotion"},{"floor":10,"key":"Poison Potion"},{"floor":16,"key":"LiquidBronze"},{"floor":19,"key":"BlessingOfTheForge"}],"is_trial":false,"path_per_floor":["M","M","M","?","M","E","R","T","T","M","$","?","?","M","R","B",null,"M","M","?","?","M"],"character_chosen":"THE_SILENT","items_purchased":["Boot","Weak Potion"],"campfire_rested":2,"item_purchase_floors":[11,11],"current_hp_per_floor":[70,70,70,70,17,12,33,33,33,27,27,27,27,27,63,52,70,40,32,32,19,0,0],"gold":153,"neow_bonus":"THREE_ENEMY_KILL","is_daily":false,"chose_seed":false,"campfire_upgraded":0,"win_rate":0.0,"timestamp":1610227583,"path_taken":["M","M","M","?","?","E","R","?","T","?","$","?","?","?","R","BOSS","M","M","?","?","M"],"items_purchased_type":["Relic","Potion"],"build_version":"2020-12-22","purchased_purges":0,"victory":false,"max_hp_per_floor":[70,70,70,70,70,70,70,70,70,70,70,70,70,70,70,70,70,70,70,70,75,75,75],"card_choices":[{"not_picked":["Underhanded Strike","Flying Knee"],"picked":"Bouncing Flask","floor":1},{"not_picked":["Flying Knee","Dash"],"picked":"Riddle With Holes","floor":2},{"not_picked":["Heel Hook","Prepared"],"picked":"Bane","floor":3},{"not_picked":["Acrobatics","Backflip"],"picked":"Distraction","floor":5},{"not_picked":["Quick Slash","Choke"],"picked":"Deadly Poison","floor":6},{"not_picked":["Backflip","Heel Hook"],"picked":"Dagger Throw","floor":10},{"not_picked":["Phantasmal Killer","Dodge and Roll"],"picked":"Masterful Stab","floor":14},{"not_picked":["Venomology","Doppelganger"],"picked":"Envenom","floor":16},{"not_picked":["Deflect","Leg Sweep"],"picked":"Poisoned Stab","floor":18},{"not_picked":["Dodge and Roll","Prepared"],"picked":"Choke","floor":19}],"player_experience":19946,"relics_obtained":[{"floor":6,"key":"Meat on the Bone"},{"floor":8,"key":"Sundial"},{"floor":9,"key":"Regal Pillow"}],"event_choices":[{"damage_healed":0,"gold_gain":0,"player_choice":"Bought 1 Potion","damage_taken":0,"max_hp_gain":0,"max_hp_loss":0,"event_name":"The Woman in Blue","floor":4,"gold_loss":0},{"damage_healed":0,"gold_gain":0,"player_choice":"Ignored","damage_taken":0,"max_hp_gain":0,"max_hp_loss":0,"event_name":"Shining Light","floor":12,"gold_loss":0},{"damage_healed":0,"gold_gain":0,"player_choice":"Ignored","damage_taken":0,"max_hp_gain":0,"max_hp_loss":0,"event_name":"Purifier","floor":13,"gold_loss":0},{"damage_healed":0,"gold_gain":0,"player_choice":"Read","damage_taken":0,"max_hp_gain":0,"max_hp_loss":0,"event_name":"The Library","floor":20,"gold_loss":0,"cards_obtained":["Deadly Poison"]},{"damage_healed":0,"gold_gain":0,"player_choice":"Shed Blood","damage_taken":18,"max_hp_gain":5,"max_hp_loss":0,"event_name":"Forgotten Altar","floor":21,"gold_loss":0}],"is_beta":false,"boss_relics":[{"not_picked":["Ectoplasm","Cursed Key"],"picked":"Velvet Choker"}],"items_purged_floors":[],"is_endless":false,"potions_floor_spawned":[1,3,10,16,19],"killed_by":"Snake Plant","ascension_level":0}}