{"host":"ao4lxi9bhtts409i","time":1610213868,"event":{"mods":["AchievementEnabler","BaseMod","Colored Map","Colored Powertips","Minty Spire (QoL Compilation)","SuperFastMode"],"gold_per_floor":[109,126,142,154,154,154,8,36,36,70,70,97,97,122,122,225,225,239,250,267,280,10,10,35,47,59,21,40,40,40],"floor_reached":29,"playtime":2201,"items_purged":["Strike_P","Strike_P"],"score":287,"play_id":"d3d7d8c8-38fd-46b1-a666-5a21e3d45b38","local_time":"20210109183748","is_ascension_mode":true,"campfire_choices":[{"floor":6,"key":"REST"},{"floor":11,"key":"REST"},{"floor":15,"key":"REST"},{"floor":23,"key":"REST"},{"floor":25,"key":"REST"}],"circlet_count":0,"master_deck":["Strike_P+1","Defend_P","Defend_P","Defend_P","Defend_P","Eruption","Vigilance","Establishment","SashWhip","ClearTheMind","ThirdEye","FlyingSleeves","BootSequence","Venomology","Genetic Algorithm","Metallicize","Hyperbeam+1","Bandage Up","Flying Knee","Rampage+1","Bandage Up+1","BattleHymn","Protect"],"relics":["PureWater","Letter Opener","PrismaticShard","Eternal Feather","Question Card","Orichalcum","Ornamental Fan","Smiling Mask","Philosopher\u0027s Stone","Damaru","MawBank","Whetstone"],"acts_visited":["Exordium","TheCity"],"potions_floor_usage":[10,12,14,14,14,16,18,18,19,19,21,24,28,29,29],"damage_taken":[{"damage":6,"enemies":"Jaw Worm","floor":1,"turns":5},{"damage":0,"enemies":"Small Slimes","floor":2,"turns":1},{"damage":3,"enemies":"Cultist","floor":3,"turns":5},{"damage":0,"enemies":"Blue Slaver","floor":4,"turns":3},{"damage":9,"enemies":"Gremlin Nob","floor":8,"turns":3},{"damage":41,"enemies":"3 Sentries","floor":10,"turns":7},{"damage":1,"enemies":"Lagavulin","floor":12,"turns":6},{"damage":20,"enemies":"3 Sentries","floor":14,"turns":9},{"damage":23,"enemies":"Slime Boss","floor":16,"turns":13},{"damage":14,"enemies":"Shell Parasite","floor":18,"turns":5},{"damage":6,"enemies":"3 Byrds","floor":19,"turns":3},{"damage":11,"enemies":"Centurion and Healer","floor":20,"turns":8},{"damage":20,"enemies":"Cultist and Chosen","floor":21,"turns":7},{"damage":63,"enemies":"Book of Stabbing","floor":24,"turns":7},{"damage":5,"enemies":"Shelled Parasite and Fungi","floor":28,"turns":6},{"damage":57,"enemies":"Gremlin Leader","floor":29,"turns":6}],"seed_played":"-4262674979127929046","potions_obtained":[{"floor":2,"key":"Block Potion"},{"floor":8,"key":"FearPotion"},{"floor":10,"key":"GamblersBrew"},{"floor":16,"key":"DuplicationPotion"},{"floor":18,"key":"BottledMiracle"},{"floor":24,"key":"Strength Potion"}],"is_trial":false,"path_per_floor":["M","M","M","M","?","R","$","E","T","E","R","E","?","E","R","B",null,"M","M","M","M","$","R","E","R","T","$","M","E"],"character_chosen":"WATCHER","items_purchased":["PrismaticShard","BattleHymn","Damaru"],"campfire_rested":5,"item_purchase_floors":[7,22,22],"current_hp_per_floor":[45,45,42,42,30,51,51,42,42,1,31,42,42,22,52,29,72,58,56,49,33,33,66,13,46,46,46,51,0,0],"gold":40,"neow_bonus":"THREE_RARE_CARDS","is_daily":false,"chose_seed":false,"campfire_upgraded":0,"win_rate":0.0,"timestamp":1610213868,"path_taken":["M","M","M","M","?","R","$","E","T","E","R","E","?","E","R","BOSS","M","M","?","M","$","R","E","R","T","$","M","E"],"items_purchased_type":["Relic","Card","Relic"],"build_version":"2020-12-22","purchased_purges":2,"victory":false,"max_hp_per_floor":[72,72,72,72,72,72,72,72,72,72,72,72,72,72,72,72,72,72,72,72,72,72,72,72,72,72,72,72,72,72],"card_choices":[{"not_picked":["DevaForm","Devotion"],"picked":"Establishment","floor":0},{"not_picked":["Vengeance","Sanctity"],"picked":"SashWhip","floor":1},{"not_picked":["Fasting2","WreathOfFlame"],"picked":"ClearTheMind","floor":2},{"not_picked":["Halt","ForeignInfluence"],"picked":"ThirdEye","floor":3},{"not_picked":["PathToVictory","MentalFortress"],"picked":"FlyingSleeves","floor":4},{"not_picked":["Leg Sweep","Gash"],"picked":"BootSequence","floor":8},{"not_picked":["Skim","Clash","Sentinel"],"picked":"Venomology","floor":10},{"not_picked":["Calculated Gamble","JustLucky","Outmaneuver"],"picked":"Genetic Algorithm","floor":12},{"not_picked":["ThirdEye","Heavy Blade","Fission"],"picked":"Metallicize","floor":14},{"not_picked":["Unload","Establishment","Thinking Ahead"],"picked":"Hyperbeam","floor":16},{"not_picked":["Dagger Throw","Shrug It Off","Beam Cell+1"],"picked":"Bandage Up","floor":18},{"not_picked":["Sword Boomerang","Heavy Blade","Steam Power"],"picked":"Flying Knee","floor":19},{"not_picked":["Iron Wave+1","Turbo","Bloodletting"],"picked":"Rampage+1","floor":20},{"not_picked":["Gash","Steam+1","Conserve Battery"],"picked":"Bandage Up+1","floor":21},{"not_picked":["Impatience+1","Rainbow","Conclude+1"],"picked":"Protect","floor":24},{"not_picked":["Iron Wave","Catalyst","JustLucky+1","Go for the Eyes"],"picked":"SKIP","floor":28}],"player_experience":189323,"relics_obtained":[{"floor":8,"key":"Eternal Feather"},{"floor":9,"key":"Question Card"},{"floor":10,"key":"Orichalcum"},{"floor":12,"key":"Ornamental Fan"},{"floor":14,"key":"Smiling Mask"},{"floor":24,"key":"MawBank"},{"floor":26,"key":"Whetstone"}],"event_choices":[{"damage_healed":0,"gold_gain":0,"player_choice":"Success","damage_taken":12,"relics_obtained":["Letter Opener"],"max_hp_gain":0,"max_hp_loss":0,"event_name":"Scrap Ooze","floor":5,"gold_loss":0},{"cards_removed":["Strike_P"],"damage_healed":0,"gold_gain":0,"player_choice":"Purged","damage_taken":0,"max_hp_gain":0,"max_hp_loss":0,"event_name":"Purifier","floor":13,"gold_loss":0}],"is_beta":false,"boss_relics":[{"not_picked":["VioletLotus","Runic Dome"],"picked":"Philosopher\u0027s Stone"}],"items_purged_floors":[22,27],"is_endless":false,"potions_floor_spawned":[2,8,10,16,18,24],"killed_by":"Gremlin Leader","ascension_level":1}}