{"host":"ve5hox67eka4rdnb","time":1610210465,"event":{"mods":["ATMod(∞¢Ë™Mod)","Act Like it!","BaseMod","Downfall","Gensokyo","Hermit","Lobotomy","Marisa£®ÏF”Í°°ƒß¿Ì…≥£©","Minty Spire (QoL Compilation)","Remilia£®¿Ÿ√◊¿Ú—«£©","Replay The Spire","StSLib","The Cursed","The Servant 0.9.4"],"gold_per_floor":[109,109,109,36,55,74,74,102,102,120,120,150,168,178,178,274,274,285,285,35,51,51,51,68,101,101,101,112,112,128,53,53,53,53],"floor_reached":33,"playtime":2267,"items_purged":["Porccubus"],"score":269,"play_id":"2c383795-0a3c-4292-943f-712e5bac2a5b","local_time":"20210110004105","is_ascension_mode":false,"campfire_choices":[{"data":"AT_FamilyPortrait","floor":7,"key":"SMITH"},{"data":"hermit:CursedWeapon","floor":15,"key":"SMITH"},{"data":"hermit:Reprieve","floor":23,"key":"SMITH"},{"data":"hermit:Covet","floor":32,"key":"SMITH"}],"circlet_count":0,"master_deck":["hermit:Defend_Hermit","hermit:Defend_Hermit","hermit:Defend_Hermit","hermit:Snapshot","hermit:Covet+1","AT_FamilyPortrait+1","SpiderBud","hermit:PistolWhip","LittleHelper","hermit:CursedWeapon+1","hermit:Horror","hermit:Gestalt","GreedKing","hermit:Reprieve+1","FieryBird","Slimebound:Tackle+1","Slimebound:Tackle+1","Slimebound:Tackle+1","MeatLantern","hermit:SprayPray","hermit:CalledShot+1","QueenOfHatred","hermit:Grudge","hermit:Shortfuse","hermit:GhostlyPresence+1"],"relics":["hermit:Momento","AT_ATBox","CogitoBucket","Juzu Bracelet","Garlic","ChangeAnything","Runic Pyramid","AT_SilverBalance","Mirror","AT_LudenTempest"],"acts_visited":["Exordium","TheCity"],"potions_floor_usage":[16,16,25,25,33],"damage_taken":[{"damage":0,"enemies":"Cultist","floor":1,"turns":2},{"damage":10,"enemies":"Jaw Worm","floor":5,"turns":3},{"damage":1,"enemies":"2 Louse","floor":6,"turns":2},{"damage":32,"enemies":"Lagavulin","floor":8,"turns":6},{"damage":22,"enemies":"Gremlin Gang","floor":10,"turns":4},{"damage":51,"enemies":"Exordium Wildlife","floor":12,"turns":5},{"damage":18,"enemies":"Looter","floor":13,"turns":3},{"damage":16,"enemies":"Large Slime","floor":14,"turns":4},{"damage":98,"enemies":"The Guardian","floor":16,"turns":9},{"damage":41,"enemies":"2 Thieves","floor":18,"turns":5},{"damage":47,"enemies":"Chosen","floor":21,"turns":5},{"damage":26,"enemies":"Centurion and Healer","floor":24,"turns":4},{"damage":51,"enemies":"Book of Stabbing","floor":25,"turns":5},{"damage":12,"enemies":"Shelled Parasite and Fungi","floor":28,"turns":2},{"damage":28,"enemies":"Snake Plant","floor":30,"turns":3},{"damage":82,"enemies":"Champ","floor":33,"turns":7}],"seed_played":"2566076267565343178","potions_obtained":[{"floor":6,"key":"Elixir"},{"floor":8,"key":"Reflective Coating"},{"floor":13,"key":"hexamod:EctoCoolerPotion"},{"floor":21,"key":"FairyPotion"},{"floor":24,"key":"Fire Potion"},{"floor":30,"key":"BlessingOfTheForge"}],"is_trial":false,"path_per_floor":["M","T","?","$","M","M","R","E","T","M","?","M","M","M","R","B",null,"M","?","$","M","?","R","M","E","T","?","M","?","M","$","R","B"],"character_chosen":"HERMIT","items_purchased":["hermit:PistolWhip","AT_SilverBalance"],"campfire_rested":0,"item_purchase_floors":[4,20],"current_hp_per_floor":[75,75,68,68,58,57,57,33,33,17,75,42,50,58,58,2,75,46,46,46,20,6,6,38,23,23,23,28,54,22,22,22,0,0],"gold":53,"neow_bonus":"","is_daily":false,"chose_seed":false,"campfire_upgraded":4,"win_rate":0.0,"timestamp":1610210465,"path_taken":["M","?","?","$","M","M","R","E","T","M","?","M","M","M","R","BOSS","M","?","$","M","?","R","M","E","T","?","M","?","M","$","R","BOSS"],"items_purchased_type":["Card","Relic"],"build_version":"2020-12-22","purchased_purges":1,"victory":false,"max_hp_per_floor":[75,75,75,75,75,75,75,75,75,75,75,75,75,75,75,75,75,75,75,75,75,80,80,80,80,80,80,80,80,80,80,80,80,80],"card_choices":[{"not_picked":["Porccubus","PunishingBird"],"picked":"SpiderBud","floor":1},{"not_picked":["hermit:Feint","hermit:Glare","hermit:LowProfile"],"picked":"SKIP","floor":1},{"not_picked":["VoidDream","Wellcheers"],"picked":"LittleHelper","floor":5},{"not_picked":["hermit:FatalDesire","hermit:ItchyTrigger"],"picked":"hermit:Shortfuse","floor":5},{"not_picked":["hermit:Malice","hermit:BigShot"],"picked":"hermit:CursedWeapon","floor":6},{"not_picked":["CrumblingArmor","PunishingBird"],"picked":"DreamingCurrent","floor":8},{"not_picked":["hermit:Coalescence","hermit:Dive","hermit:Feint"],"picked":"SKIP","floor":8},{"not_picked":["Freischutz","BlackSwan"],"picked":"OldLady","floor":10},{"not_picked":["hermit:Feint","hermit:Gambit","hermit:BodyArmor"],"picked":"SKIP","floor":10},{"not_picked":["hermit:Feint","hermit:Gambit","hermit:BodyArmor"],"picked":"SKIP","floor":10},{"not_picked":["hermit:Coalescence","hermit:Desperado","hermit:TrackingShot"],"picked":"SKIP","floor":12},{"not_picked":["hermit:Ricochet","hermit:Feint"],"picked":"hermit:Horror","floor":13},{"not_picked":["hermit:Glare","hermit:Headshot"],"picked":"hermit:Gestalt","floor":14},{"not_picked":["CherryBlossoms","Wellcheers"],"picked":"GreedKing","floor":16},{"not_picked":["hermit:Dissolve","hermit:Gambit"],"picked":"hermit:Reprieve","floor":16},{"not_picked":["SingingMachine","Murderer"],"picked":"FieryBird","floor":18},{"not_picked":["hermit:HoleUp","hermit:FullyLoaded+1","hermit:Dive+1"],"picked":"SKIP","floor":18},{"not_picked":["WallGazer","Yin"],"picked":"MeatLantern","floor":21},{"not_picked":["hermit:Misfire","hermit:Headshot+1"],"picked":"hermit:SprayPray","floor":21},{"not_picked":["hermit:DeadOrAlive","hermit:HoleUp+1"],"picked":"hermit:CalledShot+1","floor":24},{"not_picked":["SingingMachine","CENSORED"],"picked":"QueenOfHatred","floor":25},{"not_picked":["hermit:Feint","hermit:Headshot","hermit:Coalescence+1"],"picked":"SKIP","floor":25},{"not_picked":["hermit:Feint","hermit:Headshot","hermit:Coalescence+1"],"picked":"SKIP","floor":25},{"not_picked":["CENSORED","ShyLook"],"picked":"Porccubus","floor":28},{"not_picked":["hermit:TrackingShot","hermit:Ricochet+1"],"picked":"hermit:GhostlyPresence+1","floor":28},{"not_picked":["hermit:Gestalt","hermit:TakeAim","hermit:LowProfile+1"],"picked":"SKIP","floor":30}],"player_experience":152959,"relics_obtained":[{"floor":8,"key":"Juzu Bracelet"},{"floor":9,"key":"Garlic"},{"floor":25,"key":"Mirror"},{"floor":26,"key":"AT_LudenTempest"}],"event_choices":[{"cards_removed":["hermit:Defend_Hermit"],"damage_healed":0,"gold_gain":0,"player_choice":"Card Removal","damage_taken":7,"max_hp_gain":0,"max_hp_loss":0,"event_name":"Golden Wing","floor":3,"gold_loss":0},{"cards_removed":["hermit:Shortfuse"],"damage_healed":58,"gold_gain":0,"player_choice":"Offered Uncommon","damage_taken":0,"max_hp_gain":0,"max_hp_loss":0,"event_name":"Bonfire Elementals","floor":11,"gold_loss":0},{"damage_healed":0,"gold_gain":0,"player_choice":"Shed Blood","damage_taken":19,"max_hp_gain":5,"max_hp_loss":0,"event_name":"Forgotten Altar","floor":22,"gold_loss":0},{"damage_healed":0,"gold_gain":0,"cards_transformed":["OldLady","DreamingCurrent"],"player_choice":"Became Test Subject","damage_taken":0,"max_hp_gain":0,"max_hp_loss":0,"event_name":"Drug Dealer","floor":27,"gold_loss":0,"cards_obtained":["hermit:Grudge","hermit:Shortfuse"]},{"damage_healed":26,"gold_gain":0,"player_choice":"Heal","damage_taken":0,"max_hp_gain":0,"max_hp_loss":0,"event_name":"The Library","floor":29,"gold_loss":0}],"is_beta":false,"boss_relics":[{"not_picked":["Replay:Wanted Poster","Ring of Chaos"],"picked":"Runic Pyramid"}],"items_purged_floors":[31],"is_endless":false,"potions_floor_spawned":[6,8,13,14,21,24,30],"killed_by":"Champ","ascension_level":0}}