{"host":"qc8h4lvnd2c314ki","time":1610160684,"event":{"mods":["ATMod(°¢èªMod)","AchievementEnabler","Act Like it!","Aspiration","BaseMod","Better Note","Better Third Choice","ChefMod","Curses Come First","Dota2Spire","Evolution","Friendly Minions","GifTheSpireLib","Highlight Path","Mimic Mod","Minty Spire (QoL Compilation)","Random Character Button","Robot Space Explorer","Spicy Shops","StSLib","The Marked"],"gold_per_floor":[114,114,39,52,69,102,121,121,158,178,195,206,206,206,206,304,304,316,226,245,245,245,245,264,264,264,277,293,293,311,330,330,330,330],"floor_reached":33,"playtime":3198,"items_purged":["theMarked:Strike"],"score":255,"play_id":"bb35e92b-7d51-4442-a7ea-239f4b98339f","local_time":"20210109105124","is_ascension_mode":false,"campfire_choices":[{"floor":8.0,"key":"RECALL"},{"floor":13.0,"key":"REST"},{"floor":15.0,"key":"REST"},{"floor":22.0,"key":"REST"},{"data":"AT_FamilyPortrait","floor":23.0,"key":"SMITH"},{"floor":25.0,"key":"REST"},{"floor":29.0,"key":"REST"},{"floor":32.0,"key":"REST"}],"circlet_count":0,"master_deck":["theMarked:Strike","theMarked:Defend","theMarked:SoldierOfQuellstein","AT_FamilyPortrait+1","theMarked:Parry","theMarked:FavorableWinds","theMarked:ParalyzingBlade","theMarked:ResourceFulStrike","theMarked:MaelstromOfLightning+1","theMarked:AttractMetal","theMarked:Overcharge","theMarked:Electrify","theMarked:Opportunist","theMarked:Improvise","theMarked:SuspiciousRaven","theMarked:ChainLightning+1","theMarked:EmpowerWeapon","theMarked:ContemptForTheProud","theMarked:ElementalBlade"],"relics":["theMarked:ArtifactOfAir","EVO:Axolotl","AT_ATBox","aspiration:AnachronicSnailShell","Empty Cage","Smiling Mask"],"acts_visited":["Exordium","TheCity"],"potions_floor_usage":[33],"damage_taken":[{"damage":0.0,"enemies":"Jaw Worm","floor":1.0,"turns":3.0},{"damage":0.0,"enemies":"Cultist","floor":4.0,"turns":3.0},{"damage":1.0,"enemies":"2 Louse","floor":5.0,"turns":3.0},{"damage":21.0,"enemies":"Gremlin Nob","floor":6.0,"turns":4.0},{"damage":2.0,"enemies":"Red Slaver","floor":7.0,"turns":6.0},{"damage":1.0,"enemies":"Gremlin Gang","floor":9.0,"turns":6.0},{"damage":14.0,"enemies":"Gremlin Gang","floor":10.0,"turns":6.0},{"damage":0.0,"enemies":"3 Louse","floor":11.0,"turns":5.0},{"damage":0.0,"enemies":"Exordium Wildlife","floor":12.0,"turns":3.0},{"damage":34.0,"enemies":"The Guardian","floor":16.0,"turns":17.0},{"damage":16.0,"enemies":"Shell Parasite","floor":18.0,"turns":7.0},{"damage":16.0,"enemies":"Spheric Guardian","floor":20.0,"turns":6.0},{"damage":0.0,"enemies":"Snake Plant","floor":21.0,"turns":1.0},{"damage":26.0,"enemies":"Chosen and Byrds","floor":24.0,"turns":7.0},{"damage":5.0,"enemies":"Centurion and Healer","floor":27.0,"turns":6.0},{"damage":9.0,"enemies":"Shelled Parasite and Fungi","floor":28.0,"turns":4.0},{"damage":24.0,"enemies":"3 Cultists","floor":30.0,"turns":6.0},{"damage":15.0,"enemies":"Cultist and Chosen","floor":31.0,"turns":5.0},{"damage":58,"enemies":"Collector","floor":33,"turns":7}],"seed_played":"5662911384985865175","potions_obtained":[{"floor":1.0,"key":"theMarked:ChargePotion"},{"floor":4.0,"key":"Dota2Spire:Clarity"},{"floor":11.0,"key":"Dexterity Potion"},{"floor":27.0,"key":"Dota2Spire:HealingSalve"},{"floor":31.0,"key":"FairyPotion"}],"is_trial":false,"path_per_floor":["M","?","$","M","M","E","M","R","MIM","M","M","M","R","?","R","B",null,"M","?","M","M","R","R","M","R","T","M","M","R","M","M","R","B"],"character_chosen":"THE_DEFAULT","items_purchased":[],"campfire_rested":6,"item_purchase_floors":[],"current_hp_per_floor":[63,63,63,63,62,41,39,39,38,24,24,24,42,35,53,19,63,47,47,31,31,49,49,23,41,41,36,30,48,24,9,27,0,0],"gold":330,"neow_bonus":"TRANSFORM_TWO_CARDS","is_daily":false,"chose_seed":false,"campfire_upgraded":1,"win_rate":0.0,"timestamp":1610160684,"path_taken":["M","?","$","M","?","E","M","R","MIM","M","M","M","R","?","R","BOSS","M","?","?","M","M","R","M","R","T","M","M","R","?","M","R","BOSS"],"items_purchased_type":[],"build_version":"2020-12-22","purchased_purges":1,"victory":false,"max_hp_per_floor":[63,63,63,63,63,63,63,63,63,63,63,63,63,63,63,63,63,63,63,63,63,63,63,63,63,63,63,63,63,63,63,63,63,63],"card_choices":[{"not_picked":["theMarked:Aftermath","theMarked:TwofoldDefense"],"picked":"theMarked:ParalyzingBlade","floor":1.0},{"not_picked":["theMarked:Generate","theMarked:ElectricStrings"],"picked":"theMarked:ResourceFulStrike","floor":4.0},{"not_picked":["theMarked:TwofoldDefense","theMarked:ElectricStrings"],"picked":"theMarked:MaelstromOfLightning","floor":5.0},{"not_picked":["theMarked:DeterminationOfTheMarked","theMarked:HeritageOfTheMarked"],"picked":"theMarked:AttractMetal","floor":6.0},{"not_picked":["theMarked:Parkour","theMarked:Standoff"],"picked":"theMarked:Overcharge","floor":7.0},{"not_picked":["theMarked:TunnelVision","theMarked:Parkour"],"picked":"theMarked:Electrify","floor":9.0},{"not_picked":["theMarked:Aftermath","theMarked:Parry"],"picked":"theMarked:Opportunist","floor":10.0},{"not_picked":["theMarked:Generate","theMarked:MysticalArsenal","theMarked:WastefulDefense"],"picked":"SKIP","floor":11.0},{"not_picked":["theMarked:Seal","theMarked:Parry"],"picked":"theMarked:Improvise","floor":12.0},{"not_picked":["theMarked:Snap","theMarked:FavorableWinds"],"picked":"theMarked:SuspiciousRaven","floor":16.0},{"not_picked":["theMarked:Static","theMarked:WastefulAttack","theMarked:CreepingChasm+1"],"picked":"SKIP","floor":18.0},{"not_picked":["theMarked:Static","theMarked:Parry","theMarked:Parkour+1"],"picked":"SKIP","floor":20.0},{"not_picked":["theMarked:Standoff","theMarked:ShockingTouch+1"],"picked":"theMarked:ChainLightning+1","floor":24.0},{"not_picked":["theMarked:EnhanceMovement+1","theMarked:WastefulDefense"],"picked":"theMarked:EmpowerWeapon","floor":27.0},{"not_picked":["theMarked:BanishingStrike","theMarked:ElectricStrings"],"picked":"theMarked:ContemptForTheProud","floor":28.0},{"not_picked":["theMarked:Static","theMarked:Seal+1"],"picked":"theMarked:ElementalBlade","floor":30.0},{"not_picked":["theMarked:Static+1","theMarked:Polarize","theMarked:ElectricStrings"],"picked":"SKIP","floor":31.0}],"player_experience":498570,"relics_obtained":[{"floor":6.0,"key":"aspiration:AnachronicSnailShell"},{"floor":26.0,"key":"Smiling Mask"}],"event_choices":[{"damage_healed":0.0,"max_hp_gain":0.0,"max_hp_loss":0.0,"gold_gain":0.0,"event_name":"The Woman in Blue","player_choice":"Bought 0 Potions","floor":2.0,"gold_loss":0.0,"damage_taken":0.0},{"cards_removed":["theMarked:Strike"],"damage_healed":0.0,"max_hp_gain":0.0,"max_hp_loss":0.0,"gold_gain":0.0,"event_name":"Golden Wing","player_choice":"Card Removal","floor":14.0,"gold_loss":0.0,"damage_taken":7.0},{"cards_removed":["theMarked:Defend"],"damage_healed":0.0,"max_hp_gain":0.0,"max_hp_loss":0.0,"gold_gain":0.0,"event_name":"Designer","player_choice":"Upgrade and Remove","floor":19.0,"gold_loss":90.0,"damage_taken":0.0,"cards_upgraded":["theMarked:MaelstromOfLightning"]}],"is_beta":false,"boss_relics":[{"not_picked":["Velvet Choker","aspiration:FutureDiary"],"picked":"Empty Cage"}],"items_purged_floors":[3],"is_endless":false,"potions_floor_spawned":[1,4,11,12,20,21,24,27,31],"killed_by":"Collector","ascension_level":0}}