{"host":"xje8igj95tvh9ehd","time":1610177746,"event":{"mods":["BaseMod","Colored Map","Colored Powertips","Downfall","Infinite Spire","Marisa£®ÏF”Í°°ƒß¿Ì…≥£©","Minty Spire (QoL Compilation)","Replay The Spire","StSLib","SuperFastMode","The Bug Knight","The Construct","The Runesmith","The Servant 0.9.4","[IsaacMod]“‘»ˆº‚À˛"],"gold_per_floor":[114,124,124,124,124,124,136,154,154,166,266,266,276,276,276,381,481,496,496,157,257,277,277,277],"floor_reached":23,"playtime":923,"items_purged":["Strike_R"],"score":181,"play_id":"0f0e4307-9902-4fd7-8378-c5d97de85918","local_time":"20210109153546","is_ascension_mode":false,"campfire_choices":[{"data":"EpicFetus","floor":6,"key":"SMITH"},{"floor":12,"key":"REST"},{"data":"Spot Weakness","floor":15,"key":"SMITH"}],"circlet_count":0,"master_deck":["Strike_R","Strike_R","Defend_R","Defend_R","Defend_R","Defend_R","Bash","EpicFetus+1","Sword Boomerang","Pommel Strike","infinitespire:Collect","Hemogenesis","Flex","Whirlwind","Spot Weakness+1","Rupture","Heavy Blade","Violence","Inflame","Warcry"],"relics":["Burning Blood","HushsDoor","KeepersGift","Chameleon Ring","King of Hearts","Replay:Wanted Poster"],"acts_visited":["Exordium","TheCity"],"potions_floor_usage":[],"damage_taken":[{"damage":17,"enemies":"2 Louse","floor":1,"turns":3},{"damage":3,"enemies":"Small Slimes","floor":2,"turns":3},{"damage":0,"enemies":"Cultist","floor":7,"turns":2},{"damage":30,"enemies":"Exordium Wildlife","floor":8,"turns":3},{"damage":21,"enemies":"Gremlin Gang","floor":10,"turns":5},{"damage":15,"enemies":"Looter","floor":13,"turns":3},{"damage":36,"enemies":"Hexaghost","floor":16,"turns":6},{"damage":10,"enemies":"Chosen","floor":18,"turns":4},{"damage":21,"enemies":"Shell Parasite","floor":22,"turns":4},{"damage":88,"enemies":"Nightmare","floor":23,"turns":5}],"seed_played":"-5973343246411611326","potions_obtained":[{"floor":7,"key":"Fire Potion"},{"floor":10,"key":"SpeedPotion"}],"is_trial":false,"path_per_floor":["M","M","?","?","?","R","M","M","T","M","?","R","M","?","R","B",null,"M","?","$","?","M","NM"],"character_chosen":"IRONCLAD","items_purchased":["Violence","Inflame"],"campfire_rested":1,"item_purchase_floors":[20,20],"current_hp_per_floor":[77,80,68,68,46,46,52,33,33,25,25,51,42,42,42,17,88,88,88,88,88,78,0,0],"gold":277,"neow_bonus":"TEN_PERCENT_HP_BONUS","is_daily":false,"chose_seed":false,"campfire_upgraded":2,"win_rate":0.0,"timestamp":1610177746,"path_taken":["M","M","?","?","?","R","M","?","T","M","?","R","M","?","R","BOSS","M","?","?","?","?","NM"],"items_purchased_type":["Card","Card"],"build_version":"2020-12-22","purchased_purges":1,"victory":false,"max_hp_per_floor":[88,88,88,88,88,88,88,88,88,88,88,88,88,88,88,88,88,88,88,88,88,88,88,88],"card_choices":[{"not_picked":[],"picked":"EpicFetus","floor":0},{"not_picked":["Replay:Undeath\u0027s Touch","ReplayTheSpireMod:Strike From Hell"],"picked":"Sword Boomerang","floor":1},{"not_picked":["Searing Blow","ReplayTheSpireMod:Stacked"],"picked":"Pommel Strike","floor":2},{"not_picked":["infinitespire:Menacing","ReplayTheSpireMod:Chaos Vortex"],"picked":"infinitespire:Collect","floor":5},{"not_picked":["Seeing Red","Cleave"],"picked":"Hemogenesis","floor":7},{"not_picked":["Ghostly Armor","Armaments"],"picked":"Flex","floor":8},{"not_picked":["Shrug It Off","Anger"],"picked":"Whirlwind","floor":10},{"not_picked":["Clash","Evolve"],"picked":"Spot Weakness","floor":11},{"not_picked":["Pommel Strike","Metallicize"],"picked":"Rupture","floor":13},{"not_picked":["ReplayReversal","Clothesline"],"picked":"Heavy Blade","floor":18},{"not_picked":["Heavy Blade","Rage"],"picked":"Warcry","floor":21},{"not_picked":["Power Through","Clothesline+1","Thunderclap"],"picked":"SKIP","floor":22}],"player_experience":29829,"relics_obtained":[{"floor":9,"key":"King of Hearts"}],"event_choices":[{"damage_healed":0,"gold_gain":0,"player_choice":"Success","damage_taken":12,"relics_obtained":["Chameleon Ring"],"max_hp_gain":0,"max_hp_loss":0,"event_name":"Scrap Ooze","floor":3,"gold_loss":0},{"cards_removed":["Strike_R"],"damage_healed":0,"gold_gain":0,"player_choice":"Card Removal","damage_taken":0,"max_hp_gain":0,"max_hp_loss":0,"event_name":"Wheel of Change","floor":14,"gold_loss":0}],"is_beta":false,"boss_relics":[{"not_picked":["Honey Jar","SacredBark"],"picked":"Replay:Wanted Poster"},{"not_picked":[]}],"items_purged_floors":[20],"is_endless":false,"potions_floor_spawned":[7,10],"killed_by":"Nightmare","ascension_level":0}}