{"host":"6p0attdrtjqaih7v","time":1610218432,"event":{"mods":["2.2 Compatiblity","AchievementEnabler","Bard","BaseMod","Better Skull","Better Third Choice","Colored Powertips","Hermit","Highlight Path","Jorbs\u0027s Wanderer Trilogy","Key Reminder","Minty Spire (QoL Compilation)","Permanent Neow","Quick Restart","Random Character Button","Relic Stats","Replay The Spire","Robot Space Explorer","StSLib"],"gold_per_floor":[113,129,129,149,149,149,187,187,187,231,46,61,80,94,94,187,187,203,224,224,149,49,82,82,122,149,189,4,45,45,45,45,139,139,163,184,204,204,228,228,251,251,275,55,55,55,388,400,400,400],"floor_reached":51,"playtime":4239,"items_purged":["bard:Strike","bard:LingeringEcho"],"score":1479,"play_id":"4896d980-e1b6-4584-824e-d5090fdfa8ff","local_time":"20210109135352","is_ascension_mode":true,"campfire_choices":[{"data":"bard:SongBolt","floor":6,"key":"SMITH"},{"data":"bard:Inspire","floor":8,"key":"SMITH"},{"data":"bard:SixFourTime","floor":15,"key":"SMITH"},{"data":"bard:Doot","floor":24,"key":"SMITH"},{"data":"bard:CovetousAura","floor":32,"key":"SMITH"},{"floor":40,"key":"REST"},{"floor":42,"key":"REST"},{"data":"bard:Haste","floor":45,"key":"SMITH"},{"floor":49,"key":"REST"}],"circlet_count":0,"master_deck":["AscendersBane","bard:Defend+1","bard:Defend+1","bard:Defend+1","bard:Defend+1","bard:Riposte","bard:Inspire+1","bard:SongBolt+1","bard:SixFourTime+1","bard:Heroism","bard:GreaterMagicWeapon+1","bard:ViciousMockery","bard:TinyHut","bard:LingeringEcho","bard:ViciousMockery","bard:LingeringEcho","bard:CovetousAura+1","bard:Doot+1","bard:Flourish","bard:Fermata+1","Swift Strike","bard:GuardPoint","bard:Haste+1","bard:TinyHut+1","Parasite","bard:Blink+1"],"relics":["bard:PitchPipe","bard:BagPipes","Replay:Bottled Eggs","Pen Nib","PreservedInsect","Replay:Bronze Core","Replay:Wax Seal","Quantum Egg","Pet Ghost","Juzu Bracelet","WingedGreaves","SacredBark","CeramicFish","Replay:Baseball"],"acts_visited":["Exordium","TheCity","TheBeyond"],"potions_floor_usage":[7,23,27,33,37,50],"damage_taken":[{"damage":0,"enemies":"2 Louse","floor":1,"turns":4},{"damage":9,"enemies":"Jaw Worm","floor":2,"turns":4},{"damage":0,"enemies":"Cultist","floor":4,"turns":5},{"damage":16,"enemies":"Gremlin Nob","floor":7,"turns":4},{"damage":0,"enemies":"3 Sentries","floor":10,"turns":7},{"damage":0,"enemies":"Exordium Wildlife","floor":12,"turns":3},{"damage":0,"enemies":"Large Slime","floor":13,"turns":2},{"damage":0,"enemies":"2 Fungi Beasts","floor":14,"turns":2},{"damage":0,"enemies":"The Guardian","floor":16,"turns":5},{"damage":1,"enemies":"2 Thieves","floor":18,"turns":4},{"damage":0,"enemies":"Chosen","floor":19,"turns":4},{"damage":0,"enemies":"Slavers","floor":23,"turns":5},{"damage":0,"enemies":"Book of Stabbing","floor":25,"turns":5},{"damage":14,"enemies":"Slavers","floor":27,"turns":5},{"damage":2,"enemies":"Book of Stabbing","floor":29,"turns":3},{"damage":1,"enemies":"Champ","floor":33,"turns":8},{"damage":0,"enemies":"3 Darklings","floor":35,"turns":6},{"damage":2,"enemies":"Orb Walker","floor":36,"turns":4},{"damage":10,"enemies":"Maw","floor":37,"turns":8},{"damage":0,"enemies":"Jaw Worm Horde","floor":39,"turns":4},{"damage":25,"enemies":"Writhing Mass","floor":41,"turns":9},{"damage":6,"enemies":"Sphere and 2 Shapes","floor":48,"turns":8},{"damage":2,"enemies":"Awakened One","floor":50,"turns":7}],"seed_played":"-6782096278206681693","potions_obtained":[{"floor":4,"key":"Strength Potion"},{"floor":10,"key":"ColorlessPotion"},{"floor":12,"key":"Block Potion"},{"floor":14,"key":"Flashbang"},{"floor":23,"key":"Venom Potion"},{"floor":27,"key":"LifebloodPotion"},{"floor":36,"key":"PowerPotion"},{"floor":39,"key":"Block Potion"}],"is_trial":false,"path_per_floor":["M","M","?","M","?","R","E","R","T","E","$","M","M","M","R","B",null,"M","M","?","$","$","E","R","E","T","E","$","E","?","?","R","B",null,"M","M","M","?","M","R","M","R","T","$","R","?","?","M","R","B",null],"character_chosen":"BARD","items_purchased":["bard:TinyHut","bard:LingeringEcho","bard:Flourish","Swift Strike","bard:GuardPoint","Replay:Baseball","Fire Potion"],"campfire_rested":3,"item_purchase_floors":[11,11,21,28,28,44,44],"current_hp_per_floor":[59,50,50,50,50,50,34,34,34,34,34,34,34,34,34,34,49,48,48,48,48,48,48,48,48,48,34,34,32,32,32,32,31,48,48,46,36,36,36,51,26,41,41,41,41,41,41,35,50,48],"gold":400,"neow_bonus":"TRANSFORM_TWO_CARDS","is_daily":false,"chose_seed":false,"campfire_upgraded":6,"win_rate":0.0,"timestamp":1610218432,"path_taken":["M","M","?","M","?","R","E","R","T","E","$","M","M","M","R","BOSS","M","M","?","?","$","E","R","E","T","E","$","E","?","?","R","BOSS","M","M","M","?","M","R","M","R","T","$","R","?","?","M","R","BOSS"],"items_purchased_type":["Card","Card","Card","Card","Card","Relic","Potion"],"build_version":"2020-12-22","purchased_purges":2,"victory":true,"max_hp_per_floor":[60,60,54,54,54,54,54,54,54,54,54,54,54,54,54,54,54,54,54,54,54,54,54,54,54,54,54,54,54,54,54,54,54,54,54,54,54,51,51,51,51,51,51,51,51,51,51,51,51,51],"relic_stats":{"counters":[23,116],"CeramicFish":0,"Pen Nib":[22],"PreservedInsect":224,"Juzu Bracelet":1,"obtain_stats":[{"bard:BagPipes":0,"bard:PitchPipe":0,"Golden Idol":3,"Quantum Egg":25,"SacredBark":34,"CeramicFish":43,"Pen Nib":9,"PreservedInsect":10,"Juzu Bracelet":27,"Pet Ghost":26,"Replay:Baseball":44,"Replay:Bronze Core":17,"WingedGreaves":29,"Replay:Bottled Eggs":7,"Replay:Wax Seal":23},{"bard:BagPipes":0,"bard:PitchPipe":0,"Golden Idol":2,"Quantum Egg":13,"SacredBark":16,"CeramicFish":21,"Pen Nib":4,"PreservedInsect":5,"Juzu Bracelet":14,"Pet Ghost":13,"Replay:Baseball":21,"Replay:Bronze Core":9,"WingedGreaves":15,"Replay:Bottled Eggs":4,"Replay:Wax Seal":12},{"bard:BagPipes":0,"bard:PitchPipe":0,"Golden Idol":8,"Quantum Egg":54,"SacredBark":70,"CeramicFish":101,"Pen Nib":17,"PreservedInsect":24,"Juzu Bracelet":59,"Pet Ghost":54,"Replay:Baseball":101,"Replay:Bronze Core":36,"WingedGreaves":62,"Replay:Bottled Eggs":17,"Replay:Wax Seal":49}]},"card_choices":[{"not_picked":["bard:HideousLaughter","bard:Solo"],"picked":"bard:GreaterMagicWeapon","floor":1},{"not_picked":["bard:SongBolt","bard:EchoEcho"],"picked":"bard:LingeringEcho","floor":2},{"not_picked":["bard:BucklerBash","bard:Accelerando"],"picked":"bard:Heroism","floor":4},{"not_picked":["bard:Silence","bard:DiscordantVoice","bard:SongBolt"],"picked":"SKIP","floor":7},{"not_picked":["bard:TinyHut","bard:Encore"],"picked":"bard:ViciousMockery","floor":10},{"not_picked":["bard:Gamble","bard:PhantasmalForce","bard:InspiringSong"],"picked":"SKIP","floor":12},{"not_picked":["bard:InspiringSong","bard:OffKey"],"picked":"bard:ViciousMockery","floor":13},{"not_picked":["bard:GlyphOfWarding","bard:InspiringSong"],"picked":"bard:LingeringEcho","floor":14},{"not_picked":["bard:BottledSong","bard:Sonata"],"picked":"bard:CovetousAura","floor":16},{"not_picked":["bard:PhantasmalForce","bard:PrismaticSpray","bard:InspiringSong"],"picked":"SKIP","floor":18},{"not_picked":["bard:FeastOnFear","bard:Rest"],"picked":"bard:Doot","floor":19},{"not_picked":["bard:QuickSong","bard:SongBolt","bard:ViciousMockery"],"picked":"SKIP","floor":23},{"not_picked":["bard:Parry","bard:SongBolt"],"picked":"bard:Fermata+1","floor":25},{"not_picked":["bard:FeastOnFear","bard:LocateObject+1","bard:FingerOfDeath"],"picked":"SKIP","floor":27},{"not_picked":["bard:QuickSong","bard:InspiringSong","bard:StudiedStrike"],"picked":"SKIP","floor":29},{"not_picked":["bard:CovetousAura","bard:PowerWordStun"],"picked":"bard:Haste","floor":33},{"not_picked":["bard:LingeringEcho","bard:StudiedStrike","bard:Accelerando+1"],"picked":"SKIP","floor":35},{"not_picked":["bard:FeastOnFear+1","bard:BucklerBash+1"],"picked":"bard:TinyHut+1","floor":36},{"not_picked":["bard:HideousLaughter","bard:FaerieFire+1","bard:Demoralize"],"picked":"SKIP","floor":37},{"not_picked":["bard:InspiringSong","bard:EchoEcho","bard:BucklerBash+1"],"picked":"SKIP","floor":39},{"not_picked":["bard:FeastOnFear+1","bard:GlyphOfWarding+1"],"picked":"bard:Blink+1","floor":41},{"not_picked":["bard:TinyHut","bard:Wish","bard:Solo"],"picked":"SKIP","floor":48}],"player_experience":798413,"relics_obtained":[{"floor":7,"key":"Replay:Bottled Eggs"},{"floor":9,"key":"Pen Nib"},{"floor":10,"key":"PreservedInsect"},{"floor":23,"key":"Replay:Wax Seal"},{"floor":25,"key":"Quantum Egg"},{"floor":26,"key":"Pet Ghost"},{"floor":27,"key":"Juzu Bracelet"},{"floor":29,"key":"WingedGreaves"},{"floor":43,"key":"CeramicFish"}],"event_choices":[{"damage_healed":0,"gold_gain":0,"player_choice":"Lose Max HP","damage_taken":0,"relics_obtained":["Golden Idol"],"max_hp_gain":0,"max_hp_loss":6,"event_name":"Golden Idol","floor":3,"gold_loss":0},{"cards_removed":["bard:GreaterMagicWeapon"],"damage_healed":0,"gold_gain":0,"player_choice":"Purged","damage_taken":0,"max_hp_gain":0,"max_hp_loss":0,"event_name":"Purifier","floor":20,"gold_loss":0},{"damage_healed":0,"gold_gain":0,"player_choice":"Ignored","damage_taken":0,"max_hp_gain":0,"max_hp_loss":0,"event_name":"Ghosts","floor":30,"gold_loss":0},{"damage_healed":0,"gold_gain":0,"player_choice":"Ignored","damage_taken":0,"max_hp_gain":0,"max_hp_loss":0,"event_name":"The Mausoleum","floor":31,"gold_loss":0},{"damage_healed":0,"gold_gain":0,"player_choice":"Max HP","damage_taken":0,"max_hp_gain":0,"max_hp_loss":3,"event_name":"Winding Halls","floor":38,"gold_loss":0},{"damage_healed":0,"gold_gain":333,"player_choice":"Gave Idol","damage_taken":0,"max_hp_gain":0,"max_hp_loss":0,"event_name":"The Moai Head","floor":47,"relics_lost":["Golden Idol"],"gold_loss":0}],"is_beta":false,"boss_relics":[{"not_picked":["Calling Bell","Kintsugi"],"picked":"Replay:Bronze Core"},{"not_picked":["Snecko Eye","Snecko Heart"],"picked":"SacredBark"}],"items_purged_floors":[11,22],"is_endless":false,"potions_floor_spawned":[4,10,12,14,16,23,27,29,36,39],"ascension_level":16}}