{"host":"5x08nt64u3vxxcfi","time":1610164487,"event":{"mods":["BaseMod","Minty Spire (QoL Compilation)","StSLib","SuperFastMode"],"gold_per_floor":[110,385,398,408,27,27,27,27,27,40,40,68,68,81,81,186,186,203,215,215,231,44,79,79,79],"floor_reached":24,"playtime":406,"items_purged":["Regret"],"score":306,"play_id":"0db740fe-9f52-4a35-94c7-2d2ee03827dc","local_time":"20210109125447","is_ascension_mode":true,"campfire_choices":[{"data":"Enlightenment","floor":6,"key":"SMITH"},{"floor":13,"key":"REST"},{"data":"Dualcast","floor":15,"key":"PURGE"}],"circlet_count":0,"master_deck":["Strike_B","Strike_B","Strike_B","Strike_B","Defend_B","Defend_B","Defend_B","Defend_B","Leap","Sunder","Streamline","Genetic Algorithm","Enlightenment+1","Steam","Seek","Barrage","Core Surge","Beam Cell","Reprogram","Ghostly","Ghostly","Ghostly","Ghostly","Ghostly","Stack","Apotheosis","Gash","Hologram+1"],"relics":["Cracked Core","NeowsBlessing","Vajra","Shuriken","Peace Pipe","The Courier","Philosopher\u0027s Stone","Mercury Hourglass"],"acts_visited":["Exordium","TheCity"],"potions_floor_usage":[16,16],"damage_taken":[{"damage":0,"enemies":"2 Louse","floor":1,"turns":1},{"damage":0,"enemies":"Cultist","floor":3,"turns":1},{"damage":0,"enemies":"Small Slimes","floor":4,"turns":1},{"damage":13,"enemies":"Red Slaver","floor":10,"turns":2},{"damage":29,"enemies":"Lagavulin","floor":12,"turns":7},{"damage":8,"enemies":"Blue Slaver","floor":14,"turns":2},{"damage":20,"enemies":"The Guardian","floor":16,"turns":11},{"damage":21,"enemies":"2 Thieves","floor":18,"turns":3},{"damage":24,"enemies":"3 Byrds","floor":19,"turns":4},{"damage":3,"enemies":"Snake Plant","floor":21,"turns":5},{"damage":8,"enemies":"Book of Stabbing","floor":23,"turns":7},{"damage":1,"enemies":"Chosen and Byrds","floor":24,"turns":2}],"seed_played":"-8597081042044943276","potions_obtained":[{"floor":3,"key":"DistilledChaos"},{"floor":10,"key":"EssenceOfSteel"},{"floor":14,"key":"GamblersBrew"},{"floor":21,"key":"FocusPotion"}],"is_trial":false,"path_per_floor":["M","?","M","M","$","R","?","?","T","M","?","E","R","M","R","B",null,"M","M","?","M","$","E","M"],"character_chosen":"DEFECT","items_purchased":["Genetic Algorithm","Enlightenment","Vajra","Apotheosis","Gash"],"campfire_rested":1,"item_purchase_floors":[5,5,5,22,22],"current_hp_per_floor":[68,68,68,68,68,68,68,50,50,37,37,8,30,22,22,2,57,36,12,12,9,9,1,0,0],"gold":79,"neow_bonus":"THREE_ENEMY_KILL","is_daily":false,"chose_seed":false,"campfire_upgraded":1,"win_rate":0.0,"timestamp":1610164487,"path_taken":["M","?","M","?","$","R","?","?","T","M","?","E","R","M","R","BOSS","M","M","?","M","$","E","M"],"items_purchased_type":["Card","Card","Relic","Card","Card"],"build_version":"2020-12-22","purchased_purges":1,"victory":false,"max_hp_per_floor":[75,75,75,75,75,75,75,75,75,75,75,75,75,75,75,75,75,75,75,37,37,37,37,37,37],"card_choices":[{"not_picked":["Redo","Cold Snap"],"picked":"Leap","floor":1},{"not_picked":["Beam Cell","Melter"],"picked":"Sunder","floor":3},{"not_picked":["Ball Lightning","Compile Driver"],"picked":"Streamline","floor":4},{"not_picked":["Leap","Genetic Algorithm"],"picked":"Steam","floor":10},{"not_picked":["Stack","Conserve Battery"],"picked":"Seek","floor":12},{"not_picked":["Lockon","Defragment"],"picked":"Barrage","floor":14},{"not_picked":["Electrodynamics","Meteor Strike"],"picked":"Core Surge","floor":16},{"not_picked":["Hello World","Redo"],"picked":"Beam Cell","floor":18},{"not_picked":["Redo+1","Chill+1"],"picked":"Reprogram","floor":19},{"not_picked":["Reinforced Body","Cold Snap"],"picked":"Stack","floor":21},{"not_picked":["Seek","Skim"],"picked":"Hologram+1","floor":23}],"player_experience":68601,"relics_obtained":[{"floor":9,"key":"Peace Pipe"},{"floor":12,"key":"The Courier"},{"floor":23,"key":"Mercury Hourglass"}],"event_choices":[{"damage_healed":0,"gold_gain":275,"player_choice":"Desecrate","damage_taken":0,"max_hp_gain":0,"max_hp_loss":0,"event_name":"Golden Shrine","floor":2,"gold_loss":0,"cards_obtained":["Regret"]},{"damage_healed":0,"gold_gain":0,"player_choice":"Ignored","damage_taken":0,"max_hp_gain":0,"max_hp_loss":0,"event_name":"Liars Game","floor":7,"gold_loss":0},{"damage_healed":0,"gold_gain":0,"player_choice":"Success","damage_taken":18,"relics_obtained":["Shuriken"],"max_hp_gain":0,"max_hp_loss":0,"event_name":"Scrap Ooze","floor":8,"gold_loss":0},{"cards_removed":["Zap"],"damage_healed":0,"gold_gain":0,"player_choice":"Purged","damage_taken":0,"max_hp_gain":0,"max_hp_loss":0,"event_name":"Purifier","floor":11,"gold_loss":0},{"damage_healed":0,"gold_gain":0,"player_choice":"Became a Ghost","damage_taken":0,"max_hp_gain":0,"max_hp_loss":38,"event_name":"Ghosts","floor":20,"gold_loss":0,"cards_obtained":["Ghostly","Ghostly","Ghostly","Ghostly","Ghostly"]}],"is_beta":false,"boss_relics":[{"not_picked":["Busted Crown","SlaversCollar"],"picked":"Philosopher\u0027s Stone"}],"items_purged_floors":[5],"is_endless":false,"potions_floor_spawned":[3,10,14,21],"killed_by":"Chosen and Byrds","ascension_level":6}}