{"host":"d8hh7rr4yzitjeuj","time":1610168464,"event":{"mods":["2.2 Compatiblity","AchievementEnabler","Act Like it!","BaseMod","Colored Map","Colored Powertips","Highlight Path","Keyboard Shortcuts","Minty Spire (QoL Compilation)","Permanent Neow","Quick Restart","StSLib","SuperFastMode"],"gold_per_floor":[118,118,131,151,166,166,193,207,232,232,249,249,249,281,281,352,352,364,35,35,35,50,50,68,103,103,103,103,103],"floor_reached":28,"playtime":710,"items_purged":[],"score":596,"play_id":"f2cb2dd6-0dab-4c07-b2f6-ef4548e17186","local_time":"20210109140104","is_ascension_mode":true,"campfire_choices":[{"floor":6,"key":"REST"},{"floor":10,"key":"REST"},{"data":"Beam Cell","floor":12,"key":"SMITH"},{"floor":15,"key":"REST"},{"floor":23,"key":"REST"}],"circlet_count":0,"master_deck":["AscendersBane","Strike_B","Strike_B","Strike_B","Strike_B","Defend_B","Defend_B","Defend_B+1","Defend_B","Zap","Dualcast","Sunder+1","Streamline","Cold Snap","Rebound","Coolheaded","FTL","Leap","Beam Cell+1","Go for the Eyes","Reboot","Reprogram","Auto Shields","Panache","FTL","Necronomicurse","Barrage","Steam+1","Decay"],"relics":["Cracked Core","Happy Flower","Art of War","Smiling Mask","Nuclear Battery","Necronomicon","Dream Catcher","Ornamental Fan"],"acts_visited":["Exordium","TheCity"],"potions_floor_usage":[14,14,22,28],"damage_taken":[{"damage":7,"enemies":"Small Slimes","floor":1,"turns":3},{"damage":7,"enemies":"Jaw Worm","floor":3,"turns":3},{"damage":0,"enemies":"2 Louse","floor":4,"turns":2},{"damage":3,"enemies":"Exordium Wildlife","floor":5,"turns":2},{"damage":28,"enemies":"Gremlin Nob","floor":7,"turns":4},{"damage":4,"enemies":"Looter","floor":8,"turns":2},{"damage":8,"enemies":"Gremlin Gang","floor":11,"turns":3},{"damage":10,"enemies":"3 Sentries","floor":14,"turns":4},{"damage":0,"enemies":"Slime Boss","floor":16,"turns":5},{"damage":16,"enemies":"Shell Parasite","floor":18,"turns":6},{"damage":4,"enemies":"3 Byrds","floor":22,"turns":3},{"damage":24,"enemies":"Snake Plant","floor":24,"turns":3},{"damage":1,"enemies":"Slavers","floor":25,"turns":3},{"damage":21,"enemies":"Gremlin Leader","floor":28,"turns":5}],"seed_played":"-6120408317102806062","potions_obtained":[{"floor":1,"key":"Dexterity Potion"},{"floor":4,"key":"SteroidPotion"},{"floor":16,"key":"FearPotion"},{"floor":18,"key":"Fire Potion"},{"floor":22,"key":"ColorlessPotion"},{"floor":25,"key":"Ancient Potion"}],"is_trial":false,"path_per_floor":["M","?","M","M","M","R","E","M","T","R","M","R","?","E","R","B",null,"M","$","?","?","M","R","M","E","T","?","E"],"character_chosen":"DEFECT","items_purchased":["Auto Shields","Panache","FTL"],"campfire_rested":4,"item_purchase_floors":[19,19,19],"current_hp_per_floor":[57,36,29,29,26,47,19,15,15,36,28,28,28,18,39,39,63,47,47,26,26,22,43,19,18,18,18,0,0],"gold":103,"neow_bonus":"THREE_CARDS","is_daily":false,"chose_seed":false,"campfire_upgraded":1,"win_rate":0.0,"timestamp":1610168464,"path_taken":["M","?","M","M","M","R","E","M","T","R","M","R","?","E","R","BOSS","M","$","?","?","M","R","M","E","T","?","E"],"items_purchased_type":["Card","Card","Card"],"build_version":"2020-12-22","purchased_purges":0,"victory":false,"max_hp_per_floor":[71,71,71,71,71,71,71,71,71,71,71,71,71,71,71,71,71,71,71,71,71,71,71,71,71,71,71,71,71],"card_choices":[{"not_picked":["Cold Snap","Aggregate"],"picked":"Sunder","floor":0},{"not_picked":["Lockon","Redo"],"picked":"Streamline","floor":1},{"not_picked":["Gash","Compile Driver"],"picked":"Cold Snap","floor":3},{"not_picked":["Conserve Battery","Heatsinks"],"picked":"Rebound","floor":4},{"not_picked":["Stack","Machine Learning"],"picked":"Coolheaded","floor":5},{"not_picked":["Compile Driver","Gash"],"picked":"FTL","floor":7},{"not_picked":["Redo","Steam"],"picked":"Leap","floor":8},{"not_picked":["Melter","Coolheaded"],"picked":"Beam Cell","floor":11},{"not_picked":["Rebound","Steam"],"picked":"Go for the Eyes","floor":14},{"not_picked":["Multi-Cast","Hyperbeam"],"picked":"Reboot","floor":16},{"not_picked":["FTL","Stack"],"picked":"Reprogram","floor":18},{"not_picked":["Conserve Battery","Tempest"],"picked":"Barrage","floor":22},{"not_picked":["Go for the Eyes+1","Barrage"],"picked":"Steam+1","floor":24},{"not_picked":["White Noise","Coolheaded","Recycle"],"picked":"SKIP","floor":25}],"player_experience":1431803,"relics_obtained":[{"floor":7,"key":"Happy Flower"},{"floor":9,"key":"Art of War"},{"floor":14,"key":"Smiling Mask"},{"floor":20,"key":"Necronomicon"},{"floor":25,"key":"Dream Catcher"},{"floor":26,"key":"Ornamental Fan"}],"event_choices":[{"damage_healed":0,"gold_gain":0,"player_choice":"Entered Light","damage_taken":21,"max_hp_gain":0,"max_hp_loss":0,"event_name":"Shining Light","floor":2,"gold_loss":0,"cards_upgraded":["Sunder","Defend_B"]},{"damage_healed":0,"gold_gain":0,"player_choice":"Fled","damage_taken":0,"max_hp_gain":0,"max_hp_loss":0,"event_name":"Scrap Ooze","floor":13,"gold_loss":0},{"damage_healed":0,"gold_gain":0,"player_choice":"Obtained Book","damage_taken":21,"max_hp_gain":0,"max_hp_loss":0,"event_name":"Cursed Tome","floor":20,"gold_loss":0},{"damage_healed":0,"gold_gain":0,"player_choice":"Smashed Altar","damage_taken":0,"max_hp_gain":0,"max_hp_loss":0,"event_name":"Forgotten Altar","floor":27,"gold_loss":0,"cards_obtained":["Decay"]}],"is_beta":false,"boss_relics":[{"not_picked":["Black Star","FrozenCore"],"picked":"Nuclear Battery"}],"items_purged_floors":[],"is_endless":false,"potions_floor_spawned":[1,4,7,16,18,22,25],"killed_by":"Gremlin Leader","ascension_level":20}}