{"host":"t5s60ss6drvva5tc","time":1610200877,"event":{"mods":["BaseMod","Colored Map","Colored Powertips","Minty Spire (QoL Compilation)"],"gold_per_floor":[116,39,57,67,67,98,114,124,124,124,124],"floor_reached":10,"playtime":482,"items_purged":[],"score":70,"play_id":"1d937f0f-2a97-40c0-951f-52c7eab42649","local_time":"20210109170117","is_ascension_mode":false,"campfire_choices":[],"circlet_count":0,"master_deck":["Strike_B+1","Strike_B","Strike_B","Strike_B","Defend_B","Defend_B","Defend_B","Defend_B+1","Zap","Dualcast","Streamline","Glacier","Chaos","Go for the Eyes","Cold Snap","Leap","Double Energy"],"relics":["Cracked Core","NeowsBlessing","Bronze Scales","Gremlin Horn"],"acts_visited":["Exordium"],"potions_floor_usage":[10,10],"damage_taken":[{"damage":0,"enemies":"Cultist","floor":1,"turns":1},{"damage":0,"enemies":"Small Slimes","floor":3,"turns":1},{"damage":0,"enemies":"2 Louse","floor":4,"turns":1},{"damage":37,"enemies":"3 Sentries","floor":6,"turns":8},{"damage":8,"enemies":"Blue Slaver","floor":7,"turns":3},{"damage":0,"enemies":"3 Louse","floor":8,"turns":3},{"damage":18,"enemies":"Gremlin Nob","floor":10,"turns":5}],"seed_played":"5035353209501847538","potions_obtained":[{"floor":3,"key":"FearPotion"},{"floor":8,"key":"Explosive Potion"}],"is_trial":false,"path_per_floor":["M","$","M","M","?","E","M","M","T","E"],"character_chosen":"DEFECT","items_purchased":["Glacier"],"campfire_rested":0,"item_purchase_floors":[2],"current_hp_per_floor":[75,75,75,75,60,23,15,15,15,0,0],"gold":124,"neow_bonus":"THREE_ENEMY_KILL","is_daily":false,"chose_seed":false,"campfire_upgraded":0,"win_rate":0.0,"timestamp":1610200877,"path_taken":["M","$","M","?","?","E","M","M","T","E"],"items_purchased_type":["Card"],"build_version":"2020-12-22","purchased_purges":0,"victory":false,"max_hp_per_floor":[75,75,75,75,75,75,75,75,75,75,75],"card_choices":[{"not_picked":["Stack","Cold Snap"],"picked":"Streamline","floor":1},{"not_picked":["Streamline","Consume"],"picked":"Chaos","floor":3},{"not_picked":["Hologram","Stack"],"picked":"Go for the Eyes","floor":4},{"not_picked":["Barrage","Sweeping Beam"],"picked":"Cold Snap","floor":6},{"not_picked":["Steam","Skim"],"picked":"Leap","floor":7},{"not_picked":["Beam Cell","Coolheaded"],"picked":"Double Energy","floor":8}],"player_experience":9859,"relics_obtained":[{"floor":6,"key":"Bronze Scales"},{"floor":9,"key":"Gremlin Horn"}],"event_choices":[{"damage_healed":0,"gold_gain":0,"player_choice":"Entered Light","damage_taken":15,"max_hp_gain":0,"max_hp_loss":0,"event_name":"Shining Light","floor":5,"gold_loss":0,"cards_upgraded":["Defend_B","Strike_B"]}],"is_beta":false,"boss_relics":[],"items_purged_floors":[],"is_endless":false,"potions_floor_spawned":[3,8],"killed_by":"Gremlin Nob","ascension_level":0}}