{"host":"cjhtzh7tp54jdfyv","time":1610215919,"event":{"mods":["AchievementEnabler","BaseMod","Colored Map","Colored Powertips","Curses Come First","DeckTracker","Filter the Spire","Minty Spire (QoL Compilation)","RNG Fix","Relic Sorter","Relic Stats","StSLib","UnlockEverythingMod","ojb\u0027s Better Paths Mod","ojb\u0027s Info Mod"],"gold_per_floor":[109,119,132,207,223,223,249,249,274,274,305,325,363,383,383,459,459,475,475,488,73,100,100,100],"floor_reached":23,"playtime":1827,"items_purged":["Defend_P+1"],"score":476,"play_id":"a369f22a-3be6-46b7-90e5-47b1613db5ea","local_time":"20210109131159","is_ascension_mode":true,"campfire_choices":[{"data":"Eruption","floor":6.0,"key":"SMITH"},{"data":"CrushJoints","floor":15.0,"key":"SMITH"}],"circlet_count":0,"master_deck":["AscendersBane","Strike_P+1","Strike_P+1","Strike_P+1","Strike_P+1","Defend_P+1","Defend_P+1","Defend_P+1","Eruption+1","Vigilance+1","BowlingBash","CrushJoints+1","Wireheading","FearNoEvil","Adaptation","JustLucky","DeceiveReality","EmptyFist","FlurryOfBlows"],"relics":["VioletLotus","Anchor","CeramicFish","Pen Nib","Lantern","Runic Pyramid","FossilizedHelix"],"acts_visited":["Exordium","TheCity"],"potions_floor_usage":[23,23],"damage_taken":[{"damage":1.0,"enemies":"Small Slimes","floor":1.0,"turns":4.0},{"damage":2.0,"enemies":"Jaw Worm","floor":2.0,"turns":5.0},{"damage":0.0,"enemies":"Cultist","floor":3.0,"turns":2.0},{"damage":12.0,"enemies":"3 Louse","floor":5.0,"turns":3.0},{"damage":5.0,"enemies":"3 Sentries","floor":7.0,"turns":7.0},{"damage":27.0,"enemies":"Lagavulin","floor":11.0,"turns":8.0},{"damage":2.0,"enemies":"Looter","floor":12.0,"turns":3.0},{"damage":0.0,"enemies":"3 Sentries","floor":13.0,"turns":4.0},{"damage":0.0,"enemies":"Blue Slaver","floor":14.0,"turns":2.0},{"damage":3.0,"enemies":"The Guardian","floor":16.0,"turns":11.0},{"damage":0.0,"enemies":"Chosen","floor":18.0,"turns":5.0},{"damage":33.0,"enemies":"3 Byrds","floor":20.0,"turns":6.0},{"damage":17,"enemies":"Snake Plant","floor":22,"turns":5},{"damage":7,"enemies":"Book of Stabbing","floor":23,"turns":2}],"seed_played":"-4486555456394790667","potions_obtained":[{"floor":2.0,"key":"SteroidPotion"},{"floor":7.0,"key":"FairyPotion"},{"floor":11.0,"key":"GamblersBrew"},{"floor":14.0,"key":"Dexterity Potion"},{"floor":22,"key":"Fire Potion"}],"is_trial":false,"path_per_floor":["M","M","M","?","M","R","E","?","T","?","E","M","E","M","R","B",null,"M","?","M","$","M","E"],"character_chosen":"WATCHER","items_purchased":["EmptyFist","FossilizedHelix"],"campfire_rested":0,"item_purchase_floors":[21,21],"current_hp_per_floor":[60,58,58,47,35,35,30,25,25,5,13,11,11,11,11,8,53,53,53,20,20,3,0,0],"gold":100,"neow_bonus":"BOSS_RELIC","is_daily":false,"chose_seed":false,"campfire_upgraded":2,"win_rate":0.0,"timestamp":1610215919,"path_taken":["M","M","M","?","M","R","E","?","T","?","E","M","E","M","R","BOSS","M","?","M","?","M","E"],"items_purchased_type":["Card","Relic"],"build_version":"2020-12-22","purchased_purges":1,"victory":false,"max_hp_per_floor":[68,68,68,68,68,68,68,68,68,68,68,68,68,68,68,68,68,68,68,68,68,68,68,68],"relic_stats":{"counters":[14,67],"CeramicFish":45,"VioletLotus":[17],"Pen Nib":[8],"obtain_stats":[{"Anchor":8,"Lantern":13,"CeramicFish":9,"VioletLotus":0,"Pen Nib":11,"PureWater":0,"FossilizedHelix":21,"Runic Pyramid":17},{"Anchor":5,"Lantern":8,"CeramicFish":5,"VioletLotus":0,"Pen Nib":6,"PureWater":0,"FossilizedHelix":12,"Runic Pyramid":10},{"Anchor":21,"Lantern":36,"CeramicFish":21,"VioletLotus":0,"Pen Nib":29,"PureWater":0,"FossilizedHelix":60,"Runic Pyramid":49}]},"card_choices":[{"not_picked":["SashWhip","BattleHymn"],"picked":"BowlingBash","floor":1.0},{"not_picked":["Halt","PathToVictory"],"picked":"CrushJoints","floor":2.0},{"not_picked":["Swivel","EmptyBody"],"picked":"Wireheading","floor":3.0},{"not_picked":["FlurryOfBlows","Pray"],"picked":"FearNoEvil","floor":5.0},{"not_picked":["Evaluate","FlyingSleeves","Nirvana"],"picked":"SKIP","floor":7.0},{"not_picked":["ClearTheMind","ConjureBlade","ForeignInfluence"],"picked":"SKIP","floor":11.0},{"not_picked":["FollowUp","Nirvana"],"picked":"Adaptation","floor":12.0},{"not_picked":["ThirdEye","FollowUp"],"picked":"JustLucky","floor":13.0},{"not_picked":["BattleHymn","Crescendo"],"picked":"DeceiveReality","floor":14.0},{"not_picked":["Halt","PathToVictory","CarveReality"],"picked":"SKIP","floor":18.0},{"not_picked":["Protect+1","MentalFortress","Evaluate"],"picked":"SKIP","floor":20.0},{"not_picked":["Halt","EmptyFist"],"picked":"FlurryOfBlows","floor":22}],"player_experience":4385282,"relics_obtained":[{"floor":9.0,"key":"CeramicFish"},{"floor":11.0,"key":"Pen Nib"},{"floor":13.0,"key":"Lantern"}],"event_choices":[{"damage_healed":0.0,"max_hp_gain":0.0,"max_hp_loss":0.0,"gold_gain":75.0,"event_name":"World of Goop","player_choice":"Gather Gold","floor":4.0,"gold_loss":0.0,"damage_taken":11.0},{"damage_healed":0.0,"max_hp_gain":0.0,"max_hp_loss":0.0,"gold_gain":0.0,"event_name":"Scrap Ooze","player_choice":"Success","floor":8.0,"gold_loss":0.0,"damage_taken":5.0,"relics_obtained":["Anchor"]},{"damage_healed":0.0,"max_hp_gain":0.0,"max_hp_loss":0.0,"gold_gain":0.0,"event_name":"Shining Light","player_choice":"Entered Light","floor":10.0,"gold_loss":0.0,"damage_taken":20.0,"cards_upgraded":["Defend_P","Vigilance"]},{"damage_healed":0.0,"max_hp_gain":0.0,"max_hp_loss":0.0,"gold_gain":0.0,"event_name":"Back to Basics","player_choice":"Simplicity","floor":19.0,"gold_loss":0.0,"damage_taken":0.0,"cards_upgraded":["Strike_P","Strike_P","Strike_P","Strike_P","Defend_P","Defend_P","Defend_P"]}],"is_beta":false,"boss_relics":[{"not_picked":["Sozu","Astrolabe"],"picked":"Runic Pyramid"}],"items_purged_floors":[21],"is_endless":false,"potions_floor_spawned":[2,7,11,14,22],"killed_by":"Book of Stabbing","ascension_level":20}}