{"host":"mm0v83pkg2fvsdgl","time":1610172382,"event":{"mods":["2.2 Compatiblity","Alarm Clock","AlwaysNeverKeys","BaseMod","Beaked The Cultist","Bestiary","Better Altar","Better Match","Better Note","Better Sensory Stone","Better Silent Start","Better Third Choice","Clawfect","Displayed Cursed Tome","Energized Spire","Friendly Minions","Highlight Path","Ironclad Rager","Keyboard Shortcuts","Lotus Mark","Marisa????????","Marked Mod","Mimic Mod","Minty Spire (QoL Compilation)","Permanent Neow","Railgun Mod","Remove Card Discount Mod","Shade Mod","Somnambulant","Spicy Shops","StSLib","Swap Starting Deck Mod","The Construct","The Disciple","The Dragon Tamer","The Hierophant","TheHeartMod","TheVacant","Transform Curses","Unceasing Turn Reminder","Wandering Minibosses"],"gold_per_floor":[114,0,15,15,88,418,433,448,498,528,528,547,78,141,141,266,266,285,285,304,323,356,394,413,10,35,73,122,47,110,129,129,254,254,323,342,430,3,47,47,116,116,116,128,140,77,28,47,47,47],"floor_reached":51,"playtime":5551,"items_purged":["SpiritShield","Regret","Wraith Form v2","lotusMarks:SkilledExecution","Malaise","Grand Finale","Night Terror","Storm of Steel","Blasphemy","MarkedMod:SlowDance+1","MarkedMod:ChiBlock","ConjureBlade","MarkedMod:NorthStar","Injury","Unload","Ragnarok","Doppelganger","Alpha","ClearTheMind","Die Die Die","Tools of the Trade","Burst","FlurryOfBlows","FlurryOfBlows","FlurryOfBlows","Infinite Blades+1","Glass Knife","Devotion","Brilliance","A Thousand Cuts","Judgement","Phantasmal Killer","Underhanded Strike"],"score":852,"play_id":"b94f9665-9978-44f8-a8d7-98a49875b18b","local_time":"20210109010622","daily_mods":["Shiny","Green Cards","Terminal"],"is_ascension_mode":false,"campfire_choices":[{"data":"Adrenaline","floor":15,"key":"SMITH"},{"data":"DevaForm","floor":32,"key":"SMITH"},{"data":"Corpse Explosion","floor":40,"key":"SMITH"},{"data":"Noxious Fumes","floor":42,"key":"SMITH"},{"data":"DevaForm","floor":45,"key":"SMITH"},{"data":"ICR:HungryGhost","floor":49,"key":"SMITH"}],"circlet_count":0,"master_deck":["Corpse Explosion+1","Adrenaline+1","Venomology","ICR:Paralyse+1","Bullet Time+1","Envenom","After Image","LessonLearned","Vault","Establishment+1","MasterReality","Scrawl","Wish","DeusExMachina+1","ICR:HungryGhost+1","Omniscience+1","DevaForm+1","Backflip","DeceiveReality+1","Evaluate","Outmaneuver+1","Panacea","Omniscience","Noxious Fumes+1","After Image+1","Noxious Fumes+1","DevaForm+1","lotusMarks:LotusSlash","Flechettes+1"],"relics":["PureWater","Old Coin","Oddly Smooth Stone","Matryoshka","Golden Idol","Bronze Scales","Blood Vial","Akabeko","construct:WeddingRing","Ice Cream","Red Mask","Pear","Cauldron","Calipers","Regal Pillow","Happy Flower","Incense Burner","Centennial Puzzle","Mercury Hourglass","energizedSpire:MagnifyingGlass","WingedGreaves","TeardropLocket","Strawberry","Lee\u0027s Waffle","MawBank","construct:RocketBooster","PreservedInsect"],"acts_visited":["Exordium","TheCity","TheBeyond"],"potions_floor_usage":[8,10,10,16,16,18,21,23,24,27,27,28,30,31,33,37,39,41,41,48,50,50],"damage_taken":[{"damage":0,"enemies":"Small Slimes","floor":1,"turns":1},{"damage":0,"enemies":"2 Louse","floor":3,"turns":1},{"damage":27,"enemies":"3 Sentries","floor":6,"turns":4},{"damage":9,"enemies":"Jaw Worm","floor":7,"turns":3},{"damage":9,"enemies":"Looter","floor":8,"turns":4},{"damage":0,"enemies":"Gremlin Nob","floor":10,"turns":2},{"damage":14,"enemies":"Gremlin Gang","floor":12,"turns":6},{"damage":0,"enemies":"3 Sentries","floor":14,"turns":4},{"damage":19,"enemies":"The Guardian","floor":16,"turns":9},{"damage":16,"enemies":"Shell Parasite","floor":18,"turns":4},{"damage":5,"enemies":"Chosen","floor":20,"turns":4},{"damage":15,"enemies":"Centurion and Healer","floor":21,"turns":4},{"damage":0,"enemies":"Masked Bandits","floor":22,"turns":3},{"damage":13,"enemies":"Book of Stabbing","floor":23,"turns":4},{"damage":27,"enemies":"Sentry and Sphere","floor":24,"turns":4},{"damage":3,"enemies":"Slavers","floor":27,"turns":5},{"damage":0,"enemies":"Cultist and Chosen","floor":28,"turns":4},{"damage":3,"enemies":"Gremlin Leader","floor":30,"turns":15},{"damage":16,"enemies":"Centurion and Healer","floor":31,"turns":4},{"damage":23,"enemies":"Collector","floor":33,"turns":9},{"damage":4,"enemies":"3 Darklings","floor":35,"turns":5},{"damage":26,"enemies":"3 Shapes","floor":36,"turns":4},{"damage":0,"enemies":"Mind Bloom Boss Battle","floor":37,"turns":6},{"damage":20,"enemies":"Transient","floor":39,"turns":6},{"damage":0,"enemies":"Spire Growth","floor":41,"turns":6},{"damage":20,"enemies":"4 Shapes","floor":48,"turns":3},{"damage":9,"enemies":"Awakened One","floor":50,"turns":9}],"seed_played":"579003938715623652","potions_obtained":[{"floor":3,"key":"BlessingOfTheForge"},{"floor":6,"key":"AttackPotion"},{"floor":10,"key":"Weak Potion"},{"floor":12,"key":"construct:ShiftPotion"},{"floor":16,"key":"SpeedPotion"},{"floor":21,"key":"FearPotion"},{"floor":25,"key":"AttackPotion"},{"floor":27,"key":"BlessingOfTheForge"},{"floor":30,"key":"Dexterity Potion"},{"floor":33,"key":"PowerPotion"},{"floor":41,"key":"Swift Potion"}],"is_trial":false,"path_per_floor":["M","$","M","?","?","E","M","M","T","E","?","M","$","E","R","B",null,"M","?","M","M","?","E","M","$","T","E","M","$","E","M","R","B",null,"M","M","?","$","M","R","M","R","T","?","R","$","$","M","R","B",null],"character_chosen":"WATCHER","items_purchased":["Infinite Blades","Bronze Scales","Outmaneuver","Blood Vial","Panacea","Cauldron","Calipers","Centennial Puzzle","TeardropLocket","Strawberry","Lee\u0027s Waffle","PreservedInsect","lotusMarks:LotusSlash"],"campfire_rested":0,"item_purchase_floors":[2,13,13,13,13,25,25,29,38,38,38,46,47],"current_hp_per_floor":[70,69,68,54,54,27,18,17,17,17,17,11,11,21,21,7,54,38,38,35,36,38,37,12,12,12,27,53,52,49,50,49,48,47,46,20,44,57,37,37,54,53,52,42,42,42,42,28,28,37],"gold":47,"neow_bonus":"","is_daily":true,"chose_seed":false,"campfire_upgraded":6,"win_rate":0.0,"timestamp":1610172382,"path_taken":["M","$","M","?","?","E","M","M","T","E","?","?","$","E","R","BOSS","M","?","M","?","?","E","M","$","T","E","M","$","E","M","R","BOSS","M","M","?","$","M","R","M","R","T","?","R","$","$","M","R","BOSS"],"items_purchased_type":["Card","Relic","Card","Relic","Card","Relic","Relic","Relic","Relic","Relic","Relic","Relic","Card"],"build_version":"2020-12-22","purchased_purges":33,"victory":true,"max_hp_per_floor":[70,69,68,67,66,65,64,63,62,61,60,59,58,57,56,55,54,53,52,51,50,49,58,57,56,55,54,53,52,51,50,49,48,47,46,45,44,57,56,55,54,53,52,51,50,49,48,47,46,45],"card_choices":[{"not_picked":["ICR:Vanish","Dagger Throw"],"picked":"FlurryOfBlows","floor":1},{"not_picked":["Crippling Poison","Heel Hook"],"picked":"Backflip","floor":3},{"not_picked":["Pray","FollowUp","Dodge and Roll"],"picked":"SKIP","floor":6},{"not_picked":["CarveReality","MarkedMod:GentlePulse"],"picked":"DeceiveReality","floor":7},{"not_picked":["Escape Plan","Calculated Gamble"],"picked":"FlurryOfBlows","floor":8},{"not_picked":["Endless Agony","ForeignInfluence"],"picked":"FlurryOfBlows","floor":10},{"not_picked":["Sucker Punch","ConjureBlade"],"picked":"Evaluate","floor":12},{"not_picked":["Bouncing Flask","lotusMarks:FullBloom"],"picked":"ClearTheMind","floor":14},{"not_picked":["Grand Finale","Die Die Die"],"picked":"Omniscience","floor":16},{"not_picked":["ReachHeaven","FollowUp+1"],"picked":"Noxious Fumes","floor":18},{"not_picked":["Heel Hook","Cloak And Dagger","PathToVictory+1"],"picked":"SKIP","floor":20},{"not_picked":["Predator","Flying Knee","CrushJoints+1"],"picked":"SKIP","floor":21},{"not_picked":["Perseverance","Predator","ICR:Cloudkill"],"picked":"SKIP","floor":23},{"not_picked":["MarkedMod:ChiBlock","Halt+1","Wallop"],"picked":"SKIP","floor":24},{"not_picked":["Venomology","Predator","Leg Sweep"],"picked":"SKIP","floor":27},{"not_picked":["Bouncing Flask","Blade Dance","Distraction+1"],"picked":"SKIP","floor":28},{"not_picked":["MarkedMod:GentlePulse","PiercingWail","Tantrum"],"picked":"SKIP","floor":30},{"not_picked":["lotusMarks:Mark","lotusMarks:LotusSlash","Well Laid Plans"],"picked":"SKIP","floor":31},{"not_picked":["Die Die Die","Vault"],"picked":"After Image","floor":33},{"not_picked":["ICR:Vanish+1","MarkedMod:PinPointDefense","BowlingBash+1"],"picked":"SKIP","floor":35},{"not_picked":["Underhanded Strike+1","Endless Agony"],"picked":"Noxious Fumes+1","floor":36},{"not_picked":["ClearTheMind+1","Perseverance+1"],"picked":"Underhanded Strike","floor":37},{"not_picked":["ICR:Paralyse","lotusMarks:LotusStrike+1","Cloak And Dagger+1"],"picked":"SKIP","floor":39},{"not_picked":["Blade Dance","Poisoned Stab","Calculated Gamble"],"picked":"SKIP","floor":41},{"not_picked":["EmptyMind","CutThroughFate+1"],"picked":"Flechettes+1","floor":48}],"player_experience":658804,"relics_obtained":[{"floor":6,"key":"Old Coin"},{"floor":9,"key":"Oddly Smooth Stone"},{"floor":10,"key":"Matryoshka"},{"floor":14,"key":"Akabeko"},{"floor":22,"key":"Red Mask"},{"floor":23,"key":"Pear"},{"floor":26,"key":"Regal Pillow"},{"floor":26,"key":"Happy Flower"},{"floor":27,"key":"Incense Burner"},{"floor":30,"key":"Mercury Hourglass"},{"floor":37,"key":"WingedGreaves"},{"floor":43,"key":"MawBank"},{"floor":43,"key":"construct:RocketBooster"}],"event_choices":[{"damage_healed":68,"gold_gain":0,"player_choice":"Upgrade","damage_taken":14,"max_hp_gain":0,"max_hp_loss":68,"event_name":"betterThird:BetterShining","floor":4,"gold_loss":0,"cards_upgraded":["MarkedMod:SlowDance","ICR:Paralyse"]},{"damage_healed":0,"gold_gain":73,"player_choice":"Gained Gold","damage_taken":0,"max_hp_gain":0,"max_hp_loss":0,"event_name":"Golden Wing","floor":5,"gold_loss":0},{"damage_healed":0,"gold_gain":0,"player_choice":"Take Wound","damage_taken":0,"relics_obtained":["Golden Idol"],"max_hp_gain":0,"max_hp_loss":0,"event_name":"Golden Idol","floor":11,"gold_loss":0,"cards_obtained":["Injury"]},{"damage_healed":0,"gold_gain":0,"player_choice":"Gave Potion","damage_taken":0,"relics_obtained":["Ice Cream"],"max_hp_gain":0,"max_hp_loss":0,"event_name":"WeMeetAgain","floor":19,"gold_loss":0},{"damage_healed":0,"gold_gain":0,"player_choice":"Fought Bandits","damage_taken":0,"max_hp_gain":0,"max_hp_loss":0,"event_name":"Masked Bandits","floor":22,"gold_loss":0},{"damage_healed":0,"gold_gain":0,"player_choice":"Fight","damage_taken":0,"max_hp_gain":0,"max_hp_loss":0,"event_name":"MindBloom","floor":37,"gold_loss":0},{"damage_healed":0,"gold_gain":3,"player_choice":"2","damage_taken":0,"max_hp_gain":0,"max_hp_loss":10,"event_name":"betterStone:BetterStone","floor":44,"gold_loss":0}],"is_beta":false,"boss_relics":[{"not_picked":["beaked:MawFillet","energizedSpire:EnergizedDie"],"picked":"construct:WeddingRing"},{"not_picked":["Astrolabe","energizedSpire:CrystalSphere"],"picked":"energizedSpire:MagnifyingGlass"}],"items_purged_floors":[2,13,13,13,13,13,13,13,13,13,13,13,13,13,13,13,13,13,25,25,25,25,25,25,25,25,25,25,25,25,25,25,38],"is_endless":false,"potions_floor_spawned":[3,6,10,12,16,21,27,30,33,36,37,41],"ascension_level":0}}