{"host":"7eytxr1oawi6r5nr","time":1610197345,"event":{"mods":["BaseMod","Bestiary","Better Third Choice","Curses Come First","Dark Map","Downfall","Gremlin Mod","Hermit","Hubris","Jorbs\u0027s Wanderer Trilogy","Minty Spire (QoL Compilation)","Permanent Neow","Quick Restart","Rare Cards Sparkle","Replay The Spire","Robot Space Explorer","StSLib","The Disciple","The Runesmith"],"gold_per_floor":[112,62,73,248,17,50,70,70,115,115,150,11,22,42,42,143,143,143,143],"floor_reached":18,"playtime":1330,"items_purged":["Doubt"],"score":205,"play_id":"becf70ca-493d-4971-92ab-a880878d6f22","local_time":"20210109130225","is_ascension_mode":true,"campfire_choices":[{"data":"Runesmith:Fortify","floor":8,"key":"SMITH"},{"data":"Runesmith:Grindstone","floor":10,"key":"SMITH"},{"data":"Runesmith:FieryHammer","floor":15,"key":"SMITH"}],"circlet_count":0,"master_deck":["Runesmith:Strike_RS","Runesmith:Strike_RS","Runesmith:Strike_RS","Runesmith:Defend_RS","Runesmith:Defend_RS","Runesmith:Defend_RS","Runesmith:Defend_RS","Runesmith:CraftFirestone","Runesmith:Fortify+1","Runesmith:HammerThrow","Runesmith:Grindstone+1","Runesmith:HeatExchange","Runesmith:Overpower","Runesmith:ShiftingStrike","Runesmith:FissionHammer","Runesmith:LithiumIon","Runesmith:CraftObretio","Runesmith:FieryHammer+1","Runesmith:CreatorForm"],"relics":["Runesmith:BrokenRuby","NeowsBlessing","Runesmith:MiniCore","hubris:ToyBattleship","Centennial Puzzle","CaptainsWheel","Runic Pyramid"],"acts_visited":["Exordium","TheCity"],"potions_floor_usage":[16],"damage_taken":[{"damage":0,"enemies":"2 Louse","floor":1,"turns":1},{"damage":0,"enemies":"Small Slimes","floor":3,"turns":1},{"damage":0,"enemies":"Gremlin Nob","floor":6,"turns":1},{"damage":0,"enemies":"Jaw Worm","floor":7,"turns":4},{"damage":7,"enemies":"3 Sentries","floor":11,"turns":5},{"damage":3,"enemies":"Exordium Wildlife","floor":13,"turns":3},{"damage":3,"enemies":"Red Slaver","floor":14,"turns":4},{"damage":43,"enemies":"Fading Forest","floor":16,"turns":11},{"damage":2,"enemies":"Shell Parasite","floor":18,"turns":5}],"seed_played":"6904340647716054543","potions_obtained":[{"floor":6,"key":"ColorlessPotion"},{"floor":13,"key":"PowerPotion"},{"floor":14,"key":"Flashbang"}],"is_trial":false,"path_per_floor":["M","?","M","?","$","E","M","R","T","R","E","$","M","M","R","B",null,"M"],"character_chosen":"RUNESMITH_CLASS","items_purchased":["Runesmith:MiniCore","Runesmith:FissionHammer","Runesmith:LithiumIon"],"campfire_rested":0,"item_purchase_floors":[5,12,12],"current_hp_per_floor":[70,70,70,70,70,70,70,70,70,70,63,63,60,57,57,24,70,68,68],"gold":143,"neow_bonus":"THREE_ENEMY_KILL","is_daily":false,"chose_seed":false,"campfire_upgraded":3,"win_rate":0.0,"timestamp":1610197345,"path_taken":["M","?","M","?","$","E","M","R","T","R","E","$","M","M","R","BOSS","M"],"items_purchased_type":["Relic","Card","Card"],"build_version":"2020-12-22","purchased_purges":1,"victory":false,"max_hp_per_floor":[70,70,70,70,70,70,70,70,70,70,70,70,70,70,70,70,70,70,70],"card_choices":[{"not_picked":["Runesmith:Repurpose","Runesmith:EarthShield"],"picked":"Runesmith:HammerThrow","floor":1},{"not_picked":["Runesmith:Empowerment","Runesmith:CraftMagma"],"picked":"Runesmith:Grindstone","floor":3},{"not_picked":["Runesmith:BackupBattery","Runesmith:DoubleUp"],"picked":"Runesmith:HeatExchange","floor":6},{"not_picked":["Runesmith:HeatedChisel","Runesmith:Repurpose"],"picked":"Runesmith:Overpower","floor":7},{"not_picked":["Runesmith:StaticCage","Runesmith:RuneHurl"],"picked":"Runesmith:ShiftingStrike","floor":11},{"not_picked":["Runesmith:ChaoticBlast","Runesmith:ChiselStab"],"picked":"Runesmith:CraftObretio","floor":13},{"not_picked":["Runesmith:Overpower","Runesmith:RuneHurl"],"picked":"Runesmith:FieryHammer","floor":14},{"not_picked":["Runesmith:ReplicatingBarrier","Runesmith:UnlimitedPower"],"picked":"Runesmith:CreatorForm","floor":16}],"player_experience":157051,"relics_obtained":[{"floor":6,"key":"hubris:ToyBattleship"},{"floor":9,"key":"Centennial Puzzle"},{"floor":11,"key":"CaptainsWheel"}],"event_choices":[{"cards_removed":["Runesmith:Strike_RS"],"damage_healed":0,"gold_gain":0,"player_choice":"Card Removal","damage_taken":0,"max_hp_gain":0,"max_hp_loss":0,"event_name":"The Cleric","floor":2,"gold_loss":50},{"damage_healed":0,"gold_gain":175,"player_choice":"AGREE","damage_taken":73,"max_hp_gain":0,"max_hp_loss":0,"event_name":"betterThird:BetterSerpent","floor":4,"gold_loss":0}],"is_beta":false,"boss_relics":[{"not_picked":["Painkiller Herb","Replay:Ancient Bell"],"picked":"Runic Pyramid"}],"items_purged_floors":[5],"is_endless":false,"potions_floor_spawned":[6,13,14],"killed_by":"Shell Parasite","ascension_level":1}}