{"host":"6pgtslebjnyv5xmi","time":1610199863,"event":{"mods":["AchievementEnabler","BaseMod","Colored Map","Minty Spire (QoL Compilation)","Rare Cards Sparkle","StSLib","SuperFastMode","The Hierophant","everything is the same but u backflip on backflip"],"gold_per_floor":[116,133,143,93,93,93,18,18,72,247,147,147,203,203,203,301,301,314,314,82,82,7,7,7,48,48,71,71,114,42,76,76,76,76],"floor_reached":33,"playtime":1412,"items_purged":["Defend_R","Strike_R"],"score":479,"play_id":"0e807500-61b0-496b-ba6c-6838e13ecb34","local_time":"20210109224423","is_ascension_mode":true,"campfire_choices":[{"data":"Armaments","floor":6.0,"key":"SMITH"},{"data":"Spot Weakness","floor":8.0,"key":"SMITH"},{"floor":15.0,"key":"REST"},{"data":"J.A.X.","floor":23.0,"key":"SMITH"},{"floor":28.0,"key":"REST"},{"data":"Heavy Blade","floor":32.0,"key":"SMITH"}],"circlet_count":0,"master_deck":["AscendersBane","Strike_R","Defend_R","Defend_R","Defend_R","Bash","Flame Barrier","Spot Weakness+1","Armaments+1","Sword Boomerang","Ghostly Armor","Double Tap","Heavy Blade+1","J.A.X.+1","Heavy Blade+1","Ghostly","Ghostly","Ghostly","Ghostly","Ghostly","Pommel Strike+1"],"relics":["Burning Blood","Omamori","Anchor","Golden Idol","Cursed Key","Membership Card","Oddly Smooth Stone","Charon\u0027s Ashes","Self Forming Clay","Bottled Lightning","Lantern","Red Mask"],"acts_visited":["Exordium","TheCity"],"potions_floor_usage":[33],"damage_taken":[{"damage":4.0,"enemies":"2 Louse","floor":1.0,"turns":3.0},{"damage":12.0,"enemies":"Jaw Worm","floor":2.0,"turns":5.0},{"damage":13.0,"enemies":"Small Slimes","floor":3.0,"turns":5.0},{"damage":0.0,"enemies":"3 Louse","floor":12.0,"turns":1.0},{"damage":37.0,"enemies":"Gremlin Nob","floor":13.0,"turns":5.0},{"damage":65.0,"enemies":"Hexaghost","floor":16.0,"turns":16.0},{"damage":6.0,"enemies":"2 Thieves","floor":18.0,"turns":3.0},{"damage":30.0,"enemies":"Gremlin Leader","floor":25.0,"turns":7.0},{"damage":0.0,"enemies":"Chosen","floor":27.0,"turns":4.0},{"damage":4.0,"enemies":"Slavers","floor":29.0,"turns":7.0},{"damage":1.0,"enemies":"Masked Bandits","floor":31.0,"turns":5.0},{"damage":45,"enemies":"Automaton","floor":33,"turns":8}],"seed_played":"1989501279878767626","potions_obtained":[{"floor":1.0,"key":"SmokeBomb"},{"floor":2.0,"key":"Fruit Juice"},{"floor":13.0,"key":"SkillPotion"},{"floor":27.0,"key":"LiquidBronze"}],"is_trial":false,"path_per_floor":["M","M","M","?","?","R","$","R","T","?","$","M","?","?","R","B",null,"M","?","$","?","?","R","?","E","T","M","R","E","$","?","R","B"],"character_chosen":"IRONCLAD","items_purchased":["Membership Card","Oddly Smooth Stone","Lantern"],"campfire_rested":2,"item_purchase_floors":[20,20,30],"current_hp_per_floor":[70,64,57,57,75,75,75,75,75,75,75,75,49,49,71,12,59,59,59,59,59,59,59,37,13,13,19,30,32,32,37,37,0,0],"gold":76,"neow_bonus":"TRANSFORM_CARD","is_daily":false,"chose_seed":false,"campfire_upgraded":4,"win_rate":0.0,"timestamp":1610199863,"path_taken":["M","M","M","?","?","R","$","R","T","?","$","?","?","?","R","BOSS","M","?","$","?","?","R","?","E","T","M","R","E","$","?","R","BOSS"],"items_purchased_type":["Relic","Relic","Relic"],"build_version":"2020-12-22","purchased_purges":2,"victory":false,"max_hp_per_floor":[75,75,75,75,75,75,75,75,75,75,75,75,80,74,74,74,74,74,74,74,74,74,74,37,37,37,37,37,37,37,37,37,37,37],"card_choices":[{"not_picked":["Shockwave","Inflame"],"picked":"Spot Weakness","floor":1.0},{"not_picked":["Sentinel","Carnage"],"picked":"Armaments","floor":2.0},{"not_picked":["Havoc","Cleave"],"picked":"Sword Boomerang","floor":3.0},{"not_picked":["Entrench","Combust"],"picked":"Ghostly Armor","floor":13.0},{"not_picked":["Corruption","Fiend Fire"],"picked":"Double Tap","floor":16.0},{"not_picked":["Warcry","Perfected Strike"],"picked":"Heavy Blade+1","floor":18.0},{"not_picked":["Clash","Clothesline","Flame Barrier"],"picked":"SKIP","floor":25.0},{"not_picked":["Reckless Charge","Havoc","Pommel Strike"],"picked":"SKIP","floor":27.0},{"not_picked":["Bloodletting","Evolve","Cleave"],"picked":"SKIP","floor":29.0},{"not_picked":["Shrug It Off","Clothesline"],"picked":"Pommel Strike+1","floor":31.0}],"player_experience":923696,"relics_obtained":[{"floor":9.0,"key":"Omamori"},{"floor":25.0,"key":"Charon\u0027s Ashes"},{"floor":26.0,"key":"Self Forming Clay"},{"floor":29.0,"key":"Bottled Lightning"},{"floor":31.0,"key":"Red Mask"}],"event_choices":[{"cards_removed":["Strike_R"],"damage_healed":0.0,"max_hp_gain":0.0,"max_hp_loss":0.0,"gold_gain":0.0,"event_name":"The Cleric","player_choice":"Card Removal","floor":4.0,"gold_loss":50.0,"damage_taken":0.0},{"damage_healed":25.0,"max_hp_gain":0.0,"max_hp_loss":0.0,"gold_gain":0.0,"event_name":"Big Fish","player_choice":"Banana","floor":5.0,"gold_loss":0.0,"damage_taken":0.0},{"damage_healed":0.0,"max_hp_gain":0.0,"max_hp_loss":0.0,"gold_gain":175.0,"event_name":"Liars Game","player_choice":"AGREE","floor":10.0,"gold_loss":0.0,"damage_taken":0.0,"cards_obtained":["Doubt"]},{"damage_healed":0.0,"max_hp_gain":0.0,"max_hp_loss":0.0,"gold_gain":30.0,"event_name":"Dead Adventurer","player_choice":"Searched \u00273\u0027 times","floor":13.0,"gold_loss":0.0,"damage_taken":0.0,"relics_obtained":["Anchor"]},{"damage_healed":0.0,"max_hp_gain":0.0,"max_hp_loss":6.0,"gold_gain":0.0,"event_name":"Golden Idol","player_choice":"Lose Max HP","floor":14.0,"gold_loss":0.0,"damage_taken":0.0,"relics_obtained":["Golden Idol"]},{"damage_healed":0.0,"max_hp_gain":0.0,"max_hp_loss":0.0,"gold_gain":0.0,"event_name":"Drug Dealer","player_choice":"Obtain J.A.X.","floor":19.0,"gold_loss":0.0,"damage_taken":0.0,"cards_obtained":["J.A.X."]},{"damage_healed":0.0,"max_hp_gain":0.0,"max_hp_loss":0.0,"gold_gain":0.0,"event_name":"The Library","player_choice":"Read","floor":21.0,"gold_loss":0.0,"damage_taken":0.0,"cards_obtained":["Heavy Blade"]},{"cards_removed":["Strike_R"],"damage_healed":0.0,"max_hp_gain":0.0,"max_hp_loss":0.0,"gold_gain":0.0,"event_name":"Beggar","player_choice":"Gave Gold","floor":22.0,"gold_loss":75.0,"damage_taken":0.0},{"damage_healed":0.0,"max_hp_gain":0.0,"max_hp_loss":37.0,"gold_gain":0.0,"event_name":"Ghosts","player_choice":"Became a Ghost","floor":24.0,"gold_loss":0.0,"damage_taken":0.0,"cards_obtained":["Ghostly","Ghostly","Ghostly","Ghostly","Ghostly"]},{"damage_healed":0.0,"max_hp_gain":0.0,"max_hp_loss":0.0,"gold_gain":0.0,"event_name":"Masked Bandits","player_choice":"Fought Bandits","floor":31.0,"gold_loss":0.0,"damage_taken":0.0}],"is_beta":false,"boss_relics":[{"not_picked":["Astrolabe","Tiny House"],"picked":"Cursed Key"}],"items_purged_floors":[7,11],"is_endless":false,"potions_floor_spawned":[1,2,13,27],"killed_by":"Automaton","ascension_level":14}}