{"host":"0cm5wy4nhuju7tij","time":1610166170,"event":{"mods":["100% Spire Juice","2.2 Compatiblity","AchievementEnabler","Arknights The Spire","Aspiration","BaseMod","Better Third Choice","BetterRewards","CCEM","CapriCore","Colored Powertips","Curses Come First","Custom Start","Displayed Cursed Tome","Downfall","Energized Spire","Evolution","Filter the Spire","Fireblade Mod","Hermit","Highlight Path","Jess\u0027s Bottle","Minty Spire (QoL Compilation)","Permanent Neow","Railgun Mod","Relic Stats","Shop Mod","Spicy Shops","StSLib","The Cursed","The Servant 0.9.4"],"gold_per_floor":[112,124,142,157,169,169,169],"floor_reached":6,"playtime":391,"items_purged":[],"score":44,"play_id":"6387c4c0-8a08-4e83-b1b1-c37934a58b51","local_time":"20210108232250","is_ascension_mode":true,"campfire_choices":[],"circlet_count":0,"master_deck":["Strike_R","Strike_R","Strike_R","Strike_R","Strike_R","Defend_R","Defend_R","Defend_R","Defend_R","Bash","Bludgeon","Inflame","Dual Wield","Anger","Clothesline","Flex"],"relics":["Burning Blood","EVO:Axolotl"],"acts_visited":["Exordium"],"potions_floor_usage":[],"damage_taken":[{"damage":0,"enemies":"Cultist","floor":1,"turns":2},{"damage":10,"enemies":"Small Slimes","floor":2,"turns":3},{"damage":8,"enemies":"Jaw Worm","floor":3,"turns":4},{"damage":11,"enemies":"Looter","floor":4,"turns":4},{"damage":37,"enemies":"Lots of Slimes","floor":5,"turns":5},{"damage":39,"enemies":"Lagavulin","floor":6,"turns":8}],"seed_played":"4943860615865005005","potions_obtained":[{"floor":3,"key":"SmokeBomb"},{"floor":4,"key":"Fire Potion"},{"floor":5,"key":"SpeedPotion"}],"is_trial":false,"path_per_floor":["M","M","M","M","M","E"],"character_chosen":"IRONCLAD","items_purchased":[],"campfire_rested":0,"item_purchase_floors":[],"current_hp_per_floor":[80,76,74,69,38,0,0],"gold":169,"neow_bonus":"ONE_RANDOM_RARE_CARD","is_daily":false,"chose_seed":false,"campfire_upgraded":0,"win_rate":0.0,"timestamp":1610166170,"path_taken":["M","M","M","?","M","E"],"items_purchased_type":[],"build_version":"2020-12-22","purchased_purges":0,"victory":false,"max_hp_per_floor":[80,80,80,80,80,80,80],"relic_stats":{"counters":[6,26],"obtain_stats":[{"EVO:Axolotl":0,"Burning Blood":0},{"EVO:Axolotl":0,"Burning Blood":0},{"EVO:Axolotl":0,"Burning Blood":0}],"Burning Blood":24},"card_choices":[{"not_picked":["Clash","True Grit"],"picked":"Inflame","floor":1},{"not_picked":["Sever Soul","Second Wind"],"picked":"Dual Wield","floor":2},{"not_picked":["Clash","Warcry"],"picked":"Anger","floor":3},{"not_picked":["Clash","Battle Trance"],"picked":"Clothesline","floor":4},{"not_picked":["Whirlwind","Pommel Strike"],"picked":"Flex","floor":5}],"player_experience":344315,"relics_obtained":[],"event_choices":[],"is_beta":false,"boss_relics":[],"items_purged_floors":[],"is_endless":false,"potions_floor_spawned":[3,4,5],"killed_by":"Lagavulin","ascension_level":2}}