{"host":"cbu6enf2xtq4r7r3","time":1610219333,"event":{"mods":["2.2 Compatiblity","AlwaysNeverKeys","BaseMod","Better Match","Better Note","Better Sensory Stone","Better Skull","Better Third Choice","Colored Map","Colored Powertips","Defuse TimeMaze Blight","Emptier Cage","Minty Spire (QoL Compilation)","Permanent Neow","Quick Restart","Random Character Button","Relic Sorter","Reorder Act Four","Shop Mod","StSLib"],"gold_per_floor":[417,434,434,454,454,485,485,118,118,118,149,204,204,26,26,130,130,150,150,150,150,150,175,194,228,228,262,41,74,89,4,4,109,109,122,0,0,19,69,94,106,134,134,168,181,197,37,57,57,57],"floor_reached":51,"playtime":2593,"items_purged":["Strike_B","Strike_B"],"score":1121,"play_id":"c0d87033-a316-41ed-a80b-2e074c16a678","local_time":"20210109200853","is_ascension_mode":true,"campfire_choices":[{"data":"Glacier","floor":7,"key":"SMITH"},{"data":"Biased Cognition","floor":10,"key":"SMITH"},{"data":"Defend_B","floor":15,"key":"SMITH"},{"data":"Electrodynamics","floor":32,"key":"SMITH"},{"floor":49,"key":"REST"}],"circlet_count":0,"master_deck":["Strike_B+1","Defend_B","Defend_B","Defend_B+1","Defend_B+1","Zap+1","Dualcast+1","CurseOfTheBell","Glacier+1","Beam Cell+1","Ball Lightning+1","Ball Lightning+1","Biased Cognition+1","Steam+1","Undo+1","Electrodynamics+1","Core Surge+1","Panacea+1","Panache","Leap+1","Chill+1","Capacitor+1","Leap+1","BootSequence+1","Reboot+1","Defragment","Stack+1"],"relics":["Centennial Puzzle","Molten Egg 2","Mercury Hourglass","MealTicket","Pen Nib","Toxic Egg 2","Juzu Bracelet","Ornamental Fan","Membership Card","SlaversCollar","Anchor","Art of War","Cables","Toy Ornithopter","MerchantsRug","OrangePellets","Pantograph","Oddly Smooth Stone","Singing Bowl","Sozu","Red Mask","Turnip","Whetstone","Bronze Scales","CeramicFish","Torii","Calipers"],"acts_visited":["Exordium","TheCity","TheBeyond"],"potions_floor_usage":[6,6,11,11,16,25,27,50,50,50],"damage_taken":[{"damage":7,"enemies":"Small Slimes","floor":1,"turns":3},{"damage":2,"enemies":"Jaw Worm","floor":2,"turns":5},{"damage":0,"enemies":"Cultist","floor":4,"turns":4},{"damage":16,"enemies":"Gremlin Nob","floor":6,"turns":4},{"damage":0,"enemies":"3 Sentries","floor":11,"turns":4},{"damage":7,"enemies":"Slime Boss","floor":16,"turns":6},{"damage":3,"enemies":"Chosen","floor":18,"turns":3},{"damage":6,"enemies":"Book of Stabbing","floor":23,"turns":4},{"damage":0,"enemies":"2 Thieves","floor":24,"turns":4},{"damage":0,"enemies":"Slavers","floor":25,"turns":5},{"damage":0,"enemies":"Gremlin Leader","floor":27,"turns":5},{"damage":3,"enemies":"Book of Stabbing","floor":29,"turns":4},{"damage":11,"enemies":"Cultist and Chosen","floor":30,"turns":5},{"damage":5,"enemies":"Automaton","floor":33,"turns":7},{"damage":0,"enemies":"3 Shapes","floor":35,"turns":3},{"damage":0,"enemies":"3 Darklings","floor":38,"turns":4},{"damage":0,"enemies":"Mind Bloom Boss Battle","floor":39,"turns":6},{"damage":22,"enemies":"Nemesis","floor":40,"turns":7},{"damage":0,"enemies":"Sphere and 2 Shapes","floor":41,"turns":3},{"damage":17,"enemies":"Reptomancer","floor":42,"turns":6},{"damage":12,"enemies":"Nemesis","floor":44,"turns":9},{"damage":19,"enemies":"Writhing Mass","floor":45,"turns":4},{"damage":1,"enemies":"Maw","floor":46,"turns":8},{"damage":0,"enemies":"4 Shapes","floor":48,"turns":4},{"damage":1,"enemies":"Time Eater","floor":50,"turns":10}],"seed_played":"-4089757183849491455","potions_obtained":[{"floor":1,"key":"Weak Potion"},{"floor":4,"key":"Swift Potion"},{"floor":6,"key":"EntropicBrew"},{"floor":18,"key":"PotionOfCapacity"},{"floor":23,"key":"CultistPotion"},{"floor":24,"key":"Ancient Potion"},{"floor":30,"key":"Ancient Potion"},{"floor":33,"key":"Dexterity Potion"}],"is_trial":false,"path_per_floor":["M","M","?","M","?","E","R","$","T","R","E","T","?","$","R","B",null,"M","?","?","?","?","E","M","E","T","E","$","E","M","?","R","B",null,"M","?","?","M","?","E","M","E","T","E","M","M","$","M","R","B",null],"character_chosen":"DEFECT","items_purchased":["MealTicket","Biased Cognition","Membership Card","Undo+1","MerchantsRug","OrangePellets","Pantograph","Calipers","Stack+1"],"campfire_rested":1,"item_purchase_floors":[8,8,14,14,28,28,28,47,47],"current_hp_per_floor":[68,66,66,66,51,35,35,35,35,35,35,35,35,50,50,43,75,72,72,72,58,58,52,52,52,52,52,67,64,53,53,53,73,80,82,82,78,80,82,62,64,49,49,37,20,21,36,38,66,93],"gold":57,"neow_bonus":"BOSS_RELIC","is_daily":false,"chose_seed":false,"campfire_upgraded":4,"win_rate":0.0,"timestamp":1610219333,"path_taken":["M","M","?","M","?","E","R","$","T","R","E","?","?","$","R","BOSS","M","?","?","?","?","E","M","E","T","E","$","E","M","?","R","BOSS","M","?","?","M","?","E","M","E","T","E","M","M","$","M","R","BOSS"],"items_purchased_type":["Relic","Card","Relic","Card","Relic","Relic","Relic","Relic","Card"],"build_version":"2020-12-22","purchased_purges":2,"victory":true,"max_hp_per_floor":[75,75,75,75,75,75,75,75,75,75,75,75,75,75,75,75,75,75,75,75,80,80,80,80,80,80,80,80,80,80,80,80,80,80,82,82,78,80,82,84,86,88,88,88,90,92,92,94,94,94],"card_choices":[{"not_picked":["White Noise","Fusion"],"picked":"Glacier","floor":1},{"not_picked":["Lockon+1","Coolheaded"],"picked":"Beam Cell+1","floor":2},{"not_picked":["Conserve Battery","Rebound+1"],"picked":"Ball Lightning+1","floor":4},{"not_picked":["Hologram","Coolheaded"],"picked":"Ball Lightning+1","floor":6},{"not_picked":["Hyperbeam+1","Ball Lightning+1"],"picked":"Steam+1","floor":11},{"not_picked":["Reboot+1","All For One+1"],"picked":"Electrodynamics","floor":16},{"not_picked":["Auto Shields+1","Recycle+1","Scrape+1"],"picked":"SKIP","floor":18},{"not_picked":["Purity+1","Metamorphosis+1"],"picked":"Panacea+1","floor":22},{"not_picked":["Chrysalis+1","Sadistic Nature"],"picked":"Panache","floor":22},{"not_picked":["Stack+1","Biased Cognition"],"picked":"Leap+1","floor":23},{"not_picked":["Ball Lightning+1","Cold Snap+1"],"picked":"Chill+1","floor":24},{"not_picked":["Rip and Tear+1","Aggregate+1"],"picked":"Capacitor+1","floor":25},{"not_picked":["Rebound+1","Rip and Tear+1"],"picked":"Leap+1","floor":27},{"not_picked":["Redo+1","Hologram+1"],"picked":"BootSequence+1","floor":29},{"not_picked":["FTL+1","Doom and Gloom+1","Turbo+1"],"picked":"SKIP","floor":30},{"not_picked":["Amplify+1","Seek+1"],"picked":"Reboot+1","floor":33},{"not_picked":["Barrage+1","Compile Driver+1","Go for the Eyes+1"],"picked":"Singing Bowl","floor":35},{"not_picked":["Hologram+1","Turbo+1","Beam Cell+1"],"picked":"Singing Bowl","floor":38},{"not_picked":["Tempest+1","Lockon+1","Doom and Gloom+1"],"picked":"Singing Bowl","floor":39},{"not_picked":["Beam Cell+1","Melter+1","Ball Lightning+1"],"picked":"Singing Bowl","floor":40},{"not_picked":["Stack+1","Gash+1","Lockon+1"],"picked":"Singing Bowl","floor":41},{"not_picked":["Conserve Battery+1","Lockon+1","Core Surge+1"],"picked":"Singing Bowl","floor":42},{"not_picked":["Rainbow+1","White Noise+1"],"picked":"Defragment","floor":44},{"not_picked":["Beam Cell+1","Turbo+1","Conserve Battery+1"],"picked":"Singing Bowl","floor":45},{"not_picked":["Sweeping Beam+1","Stack+1","Chill+1"],"picked":"Singing Bowl","floor":46},{"not_picked":["Defragment","Buffer","Gash+1"],"picked":"Singing Bowl","floor":48}],"player_experience":73693,"relics_obtained":[{"floor":0,"key":"Centennial Puzzle"},{"floor":0,"key":"Molten Egg 2"},{"floor":0,"key":"Old Coin"},{"floor":6,"key":"Mercury Hourglass"},{"floor":9,"key":"Pen Nib"},{"floor":11,"key":"Toxic Egg 2"},{"floor":12,"key":"Juzu Bracelet"},{"floor":23,"key":"Anchor"},{"floor":25,"key":"Art of War"},{"floor":26,"key":"Cables"},{"floor":27,"key":"Toy Ornithopter"},{"floor":29,"key":"Oddly Smooth Stone"},{"floor":39,"key":"Turnip"},{"floor":40,"key":"Whetstone"},{"floor":42,"key":"Bronze Scales"},{"floor":43,"key":"CeramicFish"},{"floor":44,"key":"Torii"}],"event_choices":[{"damage_healed":0,"gold_gain":0,"player_choice":"Grow","damage_taken":0,"max_hp_gain":0,"max_hp_loss":0,"event_name":"Living Wall","floor":3,"gold_loss":0,"cards_upgraded":["Zap"]},{"damage_healed":66,"gold_gain":0,"player_choice":"Upgrade","damage_taken":15,"max_hp_gain":0,"max_hp_loss":75,"event_name":"betterThird:BetterShining","floor":5,"gold_loss":0,"cards_upgraded":["Dualcast","Defend_B"]},{"damage_healed":0,"gold_gain":0,"player_choice":"Gave Potion","damage_taken":0,"relics_obtained":["Ornamental Fan"],"max_hp_gain":0,"max_hp_loss":0,"event_name":"WeMeetAgain","floor":13,"gold_loss":0},{"cards_removed":["Undo"],"damage_healed":0,"gold_gain":0,"player_choice":"Take \u0026 Give","damage_taken":0,"max_hp_gain":0,"max_hp_loss":0,"event_name":"betterNote:BetterNote","floor":19,"gold_loss":0,"cards_obtained":["Core Surge"]},{"cards_removed":["Strike_B"],"damage_healed":0,"gold_gain":0,"player_choice":"Elegance","damage_taken":0,"max_hp_gain":0,"max_hp_loss":0,"event_name":"betterThird:BetterWriting","floor":20,"gold_loss":0},{"damage_healed":0,"gold_gain":0,"player_choice":"Shed Blood","damage_taken":19,"max_hp_gain":5,"max_hp_loss":0,"event_name":"Forgotten Altar","floor":21,"gold_loss":0},{"damage_healed":0,"gold_gain":2,"player_choice":"1","damage_taken":0,"max_hp_gain":0,"max_hp_loss":0,"event_name":"betterStone:BetterStone","floor":22,"gold_loss":0},{"damage_healed":0,"gold_gain":0,"player_choice":"Obtained Relic","damage_taken":0,"relics_obtained":["Singing Bowl"],"max_hp_gain":0,"max_hp_loss":0,"event_name":"Addict","floor":31,"gold_loss":85},{"damage_healed":0,"gold_gain":0,"player_choice":"Paid","damage_taken":0,"relics_obtained":["Red Mask"],"max_hp_gain":0,"max_hp_loss":0,"event_name":"Tomb of Lord Red Mask","floor":36,"gold_loss":122},{"damage_healed":0,"gold_gain":0,"player_choice":"Max HP","damage_taken":0,"max_hp_gain":0,"max_hp_loss":4,"event_name":"Winding Halls","floor":37,"gold_loss":0},{"damage_healed":0,"gold_gain":0,"player_choice":"Fight","damage_taken":0,"max_hp_gain":0,"max_hp_loss":0,"event_name":"MindBloom","floor":39,"gold_loss":0}],"is_beta":false,"boss_relics":[{"not_picked":["Inserter","SacredBark"],"picked":"SlaversCollar"},{"not_picked":["Runic Pyramid","Empty Cage"],"picked":"Sozu"}],"items_purged_floors":[8,14],"is_endless":false,"potions_floor_spawned":[1,4,6,18,23,24,30,33,38,39,40,44,45],"ascension_level":3}}