{"host":"r53pw7z744tg3fxg","time":1610229180,"event":{"mods":["AchievementEnabler","BaseMod","Colored Map","Colored Powertips","Highlight Path","Minty Spire (QoL Compilation)","Quick Restart","Transform Curses"],"gold_per_floor":[115,115,15,15,15,15,46,61,88,113,113,127,127,154,154,256,256,270,23,23,23,36,36,54,54,81,106,106,106,122,147,147,244,244,255,270,48,67,67,67,84,0,0,0,0,0,13,23,23,23],"floor_reached":51,"playtime":1890,"items_purged":["Regret"],"score":1273,"play_id":"15f9d3e4-c923-432a-828e-6e6a57f3db75","local_time":"20210109145300","is_ascension_mode":true,"campfire_choices":[{"data":"Eruption","floor":6,"key":"SMITH"},{"floor":11,"key":"REST"},{"floor":15,"key":"REST"},{"floor":23,"key":"REST"},{"floor":28,"key":"REST"},{"floor":32,"key":"REST"},{"floor":40,"key":"REST"},{"floor":45,"key":"REST"},{"floor":49,"key":"REST"}],"circlet_count":0,"master_deck":["AscendersBane","Strike_P","Strike_P","Strike_P","Strike_P","Defend_P","Defend_P+1","Defend_P","Defend_P","Eruption+1","Vigilance","Swift Strike","WindmillStrike","JustLucky","DeusExMachina+1","Evaluate","Consecrate","Devotion+1","FlurryOfBlows","WheelKick","Judgement","CurseOfTheBell","SashWhip","Shame","Good Instincts","Halt+1","PathToVictory+1","TalkToTheHand","FollowUp","MasterReality","DevaForm","LikeWater+1","Pray","BattleHymn","Magnetism","ForeignInfluence","Weave+1"],"relics":["PureWater","Shuriken","Pear","Bag of Marbles","Blue Candle","Pen Nib","Calling Bell","Ancient Tea Set","Letter Opener","Mango","Matryoshka","White Beast Statue","Boot","Orichalcum","Akabeko","Art of War","War Paint","Happy Flower","Bronze Scales","Red Mask","Ornamental Fan","Calipers"],"acts_visited":["Exordium","TheCity","TheBeyond"],"potions_floor_usage":[10,14,14,18,24,33,35,38,38,38,41,47,48,50],"damage_taken":[{"damage":0.0,"enemies":"2 Louse","floor":1.0,"turns":1.0},{"damage":15,"enemies":"3 Sentries","floor":7,"turns":4},{"damage":0,"enemies":"Cultist","floor":8,"turns":2},{"damage":30,"enemies":"Lagavulin","floor":10,"turns":4},{"damage":6,"enemies":"Small Slimes","floor":12,"turns":3},{"damage":23,"enemies":"3 Sentries","floor":14,"turns":5},{"damage":29,"enemies":"Hexaghost","floor":16,"turns":7},{"damage":8,"enemies":"Chosen","floor":18,"turns":4},{"damage":24,"enemies":"Shell Parasite","floor":22,"turns":5},{"damage":20,"enemies":"Snecko","floor":24,"turns":5},{"damage":63,"enemies":"Book of Stabbing","floor":27,"turns":6},{"damage":0,"enemies":"Shelled Parasite and Fungi","floor":30,"turns":1},{"damage":25,"enemies":"Slavers","floor":31,"turns":5},{"damage":29,"enemies":"Champ","floor":33,"turns":8},{"damage":15,"enemies":"Orb Walker","floor":35,"turns":4},{"damage":22,"enemies":"3 Darklings","floor":36,"turns":6},{"damage":30,"enemies":"Sphere and 2 Shapes","floor":38,"turns":4},{"damage":6,"enemies":"Maw","floor":41,"turns":5},{"damage":18,"enemies":"Writhing Mass","floor":47,"turns":5},{"damage":0,"enemies":"Transient","floor":48,"turns":5},{"damage":80,"enemies":"Time Eater","floor":50,"turns":11}],"seed_played":"-3208560528397896118","potions_obtained":[{"floor":1.0,"key":"GamblersBrew"},{"floor":8,"key":"BlessingOfTheForge"},{"floor":10,"key":"EntropicBrew"},{"floor":22,"key":"FairyPotion"},{"floor":24,"key":"Ancient Potion"},{"floor":27,"key":"StancePotion"},{"floor":33,"key":"AttackPotion"},{"floor":35,"key":"EntropicBrew"},{"floor":38,"key":"BottledMiracle"},{"floor":41,"key":"Weak Potion"},{"floor":47,"key":"Fire Potion"},{"floor":48,"key":"Energy Potion"}],"is_trial":false,"path_per_floor":["M","?","$","?","$","R","E","M","T","E","R","M","?","E","R","B",null,"M","$","?","?","M","R","M","?","T","E","R","T","M","E","R","B",null,"M","M","$","M","?","R","M","?","T","?","R","T","M","M","R","B",null],"character_chosen":"WATCHER","items_purchased":["BowlingBash","Matryoshka","Bronze Scales","BattleHymn"],"campfire_rested":8,"item_purchase_floors":[3,19,37,37],"current_hp_per_floor":[72,72,72,72,72,72,67,67,67,37,63,57,57,34,60,31,89,81,81,81,69,45,75,55,55,55,30,60,60,60,35,65,36,86,71,49,49,19,19,49,43,43,43,43,73,73,55,55,85,5],"gold":23,"neow_bonus":"TEN_PERCENT_HP_BONUS","is_daily":false,"chose_seed":false,"campfire_upgraded":1,"win_rate":0.0,"timestamp":1610229180,"path_taken":["M","?","$","?","$","R","E","?","T","E","R","M","?","E","R","BOSS","M","$","?","?","M","R","?","?","T","E","R","?","M","E","R","BOSS","M","M","$","M","?","R","M","?","T","?","R","?","M","M","R","BOSS"],"items_purchased_type":["Card","Relic","Relic","Card"],"build_version":"2020-12-22","purchased_purges":1,"victory":true,"max_hp_per_floor":[79,79,79,79,79,79,89,89,89,89,89,89,89,89,89,89,103,103,103,103,103,103,103,103,103,103,103,103,103,103,103,103,103,103,103,103,103,103,103,103,103,103,103,103,103,103,103,103,103,103],"card_choices":[{"not_picked":["Wireheading","Worship","Adaptation"],"picked":"SKIP","floor":1.0},{"not_picked":["FlurryOfBlows","Adaptation"],"picked":"Evaluate","floor":7},{"not_picked":["EmptyBody","Halt"],"picked":"Consecrate","floor":8},{"not_picked":["CutThroughFate","Consecrate"],"picked":"Devotion","floor":10},{"not_picked":["Indignation","Weave"],"picked":"FlurryOfBlows","floor":12},{"not_picked":["BowlingBash","JustLucky"],"picked":"WheelKick","floor":14},{"not_picked":["Alpha","Omniscience"],"picked":"Judgement","floor":16},{"not_picked":["FlurryOfBlows","Weave"],"picked":"SashWhip","floor":18},{"not_picked":["Wish","Indignation"],"picked":"Halt+1","floor":22},{"not_picked":["Prostrate","Vengeance+1"],"picked":"PathToVictory+1","floor":24},{"not_picked":["ClearTheMind","Ragnarok"],"picked":"TalkToTheHand","floor":27},{"not_picked":["CutThroughFate","ClearTheMind"],"picked":"FollowUp","floor":30},{"not_picked":["CutThroughFate","SandsOfTime"],"picked":"MasterReality","floor":31},{"not_picked":["ConjureBlade","Wish"],"picked":"DevaForm","floor":33},{"not_picked":["ClearTheMind","SashWhip"],"picked":"LikeWater+1","floor":35},{"not_picked":["Wireheading","Consecrate"],"picked":"Pray","floor":36},{"not_picked":["Tantrum","FollowUp","Pray+1"],"picked":"SKIP","floor":38},{"not_picked":["Swift Strike","Panacea"],"picked":"Magnetism","floor":39},{"not_picked":["WindmillStrike+1","JustLucky+1"],"picked":"ForeignInfluence","floor":41},{"not_picked":["InnerPeace+1","PathToVictory+1"],"picked":"Weave+1","floor":47},{"not_picked":["ThirdEye+1","WindmillStrike+1","EmptyMind+1"],"picked":"SKIP","floor":48}],"player_experience":1219287,"relics_obtained":[{"floor":7,"key":"Pear"},{"floor":9,"key":"Bag of Marbles"},{"floor":10,"key":"Blue Candle"},{"floor":14,"key":"Pen Nib"},{"floor":17,"key":"Ancient Tea Set"},{"floor":17,"key":"Letter Opener"},{"floor":17,"key":"Mango"},{"floor":26,"key":"Boot"},{"floor":26,"key":"Orichalcum"},{"floor":27,"key":"Akabeko"},{"floor":29,"key":"Art of War"},{"floor":29,"key":"War Paint"},{"floor":31,"key":"Happy Flower"},{"floor":43,"key":"Ornamental Fan"},{"floor":46,"key":"Calipers"}],"event_choices":[{"damage_healed":0.0,"max_hp_gain":0.0,"max_hp_loss":0.0,"gold_gain":0.0,"event_name":"Big Fish","player_choice":"Box","floor":2.0,"gold_loss":0.0,"damage_taken":0.0,"relics_obtained":["Shuriken"],"cards_obtained":["Regret"]},{"damage_healed":0,"gold_gain":0,"player_choice":"4 cards matched","damage_taken":0,"max_hp_gain":0,"max_hp_loss":0,"event_name":"Match and Keep!","floor":4,"gold_loss":0,"cards_obtained":["Swift Strike","WindmillStrike","JustLucky","DeusExMachina"]},{"damage_healed":0,"gold_gain":0,"player_choice":"Grow","damage_taken":0,"max_hp_gain":0,"max_hp_loss":0,"event_name":"Living Wall","floor":13,"gold_loss":0,"cards_upgraded":["Devotion"]},{"damage_healed":0,"gold_gain":0,"player_choice":"Stole Relic","damage_taken":0,"relics_obtained":["White Beast Statue"],"max_hp_gain":0,"max_hp_loss":0,"event_name":"Addict","floor":20,"gold_loss":0,"cards_obtained":["Shame"]},{"damage_healed":0,"gold_gain":0,"player_choice":"CARD ","damage_taken":12,"max_hp_gain":0,"max_hp_loss":0,"event_name":"Knowing Skull","floor":21,"potions_obtained":[],"gold_loss":0,"cards_obtained":["Good Instincts"]},{"damage_healed":0,"gold_gain":0,"player_choice":"Ignored","damage_taken":0,"max_hp_gain":0,"max_hp_loss":0,"event_name":"Vampires","floor":25,"gold_loss":0},{"damage_healed":0,"gold_gain":0,"player_choice":"Memory 1","damage_taken":0,"max_hp_gain":0,"max_hp_loss":0,"event_name":"SensoryStone","floor":39,"gold_loss":0},{"damage_healed":0,"gold_gain":0,"player_choice":"Paid","damage_taken":0,"relics_obtained":["Red Mask"],"max_hp_gain":0,"max_hp_loss":0,"event_name":"Tomb of Lord Red Mask","floor":42,"gold_loss":84},{"cards_removed":["BowlingBash"],"damage_healed":0,"gold_gain":0,"player_choice":"Removed Attack","damage_taken":0,"max_hp_gain":0,"max_hp_loss":0,"event_name":"Falling","floor":44,"gold_loss":0}],"is_beta":false,"boss_relics":[{"not_picked":["Cursed Key","Busted Crown"],"picked":"Calling Bell"},{"not_picked":["Fusion Hammer","Snecko Eye","Velvet Choker"]}],"items_purged_floors":[3],"is_endless":false,"potions_floor_spawned":[1,8,10,22,24,27,30,31,33,35,36,38,41,47,48],"ascension_level":11}}