{"host":"w029btg0lk3znwbc","time":1610192927,"event":{"mods":["AchievementEnabler","Act Like it!","Arknights The Spire","BaseMod","Colored Map","Colored Powertips","Downfall","Energized Spire","Evolution","Gensokyo","Hermit","Infinite Spire","Minty Spire (QoL Compilation)","Prisma Mod","Replay The Spire","StSLib","SuperFastMode","The Animator","The Blue Laboratory","The Fake Hero","The Runesmith","The Servant 0.9.4"],"gold_per_floor":[113,113,125,138,138,138,155,84,133,133,161,177,177,193,193,298,298,311,117,129,0,13,13,30,30,55,55,55,55,275,275,275,374,374,394,88,88,99,113,147,147,147,195,50,50,50],"floor_reached":45,"playtime":3053,"items_purged":["Runesmith:Strike_RS"],"score":443,"play_id":"9c50d6cd-0735-4841-9f0d-5c0aa5f8620d","local_time":"20210109124847","is_ascension_mode":false,"campfire_choices":[{"data":"Runesmith:Terraform","floor":6,"key":"SMITH"},{"data":"Runesmith:LithiumIon","floor":13,"key":"SMITH"},{"data":"Runesmith:Firestorm","floor":15,"key":"SMITH"},{"data":"Runesmith:LithiumIon","floor":23,"key":"SMITH"},{"data":"Runesmith:Grindstone","floor":25,"key":"SMITH"},{"data":"Runesmith:Firestorm","floor":27,"key":"SMITH"},{"data":"Runesmith:RunicBlueprint","floor":29,"key":"SMITH"},{"data":"Runesmith:HammerTime","floor":32,"key":"SMITH"},{"data":"Runesmith:Refine","floor":41,"key":"SMITH"}],"circlet_count":0,"master_deck":["Runesmith:Strike_RS","Runesmith:Strike_RS","Runesmith:Strike_RS","Runesmith:Defend_RS","Runesmith:Defend_RS","Runesmith:Defend_RS","Runesmith:Defend_RS","Runesmith:CraftFirestone","Runesmith:Fortify+1","Runesmith:PerfectChisel+1","Runesmith:Terraform+1","Runesmith:LithiumIon+1","Runesmith:LithiumIon+1","Runesmith:BackupBattery+1","Runesmith:EnergizedChisel","Runesmith:Grindstone+1","Runesmith:Firestorm+1","Runesmith:MetallurgicalResearch","Runesmith:RunicBlueprint+1","Runesmith:Firewall+1","Runesmith:OneForEveryone+1","Runesmith:Firestorm+1","Runesmith:HammerTime+1","Runesmith:CraftPrismatica","Gensokyo:BlemishedSteel","Gensokyo:Shovel","Gensokyo:BlemishedSteel","Runesmith:Refine+1","Pain","animator:Curse_Nutcracker","ReplayTheSpireMod:Black Plague","Runesmith:PoweredAnvil"],"relics":["Runesmith:BrokenRuby","EVO:Axolotl","Gensokyo:CelestialsFlawlessClothing","Gensokyo:Justice","Bronze Scales","Coffee Dripper","Bag of Preparation","Ancient Tea Set","ReplayTheSpireMod:TigerMarble","Gensokyo:DirgeOfMelancholy","Gensokyo:ConquerorOfFear","WingedGreaves","Black Star","DollysMirror","Vajra","Girya","Iron Hammer","Blue Doll"],"acts_visited":["Gensokyo:Gensokyo","Gensokyo:Gensokyoer","Gensokyo:Gensokyoest"],"potions_floor_usage":[16,16,22,40,45],"damage_taken":[{"damage":5,"enemies":"Gensokyo:Python","floor":1,"turns":4},{"damage":7,"enemies":"Gensokyo:Gryphon","floor":3,"turns":4},{"damage":0,"enemies":"Gensokyo:3_Fairies","floor":4,"turns":4},{"damage":1,"enemies":"Gensokyo:2_Rabbits","floor":7,"turns":4},{"damage":3,"enemies":"Gensokyo:Mamizou","floor":11,"turns":8},{"damage":22,"enemies":"Gensokyo:5_Fairies","floor":12,"turns":6},{"damage":7,"enemies":"Gensokyo:CorruptedTreant","floor":14,"turns":5},{"damage":17,"enemies":"Gensokyo:Yukari","floor":16,"turns":11},{"damage":11,"enemies":"Gensokyo:3_Dogs","floor":18,"turns":5},{"damage":19,"enemies":"Gensokyo:AngelMirror","floor":20,"turns":5},{"damage":21,"enemies":"Gensokyo:Wraith","floor":22,"turns":5},{"damage":29,"enemies":"Gensokyo:Mirror_and_Dog","floor":24,"turns":8},{"damage":44,"enemies":"Gensokyo:3_Gloops","floor":30,"turns":5},{"damage":25,"enemies":"Gensokyo:Eiki","floor":33,"turns":10},{"damage":20,"enemies":"Gensokyo:3_Boulders","floor":35,"turns":6},{"damage":0,"enemies":"Gensokyo:3_Bats","floor":38,"turns":4},{"damage":14,"enemies":"Gensokyo:3_Boulders","floor":39,"turns":7},{"damage":40,"enemies":"Gensokyo:Kasen","floor":40,"turns":8},{"damage":128,"enemies":"Gensokyo:Marisa","floor":45,"turns":4}],"seed_played":"-5201339106355679613","potions_obtained":[{"floor":3,"key":"sneckomod:MuddlingPotion"},{"floor":4,"key":"blueLaboratory:BottleOfVodka"},{"floor":12,"key":"blueLaboratory:FruitPunch"},{"floor":16,"key":"blueLaboratory:Moonshine"},{"floor":18,"key":"SkillPotion"},{"floor":30,"key":"LiquidMemories"},{"floor":33,"key":"Toxic Potion"},{"floor":40,"key":"Flashbang"}],"is_trial":false,"path_per_floor":["M","?","M","M","?","R","M","$","T","?","E","M","R","M","R","B",null,"M","COS","M","?","M","R","M","R","T","R","?","R","M","?","R","B",null,"M","COS","?","M","M","E","R","?","T","$","E"],"character_chosen":"RUNESMITH_CLASS","items_purchased":["Runesmith:LithiumIon","Runesmith:PoweredAnvil"],"campfire_rested":0,"item_purchase_floors":[8,44],"current_hp_per_floor":[72,53,46,46,46,46,45,45,45,45,42,20,20,13,13,79,79,68,68,49,49,28,28,79,79,79,79,79,79,35,35,35,10,79,59,59,59,59,45,5,5,5,5,5,0,0],"gold":50,"neow_bonus":"TEN_PERCENT_HP_BONUS","is_daily":false,"chose_seed":false,"campfire_upgraded":9,"win_rate":0.0,"timestamp":1610192927,"path_taken":["M","?","M","M","?","R","M","$","T","?","E","M","R","?","R","BOSS","M","COS","?","?","M","R","M","R","T","R","?","R","?","?","R","BOSS","M","COS","?","M","?","E","R","?","T","$","E"],"items_purchased_type":["Card","Card"],"build_version":"2020-12-22","purchased_purges":1,"victory":false,"max_hp_per_floor":[77,77,77,77,77,77,77,77,77,77,77,77,77,77,77,79,79,79,79,79,79,79,79,79,79,79,79,79,79,79,79,79,79,79,79,79,79,79,79,79,79,79,79,79,79,79],"card_choices":[{"not_picked":["Runesmith:Firewall","Runesmith:ChiselStab"],"picked":"Runesmith:PerfectChisel","floor":1},{"not_picked":["Runesmith:CraftMagma","Runesmith:ShiftingStrike"],"picked":"Runesmith:Terraform","floor":3},{"not_picked":["Runesmith:CraftVitae","Runesmith:HammerAndChisel"],"picked":"Runesmith:CraftMagma","floor":4},{"not_picked":["Runesmith:HeatedChisel","Runesmith:Prism"],"picked":"Runesmith:LithiumIon","floor":7},{"not_picked":["Runesmith:BackupBattery","Runesmith:RuneHurl"],"picked":"Runesmith:EnergizedChisel","floor":11},{"not_picked":["Runesmith:BackupBattery","Runesmith:Attraction"],"picked":"Runesmith:Grindstone","floor":12},{"not_picked":["Runesmith:EarthShield","Runesmith:PerfectChisel"],"picked":"Runesmith:Firestorm","floor":14},{"not_picked":["Runesmith:CraftIndustria","Runesmith:GenerateForcefield"],"picked":"Runesmith:MetallurgicalResearch","floor":16},{"not_picked":["Runesmith:NanitesCloud","Runesmith:Overpower"],"picked":"Runesmith:RunicBlueprint","floor":18},{"not_picked":["Runesmith:MakeshiftArmor","Runesmith:Refine"],"picked":"Runesmith:Firewall+1","floor":20},{"not_picked":["Runesmith:MakeshiftArmor","Runesmith:ChargedHammer"],"picked":"Runesmith:OneForEveryone+1","floor":22},{"not_picked":["Runesmith:MakeshiftArmor","Runesmith:ChiselStab"],"picked":"Runesmith:Firestorm","floor":24},{"not_picked":["Runesmith:BackupBattery","Runesmith:EnergizedChisel+1"],"picked":"Runesmith:HammerTime","floor":30},{"not_picked":["Runesmith:UnlimitedPower","Runesmith:ArcReactor"],"picked":"Runesmith:CraftPrismatica","floor":33},{"not_picked":["Runesmith:StaticCage","Runesmith:Accelerate+1","Runesmith:HeatExchange"],"picked":"SKIP","floor":35},{"not_picked":["Runesmith:Electrocute","Runesmith:Grindstone+1"],"picked":"Runesmith:Refine","floor":38},{"not_picked":["Runesmith:CraftReservo+1","Runesmith:HeatExchange","Runesmith:Augment"],"picked":"SKIP","floor":39},{"not_picked":["Runesmith:RuneHurl+1","Runesmith:ChargedHammer","Runesmith:Electrocute"],"picked":"SKIP","floor":40},{"not_picked":["infinitespire:Gouge","Replay:Fractal Strike"],"picked":"ReplayTheSpireMod:Black Plague","floor":42}],"player_experience":22230,"relics_obtained":[{"floor":11,"key":"Bronze Scales"},{"floor":26,"key":"ReplayTheSpireMod:TigerMarble"},{"floor":33,"key":"Gensokyo:ConquerorOfFear"},{"floor":40,"key":"Girya"},{"floor":40,"key":"Iron Hammer"},{"floor":43,"key":"Blue Doll"}],"event_choices":[],"is_beta":false,"boss_relics":[{"not_picked":["Replay:Drink Me","Snecko Eye"],"picked":"Coffee Dripper"},{"not_picked":["Replay:Wanted Poster","Tiny House"],"picked":"Black Star"}],"items_purged_floors":[44],"is_endless":false,"potions_floor_spawned":[3,4,12,16,18,30,33,35,40],"killed_by":"Gensokyo:Marisa","ascension_level":0}}