{"host":"c6u7e77myxvw4d0m","time":1610220595,"event":{"mods":["AchievementEnabler","BaseMod","Bestiary","Colored Map","Colored Powertips","Minty Spire (QoL Compilation)","Rare Cards Sparkle","Relic Stats","everything is the same but u backflip on backflip"],"gold_per_floor":[118,132,144,18,35,35,65,65,65,99,114,114,114],"floor_reached":12,"playtime":1088,"items_purged":[],"score":135,"play_id":"e5f61e4a-9a01-438d-b9ef-903f6c93db50","local_time":"20210109212955","is_ascension_mode":true,"campfire_choices":[{"data":"Catalyst","floor":6,"key":"SMITH"}],"circlet_count":0,"master_deck":["AscendersBane","Strike_G","Strike_G","Strike_G","Strike_G","Strike_G","Defend_G","Defend_G","Defend_G","Defend_G","Defend_G","Survivor","Neutralize","Blade Dance","Dagger Spray","Deadly Poison+1","Catalyst+1","Poisoned Stab","Bane","Malaise","Crippling Poison"],"relics":["Ring of the Snake","Oddly Smooth Stone","Gambling Chip"],"acts_visited":["Exordium"],"potions_floor_usage":[5,7,10],"damage_taken":[{"damage":0,"enemies":"2 Louse","floor":1,"turns":3},{"damage":1,"enemies":"Cultist","floor":2,"turns":3},{"damage":0,"enemies":"Jaw Worm","floor":3,"turns":3},{"damage":1,"enemies":"3 Louse","floor":5,"turns":3},{"damage":22,"enemies":"Lagavulin","floor":7,"turns":5},{"damage":29,"enemies":"Gremlin Nob","floor":10,"turns":4},{"damage":0,"enemies":"Exordium Thugs","floor":11,"turns":4},{"damage":18,"enemies":"3 Sentries","floor":12,"turns":8}],"seed_played":"-257394857541411044","potions_obtained":[{"floor":1,"key":"Fire Potion"},{"floor":2,"key":"Strength Potion"},{"floor":5,"key":"Strength Potion"}],"is_trial":false,"path_per_floor":["M","M","M","$","M","R","E","?","T","E","M","E"],"character_chosen":"THE_SILENT","items_purchased":["Catalyst","Poisoned Stab"],"campfire_rested":0,"item_purchase_floors":[4,4],"current_hp_per_floor":[70,69,69,69,68,68,46,46,46,17,17,0,0],"gold":114,"neow_bonus":"TEN_PERCENT_HP_BONUS","is_daily":false,"chose_seed":false,"campfire_upgraded":1,"win_rate":0.0,"timestamp":1610220595,"path_taken":["M","M","M","$","M","R","E","?","T","E","?","E"],"items_purchased_type":["Card","Card"],"build_version":"2020-12-22","purchased_purges":0,"victory":false,"max_hp_per_floor":[77,77,77,77,77,77,77,77,77,77,77,77,77],"relic_stats":{"counters":[8,33],"Gambling Chip":[9],"obtain_stats":[{"Gambling Chip":10,"Oddly Smooth Stone":7,"Ring of the Snake":0},{"Gambling Chip":6,"Oddly Smooth Stone":5,"Ring of the Snake":0},{"Gambling Chip":21,"Oddly Smooth Stone":17,"Ring of the Snake":0}],"Ring of the Snake":[16]},"card_choices":[{"not_picked":["Expertise","Finisher"],"picked":"Blade Dance","floor":1},{"not_picked":["Catalyst","Deadly Poison"],"picked":"Dagger Spray","floor":2},{"not_picked":["Backflip","Dagger Spray"],"picked":"Deadly Poison","floor":3},{"not_picked":["Heel Hook","Dagger Spray"],"picked":"Bane","floor":5},{"not_picked":["Quick Slash","Accuracy","Escape Plan"],"picked":"SKIP","floor":7},{"not_picked":["Flying Knee","Blade Dance"],"picked":"Malaise","floor":10},{"not_picked":["Blade Dance","Heel Hook"],"picked":"Crippling Poison","floor":11}],"player_experience":306216,"relics_obtained":[{"floor":7,"key":"Oddly Smooth Stone"},{"floor":10,"key":"Gambling Chip"}],"event_choices":[{"damage_healed":0,"gold_gain":0,"player_choice":"Forge","damage_taken":0,"max_hp_gain":0,"max_hp_loss":0,"event_name":"Accursed Blacksmith","floor":8,"gold_loss":0,"cards_upgraded":["Deadly Poison"]}],"is_beta":false,"boss_relics":[],"items_purged_floors":[],"is_endless":false,"potions_floor_spawned":[1,2,5],"killed_by":"3 Sentries","ascension_level":10}}