{"host":"Bilverbakes","time":1610223659,"event":{"mods":["2.2 Compatiblity","AchievementEnabler","BaseMod","Bestiary","Colored Map","Minty Spire (QoL Compilation)","Relic Stats","StSLib","ojb\u0027s Info Mod"],"gold_per_floor":[115,129,109,126,138,168,168,193,269,269,108,141,37,56,56,131,131,110,21,31,31,31,63,63,91,91,101,101,132,132,147,147,147,147],"floor_reached":33,"playtime":1660,"items_purged":["Strike_R","Strike_R"],"score":646,"play_id":"b964500d-2bba-417c-a1f4-e6890b583ad6","local_time":"20210109142059","is_ascension_mode":true,"campfire_choices":[{"data":"Bash","floor":7.0,"key":"SMITH"},{"floor":10.0,"key":"REST"},{"data":"Spot Weakness","floor":15.0,"key":"SMITH"},{"data":"Feed","floor":24,"key":"SMITH"},{"data":"Pummel","floor":28,"key":"SMITH"},{"floor":30,"key":"REST"},{"data":"RitualDagger","floor":32,"key":"SMITH"}],"circlet_count":0,"master_deck":["AscendersBane","Strike_R","Strike_R","Strike_R","Defend_R","Defend_R","Defend_R","Defend_R","Bash+1","Twin Strike","Cleave","Spot Weakness+1","Disarm+1","Disarm+1","Flame Barrier+1","Feed+1","True Grit+1","Second Wind+1","Offering+1","Power Through+1","Ghostly+1","Ghostly+1","Ghostly+1","RitualDagger+1","Pummel+1","Exhume+1"],"relics":["Burning Blood","Toxic Egg 2","Gambling Chip","Mercury Hourglass","Smiling Mask","Runic Dome","Ice Cream","Boot","InkBottle","Champion Belt"],"acts_visited":["Exordium","TheCity"],"potions_floor_usage":[33],"damage_taken":[{"damage":6.0,"enemies":"Cultist","floor":1.0,"turns":3.0},{"damage":7.0,"enemies":"2 Louse","floor":2.0,"turns":4.0},{"damage":9.0,"enemies":"Jaw Worm","floor":4.0,"turns":3.0},{"damage":11.0,"enemies":"3 Louse","floor":5.0,"turns":4.0},{"damage":25.0,"enemies":"3 Sentries","floor":6.0,"turns":5.0},{"damage":32.0,"enemies":"Gremlin Nob","floor":8.0,"turns":4.0},{"damage":26.0,"enemies":"3 Sentries","floor":12.0,"turns":6.0},{"damage":0.0,"enemies":"Exordium Wildlife","floor":14.0,"turns":3.0},{"damage":5.0,"enemies":"The Guardian","floor":16.0,"turns":11.0},{"damage":8.0,"enemies":"2 Thieves","floor":18.0,"turns":4.0},{"damage":6.0,"enemies":"3 Byrds","floor":20.0,"turns":5.0},{"damage":7,"enemies":"Slavers","floor":23,"turns":6},{"damage":6,"enemies":"Book of Stabbing","floor":25,"turns":9},{"damage":13,"enemies":"Cultist and Chosen","floor":27,"turns":8},{"damage":19,"enemies":"Slavers","floor":29,"turns":7},{"damage":1,"enemies":"Snecko","floor":31,"turns":3},{"damage":56,"enemies":"Collector","floor":33,"turns":11}],"seed_played":"-1815757574033808204","potions_obtained":[{"floor":2.0,"key":"SteroidPotion"},{"floor":3.0,"key":"GamblersBrew"},{"floor":6.0,"key":"DistilledChaos"},{"floor":14.0,"key":"SkillPotion"},{"floor":23,"key":"SpeedPotion"},{"floor":29,"key":"Ancient Potion"},{"floor":31,"key":"Fruit Juice"}],"is_trial":false,"path_per_floor":["M","M","?","M","M","E","R","E","T","R","$","E","$","M","R","B",null,"M","$","M","?","?","E","R","E","T","M","R","E","R","M","R","B"],"character_chosen":"IRONCLAD","items_purchased":["Flame Barrier+1","True Grit+1","Power Through+1"],"campfire_rested":2,"item_purchase_floors":[11,13,19],"current_hp_per_floor":[75,74,74,71,66,47,47,21,21,45,45,25,25,34,34,38,76,74,74,77,45,39,41,41,41,41,34,34,25,40,49,49,0,0],"gold":147,"neow_bonus":"TEN_PERCENT_HP_BONUS","is_daily":false,"chose_seed":false,"campfire_upgraded":5,"win_rate":0.0,"timestamp":1610223659,"path_taken":["M","M","?","?","M","E","R","E","T","R","$","E","$","M","R","BOSS","M","$","M","?","?","E","R","E","T","M","R","E","R","M","R","BOSS"],"items_purchased_type":["Card","Card","Card"],"build_version":"2020-12-18","purchased_purges":2,"victory":false,"max_hp_per_floor":[82,82,82,82,82,82,82,82,82,82,82,82,82,85,85,88,88,88,88,91,45,45,48,48,48,48,48,48,52,52,56,56,61,61],"relic_stats":{"counters":[17,96],"Gambling Chip":[41],"Champion Belt":[4],"Smiling Mask":50,"Boot":[12],"obtain_stats":[{"Ice Cream":23,"Runic Dome":17,"Gambling Chip":8,"Champion Belt":29,"Toxic Egg 2":6,"Smiling Mask":12,"Boot":25,"Burning Blood":0,"InkBottle":26,"Mercury Hourglass":9},{"Ice Cream":12,"Runic Dome":9,"Gambling Chip":6,"Champion Belt":15,"Toxic Egg 2":5,"Smiling Mask":7,"Boot":13,"Burning Blood":0,"InkBottle":13,"Mercury Hourglass":6},{"Ice Cream":58,"Runic Dome":43,"Gambling Chip":23,"Champion Belt":82,"Toxic Egg 2":19,"Smiling Mask":29,"Boot":67,"Burning Blood":0,"InkBottle":67,"Mercury Hourglass":23}],"Burning Blood":96,"InkBottle":[9],"Mercury Hourglass":[337]},"card_choices":[{"not_picked":["True Grit","Body Slam"],"picked":"Twin Strike","floor":1.0},{"not_picked":["Dropkick","Dual Wield"],"picked":"Cleave","floor":2.0},{"not_picked":["Warcry","Clash","Bloodletting"],"picked":"SKIP","floor":4.0},{"not_picked":["Armaments","Heavy Blade"],"picked":"Spot Weakness","floor":5.0},{"not_picked":["Headbutt","Twin Strike"],"picked":"Disarm+1","floor":6.0},{"not_picked":["Iron Wave","Rage+1"],"picked":"Disarm+1","floor":8.0},{"not_picked":["Burning Pact+1","Anger"],"picked":"Feed","floor":12.0},{"not_picked":["Armaments+1","Sword Boomerang"],"picked":"Second Wind+1","floor":14.0},{"not_picked":["Brutality","Berserk"],"picked":"Offering+1","floor":16.0},{"not_picked":["Body Slam","Wild Strike","Clothesline"],"picked":"SKIP","floor":18.0},{"not_picked":["Clothesline","Armaments+1","Perfected Strike+1"],"picked":"SKIP","floor":20.0},{"not_picked":["Pommel Strike","Iron Wave","Twin Strike"],"picked":"SKIP","floor":23},{"not_picked":["Sword Boomerang","Clash"],"picked":"Pummel","floor":25},{"not_picked":["True Grit+1","Dual Wield+1"],"picked":"Exhume+1","floor":27},{"not_picked":["Clash","Cleave","Dual Wield+1"],"picked":"SKIP","floor":29},{"not_picked":["Heavy Blade","Wild Strike+1","Combust"],"picked":"SKIP","floor":31}],"player_experience":646354,"relics_obtained":[{"floor":6.0,"key":"Toxic Egg 2"},{"floor":8.0,"key":"Gambling Chip"},{"floor":9.0,"key":"Mercury Hourglass"},{"floor":12.0,"key":"Smiling Mask"},{"floor":23,"key":"Ice Cream"},{"floor":25,"key":"Boot"},{"floor":26,"key":"InkBottle"},{"floor":29,"key":"Champion Belt"}],"event_choices":[{"damage_healed":0.0,"max_hp_gain":0.0,"max_hp_loss":0.0,"gold_gain":0.0,"event_name":"The Woman in Blue","player_choice":"Bought 1 Potion","floor":3.0,"gold_loss":0.0,"damage_taken":0.0},{"damage_healed":0.0,"max_hp_gain":0.0,"max_hp_loss":46.0,"gold_gain":0.0,"event_name":"Ghosts","player_choice":"Became a Ghost","floor":21.0,"gold_loss":0.0,"damage_taken":0.0,"cards_obtained":["Ghostly","Ghostly","Ghostly"]},{"damage_healed":0.0,"max_hp_gain":0.0,"max_hp_loss":0.0,"gold_gain":0.0,"event_name":"Nest","player_choice":"Joined the Cult","floor":22.0,"gold_loss":0.0,"damage_taken":6.0,"cards_obtained":["RitualDagger"]}],"is_beta":true,"boss_relics":[{"not_picked":["Ectoplasm","Black Star"],"picked":"Runic Dome"}],"items_purged_floors":[11,13],"is_endless":false,"potions_floor_spawned":[2,5,6,8,14,23,29,31],"killed_by":"Collector","ascension_level":20}}