{"host":"hszimsrtxxc2k25w","time":1610177618,"event":{"mods":["AchievementEnabler","BaseMod","Colored Map","DeckTracker","Minty Spire (QoL Compilation)","Rare Cards Sparkle","SuperFastMode"],"gold_per_floor":[117,129,129,141,167,167,177,203,230,230,230],"floor_reached":10,"playtime":195,"items_purged":[],"score":136,"play_id":"dcc23d68-2c19-4190-a6da-1ffb1b1348f2","local_time":"20210109163338","is_ascension_mode":true,"campfire_choices":[{"data":"Bloodletting","floor":6,"key":"SMITH"}],"circlet_count":0,"master_deck":["AscendersBane","Strike_R","Strike_R","Strike_R","Strike_R","Defend_R","Defend_R","Defend_R","Bash","Impervious","Demon Form","Bloodletting+1","Perfected Strike","Fiend Fire"],"relics":["Burning Blood","Potion Belt","Strawberry","Mummified Hand","Boot"],"acts_visited":["Exordium"],"potions_floor_usage":[10],"damage_taken":[{"damage":17,"enemies":"Cultist","floor":1,"turns":4},{"damage":15,"enemies":"Jaw Worm","floor":2,"turns":3},{"damage":6,"enemies":"2 Louse","floor":4,"turns":4},{"damage":6,"enemies":"2 Fungi Beasts","floor":7,"turns":4},{"damage":23,"enemies":"Lagavulin","floor":8,"turns":7},{"damage":25,"enemies":"3 Sentries","floor":10,"turns":3}],"seed_played":"8925686891416743724","potions_obtained":[{"floor":4,"key":"BloodPotion"},{"floor":7,"key":"SteroidPotion"}],"is_trial":false,"path_per_floor":["M","M","?","M","T","R","M","E","T","E"],"character_chosen":"IRONCLAD","items_purchased":[],"campfire_rested":0,"item_purchase_floors":[],"current_hp_per_floor":[39,30,30,30,37,37,37,20,20,11,11],"gold":230,"neow_bonus":"TRANSFORM_TWO_CARDS","is_daily":false,"chose_seed":false,"campfire_upgraded":1,"win_rate":0.0,"timestamp":1610177618,"path_taken":["M","?","?","?","?","R","M","E","T","E"],"items_purchased_type":[],"build_version":"2020-12-22","purchased_purges":0,"victory":false,"max_hp_per_floor":[75,75,75,75,82,82,82,82,82,82,82],"card_choices":[{"not_picked":["Headbutt","Pummel"],"picked":"Bloodletting","floor":1},{"not_picked":["Heavy Blade","Warcry"],"picked":"Rupture","floor":2},{"not_picked":["Flame Barrier","Warcry","Clash"],"picked":"SKIP","floor":4},{"not_picked":["Cleave","Pummel"],"picked":"Perfected Strike","floor":7},{"not_picked":["True Grit","Pommel Strike"],"picked":"Fiend Fire","floor":8}],"player_experience":608554,"relics_obtained":[{"floor":5,"key":"Strawberry"},{"floor":8,"key":"Mummified Hand"},{"floor":9,"key":"Boot"}],"event_choices":[{"cards_removed":["Rupture"],"damage_healed":0,"gold_gain":0,"player_choice":"Gave Card","damage_taken":0,"relics_obtained":["Potion Belt"],"max_hp_gain":0,"max_hp_loss":0,"event_name":"WeMeetAgain","floor":3,"gold_loss":0}],"is_beta":false,"boss_relics":[],"items_purged_floors":[],"is_endless":false,"potions_floor_spawned":[4,7],"killed_by":"3 Sentries","ascension_level":20}}