{"host":"xje8igj95tvh9ehd","time":1610182711,"event":{"mods":["BaseMod","Colored Map","Colored Powertips","Downfall","Infinite Spire","Marisa£®ÏF”Í°°ƒß¿Ì…≥£©","Minty Spire (QoL Compilation)","Replay The Spire","StSLib","SuperFastMode","The Bug Knight","The Construct","The Runesmith","The Servant 0.9.4","[IsaacMod]“‘»ˆº‚À˛"],"gold_per_floor":[112,187,202,214,225,225,238,271,271,289,304,143,154,167,167,262,262,273,273,273,345,358,386,386,236,284,10,29,43,63,73,73,174,174,190,209,259,279,291,291,324,324,324,343,357,357,357,357,357,357,357],"floor_reached":50,"playtime":2715,"items_purged":["Strike_R","Strike_R","Strike_R","Strike_R","Strike_R","Defend_R","Replay:Sluggish"],"score":552,"play_id":"5e38f8d8-c807-4872-82c3-b7f17f9268b6","local_time":"20210109165831","is_ascension_mode":false,"campfire_choices":[{"data":"DoctorFetus","floor":6,"key":"SMITH"},{"floor":15,"key":"REST"},{"data":"Demon Form","floor":24,"key":"SMITH"},{"data":"Limit Break","floor":32,"key":"SMITH"},{"data":"Infernal Blade","floor":40,"key":"SMITH"},{"data":"Infernal Blade","floor":42,"key":"SMITH"},{"data":"Massacre","floor":49,"key":"SMITH"}],"circlet_count":0,"master_deck":["Defend_R","Defend_R","Defend_R","Bash","DoctorFetus+1","Infernal Blade+1","ReplayTheSpireMod:Muscle Training","Reaper","Thunderclap","Whirlwind","Thunderclap","Infernal Blade+1","Shrug It Off","Inflame","Demon Form+1","Limit Break+1","Heavy Blade+1","J.A.X.","Flex","Demon Form","Warcry","Reaper","Demon Form","Reaper","Burning Pact+1","Reaper","Massacre+1"],"relics":["Burning Blood","HushsDoor","KeepersGift","Replay:Mystery Machine","Leech","Ooze Armor","StoneCalendar","Runesmith:Nanobots","TuHaoJin","ReplayTheSpireMod:TigerMarble","Vajra","Replay:Bronze Core","BelialBook","Runesmith:Locket","Happy Flower","BookOfRevelations","ReplayTheSpireMod:Ring of Challenge","Ring of Misfortune","Toxic Egg 2"],"acts_visited":["Exordium","TheCity","TheBeyond"],"potions_floor_usage":[30,31,36,37,41,41,41,50,50],"damage_taken":[{"damage":6,"enemies":"Cultist","floor":1,"turns":3},{"damage":0,"enemies":"Small Slimes","floor":3,"turns":2},{"damage":11,"enemies":"Jaw Worm","floor":4,"turns":3},{"damage":27,"enemies":"Exordium Wildlife","floor":5,"turns":4},{"damage":35,"enemies":"Gremlin Gang","floor":7,"turns":4},{"damage":37,"enemies":"3 Sentries","floor":8,"turns":4},{"damage":11,"enemies":"Looter","floor":10,"turns":3},{"damage":27,"enemies":"3 Louse","floor":11,"turns":3},{"damage":14,"enemies":"Gremlin Gang","floor":13,"turns":3},{"damage":0,"enemies":"2 Fungi Beasts","floor":14,"turns":2},{"damage":42,"enemies":"Hexaghost","floor":16,"turns":7},{"damage":30,"enemies":"2 Thieves","floor":18,"turns":3},{"damage":6,"enemies":"3 Byrds","floor":22,"turns":3},{"damage":42,"enemies":"Gremlin Leader","floor":23,"turns":4},{"damage":5,"enemies":"Snake Plant","floor":28,"turns":2},{"damage":30,"enemies":"Centurion and Healer","floor":29,"turns":4},{"damage":10,"enemies":"Cultist and Chosen","floor":30,"turns":4},{"damage":10,"enemies":"Snecko","floor":31,"turns":4},{"damage":73,"enemies":"Collector","floor":33,"turns":7},{"damage":0,"enemies":"3 Shapes","floor":35,"turns":1},{"damage":0,"enemies":"3 Darklings","floor":36,"turns":1},{"damage":15,"enemies":"Mind Bloom Boss Battle","floor":37,"turns":5},{"damage":26,"enemies":"Spire Growth","floor":38,"turns":4},{"damage":29,"enemies":"Jaw Worm Horde","floor":39,"turns":3},{"damage":18,"enemies":"Nemesis","floor":41,"turns":3},{"damage":4,"enemies":"Sphere and 2 Shapes","floor":44,"turns":2},{"damage":40,"enemies":"4 Shapes","floor":45,"turns":3},{"damage":99,"enemies":"infinitespire:MassOfShapes","floor":50,"turns":6}],"seed_played":"9128624394239170068","potions_obtained":[{"floor":1,"key":"Regen Potion"},{"floor":3,"key":"SkillPotion"},{"floor":4,"key":"SteroidPotion"},{"floor":18,"key":"LifebloodPotion"},{"floor":23,"key":"Doom Potion"},{"floor":29,"key":"Swift Potion"},{"floor":36,"key":"BlessingOfTheForge"},{"floor":37,"key":"Doom Potion"},{"floor":44,"key":"Flashbang"},{"floor":45,"key":"Venom Potion"}],"is_trial":false,"path_per_floor":["M","?","M","M","M","R","M","E","T","M","M","$","M","M","R","B",null,"M","?","AVR","T","M","E","R","$","T","$","M","M","M","M","R","B",null,"M","M","?","M","M","R","E","R","T","M","M","?","AVR","?","R","B"],"character_chosen":"IRONCLAD","items_purchased":["Infernal Blade","Shrug It Off","Limit Break","Flex","Vajra","Demon Form","Reaper","BelialBook","Flashbang","Cursed Concoction"],"campfire_rested":1,"item_purchase_floors":[12,12,17,25,27,34,34,34,34,34],"current_hp_per_floor":[88,77,83,78,67,67,59,43,43,41,31,31,26,33,59,37,80,67,67,67,67,69,36,36,36,36,36,38,20,56,63,63,34,47,47,47,45,47,42,42,41,41,41,47,47,47,47,47,47,0,0],"gold":357,"neow_bonus":"TEN_PERCENT_HP_BONUS","is_daily":false,"chose_seed":false,"campfire_upgraded":6,"win_rate":0.0,"timestamp":1610182711,"path_taken":["M","?","?","M","M","R","M","E","T","M","M","$","M","M","R","BOSS","M","?","AVR","?","M","E","R","$","T","?","M","M","M","M","R","BOSS","M","?","?","M","M","R","E","R","T","M","M","?","AVR","?","R","BOSS"],"items_purchased_type":["Card","Card","Card","Card","Relic","Card","Card","Relic","Potion","Potion"],"build_version":"2020-12-22","purchased_purges":7,"victory":false,"max_hp_per_floor":[88,88,88,88,88,88,88,88,88,88,88,88,88,88,88,88,80,80,80,80,80,80,80,80,80,80,80,80,80,80,80,80,80,47,47,47,47,47,47,47,47,47,47,47,47,47,47,47,47,47,47],"card_choices":[{"not_picked":[],"picked":"DoctorFetus","floor":0},{"not_picked":["Sword Boomerang","Seeing Red"],"picked":"Infernal Blade","floor":1},{"not_picked":["ReplayTheSpireMod:Strike From Hell","Battle Trance"],"picked":"ReplayTheSpireMod:Muscle Training","floor":3},{"not_picked":["Body Slam","Clash"],"picked":"Reaper","floor":4},{"not_picked":["Power Through","Replay:Undeath\u0027s Touch"],"picked":"Thunderclap","floor":5},{"not_picked":["Power Through","Body Slam","Combust"],"picked":"SKIP","floor":7},{"not_picked":["Life Link","Carnage"],"picked":"Whirlwind","floor":8},{"not_picked":["Cleave","Bomb"],"picked":"Thunderclap","floor":10},{"not_picked":["Run Through","Twin Strike","Cleave"],"picked":"SKIP","floor":11},{"not_picked":["Clash","True Grit"],"picked":"Inflame","floor":13},{"not_picked":["ReplayTheSpireMod:Strike From Hell","Shockwave","Feel No Pain"],"picked":"SKIP","floor":14},{"not_picked":["Replay:Many Hands","Berserk"],"picked":"Demon Form","floor":16},{"not_picked":["True Grit+1","Sever Soul"],"picked":"Heavy Blade+1","floor":18},{"not_picked":["Anger","Shrug It Off","Sword Boomerang+1"],"picked":"SKIP","floor":22},{"not_picked":["Cleave","ReplayReversal","Evolve"],"picked":"SKIP","floor":23},{"not_picked":["Hemokinesis","Replay:Undeath\u0027s Touch"],"picked":"Demon Form","floor":28},{"not_picked":["Rampage","Abandon+1","Carnage+1"],"picked":"SKIP","floor":29},{"not_picked":["Combust","Wild Strike"],"picked":"Warcry","floor":30},{"not_picked":["Twin Strike","Thunderclap","Hemokinesis"],"picked":"SKIP","floor":31},{"not_picked":["Eclipse","Barricade"],"picked":"Reaper","floor":33},{"not_picked":["infinitespire:OneForAll+1","Uppercut","Replay:Undeath\u0027s Touch"],"picked":"SKIP","floor":35},{"not_picked":["Replay:Undeath\u0027s Touch+1","Clash+1","Power Through+1"],"picked":"SKIP","floor":36},{"not_picked":["Thunderclap+1","Ghostly Armor+1"],"picked":"Burning Pact+1","floor":38},{"not_picked":["Rupture+1","Feed","ReplayTheSpireMod:Muscle Training"],"picked":"SKIP","floor":39},{"not_picked":["Sever Soul","Clash"],"picked":"Reaper","floor":41},{"not_picked":["Shrug It Off+1","Life Link"],"picked":"Massacre","floor":44},{"not_picked":["Searing Blow","Defy Death+1","Heavy Blade+1"],"picked":"SKIP","floor":45}],"player_experience":32781,"relics_obtained":[{"floor":8,"key":"Replay:Mystery Machine"},{"floor":9,"key":"Leech"},{"floor":21,"key":"Runesmith:Nanobots"},{"floor":23,"key":"TuHaoJin"},{"floor":26,"key":"ReplayTheSpireMod:TigerMarble"},{"floor":37,"key":"Runesmith:Locket"},{"floor":41,"key":"Happy Flower"},{"floor":43,"key":"BookOfRevelations"},{"floor":46,"key":"ReplayTheSpireMod:Ring of Challenge"},{"floor":46,"key":"Ring of Misfortune"}],"event_choices":[{"damage_healed":0,"gold_gain":75,"player_choice":"Gather Gold","damage_taken":11,"max_hp_gain":0,"max_hp_loss":0,"event_name":"World of Goop","floor":2,"gold_loss":0},{"damage_healed":0,"gold_gain":0,"player_choice":"Obtain J.A.X.","damage_taken":0,"max_hp_gain":0,"max_hp_loss":0,"event_name":"Drug Dealer","floor":19,"gold_loss":0,"cards_obtained":["J.A.X."]},{"damage_healed":0,"gold_gain":0,"player_choice":"Fight","damage_taken":0,"max_hp_gain":0,"max_hp_loss":0,"event_name":"MindBloom","floor":37,"gold_loss":0}],"is_beta":false,"boss_relics":[{"not_picked":["Ring of Chaos","Runic Dome"],"picked":"Ooze Armor"},{"not_picked":[]},{"not_picked":["Replay:Drink Me","Honey Jar"],"picked":"Replay:Bronze Core"},{"not_picked":[]}],"items_purged_floors":[12,17,20,25,27,34,47],"is_endless":false,"potions_floor_spawned":[1,3,4,8,18,23,29,36,37,44,45],"killed_by":"infinitespire:MassOfShapes","ascension_level":0}}