{"host":"ci7cmvrwpmzqnw7e","time":1610174312,"event":{"mods":["BaseMod","BetterRewards","Colored Map","Downfall","Highlight Path","Hubris","Minty Spire (QoL Compilation)","Rare Cards Sparkle","Replay The Spire","Shop Mod","StSLib","The Disciple"],"gold_per_floor":[116,135,155,155,11,11,44,60,60,77,26,26,26,26,26],"floor_reached":14,"playtime":356,"items_purged":[],"score":90,"play_id":"24d92caa-1535-44e1-bdd7-c8fd649497e5","local_time":"20210108233832","is_ascension_mode":false,"campfire_choices":[{"floor":6,"key":"REST"}],"circlet_count":0,"master_deck":["Strike_B","Strike_B","Strike_B","Strike_B","Defend_B","Defend_B","Defend_B","Defend_B","Zap+1","Dualcast","Tempest","Redo","ReplayTheSpireMod:Reroute Power","Chaos+1"],"relics":["Cracked Core","hubris:Towel","Dream Catcher","Gremlin Food","hubris:RGBLights","Juzu Bracelet"],"acts_visited":["Exordium"],"potions_floor_usage":[14],"damage_taken":[{"damage":7,"enemies":"2 Louse","floor":1,"turns":3},{"damage":1,"enemies":"Jaw Worm","floor":2,"turns":3},{"damage":6,"enemies":"Cultist","floor":3,"turns":3},{"damage":31,"enemies":"Gremlin Nob","floor":7,"turns":4},{"damage":16,"enemies":"2 Fungi Beasts","floor":8,"turns":3},{"damage":4,"enemies":"Blue Slaver","floor":10,"turns":4},{"damage":11,"enemies":"3 Sentries","floor":14,"turns":3}],"seed_played":"-2461547630389315721","potions_obtained":[{"floor":7,"key":"BlessingOfTheForge"},{"floor":10,"key":"BlessingOfTheForge"}],"is_trial":false,"path_per_floor":["M","M","M","?","$","R","E","M","T","M","$","?","?","E"],"character_chosen":"DEFECT","items_purchased":["Dream Catcher","Chaos+1"],"campfire_rested":1,"item_purchase_floors":[5,11],"current_hp_per_floor":[68,67,61,61,61,75,44,28,28,24,24,6,6,0,0],"gold":26,"neow_bonus":"UPGRADE_CARD","is_daily":false,"chose_seed":false,"campfire_upgraded":0,"win_rate":0.0,"timestamp":1610174312,"path_taken":["M","M","M","?","$","R","E","M","T","M","$","?","?","E"],"items_purchased_type":["Relic","Card"],"build_version":"2020-12-22","purchased_purges":0,"victory":false,"max_hp_per_floor":[75,75,75,75,75,75,75,75,75,75,75,75,75,75,75],"card_choices":[{"not_picked":["Beam Cell","Go for the Eyes","Cold Snap"],"picked":"SKIP","floor":1},{"not_picked":["Darkness","ReplaySort"],"picked":"Tempest","floor":2},{"not_picked":["Streamline","Melter","ReplaySort"],"picked":"SKIP","floor":3},{"not_picked":["Barrage","Rebound"],"picked":"Redo","floor":6},{"not_picked":["Rebound","Beam Cell","Hologram"],"picked":"SKIP","floor":7},{"not_picked":["Gash","ReplayTheSpireMod:Repulse","Rebound"],"picked":"SKIP","floor":8},{"not_picked":["Rip and Tear","Coolheaded"],"picked":"ReplayTheSpireMod:Reroute Power","floor":10}],"player_experience":33716,"relics_obtained":[{"floor":7,"key":"Gremlin Food"},{"floor":9,"key":"hubris:RGBLights"}],"event_choices":[{"damage_healed":0,"gold_gain":0,"player_choice":"Success","damage_taken":18,"relics_obtained":["Juzu Bracelet"],"max_hp_gain":0,"max_hp_loss":0,"event_name":"Scrap Ooze","floor":12,"gold_loss":0},{"damage_healed":0,"gold_gain":0,"player_choice":"Leave","damage_taken":0,"max_hp_gain":0,"max_hp_loss":0,"event_name":"FaceTrader","floor":13,"gold_loss":0}],"is_beta":false,"boss_relics":[],"items_purged_floors":[],"is_endless":false,"potions_floor_spawned":[7,10],"killed_by":"3 Sentries","ascension_level":0}}