{"host":"rwomhe7k24zy6c7l","time":1610169265,"event":{"mods":["Act Like it!","BaseMod","Colored Powertips","Conspire","Gensokyo","Hallownest","Luminous","Minty Spire (QoL Compilation)","RumiaBox-露米娅的神秘盒子","StSLib","The Bug Knight","Waifu the Spire","WarShipGirlsR/战舰少女R mod","【功能Mod】聪明的最终Boss"],"gold_per_floor":[116,116,116,116,191,225,225,225,225,238,238,263,233,213,213,310,360,372,372,228,228,245,279,279,279,279,279,306,306,306],"floor_reached":29,"playtime":1600,"items_purged":["rmod:strick"],"score":313,"play_id":"c5b79a4d-92b2-4408-8c87-ba805b366732","local_time":"20210109131425","is_ascension_mode":false,"campfire_choices":[{"data":"rmod:basicallowance","floor":8.0,"key":"SMITH"},{"data":"rmod:diaomin","floor":11.0,"key":"SMITH"},{"data":"rmod:chargemoney","floor":15.0,"key":"SMITH"},{"data":"rmod:fletcher","floor":25.0,"key":"SMITH"}],"circlet_count":0,"master_deck":["rmod:strick+1","rmod:strick+1","rmod:strick+1","rmod:defend+1","rmod:defend+1","rmod:defend+1","rmod:defend+1","rmod:basicallowance+1","rmod:maingunfire+1","rmod:diaomin+1","rmod:chargemoney+1","rmod:launchingtorpedo","rmod:firesupport","rmod:fletcher+1","rmod:fletcherpendant","rmod:fletcherpendant","rmod:salvage","rmod:goodsister","rmod:fletcherpendant","rmod:fletcherpendant","rmod:fletcherpendant"],"relics":["rmod:firstchargereward","NeowsBlessing","Bird Faced Urn","Mummified Hand","Juzu Bracelet","Tiny House","HollowMod:PaleOreRelic","Bottled Tornado","Potion Belt"],"acts_visited":["Exordium","TheCity"],"potions_floor_usage":[],"damage_taken":[{"damage":0.0,"enemies":"2 Louse","floor":1.0,"turns":1.0},{"damage":0.0,"enemies":"3 Sentries","floor":6.0,"turns":2.0},{"damage":0.0,"enemies":"Small Slimes","floor":10.0,"turns":1.0},{"damage":27.0,"enemies":"Gremlin Nob","floor":12.0,"turns":5.0},{"damage":52.0,"enemies":"Slime Boss","floor":16.0,"turns":14.0},{"damage":18.0,"enemies":"Shell Parasite","floor":18.0,"turns":5.0},{"damage":14.0,"enemies":"conspire:FuzzyDice","floor":22.0,"turns":7.0},{"damage":15.0,"enemies":"HollowMod:Nosk","floor":23.0,"turns":5.0},{"damage":25.0,"enemies":"Book of Stabbing","floor":28.0,"turns":5.0},{"damage":29,"enemies":"Cultist and Chosen","floor":29,"turns":6}],"seed_played":"-5487580626923103126","potions_obtained":[{"floor":6.0,"key":"SmokeBomb"},{"floor":13.0,"key":"Ancient Potion"},{"floor":13.0,"key":"conspire:TimeTravelPotion"},{"floor":16.0,"key":"BlessingOfTheForge"},{"floor":17.0,"key":"Swift Potion"}],"is_trial":false,"path_per_floor":["M","?","?","$","?","E","?","R","T","M","R","E","?","?","R","B",null,"M","?","$","?","M","E","$","R","T","?","E","M"],"character_chosen":"PRAEFECT","items_purchased":["rmod:goodsister"],"campfire_rested":0,"item_purchase_floors":[20],"current_hp_per_floor":[75,75,80,80,69,69,69,69,69,69,69,42,42,42,42,1,85,69,69,69,69,59,48,48,48,48,48,25,0,0],"gold":306,"neow_bonus":"THREE_ENEMY_KILL","is_daily":false,"chose_seed":false,"campfire_upgraded":4,"win_rate":0.0,"timestamp":1610169265,"path_taken":["M","?","?","$","?","E","?","R","T","?","R","E","?","?","R","BOSS","M","?","$","?","M","E","$","R","T","?","E","M"],"items_purchased_type":["Card"],"build_version":"2020-12-22","purchased_purges":1,"victory":false,"max_hp_per_floor":[75,75,80,80,80,80,80,80,80,80,80,80,80,80,80,80,85,85,85,85,85,85,85,85,85,85,85,85,85,85],"card_choices":[{"not_picked":["rmod:victimresponsibility","rmod:combined","rmod:unsinkable"],"picked":"SKIP","floor":1.0},{"not_picked":["rmod:punchline","rmod:garrisonisland","rmod:circuitoustactics"],"picked":"SKIP","floor":6.0},{"not_picked":["rmod:punchline","rmod:garrisonisland","rmod:circuitoustactics"],"picked":"SKIP","floor":6.0},{"not_picked":["rmod:selfconfidence","rmod:unsinkable"],"picked":"rmod:diaomin","floor":10.0},{"not_picked":["rmod:luckystar","rmod:aviationdawn"],"picked":"rmod:chargemoney","floor":12.0},{"not_picked":[],"picked":"rmod:launchingtorpedo","floor":14.0},{"not_picked":[],"picked":"rmod:firesupport","floor":14.0},{"not_picked":["rmod:stealaluminum","rmod:ridicule"],"picked":"rmod:fletcher","floor":16.0},{"not_picked":["rmod:mineteam","rmod:maintain"],"picked":"rmod:fletcherpendant","floor":17.0},{"not_picked":["rmod:victimresponsibility","rmod:smokecover"],"picked":"rmod:fletcherpendant","floor":18.0},{"not_picked":["rmod:aviationdawn","rmod:supportescort","rmod:openingtorpedo"],"picked":"SKIP","floor":22.0},{"not_picked":["rmod:fuelsupply+1","rmod:aviationdawn+1","rmod:tearstotiara"],"picked":"SKIP","floor":23.0},{"not_picked":["rmod:fuelsupply","rmod:supportescort","rmod:robin"],"picked":"SKIP","floor":28.0}],"player_experience":117646,"relics_obtained":[{"floor":6.0,"key":"Bird Faced Urn"},{"floor":9.0,"key":"Mummified Hand"},{"floor":12.0,"key":"Juzu Bracelet"},{"floor":23.0,"key":"HollowMod:PaleOreRelic"},{"floor":26.0,"key":"Bottled Tornado"},{"floor":28.0,"key":"Potion Belt"}],"event_choices":[{"damage_healed":0.0,"max_hp_gain":0.0,"max_hp_loss":0.0,"gold_gain":0.0,"event_name":"Liars Game","player_choice":"Ignored","floor":2.0,"gold_loss":0.0,"damage_taken":0.0},{"damage_healed":0.0,"max_hp_gain":5.0,"max_hp_loss":0.0,"gold_gain":0.0,"event_name":"Big Fish","player_choice":"Donut","floor":3.0,"gold_loss":0.0,"damage_taken":0.0},{"damage_healed":0.0,"max_hp_gain":0.0,"max_hp_loss":0.0,"gold_gain":75.0,"event_name":"World of Goop","player_choice":"Gather Gold","floor":5.0,"gold_loss":0.0,"damage_taken":11.0},{"damage_healed":0.0,"max_hp_gain":0.0,"max_hp_loss":0.0,"gold_gain":0.0,"event_name":"The Cleric","player_choice":"Leave","floor":7.0,"gold_loss":0.0,"damage_taken":0.0},{"damage_healed":0.0,"max_hp_gain":0.0,"max_hp_loss":0.0,"gold_gain":0.0,"event_name":"The Woman in Blue","player_choice":"Bought 2 Potions","floor":13.0,"gold_loss":0.0,"damage_taken":0.0},{"damage_healed":0.0,"max_hp_gain":0.0,"max_hp_loss":0.0,"gold_gain":0.0,"event_name":"The Library","player_choice":"Read","floor":19.0,"gold_loss":0.0,"damage_taken":0.0,"cards_obtained":["rmod:salvage"]},{"damage_healed":0.0,"max_hp_gain":0.0,"max_hp_loss":0.0,"gold_gain":0.0,"event_name":"Back to Basics","player_choice":"Simplicity","floor":21.0,"gold_loss":0.0,"damage_taken":0.0,"cards_upgraded":["rmod:strick","rmod:strick","rmod:strick","rmod:defend","rmod:defend","rmod:defend","rmod:defend"]},{"damage_healed":0.0,"max_hp_gain":0.0,"max_hp_loss":0.0,"gold_gain":0.0,"event_name":"Ghosts","player_choice":"Ignored","floor":27.0,"gold_loss":0.0,"damage_taken":0.0}],"is_beta":false,"boss_relics":[{"not_picked":["Fusion Hammer","conspire:SeveredTorchhead"],"picked":"Tiny House"}],"items_purged_floors":[20],"is_endless":false,"potions_floor_spawned":[6,16],"killed_by":"Cultist and Chosen","ascension_level":0}}