{"host":"t5h83eruwt5lxl3o","time":1610174386,"event":{"mods":["AchievementEnabler","Act Like it!","BaseMod","CapriCore","Colored Map","DeckTracker","Hermit","Highlight Path","Koishi","Marisa£¨Ùöéë¡¡Øª×âÞÞ£©","Minty Spire (QoL Compilation)","Permanent Neow","Quick Restart","StSLib","SuperFastMode","The Cursed","The Immortal","everything is the same but u backflip on backflip"],"gold_per_floor":[114,127,302,302,320,320,345,345,392,412,412,425,183,183,183],"floor_reached":14,"playtime":692,"items_purged":["Defend_B"],"score":148,"play_id":"8ed8ed47-2caf-441a-90af-1b651cdf9145","local_time":"20210109153946","is_ascension_mode":true,"campfire_choices":[{"data":"Zap","floor":6.0,"key":"SMITH"},{"data":"Dualcast","floor":8.0,"key":"SMITH"},{"data":"Buffer","floor":11.0,"key":"SMITH"}],"circlet_count":0,"master_deck":["AscendersBane","Strike_B","Strike_B","Defend_B","Defend_B","Defend_B","Zap+1","Dualcast+1","Scrape","Rebound","Buffer+1","Hologram","Defragment","Secret Weapon"],"relics":["Cracked Core","Spirit Poop","Ancient Tea Set","Tiny Chest"],"acts_visited":["Exordium"],"potions_floor_usage":[12,14],"damage_taken":[{"damage":4.0,"enemies":"Jaw Worm","floor":1.0,"turns":4.0},{"damage":2.0,"enemies":"2 Louse","floor":2.0,"turns":4.0},{"damage":0.0,"enemies":"Cultist","floor":5.0,"turns":3.0},{"damage":10.0,"enemies":"Lagavulin","floor":7.0,"turns":7.0},{"damage":14.0,"enemies":"Red Slaver","floor":10.0,"turns":2.0},{"damage":0,"enemies":"Large Slime","floor":12,"turns":4},{"damage":10,"enemies":"3 Sentries","floor":14,"turns":3}],"seed_played":"-8155002360830895325","potions_obtained":[{"floor":2.0,"key":"FocusPotion"},{"floor":7.0,"key":"LiquidBronze"},{"floor":10.0,"key":"Explosive Potion"},{"floor":12,"key":"Ancient Potion"}],"is_trial":false,"path_per_floor":["M","M","?","?","M","R","E","R","T","M","R","M","$","E"],"character_chosen":"DEFECT","items_purchased":["Secret Weapon"],"campfire_rested":0,"item_purchase_floors":[13],"current_hp_per_floor":[46,44,44,44,44,44,34,34,34,20,20,20,20,10,10],"gold":183,"neow_bonus":"REMOVE_TWO","is_daily":false,"chose_seed":false,"campfire_upgraded":3,"win_rate":0.0,"timestamp":1610174386,"path_taken":["M","M","?","?","M","R","E","R","T","?","R","M","$","E"],"items_purchased_type":["Card"],"build_version":"2020-12-22","purchased_purges":1,"victory":false,"max_hp_per_floor":[75,75,75,75,75,75,75,75,75,75,75,75,75,75,75],"card_choices":[{"not_picked":["Redo","Steam"],"picked":"Scrape","floor":1.0},{"not_picked":["Barrage","Go for the Eyes"],"picked":"Rebound","floor":2.0},{"not_picked":["Loop","Force Field"],"picked":"Buffer","floor":5.0},{"not_picked":["Coolheaded","Compile Driver","Darkness"],"picked":"SKIP","floor":7.0},{"not_picked":["Cold Snap","Turbo"],"picked":"Hologram","floor":10.0},{"not_picked":["Ball Lightning","Double Energy"],"picked":"Defragment","floor":12}],"player_experience":651568,"relics_obtained":[{"floor":7.0,"key":"Ancient Tea Set"},{"floor":9.0,"key":"Tiny Chest"}],"event_choices":[{"damage_healed":0.0,"max_hp_gain":0.0,"max_hp_loss":0.0,"gold_gain":175.0,"event_name":"Liars Game","player_choice":"AGREE","floor":3.0,"gold_loss":0.0,"damage_taken":0.0,"cards_obtained":["Doubt"]},{"cards_removed":["Doubt"],"damage_healed":0.0,"max_hp_gain":0.0,"max_hp_loss":0.0,"gold_gain":0.0,"event_name":"Bonfire Elementals","player_choice":"Offered Curse","floor":4.0,"gold_loss":0.0,"damage_taken":0.0,"relics_obtained":["Spirit Poop"]}],"is_beta":false,"boss_relics":[],"items_purged_floors":[13],"is_endless":false,"potions_floor_spawned":[2,7,10,12],"killed_by":"3 Sentries","ascension_level":13}}