{"host":"q8niu1x2pgv94o1d","time":1610188760,"event":{"mods":["AchievementEnabler","BaseMod","Colored Map","Colored Powertips","Minty Spire (QoL Compilation)","StSLib"],"gold_per_floor":[110,122,47,147,7,7,37,37,37,37,48,48,48,66,66,167,167,178,196,229,229,244,244,255,255,301,328,76,76,93,73,73,73,73],"floor_reached":33,"playtime":2372,"items_purged":["Defend_P","Defend_P","Strike_P"],"score":276,"play_id":"d82d49b1-da27-42fa-84b6-268b10f4ed15","local_time":"20210109113920","is_ascension_mode":true,"campfire_choices":[{"data":"Eruption","floor":6.0,"key":"SMITH"},{"data":"CrushJoints","floor":10.0,"key":"SMITH"},{"data":"Adaptation","floor":15,"key":"SMITH"},{"floor":23,"key":"REST"},{"floor":29,"key":"REST"},{"floor":32,"key":"REST"}],"circlet_count":0,"master_deck":["Strike_P","Strike_P","Strike_P","Defend_P","Defend_P","Eruption+1","Vigilance","CrushJoints+1","FlurryOfBlows","Adaptation+1","Blasphemy","EmptyMind","ThirdEye+1","FearNoEvil","SashWhip+1","LessonLearned"],"relics":["PureWater"],"acts_visited":["Exordium","TheCity"],"potions_floor_usage":[19,20,22,27,30,33,33],"damage_taken":[{"damage":0.0,"enemies":"2 Louse","floor":1.0,"turns":3.0},{"damage":1.0,"enemies":"Cultist","floor":2.0,"turns":3.0},{"damage":8.0,"enemies":"Gremlin Nob","floor":7.0,"turns":3.0},{"damage":0,"enemies":"Small Slimes","floor":11,"turns":1},{"damage":4,"enemies":"3 Louse","floor":14,"turns":2},{"damage":38,"enemies":"The Guardian","floor":16,"turns":8},{"damage":5,"enemies":"3 Byrds","floor":18,"turns":5},{"damage":7,"enemies":"2 Thieves","floor":19,"turns":2},{"damage":24,"enemies":"Masked Bandits","floor":20,"turns":4},{"damage":7,"enemies":"Snecko","floor":22,"turns":3},{"damage":9,"enemies":"Sentry and Sphere","floor":24,"turns":4},{"damage":39,"enemies":"Slavers","floor":27,"turns":4},{"damage":11,"enemies":"Cultist and Chosen","floor":30,"turns":4},{"damage":23,"enemies":"Champ","floor":33,"turns":6}],"seed_played":"1234344087210270040","potions_obtained":[{"floor":11,"key":"StancePotion"},{"floor":14,"key":"SkillPotion"},{"floor":16,"key":"ColorlessPotion"},{"floor":20,"key":"AttackPotion"},{"floor":27,"key":"Dexterity Potion"},{"floor":31,"key":"ColorlessPotion"}],"is_trial":false,"path_per_floor":["M","M","$","?","$","R","E","?","T","R","M","?","?","M","R","B",null,"M","M","?","?","M","R","M","?","T","E","$","R","M","?","R","B"],"character_chosen":"WATCHER","items_purchased":["Adaptation","Fire Potion","StancePotion"],"campfire_rested":3,"item_purchase_floors":[5,28,28],"current_hp_per_floor":[79,78,78,78,78,78,70,70,70,70,70,70,70,66,66,28,79,74,67,43,43,36,59,50,50,50,11,11,34,23,23,46,23,23],"gold":73,"neow_bonus":"TEN_PERCENT_HP_BONUS","is_daily":false,"chose_seed":false,"campfire_upgraded":3,"win_rate":0.0,"timestamp":1610188760,"path_taken":["M","M","$","?","?","R","E","?","T","R","M","?","?","M","R","BOSS","M","M","?","?","M","R","M","?","T","E","$","R","M","?","R","BOSS"],"items_purchased_type":["Card","Potion","Potion"],"build_version":"2020-12-22","purchased_purges":3,"victory":false,"max_hp_per_floor":[79,79,79,79,79,79,79,79,79,79,79,79,79,79,79,79,79,79,79,79,79,79,79,79,79,79,79,79,79,79,79,79,79,79],"card_choices":[{"not_picked":["Consecrate","ThirdEye"],"picked":"CrushJoints","floor":1.0},{"not_picked":["Prostrate","EmptyBody"],"picked":"FlurryOfBlows","floor":2.0},{"not_picked":["WreathOfFlame","SashWhip","Evaluate"],"picked":"SKIP","floor":7.0},{"not_picked":["Pray","Evaluate"],"picked":"Blasphemy","floor":11},{"not_picked":["FollowUp","Protect"],"picked":"EmptyMind","floor":14},{"not_picked":["Prostrate","FlurryOfBlows","Consecrate"],"picked":"SKIP","floor":18},{"not_picked":["EmptyBody","Wallop"],"picked":"ThirdEye+1","floor":19},{"not_picked":["FollowUp","Prostrate+1"],"picked":"SashWhip+1","floor":22},{"not_picked":["ThirdEye","Consecrate","WheelKick"],"picked":"SKIP","floor":24},{"not_picked":["PathToVictory","CrushJoints"],"picked":"LessonLearned","floor":27},{"not_picked":["MentalFortress","Swivel","FlurryOfBlows+1"],"picked":"SKIP","floor":30}],"player_experience":1755796,"relics_obtained":[],"event_choices":[{"damage_healed":0.0,"max_hp_gain":0.0,"max_hp_loss":0.0,"gold_gain":100.0,"event_name":"Golden Shrine","player_choice":"Pray","floor":4.0,"gold_loss":0.0,"damage_taken":0.0},{"damage_healed":0.0,"max_hp_gain":0.0,"max_hp_loss":0.0,"gold_gain":0.0,"event_name":"Scrap Ooze","player_choice":"Fled","floor":8.0,"gold_loss":0.0,"damage_taken":0.0},{"damage_healed":0,"gold_gain":0,"player_choice":"Ignored","damage_taken":0,"max_hp_gain":0,"max_hp_loss":0,"event_name":"Golden Idol","floor":12,"gold_loss":0},{"damage_healed":0,"gold_gain":0,"player_choice":"Leave","damage_taken":0,"max_hp_gain":0,"max_hp_loss":0,"event_name":"The Cleric","floor":13,"gold_loss":0},{"damage_healed":0,"gold_gain":0,"player_choice":"Fought Bandits","damage_taken":0,"max_hp_gain":0,"max_hp_loss":0,"event_name":"Masked Bandits","floor":20,"gold_loss":0},{"damage_healed":0,"gold_gain":0,"player_choice":"Read","damage_taken":0,"max_hp_gain":0,"max_hp_loss":0,"event_name":"The Library","floor":21,"gold_loss":0,"cards_obtained":["FearNoEvil"]},{"damage_healed":0,"gold_gain":0,"player_choice":"Bought 1 Potion","damage_taken":0,"max_hp_gain":0,"max_hp_loss":0,"event_name":"The Woman in Blue","floor":31,"gold_loss":0}],"is_beta":false,"boss_relics":[{"not_picked":["Fusion Hammer","Black Star","Runic Pyramid"]}],"items_purged_floors":[3,5,28],"is_endless":false,"potions_floor_spawned":[11,14,16,18,20,27],"killed_by":"Champ","ascension_level":1}}