{"host":"t1puqh5lxz8sp6fn","time":1610219127,"event":{"mods":["AchievementEnabler","BaseMod","Colored Powertips","Minty Spire (QoL Compilation)","Rare Cards Sparkle","StSLib"],"gold_per_floor":[117,127,127,145,220,551,551,582,582,593,593,593,626,637,637,732,732,742,742,742,758,773,773,773],"floor_reached":23,"playtime":1249,"items_purged":[],"score":317,"play_id":"e8d56cb7-4aa3-4509-9c4b-606cbd9661a0","local_time":"20210109160527","is_ascension_mode":true,"campfire_choices":[{"floor":7.0,"key":"REST"},{"data":"Machine Learning","floor":11.0,"key":"SMITH"},{"floor":15.0,"key":"REST"}],"circlet_count":0,"master_deck":["AscendersBane","Strike_B+1","Strike_B","Defend_B","Defend_B+1","Defend_B","Defend_B","Zap","Dualcast","Compile Driver","BootSequence","FTL","Machine Learning+1","Streamline","Glacier","Conserve Battery","Core Surge","CurseOfTheBell","Defragment","Rebound","Capacitor","Steam+1"],"relics":["Cracked Core","Ginger","Old Coin","InkBottle","White Beast Statue","DataDisk","Pear","Calling Bell","Orichalcum","HornCleat","Unceasing Top"],"acts_visited":["Exordium","TheCity"],"potions_floor_usage":[16,22,23,23,23],"damage_taken":[{"damage":5.0,"enemies":"Small Slimes","floor":1.0,"turns":4.0},{"damage":4.0,"enemies":"2 Louse","floor":2.0,"turns":2.0},{"damage":0.0,"enemies":"Jaw Worm","floor":4.0,"turns":2.0},{"damage":14.0,"enemies":"Gremlin Nob","floor":6.0,"turns":4.0},{"damage":14.0,"enemies":"3 Sentries","floor":8.0,"turns":8.0},{"damage":0.0,"enemies":"Blue Slaver","floor":10.0,"turns":3.0},{"damage":7.0,"enemies":"Lagavulin","floor":13.0,"turns":4.0},{"damage":1.0,"enemies":"Looter","floor":14.0,"turns":3.0},{"damage":17,"enemies":"Slime Boss","floor":16,"turns":10},{"damage":9,"enemies":"Spheric Guardian","floor":18,"turns":4},{"damage":0,"enemies":"Chosen","floor":21,"turns":6},{"damage":5,"enemies":"Centurion and Healer","floor":22,"turns":6},{"damage":68,"enemies":"Gremlin Leader","floor":23,"turns":12}],"seed_played":"5408773031294038538","potions_obtained":[{"floor":6.0,"key":"SteroidPotion"},{"floor":8.0,"key":"AttackPotion"},{"floor":10.0,"key":"Energy Potion"},{"floor":13.0,"key":"Strength Potion"},{"floor":14.0,"key":"BlessingOfTheForge"},{"floor":16,"key":"SpeedPotion"},{"floor":18,"key":"PowerPotion"},{"floor":22,"key":"SkillPotion"}],"is_trial":false,"path_per_floor":["M","M","?","M","?","E","R","E","T","M","R","?","E","M","R","B",null,"M","?","?","M","M","E"],"character_chosen":"DEFECT","items_purchased":[],"campfire_rested":2,"item_purchase_floors":[],"current_hp_per_floor":[63,59,45,45,34,20,40,26,26,26,26,14,17,16,39,22,64,55,55,55,55,50,0,0],"gold":773,"neow_bonus":"ONE_RARE_RELIC","is_daily":false,"chose_seed":false,"campfire_upgraded":1,"win_rate":0.0,"timestamp":1610219127,"path_taken":["M","M","?","M","?","E","R","E","T","M","R","?","E","M","R","BOSS","M","?","?","M","M","E"],"items_purchased_type":[],"build_version":"2020-12-13","purchased_purges":0,"victory":false,"max_hp_per_floor":[68,68,68,68,68,68,68,68,68,68,68,68,78,78,78,78,78,78,78,78,78,78,78,78],"card_choices":[{"not_picked":["Steam","Gash"],"picked":"Compile Driver","floor":1.0},{"not_picked":["Stack","Heatsinks"],"picked":"BootSequence","floor":2.0},{"not_picked":["Streamline","Go for the Eyes"],"picked":"FTL","floor":4.0},{"not_picked":["Chill","Scrape"],"picked":"Machine Learning","floor":6.0},{"not_picked":["Heatsinks","Capacitor"],"picked":"Streamline","floor":8.0},{"not_picked":["Compile Driver","Steam"],"picked":"Glacier","floor":10.0},{"not_picked":["Beam Cell","Darkness"],"picked":"Conserve Battery","floor":13.0},{"not_picked":["Barrage","Stack","Compile Driver"],"picked":"SKIP","floor":14.0},{"not_picked":["Rainbow","Buffer"],"picked":"Core Surge","floor":16},{"not_picked":["Scrape","Recycle"],"picked":"Defragment","floor":18},{"not_picked":["Tempest","Heatsinks","Chill"],"picked":"SKIP","floor":21},{"not_picked":["Rebound","Storm"],"picked":"Steam+1","floor":22}],"player_experience":402642,"relics_obtained":[{"floor":6.0,"key":"Old Coin"},{"floor":8.0,"key":"InkBottle"},{"floor":9.0,"key":"White Beast Statue"},{"floor":13.0,"key":"Pear"},{"floor":17,"key":"Orichalcum"},{"floor":17,"key":"HornCleat"},{"floor":17,"key":"Unceasing Top"}],"event_choices":[{"damage_healed":0.0,"max_hp_gain":0.0,"max_hp_loss":0.0,"gold_gain":0.0,"event_name":"Shining Light","player_choice":"Entered Light","floor":3.0,"gold_loss":0.0,"damage_taken":14.0,"cards_upgraded":["Defend_B","Strike_B"]},{"damage_healed":0.0,"max_hp_gain":0.0,"max_hp_loss":0.0,"gold_gain":75.0,"event_name":"World of Goop","player_choice":"Gather Gold","floor":5.0,"gold_loss":0.0,"damage_taken":11.0},{"damage_healed":0.0,"max_hp_gain":0.0,"max_hp_loss":0.0,"gold_gain":0.0,"event_name":"Scrap Ooze","player_choice":"Success","floor":12.0,"gold_loss":0.0,"damage_taken":12.0,"relics_obtained":["DataDisk"]},{"damage_healed":0,"gold_gain":0,"cards_transformed":["Strike_B","Strike_B"],"player_choice":"Became Test Subject","damage_taken":0,"max_hp_gain":0,"max_hp_loss":0,"event_name":"Drug Dealer","floor":19,"gold_loss":0,"cards_obtained":["Rebound","Capacitor"]},{"damage_healed":0,"gold_gain":0,"player_choice":"Ignored","damage_taken":0,"max_hp_gain":0,"max_hp_loss":0,"event_name":"Ghosts","floor":20,"gold_loss":0}],"is_beta":false,"boss_relics":[{"not_picked":["Cursed Key","SacredBark"],"picked":"Calling Bell"}],"items_purged_floors":[],"is_endless":false,"potions_floor_spawned":[6,8,10,13,14,16,18,21,22],"killed_by":"Gremlin Leader","ascension_level":10}}