{"host":"oqzvrvdjimp5tr2r","time":1610172592,"event":{"mods":["Aspiration","BaseMod","Colored Map","Colored Powertips","DeckTracker","Downfall","Highlight Path","Hubris","Infinite Spire","Minty Spire (QoL Compilation)","Quick Restart","Random Character Button","Relic Sorter","Replay The Spire","StSLib","SuperFastMode","Synergy Search","The Cursed","The Disciple","The Jungle","The Runesmith"],"gold_per_floor":[118,118,134,9,27,27,53,63,63,98,98,112,112,112,112,211,211,222,222,235,235,42,62,62,62,62,81,81,96,96,107,107,211,211,222,222,240,257,275,275,294,294,317,345,345,345,345,270,270,270],"floor_reached":51,"playtime":3699,"items_purged":["TheCursedMod:DemonSword"],"score":787,"play_id":"28506576-97c8-4cee-9e00-fe2fc5c1a06f","local_time":"20210108230952","daily_mods":["Specialized"],"is_ascension_mode":false,"campfire_choices":[{"data":"TheCursedMod:CircleOfBlood","floor":6,"key":"SMITH"},{"data":"TheCursedMod:EmpowerCircles","floor":11,"key":"SMITH"},{"data":"TheCursedMod:FleshFromBone","floor":13,"key":"SMITH"},{"floor":15,"key":"REST"},{"floor":25,"key":"REST"},{"data":"infinitespire:UltimateForm","floor":28,"key":"SMITH"},{"data":"Apotheosis","floor":32,"key":"SMITH"},{"floor":40,"key":"REST"},{"floor":46,"key":"REST"},{"data":"TheCursedMod:HellsGateOpen","floor":49,"key":"SMITH"}],"circlet_count":0,"master_deck":["TheCursedMod:Strike_TheCursed","TheCursedMod:Strike_TheCursed","TheCursedMod:Strike_TheCursed","TheCursedMod:Strike_TheCursed","TheCursedMod:Defend_TheCursed","TheCursedMod:Defend_TheCursed","TheCursedMod:Defend_TheCursed","TheCursedMod:Defend_TheCursed","TheCursedMod:CursedWand","TheCursedMod:CleanUpWorkshop+1","TheCursedMod:Dregs","TheCursedMod:CircleOfCorruption","TheCursedMod:CircleOfCorruption","TheCursedMod:CircleOfCorruption","TheCursedMod:CircleOfCorruption","TheCursedMod:CircleOfCorruption","TheCursedMod:Obscuration","TheCursedMod:Wield","TheCursedMod:Torture","TheCursedMod:ReleasedStrength","TheCursedMod:CircleOfBlood+1","TheCursedMod:WearCloak","TheCursedMod:SaltUponWound","TheCursedMod:EmpowerCircles+1","TheCursedMod:FleshFromBone+1","TheCursedMod:SpitefulPray+1","infinitespire:UltimateForm+1","TheCursedMod:SurpriseAttack+1","Apotheosis+1","TheCursedMod:CursedStaff","TheCursedMod:CursedSpellbook","TheCursedMod:UltimatePain","TheCursedMod:RapidMovement+1","TheCursedMod:OutForBlood","TheCursedMod:HellsGateOpen+1","Parasite","ReplayTheSpireMod:Private Reserves","The Bomb","ReplayTheSpireMod:Necrogeddon","TheCursedMod:HellfireBreathing+1","Writhe"],"relics":["TheCursedMod:BlackMagic101","infinitespire:ShieldingShard","ReplayTheSpireMod:Shallot","Pear","aspiration:RunicSpoon","TheCursedMod:Tack","hubris:SphereOfDissonance","aspiration:RitualDagger","aspiration:KaomsHeart"],"acts_visited":["Exordium","Exordium","TheBeyond"],"potions_floor_usage":[20,20,23,23,23,33],"damage_taken":[{"damage":1,"enemies":"Cultist","floor":1,"turns":3},{"damage":0,"enemies":"2 Louse","floor":3,"turns":1},{"damage":5,"enemies":"Jaw Worm","floor":5,"turns":2},{"damage":25,"enemies":"Lagavulin","floor":7,"turns":5},{"damage":0,"enemies":"Blue Slaver","floor":8,"turns":3},{"damage":20,"enemies":"Gremlin Nob","floor":10,"turns":4},{"damage":12,"enemies":"Gremlin Gang","floor":12,"turns":4},{"damage":38,"enemies":"The Guardian","floor":16,"turns":8},{"damage":32,"enemies":"theJungle:GiantWrat","floor":18,"turns":7},{"damage":40,"enemies":"theJungle:5_Spyders","floor":20,"turns":13},{"damage":20,"enemies":"theJungle:Snecko_Cultist_And_Trap","floor":23,"turns":4},{"damage":5,"enemies":"theJungle:2_Flameangoes","floor":27,"turns":6},{"damage":0,"enemies":"theJungle:2_Snecko_Cultists","floor":29,"turns":3},{"damage":0,"enemies":"theJungle:Lyon","floor":31,"turns":3},{"damage":0,"enemies":"theJungle:QueenSpyder","floor":33,"turns":7},{"damage":54,"enemies":"3 Darklings","floor":35,"turns":5},{"damage":28,"enemies":"3 Shapes","floor":37,"turns":6},{"damage":31,"enemies":"Transient","floor":38,"turns":5},{"damage":0,"enemies":"Writhing Mass","floor":39,"turns":3},{"damage":9,"enemies":"Maw","floor":41,"turns":6},{"damage":45,"enemies":"Nightmare","floor":44,"turns":6},{"damage":95,"enemies":"Awakened One","floor":50,"turns":7}],"seed_played":"-7799559489359519993","potions_obtained":[{"floor":1,"key":"PowerPotion"},{"floor":8,"key":"Toxic Potion"},{"floor":10,"key":"sneckomod:MuddlingPotion"},{"floor":23,"key":"Cursed Concoction"},{"floor":27,"key":"Ancient Potion"},{"floor":33,"key":"Energy Potion"},{"floor":38,"key":"Slimebound:ThreeZeroPotion"},{"floor":39,"key":"Weak Potion"}],"is_trial":true,"path_per_floor":["M","?","M","$","M","R","E","M","T","E","R","M","R","?","R_BF","B",null,"M","AVR","M","?","$","M","?","R","T","M","R","M","?","M","R","B",null,"M","AVR","M","M","M","R","M","?","T","NM","?","R","?","$","R","B",null],"character_chosen":"THE_CURSED","items_purchased":["TheCursedMod:Torture","TheCursedMod:ReleasedStrength","Apotheosis"],"campfire_rested":4,"item_purchase_floors":[4,4,22],"current_hp_per_floor":[74,74,74,74,69,69,48,48,48,38,38,30,30,30,55,25,85,53,53,17,17,17,5,5,30,30,33,33,37,37,41,41,41,85,39,139,111,80,84,139,130,120,120,79,125,180,180,180,180,93],"gold":270,"neow_bonus":"","is_daily":false,"chose_seed":false,"campfire_upgraded":6,"win_rate":0.0,"timestamp":1610172592,"path_taken":["M","?","M","$","M","R","E","M","T","E","R","?","R","?","R_BF","BOSS","M","AVR","M","?","$","M","?","R","T","M","R","M","?","M","R","BOSS","M","AVR","?","M","M","R","M","?","T","NM","?","R","?","$","R","BOSS"],"items_purchased_type":["Card","Card","Card"],"build_version":"2020-12-22","purchased_purges":1,"victory":true,"max_hp_per_floor":[75,75,75,75,75,75,75,75,75,85,85,85,85,85,85,85,85,85,85,85,85,85,85,85,85,85,85,85,85,85,85,85,85,85,85,185,185,185,185,185,185,185,185,185,185,185,185,185,185,185],"card_choices":[{"not_picked":["TheCursedMod:BloodBarrier","TheCursedMod:CircleOfCorruption"],"picked":"TheCursedMod:Obscuration","floor":1},{"not_picked":["TheCursedMod:BloodBarrier","TheCursedMod:RavingStaff"],"picked":"TheCursedMod:Wield","floor":3},{"not_picked":["TheCursedMod:Wield","TheCursedMod:CircleOfAmplification"],"picked":"TheCursedMod:CircleOfBlood","floor":5},{"not_picked":["TheCursedMod:ParallelWorld","TheCursedMod:AshesToAshes"],"picked":"TheCursedMod:WearCloak","floor":7},{"not_picked":["TheCursedMod:Hemoplague","TheCursedMod:Obscuration"],"picked":"TheCursedMod:SaltUponWound","floor":8},{"not_picked":["TheCursedMod:BlessingInDisguise","TheCursedMod:RapidMovement"],"picked":"TheCursedMod:EmpowerCircles","floor":10},{"not_picked":["TheCursedMod:Torture","TheCursedMod:RavingStaff"],"picked":"TheCursedMod:FleshFromBone","floor":12},{"not_picked":["TheCursedMod:CircleOfAbyss","TheCursedMod:DarkBarrier"],"picked":"TheCursedMod:DemonSword","floor":16},{"not_picked":["TheCursedMod:AshesToAshes","TheCursedMod:WearCloak+1"],"picked":"TheCursedMod:SpitefulPray+1","floor":18},{"not_picked":["TheCursedMod:CursedMace","TheCursedMod:VitalStrike+1"],"picked":"TheCursedMod:SurpriseAttack+1","floor":20},{"not_picked":["TheCursedMod:Wield","TheCursedMod:BloodBarrier"],"picked":"TheCursedMod:CursedStaff","floor":23},{"not_picked":["TheCursedMod:Torture","TheCursedMod:Wield"],"picked":"TheCursedMod:CursedSpellbook","floor":27},{"not_picked":["TheCursedMod:Grudge","TheCursedMod:Stigma"],"picked":"TheCursedMod:UltimatePain","floor":29},{"not_picked":["TheCursedMod:Stretching","TheCursedMod:PrepareRite"],"picked":"TheCursedMod:RapidMovement+1","floor":31},{"not_picked":["TheCursedMod:ManaCirculation","TheCursedMod:DemonSword"],"picked":"TheCursedMod:OutForBlood","floor":33},{"not_picked":["TheCursedMod:Wield","TheCursedMod:RapidMovement","TheCursedMod:FleshFromBone+1"],"picked":"SKIP","floor":35},{"not_picked":["TheCursedMod:RapidMovement","TheCursedMod:RavingStaff+1","TheCursedMod:SmokeScreen+1"],"picked":"SKIP","floor":37},{"not_picked":["TheCursedMod:CursedAmulet+1","TheCursedMod:WearCloak+1"],"picked":"TheCursedMod:HellsGateOpen","floor":38},{"not_picked":["TheCursedMod:CircleOfWindfury","TheCursedMod:BloodBarrier+1","TheCursedMod:Obscuration+1"],"picked":"SKIP","floor":39},{"not_picked":["TheCursedMod:CursedArmor","TheCursedMod:Torture+1","TheCursedMod:RavingStaff"],"picked":"SKIP","floor":41},{"not_picked":["Replay:Sssssssssshield","Replay:Parry"],"picked":"ReplayTheSpireMod:Private Reserves","floor":42},{"not_picked":["expansioncontent:Chronoboost","expansioncontent:PrepareCrush"],"picked":"The Bomb","floor":42},{"not_picked":["expansioncontent:GoopSpray","expansioncontent:Collect"],"picked":"ReplayTheSpireMod:Necrogeddon","floor":42},{"not_picked":["TheCursedMod:DoubleShield","TheCursedMod:CursedBlade+1"],"picked":"TheCursedMod:HellfireBreathing+1","floor":44}],"player_experience":14478,"relics_obtained":[{"floor":7,"key":"infinitespire:ShieldingShard"},{"floor":9,"key":"ReplayTheSpireMod:Shallot"},{"floor":10,"key":"Pear"},{"floor":26,"key":"TheCursedMod:Tack"},{"floor":43,"key":"aspiration:KMNothing"},{"floor":44,"key":"aspiration:KMNothing"}],"event_choices":[{"damage_healed":0,"gold_gain":0,"player_choice":"Upgraded","damage_taken":0,"max_hp_gain":0,"max_hp_loss":0,"event_name":"Upgrade Shrine","floor":2,"gold_loss":0,"cards_upgraded":["TheCursedMod:CleanUpWorkshop"]},{"damage_healed":0,"gold_gain":0,"player_choice":"Bought 0 Potions","damage_taken":0,"max_hp_gain":0,"max_hp_loss":0,"event_name":"The Woman in Blue","floor":14,"gold_loss":0},{"damage_healed":0,"gold_gain":0,"player_choice":"Gave Potion","damage_taken":0,"relics_obtained":["hubris:SphereOfDissonance"],"max_hp_gain":0,"max_hp_loss":0,"event_name":"WeMeetAgain","floor":30,"gold_loss":0},{"damage_healed":0,"gold_gain":0,"player_choice":"Memory 3","damage_taken":10,"max_hp_gain":0,"max_hp_loss":0,"event_name":"SensoryStone","floor":42,"gold_loss":0},{"damage_healed":46,"gold_gain":0,"player_choice":"Writhe","damage_taken":0,"max_hp_gain":0,"max_hp_loss":0,"event_name":"Winding Halls","floor":45,"gold_loss":0,"cards_obtained":["Writhe"]}],"is_beta":false,"boss_relics":[{"not_picked":["Velvet Choker","Honey Jar"],"picked":"aspiration:RunicSpoon"},{"not_picked":["Abe\u0027s Treasure","Tiny House"],"picked":"aspiration:RitualDagger"}],"items_purged_floors":[48],"is_endless":false,"potions_floor_spawned":[1,8,10,12,23,27,33,38,39],"ascension_level":0}}