{"host":"htqwg582tjjtn9p7","time":1610229910,"event":{"mods":["2.2 Compatiblity","AchievementEnabler","Act Like it!","Aspiration","BaseMod","Better Third Choice","Colored Map","Conspire","Curses Come First","Displayed Cursed Tome","Energized Spire","Force Act Four","GifTheSpireLib","Hermit","Highlight Path","JesterMod","Mad Scientist","Minty Spire (QoL Compilation)","Pale of the Ancients","Permanent Neow","Random Character Button","Relic Stats","Replay The Spire","Robot Space Explorer","Somnambulant","Spicy Shops","Spikes Relics","StSLib","Stuff the Spire","The Blue Laboratory","The Bug Knight","The Forsaken","The Gatherer","The Judge","The Jungle","The Marked","The Runesmith","The Servant 0.9.4","Uncapped"],"gold_per_floor":[12,12,53,66,66,66,82,82,82,82,113,113,113,126,126,204,204,222,111,27,45,72,72,72,72,72,102,31,51,51,83,83,156,156,173,184,184,204,204,204,50,50,50,78,0,33,33,59,59,59,76,90,50,50,50,63,63,63,63,63,63],"floor_reached":60,"playtime":1853,"items_purged":[],"score":1948,"play_id":"94c31ef8-9357-44bd-bc3b-9f69380b682f","local_time":"20210109230510","is_ascension_mode":true,"campfire_choices":[{"data":"Neutralize","floor":6,"key":"SMITH"},{"data":"Crippling Poison","floor":6,"key":"SMITH"},{"data":"Cloak And Dagger","floor":8,"key":"SMITH"},{"data":"Backflip","floor":8,"key":"SMITH"},{"floor":10,"key":"REST"},{"floor":15,"key":"REST"},{"data":"Terror","floor":23,"key":"SMITH"},{"data":"Terror","floor":23,"key":"SMITH"},{"data":"Cloak And Dagger","floor":25,"key":"SMITH"},{"data":"StuffTheSpire:Innocence","floor":25,"key":"SMITH"},{"data":"Accuracy","floor":30,"key":"SMITH"},{"data":"After Image","floor":30,"key":"SMITH"},{"data":"Concentrate","floor":32,"key":"SMITH"},{"data":"Blade Dance","floor":32,"key":"SMITH"},{"data":"Envenom","floor":40,"key":"SMITH"},{"data":"Survivor","floor":40,"key":"SMITH"},{"data":"Deflect","floor":47,"key":"SMITH"},{"data":"Defend_G","floor":47,"key":"SMITH"},{"data":"StuffTheSpire:DoubleShiv","floor":49,"key":"SMITH"},{"data":"StuffTheSpire:Incantation","floor":49,"key":"SMITH"},{"floor":55,"key":"REST"},{"floor":57,"key":"RECALL"}],"circlet_count":0,"master_deck":["AscendersBane","Strike_G","Strike_G","Strike_G+1","Strike_G","Strike_G","Defend_G+1","Defend_G","Defend_G","Defend_G","Defend_G+1","Survivor+1","Neutralize+1","A Thousand Cuts+1","Infinite Blades","Backflip+1","Crippling Poison+1","Cloak And Dagger+1","ReplayTheSpireMod:The Works","ReplayTheSpireMod:Speed Training","After Image+1","StuffTheSpire:Innocence+1","Terror+1","Terror+1","Cloak And Dagger+1","Insight+1","StuffTheSpire:Incantation+1","Accuracy+1","Blade Dance+1","Concentrate+1","Envenom+1","AbeCurse","ReplayTheSpireMod:Speed Training","Slice","Cloak And Dagger+1","Deflect+1","StuffTheSpire:DoubleShiv+1","Blade Dance","Tactician+1"],"relics":["Replay:Arrowhead","StuffTheSpire:OccultApparatus","StuffTheSpire:HeavyRock","Tingsha","Ninja Scroll","StuffTheSpire:RunicHypercube","Art of War","Vampiric Spirits","SpikesRelics:DaevaFist","StuffTheSpire:Gunfinga","Abe\u0027s Treasure","conspire:TreasureMap","StuffTheSpire:CocoNut","ReplayTheSpireMod:Lightbulb","Red Mask","HollowMod:PaleOreRelic","Divine Protection","paleoftheancients:Timepiece","Gremlin Horn","CultistMask","paleoftheancients:SoulOfTheGuardian","Replay:Ringing Soul","StuffTheSpire:Expresso"],"acts_visited":["Exordium","TheCity","TheBeyond","TheBeyond"],"potions_floor_usage":[7,16,29,48,51,52,56,56,56,60,60],"damage_taken":[{"damage":7,"enemies":"Jaw Worm","floor":1,"turns":5},{"damage":24,"enemies":"conspire:MimicChest","floor":3,"turns":6},{"damage":0,"enemies":"2 Louse","floor":4,"turns":3},{"damage":2,"enemies":"Small Slimes","floor":7,"turns":3},{"damage":7,"enemies":"Gremlin Nob","floor":11,"turns":5},{"damage":5,"enemies":"3 Louse","floor":14,"turns":2},{"damage":9,"enemies":"The Guardian","floor":16,"turns":12},{"damage":0,"enemies":"3 Byrds","floor":18,"turns":2},{"damage":0,"enemies":"Spheric Guardian","floor":21,"turns":3},{"damage":0,"enemies":"Gremlin Leader","floor":27,"turns":5},{"damage":0,"enemies":"Snecko","floor":29,"turns":2},{"damage":0,"enemies":"Book of Stabbing","floor":31,"turns":4},{"damage":0,"enemies":"Collector","floor":33,"turns":5},{"damage":0,"enemies":"Orb Walker","floor":35,"turns":3},{"damage":0,"enemies":"3 Darklings","floor":36,"turns":2},{"damage":0,"enemies":"Transient","floor":38,"turns":5},{"damage":5,"enemies":"Nemesis","floor":44,"turns":4},{"damage":0,"enemies":"Giant Head","floor":46,"turns":5},{"damage":0,"enemies":"Reptomancer","floor":48,"turns":3},{"damage":0,"enemies":"Donu and Deca","floor":50,"turns":4},{"damage":0,"enemies":"Donu and Deca","floor":51,"turns":6},{"damage":55,"enemies":"Donu and Deca","floor":52,"turns":7},{"damage":0,"enemies":"Donu and Deca","floor":56,"turns":4},{"damage":214,"enemies":"paleoftheancients:N","floor":60,"turns":10}],"seed_played":"-1148481408877278989","potions_obtained":[{"floor":4,"key":"blueLaboratory:BubblePotion"},{"floor":11,"key":"GamblersBrew"},{"floor":14,"key":"Fruit Juice"},{"floor":27,"key":"blueLaboratory:NullPotion"},{"floor":33,"key":"Dexterity Potion"},{"floor":38,"key":"Regen Potion"},{"floor":48,"key":"LifebloodPotion"},{"floor":53,"key":"EntropicBrew"},{"floor":53,"key":"blueLaboratory:BottledHope"},{"floor":56,"key":"Adrenaline Potion"}],"is_trial":false,"path_per_floor":["M","?","?","M","?","R","M","R","T","R","E","T","?","M","R","B",null,"M","?","$","M","T","R","?","R","T","E","$","M","R","E","R","B",null,"M","M","?","M","?","R","$","?","T","E","?","E","R","E","R","B","M","M","?","T","R","M","R","T","?","B"],"character_chosen":"THE_SILENT","items_purchased":["Terror","Accuracy","conspire:TreasureMap"],"campfire_rested":3,"item_purchase_floors":[20,28,41],"current_hp_per_floor":[52,52,28,28,32,32,34,34,34,55,52,52,31,30,51,51,69,73,73,73,75,75,75,75,75,75,75,75,75,75,75,75,75,75,75,75,75,75,75,75,75,71,78,77,77,82,82,82,82,82,82,62,62,62,82,82,82,82,82,0,0],"gold":63,"neow_bonus":"THREE_RARE_CARDS","is_daily":false,"chose_seed":false,"campfire_upgraded":18,"win_rate":0.0,"timestamp":1610229910,"path_taken":["M","?","?","M","?","R","?","R","T","R","E","?","?","M","R","BOSS","M","?","$","M","?","R","?","R","T","E","?","M","R","E","R","BOSS","M","M","?","?","?","R","?","?","T","E","?","E","R","E","R","BOSS","M","M","?","T","R","M","R","T","?","BOSS"],"items_purchased_type":["Card","Card","Relic"],"build_version":"2020-12-22","purchased_purges":0,"victory":false,"max_hp_per_floor":[66,66,66,66,70,70,70,70,70,70,70,70,70,70,70,75,75,75,75,75,75,75,75,75,75,75,75,75,75,75,75,75,75,75,75,75,75,75,75,75,75,75,82,82,82,82,82,82,82,82,82,82,82,82,82,82,82,82,82,82,82],"relic_stats":{"Gremlin Horn":[24,24],"counters":[24,110],"Tingsha":[167],"Art of War":[2],"obtain_stats":[{"Divine Protection":48,"Gremlin Horn":50,"Vampiric Spirits":26,"Sizzling Blood":5,"StuffTheSpire:OccultApparatus":39,"Replay:Ringing Soul":54,"StuffTheSpire:Gunfinga":31,"paleoftheancients:SoulOfTheGuardian":52,"Ninja Scroll":12,"StuffTheSpire:HeavyRock":9,"Red Mask":45,"HollowMod:PaleOreRelic":46,"Ring of the Snake":0,"conspire:TreasureMap":41,"StuffTheSpire:RunicHypercube":17,"StuffTheSpire:Expresso":58,"Tingsha":11,"Replay:Arrowhead":3,"paleoftheancients:Timepiece":50,"StuffTheSpire:CocoNut":43,"CultistMask":50,"Art of War":22,"SpikesRelics:DaevaFist":27,"ReplayTheSpireMod:Lightbulb":44,"Abe\u0027s Treasure":34},{"Divine Protection":19,"Gremlin Horn":20,"Vampiric Spirits":9,"Sizzling Blood":3,"StuffTheSpire:OccultApparatus":16,"Replay:Ringing Soul":22,"StuffTheSpire:Gunfinga":12,"paleoftheancients:SoulOfTheGuardian":22,"Ninja Scroll":5,"StuffTheSpire:HeavyRock":4,"Red Mask":17,"HollowMod:PaleOreRelic":18,"Ring of the Snake":0,"conspire:TreasureMap":16,"StuffTheSpire:RunicHypercube":7,"StuffTheSpire:Expresso":23,"Tingsha":5,"Replay:Arrowhead":2,"paleoftheancients:Timepiece":20,"StuffTheSpire:CocoNut":16,"CultistMask":20,"Art of War":9,"SpikesRelics:DaevaFist":10,"ReplayTheSpireMod:Lightbulb":17,"Abe\u0027s Treasure":13},{"Divine Protection":79,"Gremlin Horn":83,"Vampiric Spirits":41,"Sizzling Blood":14,"StuffTheSpire:OccultApparatus":67,"Replay:Ringing Soul":96,"StuffTheSpire:Gunfinga":52,"paleoftheancients:SoulOfTheGuardian":96,"Ninja Scroll":22,"StuffTheSpire:HeavyRock":17,"Red Mask":71,"HollowMod:PaleOreRelic":76,"Ring of the Snake":0,"conspire:TreasureMap":67,"StuffTheSpire:RunicHypercube":36,"StuffTheSpire:Expresso":100,"Tingsha":22,"Replay:Arrowhead":11,"paleoftheancients:Timepiece":83,"StuffTheSpire:CocoNut":67,"CultistMask":83,"Art of War":41,"SpikesRelics:DaevaFist":46,"ReplayTheSpireMod:Lightbulb":71,"Abe\u0027s Treasure":57}]},"card_choices":[{"not_picked":["aspiration:Lunge","Grand Finale"],"picked":"A Thousand Cuts","floor":0},{"not_picked":["Sucker Punch","Dagger Spray"],"picked":"Infinite Blades","floor":1},{"not_picked":["Endless Agony","PiercingWail"],"picked":"Backflip","floor":3},{"not_picked":["InfectiousVector","Bane"],"picked":"Crippling Poison","floor":4},{"not_picked":["StuffTheSpire:Incursion","Slice"],"picked":"Cloak And Dagger","floor":7},{"not_picked":["StuffTheSpire:Injection","Poisoned Stab"],"picked":"ReplayTheSpireMod:The Works","floor":11},{"not_picked":["Slice","StuffTheSpire:Python"],"picked":"ReplayTheSpireMod:Speed Training","floor":14},{"not_picked":["Tools of the Trade","Replay:Bag of Tricks"],"picked":"After Image","floor":16},{"not_picked":["StuffTheSpire:Injection+1","Quick Slash","Replay:Poison Smokescreen"],"picked":"SKIP","floor":18},{"not_picked":["Underhanded Strike+1","Heel Hook"],"picked":"Cloak And Dagger","floor":21},{"not_picked":["Tools of the Trade","PiercingWail"],"picked":"StuffTheSpire:Incantation","floor":27},{"not_picked":["Slice","Replay:Poison Smokescreen"],"picked":"Blade Dance","floor":29},{"not_picked":["Blade Dance","Choke"],"picked":"Concentrate","floor":31},{"not_picked":["Bullet Time","Grand Finale"],"picked":"Envenom","floor":33},{"not_picked":["Underhanded Strike","conspire:DoublingDagger"],"picked":"ReplayTheSpireMod:Speed Training","floor":35},{"not_picked":["StuffTheSpire:BumpUp+1","PiercingWail","Quick Slash"],"picked":"SKIP","floor":36},{"not_picked":["Dodge and Roll","Prepared"],"picked":"Cloak And Dagger+1","floor":38},{"not_picked":["Poisoned Stab","Heel Hook","Cloak And Dagger"],"picked":"SKIP","floor":44},{"not_picked":["StuffTheSpire:Injection","PiercingWail+1"],"picked":"Deflect","floor":46},{"not_picked":["StuffTheSpire:BumpUp","Toxin Wave+1"],"picked":"StuffTheSpire:DoubleShiv","floor":48},{"not_picked":["Flying Knee+1","Dagger Throw"],"picked":"Blade Dance","floor":51},{"not_picked":["Acrobatics+1","StuffTheSpire:Sprint"],"picked":"Tactician+1","floor":52},{"not_picked":["Hidden Blade","Deadly Poison","Bane+1"],"picked":"SKIP","floor":56}],"player_experience":1919010,"relics_obtained":[{"floor":3,"key":"Replay:Arrowhead"},{"floor":9,"key":"StuffTheSpire:HeavyRock"},{"floor":11,"key":"Tingsha"},{"floor":12,"key":"Ninja Scroll"},{"floor":22,"key":"Art of War"},{"floor":26,"key":"Vampiric Spirits"},{"floor":27,"key":"SpikesRelics:DaevaFist"},{"floor":31,"key":"StuffTheSpire:Gunfinga"},{"floor":43,"key":"StuffTheSpire:CocoNut"},{"floor":44,"key":"ReplayTheSpireMod:Lightbulb"},{"floor":46,"key":"HollowMod:PaleOreRelic"},{"floor":48,"key":"Divine Protection"},{"floor":52,"key":"paleoftheancients:SoulOfTheGuardian"},{"floor":54,"key":"Replay:Ringing Soul"},{"floor":58,"key":"StuffTheSpire:Expresso"}],"event_choices":[{"damage_healed":0,"gold_gain":0,"player_choice":"Grow","damage_taken":0,"max_hp_gain":0,"max_hp_loss":0,"event_name":"Living Wall","floor":2,"gold_loss":0,"cards_upgraded":["A Thousand Cuts"]},{"damage_healed":52,"gold_gain":0,"player_choice":"Upgrade","damage_taken":21,"max_hp_gain":0,"max_hp_loss":70,"event_name":"betterThird:BetterShining","floor":13,"gold_loss":0,"cards_upgraded":["Strike_G","Defend_G"]},{"damage_healed":0,"gold_gain":0,"player_choice":"Insight","damage_taken":1,"max_hp_gain":0,"max_hp_loss":0,"event_name":"betterThird:BetterWriting","floor":24,"gold_loss":0,"cards_obtained":["Insight"]},{"damage_healed":0,"gold_gain":0,"player_choice":"1 cards matched","damage_taken":0,"max_hp_gain":0,"max_hp_loss":0,"event_name":"Match and Keep!","floor":37,"gold_loss":0,"cards_obtained":["Slice"]},{"damage_healed":0,"gold_gain":0,"player_choice":"Leave","damage_taken":0,"max_hp_gain":0,"max_hp_loss":0,"event_name":"conspire:Investor","floor":42,"gold_loss":0},{"damage_healed":0,"gold_gain":0,"player_choice":"Paid","damage_taken":0,"relics_obtained":["Red Mask"],"max_hp_gain":0,"max_hp_loss":0,"event_name":"Tomb of Lord Red Mask","floor":45,"gold_loss":78},{"damage_healed":0,"gold_gain":0,"player_choice":"Bought 3 Potions","damage_taken":0,"max_hp_gain":0,"max_hp_loss":0,"event_name":"The Woman in Blue","floor":53,"gold_loss":0}],"is_beta":false,"boss_relics":[{"not_picked":["Replay:Drink Me","energizedSpire:DeadBattery"],"picked":"StuffTheSpire:RunicHypercube"},{"not_picked":["Runesmith:UraniumAnvil","Philosopher\u0027s Stone"],"picked":"Abe\u0027s Treasure"}],"items_purged_floors":[],"is_endless":false,"potions_floor_spawned":[4,11,14,27,33,38,48,56],"killed_by":"paleoftheancients:N","ascension_level":15}}