{"host":"evny4tziu33vpgm7","time":1610221197,"event":{"mods":["100% Spire Juice","Arknights The Spire","BaseMod","BetterRewards","Booster Modes","Card Filter","Colored Map","Colored Powertips","Dota2Spire","Evolution","Fox Events","Friendly Minions","GifTheSpireLib","Minty Spire (QoL Compilation)","Puzzle Mod","Random Character Button","Random Character Mod","Rare Cards Sparkle","Relic Filter","Relic Sorter","Shop Mod","StSLib","SuperFastMode","The Caster","The Marked","Thieving Mod","????"],"gold_per_floor":[119,135,135,147,192,192,192,192,292,292,292,292],"floor_reached":11,"playtime":827,"items_purged":[],"score":64,"play_id":"34bd0365-120a-477c-82b5-5e8911df0687","local_time":"20210109123957","daily_mods":["SealedDeck","Heirloom","Flight","DeadlyEvents","Night Terrors"],"is_ascension_mode":true,"campfire_choices":[{"data":"theMarked:Opportunist","floor":6,"key":"SMITH"},{"data":"theMarked:Abjuration","floor":7,"key":"SMITH"},{"data":"theMarked:Improvise","floor":8,"key":"SMITH"},{"data":"theMarked:Overcharge","floor":10,"key":"SMITH"}],"circlet_count":0,"master_deck":["theMarked:RepellingDischarge","theMarked:CreepingChasm","theMarked:PowerFlow","theMarked:EmpowerWeapon","theMarked:Electrify","theMarked:Overcharge+1","theMarked:ComboAttacks+1","theMarked:Seal","theMarked:Abjuration+1","theMarked:ThrowWeapon","theMarked:Opportunist+1","theMarked:ElectricStrings","theMarked:Parry","theMarked:Improvise+1"],"relics":["theMarked:ArtifactOfAir","EVO:Axolotl","Girya","foxEvents:LuckyCharm","TungstenRod"],"acts_visited":["Exordium"],"potions_floor_usage":[],"damage_taken":[{"damage":0,"enemies":"Cultist","floor":1,"turns":2},{"damage":24,"enemies":"Small Slimes","floor":2,"turns":3},{"damage":0,"enemies":"2 Louse","floor":4,"turns":1},{"damage":19,"enemies":"Colosseum Slavers","floor":5,"turns":2},{"damage":29,"enemies":"3 Sentries","floor":11,"turns":3}],"seed_played":"-2366021371334940090","potions_obtained":[{"floor":1,"key":"Fire Potion"}],"is_trial":true,"path_per_floor":["M","M","?","M","?","R","R","R","T","R","E"],"character_chosen":"THE_DEFAULT","items_purchased":[],"campfire_rested":0,"item_purchase_floors":[],"current_hp_per_floor":[70,46,46,46,27,27,27,27,27,27,0,0],"gold":292,"neow_bonus":"","is_daily":false,"chose_seed":false,"campfire_upgraded":4,"win_rate":0.0,"timestamp":1610221197,"path_taken":["M","M","?","?","?","R","R","R","T","R","E"],"items_purchased_type":[],"build_version":"2020-12-22","purchased_purges":0,"victory":false,"max_hp_per_floor":[70,70,70,70,70,70,70,70,70,70,70,70],"card_choices":[{"not_picked":["theMarked:Frustration","theMarked:KeepCalmAndFightOn"],"picked":"theMarked:Opportunist","floor":1},{"not_picked":["theMarked:Parkour","theMarked:WastefulAttack"],"picked":"theMarked:ElectricStrings","floor":2},{"not_picked":["theMarked:EmpowerWeapon","theMarked:Electrify"],"picked":"theMarked:Parry","floor":4},{"not_picked":["theMarked:FavorableWinds","theMarked:BanishingStrike"],"picked":"theMarked:Improvise","floor":5}],"player_experience":873172,"relics_obtained":[{"floor":5,"key":"foxEvents:LuckyCharm"},{"floor":9,"key":"TungstenRod"}],"event_choices":[{"damage_healed":0,"gold_gain":0,"player_choice":"Upgraded","damage_taken":0,"max_hp_gain":0,"max_hp_loss":0,"event_name":"Upgrade Shrine","floor":3,"gold_loss":0,"cards_upgraded":["theMarked:ComboAttacks"]}],"is_beta":false,"boss_relics":[],"items_purged_floors":[],"is_endless":false,"potions_floor_spawned":[1],"killed_by":"3 Sentries","ascension_level":1}}