{"host":"5mo0809oo9tcrmpl","time":1610157409,"event":{"mods":["BaseMod","Highlight Path","Minty Spire (QoL Compilation)","Relic Stats","Slay the Relics Exporter"],"gold_per_floor":[112,162,182,200,211,211,223,223,523,551,563,504,520,555,555,631,631,651,670,670,73,86,86,86,86],"floor_reached":24,"playtime":964,"items_purged":[],"score":420,"play_id":"2bcc57ab-5418-4e19-8c1c-93cbfde6e8b9","local_time":"20210108195649","is_ascension_mode":true,"campfire_choices":[{"data":"Defragment","floor":15,"key":"SMITH"},{"data":"Defragment","floor":23,"key":"SMITH"}],"circlet_count":0,"master_deck":["AscendersBane","Strike_B","Strike_B","Strike_B","Strike_B","Defend_B","Defend_B","Defend_B","Defend_B","Zap+1","Dualcast","Ball Lightning","Cold Snap","Reinforced Body","BootSequence","Ball Lightning","Defragment+1","Cold Snap+1","Defragment+1","Creative AI","White Noise","Loop"],"relics":["Cracked Core","Ancient Tea Set","Molten Egg 2","Old Coin","Torii","Lantern","Runic Pyramid","Runic Capacitor","Anchor","Eternal Feather"],"acts_visited":["Exordium","TheCity"],"potions_floor_usage":[5,10,14,16,24],"damage_taken":[{"damage":3,"enemies":"Small Slimes","floor":1,"turns":3},{"damage":1,"enemies":"Cultist","floor":3,"turns":3},{"damage":10,"enemies":"2 Louse","floor":4,"turns":2},{"damage":0,"enemies":"2 Fungi Beasts","floor":5,"turns":3},{"damage":1,"enemies":"Looter","floor":7,"turns":2},{"damage":7,"enemies":"Lagavulin","floor":10,"turns":7},{"damage":1,"enemies":"Exordium Wildlife","floor":11,"turns":5},{"damage":1,"enemies":"Blue Slaver","floor":13,"turns":3},{"damage":1,"enemies":"3 Sentries","floor":14,"turns":6},{"damage":28,"enemies":"Slime Boss","floor":16,"turns":10},{"damage":7,"enemies":"Shell Parasite","floor":18,"turns":7},{"damage":0,"enemies":"Chosen","floor":19,"turns":5},{"damage":11,"enemies":"Sentry and Sphere","floor":22,"turns":7},{"damage":60,"enemies":"Slavers","floor":24,"turns":4}],"seed_played":"1743391829435968977","potions_obtained":[{"floor":1,"key":"Block Potion"},{"floor":4,"key":"Regen Potion"},{"floor":7,"key":"Dexterity Potion"},{"floor":11,"key":"Dexterity Potion"},{"floor":22,"key":"AttackPotion"}],"is_trial":false,"path_per_floor":["M","?","M","M","M","?","M","?","T","E","M","?","M","E","R","B",null,"M","M","?","$","M","R","E"],"character_chosen":"DEFECT","items_purchased":["Runic Capacitor","Anchor","Eternal Feather"],"campfire_rested":0,"item_purchase_floors":[21,21,21],"current_hp_per_floor":[61,61,60,50,50,50,49,38,38,31,30,30,29,43,43,15,57,50,50,50,50,39,51,0,0],"gold":86,"neow_bonus":"RANDOM_COMMON_RELIC","is_daily":false,"chose_seed":false,"campfire_upgraded":2,"win_rate":0.0,"timestamp":1610157409,"path_taken":["M","?","M","M","?","?","M","?","T","E","M","?","M","E","R","BOSS","M","M","?","$","M","R","E"],"items_purchased_type":["Relic","Relic","Relic"],"build_version":"2020-12-22","purchased_purges":0,"victory":false,"max_hp_per_floor":[71,71,71,71,71,71,71,71,71,71,71,71,71,71,71,71,71,71,71,71,71,71,71,71,71],"relic_stats":{"Torii":10,"counters":[14,67],"Eternal Feather":12,"obtain_stats":[{"Lantern":14,"Anchor":21,"Torii":10,"Molten Egg 2":8,"Eternal Feather":21,"Runic Capacitor":21,"Cracked Core":0,"Ancient Tea Set":0,"Old Coin":9,"Runic Pyramid":17},{"Lantern":9,"Anchor":12,"Torii":6,"Molten Egg 2":5,"Eternal Feather":12,"Runic Capacitor":12,"Cracked Core":0,"Ancient Tea Set":0,"Old Coin":5,"Runic Pyramid":10},{"Lantern":34,"Anchor":56,"Torii":20,"Molten Egg 2":13,"Eternal Feather":56,"Runic Capacitor":56,"Cracked Core":0,"Ancient Tea Set":0,"Old Coin":13,"Runic Pyramid":44}]},"card_choices":[{"not_picked":["Undo","Auto Shields"],"picked":"Ball Lightning","floor":1},{"not_picked":["Steam Power","Leap"],"picked":"Cold Snap","floor":3},{"not_picked":["Go for the Eyes","Rebound"],"picked":"Reinforced Body","floor":4},{"not_picked":["Loop","Redo"],"picked":"BootSequence","floor":5},{"not_picked":["Multi-Cast","Compile Driver"],"picked":"Ball Lightning","floor":7},{"not_picked":["Streamline+1","Sweeping Beam+1"],"picked":"Defragment","floor":10},{"not_picked":["Fusion","Streamline+1"],"picked":"Cold Snap+1","floor":11},{"not_picked":["Redo","FTL+1","Lockon+1"],"picked":"SKIP","floor":13},{"not_picked":["Lockon+1","Turbo"],"picked":"Defragment","floor":14},{"not_picked":["All For One+1","Meteor Strike+1"],"picked":"Creative AI","floor":16},{"not_picked":["Gash+1","Rebound+1","Hologram"],"picked":"SKIP","floor":18},{"not_picked":["Cold Snap+1","Leap"],"picked":"White Noise","floor":19},{"not_picked":["Rebound+1","Cold Snap+1","FTL+1"],"picked":"SKIP","floor":22}],"player_experience":1209347,"relics_obtained":[{"floor":9,"key":"Old Coin"},{"floor":10,"key":"Torii"},{"floor":14,"key":"Lantern"}],"event_choices":[{"damage_healed":0,"gold_gain":50,"player_choice":"Pray","damage_taken":0,"max_hp_gain":0,"max_hp_loss":0,"event_name":"Golden Shrine","floor":2,"gold_loss":0},{"damage_healed":0,"gold_gain":0,"player_choice":"Grow","damage_taken":0,"max_hp_gain":0,"max_hp_loss":0,"event_name":"Living Wall","floor":6,"gold_loss":0,"cards_upgraded":["Zap"]},{"damage_healed":0,"gold_gain":0,"player_choice":"Success","damage_taken":11,"relics_obtained":["Molten Egg 2"],"max_hp_gain":0,"max_hp_loss":0,"event_name":"Scrap Ooze","floor":8,"gold_loss":0},{"damage_healed":0,"gold_gain":0,"player_choice":"Left Gold","damage_taken":0,"max_hp_gain":0,"max_hp_loss":0,"event_name":"World of Goop","floor":12,"gold_loss":59},{"damage_healed":0,"gold_gain":0,"player_choice":"Read","damage_taken":0,"max_hp_gain":0,"max_hp_loss":0,"event_name":"The Library","floor":20,"gold_loss":0,"cards_obtained":["Loop"]}],"is_beta":false,"boss_relics":[{"not_picked":["Nuclear Battery","Calling Bell"],"picked":"Runic Pyramid"}],"items_purged_floors":[],"is_endless":false,"potions_floor_spawned":[1,4,7,11,13,22],"killed_by":"Slavers","ascension_level":20}}