{"host":"3y2rtlgteqp2nuo3","time":1610194884,"event":{"mods":["2.2 Compatiblity","AchievementEnabler","BaseMod","Colored Map","DeckTracker","Highlight Path","Keyboard Shortcuts","Minty Spire (QoL Compilation)","Permanent Neow","Quick Restart","StSLib","SuperFastMode","everything is the same but u backflip on backflip"],"gold_per_floor":[18,35,35,46,57,57,89,100,154,165,14,14,14,29,29,123,123,138,26,41,91,111,111,136,136,160,196,196,111,130,130,130,223,223,239,305,324,106,131,131,31,31,57,57,80,113,113,113,113,113],"floor_reached":51,"playtime":1375,"items_purged":["Regret","Defend_B"],"score":1182,"play_id":"55a69e7a-6d1b-44e1-bc0d-083af42794ec","local_time":"20210109212124","is_ascension_mode":true,"campfire_choices":[{"data":"Zap","floor":6.0,"key":"SMITH"},{"floor":12.0,"key":"REST"},{"data":"Electrodynamics","floor":15.0,"key":"SMITH"},{"data":"Echo Form","floor":23.0,"key":"SMITH"},{"floor":25.0,"key":"REST"},{"data":"Turbo","floor":28.0,"key":"SMITH"},{"floor":32.0,"key":"REST"},{"data":"Defragment","floor":40.0,"key":"SMITH"},{"data":"Coolheaded","floor":42.0,"key":"SMITH"},{"data":"FTL","floor":44.0,"key":"SMITH"},{"floor":47.0,"key":"REST"},{"data":"Reinforced Body","floor":49.0,"key":"SMITH"}],"circlet_count":0,"master_deck":["AscendersBane","Defend_B","Defend_B+1","Zap+1","Dualcast","FTL+1","Compile Driver","Lockon","Ball Lightning","Rebound","Conserve Battery","Reinforced Body+1","Echo Form+1","Turbo+1","Electrodynamics+1","Biased Cognition","Leap+1","Steam+1","Sunder+1","Streamline","Genetic Algorithm+1","Glacier","Reinforced Body+1","Core Surge","Conserve Battery+1","Defragment+1","Coolheaded+1"],"relics":["Cracked Core","PreservedInsect","Eternal Feather","Toy Ornithopter","ClockworkSouvenir","Golden Idol","Astrolabe","Centennial Puzzle","Bag of Preparation","Art of War","Sozu","Girya","Membership Card","DataDisk","War Paint","Dream Catcher"],"acts_visited":["Exordium","TheCity","TheBeyond"],"potions_floor_usage":[50,50],"damage_taken":[{"damage":1.0,"enemies":"Small Slimes","floor":1.0,"turns":3.0},{"damage":7.0,"enemies":"Jaw Worm","floor":2.0,"turns":3.0},{"damage":0.0,"enemies":"2 Louse","floor":4.0,"turns":2.0},{"damage":11.0,"enemies":"2 Fungi Beasts","floor":5.0,"turns":3.0},{"damage":26.0,"enemies":"Lagavulin","floor":7.0,"turns":5.0},{"damage":16.0,"enemies":"Exordium Thugs","floor":8.0,"turns":4.0},{"damage":2.0,"enemies":"Large Slime","floor":10.0,"turns":4.0},{"damage":4.0,"enemies":"Looter","floor":14.0,"turns":2.0},{"damage":53.0,"enemies":"Hexaghost","floor":16.0,"turns":10.0},{"damage":9.0,"enemies":"Chosen","floor":18.0,"turns":4.0},{"damage":21.0,"enemies":"2 Thieves","floor":20.0,"turns":4.0},{"damage":5.0,"enemies":"Chosen and Byrds","floor":22.0,"turns":4.0},{"damage":24.0,"enemies":"Snake Plant","floor":24.0,"turns":3.0},{"damage":14.0,"enemies":"Book of Stabbing","floor":27.0,"turns":4.0},{"damage":0.0,"enemies":"Cultist and Chosen","floor":30.0,"turns":3.0},{"damage":25.0,"enemies":"Champ","floor":33.0,"turns":13.0},{"damage":0.0,"enemies":"Orb Walker","floor":35.0,"turns":4.0},{"damage":13.0,"enemies":"2 Orb Walkers","floor":36.0,"turns":5.0},{"damage":2.0,"enemies":"3 Darklings","floor":37.0,"turns":3.0},{"damage":0.0,"enemies":"Sphere and 2 Shapes","floor":39.0,"turns":3.0},{"damage":12.0,"enemies":"4 Shapes","floor":45.0,"turns":3.0},{"damage":22.0,"enemies":"Reptomancer","floor":46.0,"turns":4.0},{"damage":60,"enemies":"Donu and Deca","floor":50,"turns":8}],"seed_played":"2801060319554975789","potions_obtained":[{"floor":2.0,"key":"BlessingOfTheForge"},{"floor":4.0,"key":"LiquidBronze"},{"floor":10.0,"key":"Swift Potion"},{"floor":14.0,"key":"PotionOfCapacity"},{"floor":20.0,"key":"Dexterity Potion"},{"floor":22.0,"key":"AttackPotion"},{"floor":33.0,"key":"DistilledChaos"}],"is_trial":false,"path_per_floor":["M","M","?","M","M","R","E","M","T","M","$","R","?","M","R","B",null,"M","$","M","?","M","R","M","R","T","E","R","?","M","?","R","B",null,"M","?","M","$","M","R","$","R","T","R","M","E","R","?","R","B",null],"character_chosen":"DEFECT","items_purchased":["ClockworkSouvenir","Genetic Algorithm","Membership Card","Defragment","DataDisk","Coolheaded"],"campfire_rested":4,"item_purchase_floors":[11,19,38,38,41,41],"current_hp_per_floor":[63,56,56,56,45,45,19,3,3,6,6,36,36,37,49,1,48,39,39,18,18,13,25,1,32,32,18,30,30,35,35,64,39,58,58,45,43,43,43,58,58,64,64,64,52,30,64,61,61,6],"gold":113,"neow_bonus":"TRANSFORM_TWO_CARDS","is_daily":false,"chose_seed":false,"campfire_upgraded":8,"win_rate":0.0,"timestamp":1610194884,"path_taken":["M","M","?","M","M","R","E","M","T","M","$","R","?","M","R","BOSS","M","$","M","?","M","R","M","R","T","E","R","?","M","?","R","BOSS","M","?","M","$","M","R","$","R","T","R","M","E","R","?","R","BOSS"],"items_purchased_type":["Relic","Card","Relic","Card","Relic","Card"],"build_version":"2020-12-22","purchased_purges":2,"victory":true,"max_hp_per_floor":[71,71,71,71,71,71,71,71,71,71,71,71,64,64,64,64,64,64,64,64,64,64,64,64,64,64,64,64,64,64,64,64,64,64,64,64,64,64,64,64,64,64,64,64,64,64,64,61,61,61],"card_choices":[{"not_picked":["Steam","Self Repair"],"picked":"Lockon","floor":1.0},{"not_picked":["Skim","Glacier"],"picked":"Ball Lightning","floor":2.0},{"not_picked":["Cold Snap","Ball Lightning"],"picked":"Rebound","floor":4.0},{"not_picked":["Barrage","Tempest"],"picked":"Conserve Battery","floor":5.0},{"not_picked":["Auto Shields","Force Field"],"picked":"Reinforced Body","floor":7.0},{"not_picked":["Gash","Cold Snap"],"picked":"Echo Form","floor":8.0},{"not_picked":["Gash","Storm"],"picked":"Turbo","floor":10.0},{"not_picked":["Redo","Barrage"],"picked":"Electrodynamics","floor":14.0},{"not_picked":["Fission","Multi-Cast"],"picked":"Biased Cognition","floor":16.0},{"not_picked":["Redo","Doom and Gloom"],"picked":"Streamline","floor":18.0},{"not_picked":["Hologram","Go for the Eyes","Ball Lightning"],"picked":"SKIP","floor":20.0},{"not_picked":["Capacitor","Rebound","Beam Cell"],"picked":"SKIP","floor":22.0},{"not_picked":["Capacitor","Rebound","Beam Cell"],"picked":"SKIP","floor":22.0},{"not_picked":["Leap+1","Capacitor"],"picked":"Glacier","floor":24.0},{"not_picked":["Rainbow","Genetic Algorithm"],"picked":"Reinforced Body+1","floor":27.0},{"not_picked":["Sweeping Beam","Rebound+1","Go for the Eyes"],"picked":"SKIP","floor":30.0},{"not_picked":["Rainbow","Biased Cognition"],"picked":"Core Surge","floor":33.0},{"not_picked":["Tempest+1","Fusion+1"],"picked":"Conserve Battery+1","floor":35.0},{"not_picked":["Stack","Turbo+1","Steam"],"picked":"SKIP","floor":37.0},{"not_picked":["Double Energy+1","Chaos+1","Cold Snap"],"picked":"SKIP","floor":39.0},{"not_picked":["Heatsinks+1","Barrage","Compile Driver"],"picked":"SKIP","floor":45.0},{"not_picked":["Conserve Battery","Steam+1","Leap"],"picked":"SKIP","floor":46.0}],"player_experience":651476,"relics_obtained":[{"floor":7.0,"key":"Eternal Feather"},{"floor":9.0,"key":"Toy Ornithopter"},{"floor":26.0,"key":"Centennial Puzzle"},{"floor":27.0,"key":"Bag of Preparation"},{"floor":36.0,"key":"Girya"},{"floor":43.0,"key":"War Paint"},{"floor":46.0,"key":"Dream Catcher"}],"event_choices":[{"damage_healed":0.0,"max_hp_gain":0.0,"max_hp_loss":0.0,"gold_gain":0.0,"event_name":"Big Fish","player_choice":"Box","floor":3.0,"gold_loss":0.0,"damage_taken":0.0,"relics_obtained":["PreservedInsect"],"cards_obtained":["Regret"]},{"damage_healed":0.0,"max_hp_gain":0.0,"max_hp_loss":7.0,"gold_gain":0.0,"event_name":"Golden Idol","player_choice":"Lose Max HP","floor":13.0,"gold_loss":0.0,"damage_taken":0.0,"relics_obtained":["Golden Idol"]},{"damage_healed":0.0,"max_hp_gain":0.0,"max_hp_loss":0.0,"gold_gain":50.0,"event_name":"Nest","player_choice":"Stole From Cult","floor":21.0,"gold_loss":0.0,"damage_taken":0.0},{"damage_healed":0.0,"max_hp_gain":0.0,"max_hp_loss":0.0,"gold_gain":0.0,"event_name":"Addict","player_choice":"Obtained Relic","floor":29.0,"gold_loss":85.0,"damage_taken":0.0,"relics_obtained":["Art of War"]},{"damage_healed":0.0,"max_hp_gain":0.0,"max_hp_loss":0.0,"gold_gain":0.0,"event_name":"Vampires","player_choice":"Ignored","floor":31.0,"gold_loss":0.0,"damage_taken":0.0},{"damage_healed":0.0,"max_hp_gain":0.0,"max_hp_loss":0.0,"gold_gain":0.0,"event_name":"Mysterious Sphere","player_choice":"Fight","floor":36.0,"gold_loss":0.0,"damage_taken":0.0},{"damage_healed":0.0,"max_hp_gain":0.0,"max_hp_loss":3.0,"gold_gain":0.0,"event_name":"Winding Halls","player_choice":"Max HP","floor":48.0,"gold_loss":0.0,"damage_taken":0.0}],"is_beta":false,"boss_relics":[{"not_picked":["Busted Crown","Nuclear Battery"],"picked":"Astrolabe"},{"not_picked":["Tiny House","Velvet Choker"],"picked":"Sozu"}],"items_purged_floors":[19,38],"is_endless":false,"potions_floor_spawned":[2,4,5,10,14,20,22,33,37,39,45,46],"ascension_level":15}}