{"host":"9tzam4717zt8ei1o","time":1610205652,"event":{"mods":["BaseMod","Colored Map","Keyboard Shortcuts","Minty Spire (QoL Compilation)","Quick Restart","StSLib","SuperFastMode"],"gold_per_floor":[110,110,110,185,202,235,235,266,266,284,310,310,327,338,338,338,338],"floor_reached":16,"playtime":233,"items_purged":[],"score":270,"play_id":"e42116e8-50a3-4ec0-9353-cc1e2f95e7bf","local_time":"20210110002052","is_ascension_mode":true,"campfire_choices":[{"data":"Eviscerate","floor":12.0,"key":"SMITH"},{"data":"Acrobatics","floor":15.0,"key":"SMITH"}],"circlet_count":0,"master_deck":["AscendersBane","Strike_G","Strike_G","Strike_G","Strike_G","Defend_G","Defend_G","Defend_G","Defend_G","Defend_G","Survivor","Neutralize","Flying Knee","Blade Dance","Deadly Poison","Tactician","Eviscerate+1","Acrobatics+1"],"relics":["Ring of the Snake","NeowsBlessing","Ninja Scroll","Incense Burner","Sundial","Odd Mushroom"],"acts_visited":["Exordium"],"potions_floor_usage":[16],"damage_taken":[{"damage":0.0,"enemies":"2 Louse","floor":1.0,"turns":1.0},{"damage":0.0,"enemies":"Jaw Worm","floor":5.0,"turns":1.0},{"damage":0.0,"enemies":"Gremlin Nob","floor":6.0,"turns":1.0},{"damage":33.0,"enemies":"3 Sentries","floor":8.0,"turns":11.0},{"damage":0.0,"enemies":"Cultist","floor":10.0,"turns":3.0},{"damage":14.0,"enemies":"The Mushroom Lair","floor":11.0,"turns":4.0},{"damage":8.0,"enemies":"3 Louse","floor":13.0,"turns":5.0},{"damage":7.0,"enemies":"Large Slime","floor":14.0,"turns":5.0},{"damage":13,"enemies":"Hexaghost","floor":16,"turns":4}],"seed_played":"-412157278263662227","potions_obtained":[{"floor":6.0,"key":"FairyPotion"},{"floor":11.0,"key":"BlessingOfTheForge"}],"is_trial":false,"path_per_floor":["M","?","?","?","M","E","T","E","T","M","?","R","M","M","R","B"],"character_chosen":"THE_SILENT","items_purchased":[],"campfire_rested":0,"item_purchase_floors":[],"current_hp_per_floor":[59,59,66,55,55,55,55,22,22,22,8,8,19,12,12,0,0],"gold":338,"neow_bonus":"THREE_ENEMY_KILL","is_daily":false,"chose_seed":false,"campfire_upgraded":2,"win_rate":0.0,"timestamp":1610205652,"path_taken":["M","?","?","?","M","E","?","E","T","?","?","R","M","M","R","BOSS"],"items_purchased_type":[],"build_version":"2020-12-22","purchased_purges":0,"victory":false,"max_hp_per_floor":[66,66,66,66,66,66,66,66,66,66,66,66,66,66,66,66,66],"card_choices":[{"not_picked":["PiercingWail","Finisher"],"picked":"Flying Knee","floor":1.0},{"not_picked":["PiercingWail","Sucker Punch"],"picked":"Blade Dance","floor":5.0},{"not_picked":["Deflect","Sucker Punch"],"picked":"Deadly Poison","floor":6.0},{"not_picked":["Distraction","Expertise"],"picked":"Tactician","floor":8.0},{"not_picked":["Underhanded Strike","Endless Agony"],"picked":"Eviscerate","floor":10.0},{"not_picked":["Dagger Throw","Eviscerate"],"picked":"Acrobatics","floor":13.0},{"not_picked":["Dagger Spray","Outmaneuver","Concentrate"],"picked":"SKIP","floor":14.0}],"player_experience":171998,"relics_obtained":[{"floor":6.0,"key":"Ninja Scroll"},{"floor":8.0,"key":"Incense Burner"},{"floor":9.0,"key":"Sundial"},{"floor":11.0,"key":"Odd Mushroom"}],"event_choices":[{"cards_removed":["Strike_G"],"damage_healed":0.0,"max_hp_gain":0.0,"max_hp_loss":0.0,"gold_gain":0.0,"event_name":"Living Wall","player_choice":"Forget","floor":2.0,"gold_loss":0.0,"damage_taken":0.0},{"damage_healed":22.0,"max_hp_gain":0.0,"max_hp_loss":0.0,"gold_gain":0.0,"event_name":"Big Fish","player_choice":"Banana","floor":3.0,"gold_loss":0.0,"damage_taken":0.0},{"damage_healed":0.0,"max_hp_gain":0.0,"max_hp_loss":0.0,"gold_gain":75.0,"event_name":"World of Goop","player_choice":"Gather Gold","floor":4.0,"gold_loss":0.0,"damage_taken":11.0},{"damage_healed":0.0,"max_hp_gain":0.0,"max_hp_loss":0.0,"gold_gain":0.0,"event_name":"Mushrooms","player_choice":"Fought Mushrooms","floor":11.0,"gold_loss":0.0,"damage_taken":0.0}],"is_beta":false,"boss_relics":[],"items_purged_floors":[],"is_endless":false,"potions_floor_spawned":[6,11],"killed_by":"Hexaghost","ascension_level":20}}