{"host":"d3is8viywkqxo0ur","time":1610184490,"event":{"mods":["BaseMod","Colored Powertips","Downfall","KomeijiMod","Minty Spire (QoL Compilation)","Relic Stats","Replay The Spire","StSLib","The Administrix","The Runesmith","The Servant 0.9.4","Youmu£®ªÍ∆«—˝√Œ£©","Yuyuko","noobMod","≤–¡Ù÷ÆŒÔ"],"gold_per_floor":[109,121,69084,69098,69098,69133,69133,68134,68158,68158,68173,68173,68173,68187,68187,68284,68284,68302,68322,67335,67346,67356,67356,67386,67399,67399,67399,67424,67437,67437,67437,67437,67537,67587,67606,66738,66754,65616,65616,65627,65655,65671,65671,65684,65684,65684,65700,65700],"floor_reached":47,"playtime":3809,"items_purged":["Defend_Komeiji","Strike_Komeiji","Defend_Komeiji","Lonely","Defend_Komeiji"],"score":674,"play_id":"0b0d34e8-67c1-48e2-97ce-78d6fd128fab","local_time":"20210109172810","is_ascension_mode":false,"campfire_choices":[{"data":"RoshinSou+1","floor":7,"key":"SWEEP"},{"data":"HelanNingyou","floor":10,"key":"SMITH"},{"floor":12,"key":"REST"},{"data":"Mishyaguji+1","floor":15,"key":"SWEEP"},{"floor":30,"key":"RECALL"},{"data":"Strike_Komeiji","floor":32,"key":"PURGE"}],"circlet_count":0,"master_deck":["Dash_Komeiji","GasuOrimono","SeekerWire+1","NingyouKisou+1","SuitokuNoKyoryu","Thinking Ahead+1","RikonNoKama+1","NarrowSpark","HelanNingyou+1","RoshinSou+1","Sadistic Nature","PreThought+1","NingyouSousou+1","OoedoNingyou+1","Agarareta+1","KimairaNoYoku+1","Mishyaguji+1","SemiAutomaton+1","GroundStardust+1","Melting","NingyouSP+1","Discovery+1","GasuOrimono","CS_Komachi","Sabishigari+1","Sabishigari+1","SeekerWire+1","NingyouFukuhei+1","YuumeiNoKurin","SeekerDolls+1","NingyouShinki+1","VanishingEverything+1","FreezeTouchMe+1","GasuOrimono","expansioncontent:BronzeBeam","TerribleSouvenir+1","Agarareta+1","expansioncontent:StudyTheSpire","KokorosuKi+1","KimairaNoYoku+1","NarrowSpark","Enlightenment+1","Secret Weapon+1","DemonsDinnerFork+1","MusouMyousyu","SeekerDolls+1","MunenMusou","NingyouSP+1"],"relics":["KomeijisEye","SpellCardsRule","MusicBox","ice","Cauldron","ReplayTheSpireMod:Lightbulb","Nunchaku","Dream Catcher","Toxic Egg 2","StoneCalendar","Lantern","Replay:Ancient Bell","PlaceholderMod:DeVermisMysteriis","Shuriken","ShirouKen","Replay:Mystery Machine","Replay:Multitool","Frozen Eye","CrystalOfMemory","Letter Opener","Tiny House","Chameleon Ring","Anchor","NitorisBag","Bottled Tornado","SpellExtend","OrangePellets","Du-Vu Doll","Bottled Flame","Divine Protection"],"acts_visited":["Exordium","TheCity","TheBeyond"],"potions_floor_usage":[6,16,24],"damage_taken":[{"damage":1,"enemies":"Jaw Worm","floor":1,"turns":7},{"damage":13,"enemies":"2 Louse","floor":2,"turns":3},{"damage":8,"enemies":"Small Slimes","floor":4,"turns":5},{"damage":28,"enemies":"Gremlin Nob","floor":6,"turns":7},{"damage":0,"enemies":"Red Slaver","floor":11,"turns":2},{"damage":0,"enemies":"Exordium Wildlife","floor":14,"turns":1},{"damage":0,"enemies":"Slime Boss","floor":16,"turns":7},{"damage":30,"enemies":"Chosen","floor":18,"turns":7},{"damage":13,"enemies":"Shell Parasite","floor":19,"turns":5},{"damage":12,"enemies":"Centurion and Healer","floor":21,"turns":4},{"damage":0,"enemies":"Sentry and Sphere","floor":22,"turns":3},{"damage":28,"enemies":"Slavers","floor":24,"turns":3},{"damage":33,"enemies":"Snecko","floor":25,"turns":5},{"damage":20,"enemies":"Replay:Snechameleon","floor":28,"turns":5},{"damage":0,"enemies":"3 Cultists","floor":29,"turns":2},{"damage":19,"enemies":"Collector","floor":33,"turns":5},{"damage":21,"enemies":"3 Shapes","floor":35,"turns":2},{"damage":0,"enemies":"Orb Walker","floor":37,"turns":2},{"damage":5,"enemies":"Sphere and 2 Shapes","floor":40,"turns":2},{"damage":2,"enemies":"Nemesis","floor":41,"turns":3},{"damage":0,"enemies":"Writhing Mass","floor":42,"turns":2},{"damage":0,"enemies":"Maw","floor":44,"turns":4},{"damage":0,"enemies":"Transient","floor":47,"turns":5}],"seed_played":"7479768586468411339","potions_obtained":[{"floor":3,"key":"champ:CounterPotion"},{"floor":3,"key":"Reflective Coating"},{"floor":3,"key":"Ancient Potion"},{"floor":4,"key":"Toxic Potion"},{"floor":6,"key":"LifebloodPotion"},{"floor":21,"key":"Ancient Potion"},{"floor":22,"key":"Fruit Juice"},{"floor":28,"key":"Fire Potion"},{"floor":33,"key":"Venom Potion"}],"is_trial":false,"path_per_floor":["M","M","$","M","?","E","R","$","T","R","M","R","?","M","R","B",null,"M","M","$","M","M","R","E","M","T","?","E","M","R","?","R","B",null,"M","$","M","$","T","M","E","M","T","M","?","R","M"],"character_chosen":"KomeijiSatori","items_purchased":["SeekerWire+1","Cauldron","NingyouKisou+1","SuitokuNoKyoryu","ReplayTheSpireMod:Lightbulb","Nunchaku","Thinking Ahead","RikonNoKama+1","Toxic Egg 2","StoneCalendar","Sadistic Nature","PreThought+1","NingyouSousou+1","OoedoNingyou+1","Replay:Mystery Machine","Replay:Multitool","Frozen Eye","NingyouSP+1","Discovery+1","GasuOrimono","Sabishigari+1","Chameleon Ring","Anchor","NitorisBag","expansioncontent:StudyTheSpire","Bottled Tornado","KimairaNoYoku+1","NarrowSpark","SpellExtend","OrangePellets","Enlightenment+1","Secret Weapon+1"],"campfire_rested":1,"item_purchase_floors":[3,3,3,3,3,3,3,3,8,8,8,8,8,8,20,20,20,20,20,20,20,36,36,36,36,38,38,38,38,38,38,38],"current_hp_per_floor":[54,43,43,37,30,7,12,12,12,12,12,28,28,28,33,37,55,30,19,19,55,55,57,36,7,7,7,62,63,63,63,63,44,87,66,66,66,66,66,61,59,59,59,59,59,59,59,59],"gold":65700,"neow_bonus":"TEN_PERCENT_HP_BONUS","is_daily":false,"chose_seed":false,"campfire_upgraded":1,"win_rate":0.0,"timestamp":1610184490,"path_taken":["M","M","$","M","?","E","R","$","T","R","M","R","?","M","R","BOSS","M","M","$","M","M","R","E","M","T","?","E","M","R","?","R","BOSS","M","$","M","$","?","?","E","M","T","M","?","R","M"],"items_purchased_type":["Card","Relic","Card","Card","Relic","Relic","Card","Card","Relic","Relic","Card","Card","Card","Card","Relic","Relic","Relic","Card","Card","Card","Card","Relic","Relic","Relic","Card","Relic","Card","Card","Relic","Relic","Card","Card"],"build_version":"2020-12-22","purchased_purges":5,"victory":false,"max_hp_per_floor":[55,55,55,55,55,55,55,55,55,55,55,55,55,55,55,55,55,55,55,55,56,57,57,67,70,70,70,81,81,81,81,81,82,87,93,93,94,94,94,96,99,100,100,101,101,101,106,106],"relic_stats":{"OrangePellets":[3],"Nunchaku":[11],"Dream Catcher":2,"counters":[23,91],"Shuriken":[11],"StoneCalendar":[0],"Letter Opener":[97],"obtain_stats":[{"Divine Protection":43,"Lantern":9,"ShirouKen":17,"Tiny House":34,"StoneCalendar":8,"PlaceholderMod:DeVermisMysteriis":17,"ice":0,"Replay:Multitool":20,"Replay:Mystery Machine":20,"Bottled Tornado":38,"Frozen Eye":20,"Nunchaku":3,"Dream Catcher":6,"Chameleon Ring":36,"KomeijisEye":0,"Toxic Egg 2":8,"MusicBox":0,"Replay:Ancient Bell":17,"Letter Opener":28,"Du-Vu Doll":39,"Cauldron":3,"CrystalOfMemory":24,"NitorisBag":36,"OrangePellets":38,"Anchor":36,"Bottled Flame":41,"SpellExtend":38,"Shuriken":17,"SpellCardsRule":0,"ReplayTheSpireMod:Lightbulb":3},{"Divine Protection":21,"Lantern":4,"ShirouKen":7,"Tiny House":16,"StoneCalendar":4,"PlaceholderMod:DeVermisMysteriis":7,"ice":0,"Replay:Multitool":9,"Replay:Mystery Machine":9,"Bottled Tornado":18,"Frozen Eye":9,"Nunchaku":2,"Dream Catcher":4,"Chameleon Ring":17,"KomeijisEye":0,"Toxic Egg 2":4,"MusicBox":0,"Replay:Ancient Bell":7,"Letter Opener":14,"Du-Vu Doll":18,"Cauldron":2,"CrystalOfMemory":12,"NitorisBag":17,"OrangePellets":18,"Anchor":17,"Bottled Flame":20,"SpellExtend":18,"Shuriken":7,"SpellCardsRule":0,"ReplayTheSpireMod:Lightbulb":2},{"Divine Protection":82,"Lantern":22,"ShirouKen":32,"Tiny House":71,"StoneCalendar":22,"PlaceholderMod:DeVermisMysteriis":32,"ice":0,"Replay:Multitool":44,"Replay:Mystery Machine":44,"Bottled Tornado":75,"Frozen Eye":44,"Nunchaku":10,"Dream Catcher":22,"Chameleon Ring":73,"KomeijisEye":0,"Toxic Egg 2":22,"MusicBox":0,"Replay:Ancient Bell":32,"Letter Opener":64,"Du-Vu Doll":75,"Cauldron":10,"CrystalOfMemory":54,"NitorisBag":73,"OrangePellets":75,"Anchor":73,"Bottled Flame":80,"SpellExtend":75,"Shuriken":32,"SpellCardsRule":0,"ReplayTheSpireMod:Lightbulb":10}]},"card_choices":[{"not_picked":["KeiseiJin+1","DochyakuKami+1"],"picked":"GasuOrimono","floor":1},{"not_picked":["Agarareta+1","HenyouMirume"],"picked":"SenyouGoraku+1","floor":2},{"not_picked":["MakuraSeki","Mishyaguji+1"],"picked":"NarrowSpark","floor":4},{"not_picked":["Melting","HagoromoMizu"],"picked":"HelanNingyou","floor":6},{"not_picked":["MusuNoYume+1","KinbakuJin+1"],"picked":"Agarareta+1","floor":11},{"not_picked":["DemonLordCradle","NingyouShinki+1"],"picked":"Agarareta+1","floor":12},{"not_picked":["NingyouShinki+1","ArtfulChanter+1"],"picked":"KimairaNoYoku+1","floor":14},{"not_picked":["TerribleSouvenir+1","TerribleSouvenir+1"],"picked":"SemiAutomaton","floor":16},{"not_picked":["CommonCold","Confused"],"picked":"Decay","floor":17},{"not_picked":["Exhaustion","CurseOfTheBell"],"picked":"Lonely","floor":17},{"not_picked":["Replay:UnknownCurse","Writhe"],"picked":"CommonCold","floor":17},{"not_picked":["Agarareta+1","Melting"],"picked":"GroundStardust+1","floor":18},{"not_picked":["MusuNoYume+1","NingyouShinki+1"],"picked":"Melting","floor":19},{"not_picked":["DemonLordCradle","SatsujinDooru+1"],"picked":"SeekerWire+1","floor":21},{"not_picked":["NingyouYunhei+1","SelfTokamak+1"],"picked":"NingyouFukuhei+1","floor":22},{"not_picked":["NingyouKisou+1","ShyakuBuku+1"],"picked":"YuumeiNoKurin","floor":23},{"not_picked":["JyouchiJin+1","HelanNingyou+1"],"picked":"SeekerDolls+1","floor":24},{"not_picked":["HagoromoMizu","InscribeRedSoul"],"picked":"NingyouShinki+1","floor":25},{"not_picked":["MakuraSeki+1","DochyakuKami+1"],"picked":"FreezeTouchMe+1","floor":28},{"not_picked":["EnMu+1","NingyouSousou+1"],"picked":"GasuOrimono","floor":29},{"not_picked":["HelanNingyou+1","YuumeiNoKurin"],"picked":"TerribleSouvenir+1","floor":33},{"not_picked":["Melting","Sabishigari+1"],"picked":"Agarareta+1","floor":34},{"not_picked":["InscribeRedSoul","HagoromoMizu","NingyouSousou+1"],"picked":"SKIP","floor":35},{"not_picked":["DochyakuKami+1","SuitokuNoKyoryu+1"],"picked":"KokorosuKi+1","floor":37},{"not_picked":["Melting+1","DemonLordCradle+1"],"picked":"DemonsDinnerFork+1","floor":40},{"not_picked":["Sabishigari+1","SelfTokamak+1"],"picked":"MusouMyousyu","floor":41},{"not_picked":["ArtfulChanter+1","JyouchiJin+1","ShyakuBuku+1"],"picked":"SKIP","floor":42},{"not_picked":["DemonsDinnerFork+1","YoukiSo+1"],"picked":"SeekerDolls+1","floor":44},{"not_picked":["KoKei+1","MusuNoYume+1"],"picked":"NingyouSP+1","floor":47}],"player_experience":106362,"relics_obtained":[{"floor":6,"key":"Dream Catcher"},{"floor":9,"key":"Lantern"},{"floor":24,"key":"CrystalOfMemory"},{"floor":28,"key":"Letter Opener"},{"floor":39,"key":"Du-Vu Doll"},{"floor":41,"key":"Bottled Flame"},{"floor":43,"key":"Divine Protection"}],"event_choices":[{"cards_removed":["Strike_Komeiji"],"damage_healed":0,"gold_gain":0,"player_choice":"Card Removal","damage_taken":7,"max_hp_gain":0,"max_hp_loss":0,"event_name":"Golden Wing","floor":5,"gold_loss":0},{"damage_healed":0,"gold_gain":0,"player_choice":"1 cards matched","damage_taken":0,"max_hp_gain":0,"max_hp_loss":0,"event_name":"Match and Keep!","floor":31,"gold_loss":0,"cards_obtained":["expansioncontent:BronzeBeam"]},{"cards_removed":["CommonCold","Decay"],"damage_healed":0,"gold_gain":0,"player_choice":"Removed Curses","damage_taken":0,"max_hp_gain":0,"max_hp_loss":0,"event_name":"Fountain of Cleansing","floor":45,"gold_loss":0}],"is_beta":false,"boss_relics":[{"not_picked":["Snecko Eye","Calling Bell"],"picked":"Replay:Ancient Bell"},{"not_picked":["Oddly Smooth Stone","Replay:Rubber Ducky"],"picked":"PlaceholderMod:DeVermisMysteriis"},{"not_picked":["White Beast Statue","Snack Pack"],"picked":"Shuriken"},{"not_picked":["WingedGreaves","Thread and Needle"],"picked":"ShirouKen"},{"not_picked":["ReplayTheSpireMod:DimensionalGlitch","Kintsugi"],"picked":"Tiny House"}],"items_purged_floors":[3,8,20,36,38],"is_endless":false,"potions_floor_spawned":[4,6,14,21,22,28,33,35,37],"killed_by":"Transient","ascension_level":0}}