{"host":"3498uni0c31c9bdm","time":1610222395,"event":{"mods":["BaseMod","Better Third Choice","Minty Spire (QoL Compilation)","Replay The Spire","StSLib"],"gold_per_floor":[109,109,109,109,121,121,142,142,176,176,176,33,33,33,33],"floor_reached":14,"playtime":371,"items_purged":[],"score":118,"play_id":"5384db35-2e7b-4ac5-902d-3040a77a0bb8","local_time":"20210110065955","is_ascension_mode":true,"campfire_choices":[{"floor":8,"key":"REST"},{"floor":10,"key":"REST"},{"floor":13,"key":"REST"}],"circlet_count":0,"master_deck":["Strike_R+1","Strike_R","Strike_R","Strike_R","Strike_R","Defend_R","Defend_R","Defend_R","Defend_R","Bash","Demonic Infusion","Cleave","Carnage","Dual Wield","Armaments"],"relics":["Burning Blood","Odd Mushroom","Replay:Kaleidoscope","Toolbox"],"acts_visited":["Exordium"],"potions_floor_usage":[9,14],"damage_taken":[{"damage":8,"enemies":"Jaw Worm","floor":1,"turns":4},{"damage":7,"enemies":"Small Slimes","floor":5,"turns":3},{"damage":30,"enemies":"The Mushroom Lair","floor":7,"turns":3},{"damage":66,"enemies":"Lagavulin","floor":9,"turns":7},{"damage":58,"enemies":"3 Sentries","floor":14,"turns":6}],"seed_played":"-4391174896781625067","potions_obtained":[{"floor":5,"key":"Venom Potion"},{"floor":7,"key":"Dexterity Potion"}],"is_trial":false,"path_per_floor":["M","?","PTL","PTL","M","?","?","R","E","R","T","$","R","E"],"character_chosen":"IRONCLAD","items_purchased":["Toolbox"],"campfire_rested":3,"item_purchase_floors":[12],"current_hp_per_floor":[70,70,70,70,69,69,45,69,9,33,33,33,57,0,0],"gold":33,"neow_bonus":"ONE_RANDOM_RARE_CARD","is_daily":false,"chose_seed":false,"campfire_upgraded":0,"win_rate":0.0,"timestamp":1610222395,"path_taken":["M","?","PTL","PTL","M","?","?","R","E","R","T","$","R","E"],"items_purchased_type":["Relic"],"build_version":"2020-12-22","purchased_purges":0,"victory":false,"max_hp_per_floor":[80,80,80,80,80,80,80,80,80,80,80,80,80,80,80],"card_choices":[{"not_picked":["Warcry","Replay:Undeath\u0027s Touch"],"picked":"Cleave","floor":1},{"not_picked":["Clothesline","Replay:Undeath\u0027s Touch"],"picked":"Carnage","floor":5},{"not_picked":["Reckless Charge","True Grit"],"picked":"Dual Wield","floor":7},{"not_picked":["Combust","Infernal Blade"],"picked":"Armaments","floor":9}],"player_experience":673722,"relics_obtained":[{"floor":7,"key":"Odd Mushroom"},{"floor":9,"key":"Replay:Kaleidoscope"}],"event_choices":[{"damage_healed":0,"gold_gain":0,"player_choice":"Leave","damage_taken":0,"max_hp_gain":0,"max_hp_loss":0,"event_name":"The Cleric","floor":2,"gold_loss":0},{"damage_healed":0,"gold_gain":0,"player_choice":"Fought Mushrooms","damage_taken":0,"max_hp_gain":0,"max_hp_loss":0,"event_name":"Mushrooms","floor":7,"gold_loss":0}],"is_beta":false,"boss_relics":[],"items_purged_floors":[],"is_endless":false,"potions_floor_spawned":[5,7],"killed_by":"3 Sentries","ascension_level":8}}