{"host":"wwo1kwxjf4eyz37q","time":1610205089,"event":{"mods":["AchievementEnabler","BaseMod","Colored Map","Minty Spire (QoL Compilation)","Quick Restart","SuperFastMode"],"gold_per_floor":[368,368,293,243,89,89,107,107,153,170,199,211,223,264,276,387,399,421,1,19,19,19,19,32,32,83,383,412,428,441,78,78,182,182,197,213,146,200,200,200,250,268,268,293,293,293,293,89,89,89],"floor_reached":51,"playtime":2718,"items_purged":["Strike_P","Strike_P","Defend_P"],"score":1021,"play_id":"270510de-6055-4725-909b-d88601db1fc1","local_time":"20210110001129","is_ascension_mode":true,"campfire_choices":[{"data":"Eruption","floor":6.0,"key":"SMITH"},{"data":"Scrawl","floor":12.0,"key":"SMITH"},{"floor":15.0,"key":"REST"},{"floor":23.0,"key":"REST"},{"floor":25.0,"key":"REST"},{"data":"Vault","floor":32.0,"key":"SMITH"},{"data":"Fasting2","floor":40.0,"key":"SMITH"},{"data":"Halt","floor":47,"key":"SMITH"},{"floor":49,"key":"REST"}],"circlet_count":0,"master_deck":["Strike_P+1","Strike_P","Defend_P+1","Defend_P+1","Eruption+1","Vigilance+1","CutThroughFate+1","Scrawl+1","SandsOfTime+1","LessonLearned","BattleHymn+1","Halt+1","Vault+1","Scrawl+1","Fasting2+1","FearNoEvil+1"],"relics":["PureWater","Pen Nib","MawBank","Prayer Wheel","Whetstone","Philosopher\u0027s Stone","Ice Cream","StoneCalendar","Akabeko","Old Coin","Lizard Tail","Lantern","Cursed Key","Ginger","Incense Burner","InkBottle","Happy Flower"],"acts_visited":["TheCity","TheBeyond"],"potions_floor_usage":[50,50,50],"damage_taken":[{"damage":0.0,"enemies":"Small Slimes","floor":1.0,"turns":2.0},{"damage":0.0,"enemies":"Jaw Worm","floor":7.0,"turns":2.0},{"damage":0.0,"enemies":"2 Louse","floor":10.0,"turns":2.0},{"damage":27.0,"enemies":"3 Sentries","floor":11.0,"turns":8.0},{"damage":0.0,"enemies":"Gremlin Nob","floor":14.0,"turns":2.0},{"damage":18.0,"enemies":"Hexaghost","floor":16.0,"turns":7.0},{"damage":26.0,"enemies":"3 Byrds","floor":18.0,"turns":4.0},{"damage":24.0,"enemies":"2 Thieves","floor":20.0,"turns":2.0},{"damage":0.0,"enemies":"Snecko","floor":24.0,"turns":2.0},{"damage":0.0,"enemies":"Book of Stabbing","floor":28.0,"turns":2.0},{"damage":5.0,"enemies":"Centurion and Healer","floor":29.0,"turns":3.0},{"damage":19.0,"enemies":"Snake Plant","floor":30.0,"turns":2.0},{"damage":7.0,"enemies":"Champ","floor":33.0,"turns":7.0},{"damage":0.0,"enemies":"Orb Walker","floor":35.0,"turns":2.0},{"damage":4.0,"enemies":"3 Shapes","floor":36.0,"turns":3.0},{"damage":0.0,"enemies":"2 Orb Walkers","floor":38.0,"turns":2.0},{"damage":0.0,"enemies":"Mind Bloom Boss Battle","floor":41.0,"turns":2.0},{"damage":0.0,"enemies":"3 Darklings","floor":42.0,"turns":3.0},{"damage":0,"enemies":"Giant Head","floor":44,"turns":4},{"damage":55,"enemies":"Awakened One","floor":50,"turns":8}],"seed_played":"7070916662787403673","potions_obtained":[{"floor":1.0,"key":"ColorlessPotion"},{"floor":11.0,"key":"Regen Potion"},{"floor":14.0,"key":"FearPotion"},{"floor":16.0,"key":"GamblersBrew"},{"floor":20.0,"key":"BottledMiracle"},{"floor":24.0,"key":"LiquidMemories"},{"floor":28.0,"key":"Block Potion"},{"floor":38.0,"key":"DuplicationPotion"},{"floor":41.0,"key":"Weak Potion"},{"floor":42.0,"key":"SpeedPotion"}],"is_trial":false,"path_per_floor":["M","?","$","?","$","R","M","?","T","M","E","R","T","E","R","B",null,"M","$","M","?","$","R","M","R","T","T","E","M","M","$","R","B",null,"M","M","$","?","?","R","?","M","T","E","$","$","R","$","R","B",null],"character_chosen":"WATCHER","items_purchased":["CutThroughFate","Ice Cream","Vault","Lantern","AttackPotion","Fasting2","Happy Flower","PowerPotion"],"campfire_rested":4,"item_purchase_floors":[5,19,31,31,31,37,48,48],"current_hp_per_floor":[47,71,71,71,71,71,71,57,57,57,30,30,30,35,56,38,64,38,38,14,14,14,35,35,56,56,56,56,51,32,32,32,25,60,60,56,56,56,56,56,56,56,56,56,56,56,56,56,68,13],"gold":89,"neow_bonus":"TWO_FIFTY_GOLD","is_daily":false,"chose_seed":false,"campfire_upgraded":5,"win_rate":0.0,"timestamp":1610205089,"path_taken":["M","?","$","?","$","R","M","?","T","M","E","R","?","E","R","BOSS","M","?","M","?","?","R","M","R","T","?","E","M","M","$","R","BOSS","M","M","$","?","?","R","?","M","T","E","?","$","R","$","R","BOSS"],"items_purchased_type":["Card","Relic","Card","Relic","Potion","Card","Relic","Potion"],"build_version":"2020-12-22","purchased_purges":3,"victory":true,"max_hp_per_floor":[72,72,72,72,72,72,72,72,72,72,72,72,72,72,72,72,72,72,72,72,72,72,72,72,72,72,72,72,72,72,72,72,72,72,72,72,72,72,68,68,68,68,68,68,68,68,68,68,68,68],"card_choices":[{"not_picked":["WaveOfTheHand","Prostrate","Weave"],"picked":"SKIP","floor":1.0},{"not_picked":["EmptyFist","Consecrate","BowlingBash"],"picked":"SKIP","floor":7.0},{"not_picked":["EmptyFist","Consecrate","BowlingBash"],"picked":"SKIP","floor":7.0},{"not_picked":["Prostrate","EmptyMind","ReachHeaven"],"picked":"SKIP","floor":10.0},{"not_picked":["ForeignInfluence","LikeWater","Scrawl"],"picked":"SKIP","floor":11.0},{"not_picked":["ForeignInfluence","LikeWater"],"picked":"Scrawl","floor":11.0},{"not_picked":["Prostrate","BattleHymn"],"picked":"SandsOfTime","floor":14.0},{"not_picked":["Alpha","Judgement"],"picked":"LessonLearned","floor":16.0},{"not_picked":["Crescendo","FlyingSleeves","Prostrate"],"picked":"SKIP","floor":18.0},{"not_picked":["EmptyBody","CrushJoints","Consecrate"],"picked":"SKIP","floor":18.0},{"not_picked":["ClearTheMind","Crescendo","SignatureMove"],"picked":"SKIP","floor":20.0},{"not_picked":["Wireheading+1","EmptyFist","DeceiveReality"],"picked":"SKIP","floor":20.0},{"not_picked":["BowlingBash","ConjureBlade"],"picked":"BattleHymn+1","floor":24.0},{"not_picked":["LikeWater","ForeignInfluence","Prostrate"],"picked":"SKIP","floor":24.0},{"not_picked":["Establishment","EmptyBody+1","FlurryOfBlows"],"picked":"SKIP","floor":28.0},{"not_picked":["FollowUp+1","SignatureMove+1"],"picked":"Halt","floor":29.0},{"not_picked":["ThirdEye","Tantrum+1","Prostrate"],"picked":"SKIP","floor":29.0},{"not_picked":["Alpha","EmptyFist","Prostrate+1"],"picked":"SKIP","floor":30.0},{"not_picked":["ClearTheMind","EmptyBody+1","FlurryOfBlows+1"],"picked":"SKIP","floor":30.0},{"not_picked":["LessonLearned","Establishment"],"picked":"Scrawl","floor":33.0},{"not_picked":["CrushJoints","ThirdEye","WheelKick"],"picked":"SKIP","floor":35.0},{"not_picked":["Prostrate","EmptyBody+1","Meditate+1"],"picked":"SKIP","floor":35.0},{"not_picked":["EmptyBody+1","FlurryOfBlows","Tantrum"],"picked":"SKIP","floor":36.0},{"not_picked":["Nirvana+1","Prostrate","FollowUp"],"picked":"SKIP","floor":36.0},{"not_picked":["CrushJoints+1","Tantrum+1"],"picked":"FearNoEvil+1","floor":42.0},{"not_picked":["ThirdEye","ConjureBlade","DeceiveReality+1"],"picked":"SKIP","floor":42.0},{"not_picked":["ThirdEye+1","Perseverance","CutThroughFate+1"],"picked":"SKIP","floor":44}],"player_experience":208845,"relics_obtained":[{"floor":9.0,"key":"Pen Nib"},{"floor":11.0,"key":"MawBank"},{"floor":13.0,"key":"Prayer Wheel"},{"floor":14.0,"key":"Whetstone"},{"floor":26.0,"key":"Akabeko"},{"floor":27.0,"key":"Old Coin"},{"floor":28.0,"key":"Lizard Tail"},{"floor":38.0,"key":"Ginger"},{"floor":41.0,"key":"Incense Burner"},{"floor":44,"key":"InkBottle"}],"event_choices":[{"damage_healed":24.0,"max_hp_gain":0.0,"max_hp_loss":0.0,"gold_gain":0.0,"event_name":"Big Fish","player_choice":"Banana","floor":2.0,"gold_loss":0.0,"damage_taken":0.0},{"cards_removed":["Defend_P"],"damage_healed":0.0,"max_hp_gain":0.0,"max_hp_loss":0.0,"gold_gain":0.0,"event_name":"The Cleric","player_choice":"Card Removal","floor":4.0,"gold_loss":50.0,"damage_taken":0.0},{"damage_healed":0.0,"max_hp_gain":0.0,"max_hp_loss":0.0,"gold_gain":0.0,"event_name":"Shining Light","player_choice":"Entered Light","floor":8.0,"gold_loss":0.0,"damage_taken":14.0,"cards_upgraded":["Vigilance","Defend_P"]},{"damage_healed":0.0,"max_hp_gain":0.0,"max_hp_loss":0.0,"gold_gain":0.0,"event_name":"The Mausoleum","player_choice":"Opened","floor":21.0,"gold_loss":0.0,"damage_taken":0.0,"relics_obtained":["StoneCalendar"]},{"damage_healed":0.0,"max_hp_gain":0.0,"max_hp_loss":0.0,"gold_gain":0.0,"event_name":"Mysterious Sphere","player_choice":"Fight","floor":38.0,"gold_loss":0.0,"damage_taken":0.0},{"damage_healed":0.0,"max_hp_gain":0.0,"max_hp_loss":4.0,"gold_gain":0.0,"event_name":"Winding Halls","player_choice":"Max HP","floor":39.0,"gold_loss":0.0,"damage_taken":0.0},{"damage_healed":0.0,"max_hp_gain":0.0,"max_hp_loss":0.0,"gold_gain":0.0,"event_name":"MindBloom","player_choice":"Fight","floor":41.0,"gold_loss":0.0,"damage_taken":0.0}],"is_beta":false,"boss_relics":[{"not_picked":["SacredBark","SlaversCollar"],"picked":"Philosopher\u0027s Stone"},{"not_picked":["Snecko Eye","Black Star"],"picked":"Cursed Key"}],"items_purged_floors":[3,5,19],"is_endless":false,"potions_floor_spawned":[1,11,14,16,20,24,28,33,36,38,41,42],"ascension_level":6}}