{"host":"gqcohn9v5baj3dmw","time":1610219043,"event":{"mods":["BaseMod","Better Note","Better Sensory Stone","Better Skull","Colored Map","Downfall","Marked Mod","Minty Spire (QoL Compilation)","Rare Cards Sparkle","Relic Stats","StSLib"],"gold_per_floor":[99,118,132,152,212,212,212,232,243,243,272,286,286,297,314,419,469,469,483,483,502,512,44,44,44,44,44],"floor_reached":25,"playtime":2395,"items_purged":[],"score":228,"play_id":"e5c936da-b2fd-4db8-848f-fa9642b20798","local_time":"20210109200403","is_ascension_mode":true,"campfire_choices":[{"data":"champ:Defend","floor":1,"key":"SMITH"},{"data":"champ:BladeFlurry","floor":6,"key":"SMITH"},{"floor":10,"key":"REST"},{"floor":13,"key":"REST"},{"data":"champ:RecklessLeap","floor":18,"key":"SMITH"}],"circlet_count":0,"master_deck":["champ:Strike","champ:Strike","champ:Strike","champ:Strike","champ:Defend+1","champ:Defend","champ:Defend+1","champ:Defend+1","champ:Execute","champ:Taunt+1","champ:GladiatorsShout","champ:ShieldSigil+1","champ:BladeFlurry+1","champ:FlashCut","champ:EnragedBash","champ:GladiatorStyle","champ:RecklessLeap+1","champ:FaceSlap","champ:Lariat+1","champ:FanOfKnives","champ:ShieldSigil+1","champ:AdrenalArmor+1"],"relics":["champ:ChampionCrown","TungstenRod","Regal Pillow","Bird Faced Urn","Tiny House","Torii","War Paint","Boot"],"acts_visited":["Exordium","TheCity"],"potions_floor_usage":[2,16,19,19,25],"damage_taken":[{"damage":11,"enemies":"Cultist","floor":2,"turns":4},{"damage":5,"enemies":"Jaw Worm","floor":3,"turns":5},{"damage":17,"enemies":"Small Slimes","floor":4,"turns":6},{"damage":57,"enemies":"Gremlin Nob","floor":5,"turns":6},{"damage":13,"enemies":"Blue Slaver","floor":8,"turns":5},{"damage":4,"enemies":"2 Fungi Beasts","floor":9,"turns":4},{"damage":24,"enemies":"Gremlin Nob","floor":11,"turns":4},{"damage":4,"enemies":"3 Louse","floor":12,"turns":4},{"damage":36,"enemies":"Exordium Wildlife","floor":14,"turns":6},{"damage":28,"enemies":"Exordium Thugs","floor":15,"turns":4},{"damage":54,"enemies":"downfall:Watcher","floor":16,"turns":12},{"damage":39,"enemies":"Shell Parasite","floor":19,"turns":5},{"damage":29,"enemies":"Spheric Guardian","floor":21,"turns":6},{"damage":54,"enemies":"Chosen and Byrds","floor":22,"turns":7},{"damage":26,"enemies":"downfall:FleeingMerchant","floor":23,"turns":4},{"damage":52,"enemies":"Centurion and Healer","floor":25,"turns":5}],"seed_played":"5027877904819656858","potions_obtained":[{"floor":2,"key":"Fruit Juice"},{"floor":12,"key":"ColorlessPotion"},{"floor":15,"key":"Block Potion"},{"floor":16,"key":"DuplicationPotion"},{"floor":17,"key":"champ:CounterPotion"},{"floor":19,"key":"champ:TechniquePotion"}],"is_trial":false,"path_per_floor":["R","M","M","M","?","R","T","M","M","R","E","M","R","M","M","B",null,"R","M","?","M","M","$","T","M"],"character_chosen":"THE_CHAMP","items_purchased":["Torii","War Paint"],"campfire_rested":2,"item_purchase_floors":[23,23],"current_hp_per_floor":[90,89,89,77,30,30,30,22,23,66,47,48,91,74,52,26,100,100,81,81,56,40,45,45,22,22,22],"gold":44,"neow_bonus":"UPGRADE_CARD","is_daily":false,"chose_seed":false,"campfire_upgraded":3,"win_rate":0.0,"timestamp":1610219043,"path_taken":["R","M","M","M","?","R","T","M","M","R","E","M","R","M","M","BOSS","R","M","?","M","M","$","T","M"],"items_purchased_type":["Relic","Relic"],"build_version":"2020-12-22","purchased_purges":0,"victory":false,"max_hp_per_floor":[90,95,95,95,95,95,95,95,95,95,95,95,95,95,95,95,100,100,100,100,100,100,100,100,100,100,100],"relic_stats":{"Regal Pillow":30,"Torii":0,"counters":[16,87],"Bird Faced Urn":[12],"War Paint":["champ:Defend","champ:ShieldSigil"],"Boot":[1],"obtain_stats":[{"Regal Pillow":7,"Tiny House":17,"Torii":23,"Bird Faced Urn":11,"champ:ChampionCrown":0,"War Paint":23,"Boot":24,"TungstenRod":5},{"Regal Pillow":4,"Tiny House":11,"Torii":15,"Bird Faced Urn":7,"champ:ChampionCrown":0,"War Paint":15,"Boot":15,"TungstenRod":4},{"Regal Pillow":21,"Tiny House":60,"Torii":82,"Bird Faced Urn":34,"champ:ChampionCrown":0,"War Paint":82,"Boot":82,"TungstenRod":21}],"TungstenRod":68},"card_choices":[{"not_picked":["champ:EndlessRage","champ:Circumvent"],"picked":"champ:GladiatorsShout","floor":2},{"not_picked":["champ:PerfectedStrike","champ:PreciseThrust"],"picked":"champ:ShieldSigil","floor":3},{"not_picked":["champ:Circumvent","champ:Haymaker"],"picked":"champ:BladeFlurry","floor":4},{"not_picked":["champ:RecklessLeap","champ:BladeFlurry"],"picked":"champ:FlashCut","floor":5},{"not_picked":["champ:BerserkersShout","champ:HeartStrike","champ:TornadoPunch"],"picked":"SKIP","floor":8},{"not_picked":["champ:GutPunch","champ:Circumvent","champ:CrookedStrike"],"picked":"SKIP","floor":9},{"not_picked":["champ:Backstep","champ:CrookedStrike","champ:BerserkerStyle"],"picked":"SKIP","floor":11},{"not_picked":["champ:BladeFlurry","champ:IronFortress"],"picked":"champ:EnragedBash","floor":12},{"not_picked":["champ:Riposte","champ:MurderStrike"],"picked":"champ:GladiatorStyle","floor":14},{"not_picked":["champ:DefensiveShout","champ:ShieldSigil","champ:RecklessLeap"],"picked":"SKIP","floor":15},{"not_picked":["champ:DefensiveShout","champ:ShieldSigil"],"picked":"champ:RecklessLeap","floor":15},{"not_picked":["champ:EnGarde","champ:CrookedStrike"],"picked":"champ:FaceSlap","floor":17},{"not_picked":["champ:ShieldWall+1","champ:StanceDance"],"picked":"champ:Lariat+1","floor":19},{"not_picked":["champ:FalseCounter","champ:Circumvent+1"],"picked":"champ:FanOfKnives","floor":21},{"not_picked":["champ:HeartStrike","champ:Duel+1","champ:ShieldSigil+1"],"picked":"SKIP","floor":22},{"not_picked":["champ:HeartStrike","champ:Duel+1"],"picked":"champ:ShieldSigil+1","floor":22},{"not_picked":["champ:GladiatorsShout+1","champ:BladeFlurry"],"picked":"champ:AdrenalArmor+1","floor":23}],"player_experience":480259,"relics_obtained":[{"floor":5,"key":"TungstenRod"},{"floor":7,"key":"Regal Pillow"},{"floor":11,"key":"Bird Faced Urn"},{"floor":24,"key":"Boot"}],"event_choices":[{"damage_healed":0,"gold_gain":0,"player_choice":"Ignored","damage_taken":0,"max_hp_gain":0,"max_hp_loss":0,"event_name":"Ghosts","floor":20,"gold_loss":0}],"is_beta":false,"boss_relics":[{"not_picked":["Coffee Dripper","Philosopher\u0027s Stone"],"picked":"Tiny House"}],"items_purged_floors":[],"is_endless":false,"potions_floor_spawned":[2,12,15,16,19],"killed_by":"Centurion and Healer","ascension_level":2}}