{"host":"mtg945c5jssv10ty","time":1610213954,"event":{"mods":["Ascension Unlocker","BaseMod","Downfall","Minty Spire (QoL Compilation)","StSLib","SuperFastMode"],"gold_per_floor":[99,110,126,126,126,145,145,161,161,177,189,189,222,222,241,241,241],"floor_reached":16,"playtime":885,"items_purged":[],"score":109,"play_id":"d19bcc9e-4052-4c6d-91e0-6b612e5dd7ad","local_time":"20210109123914","is_ascension_mode":true,"campfire_choices":[{"data":"sneckomod:SnekBite","floor":1.0,"key":"SMITH"},{"data":"sneckomod:RainOfDice","floor":9,"key":"SMITH"},{"data":"sneckomod:MixItUp","floor":12,"key":"SMITH"}],"circlet_count":0,"master_deck":["sneckomod:Strike","sneckomod:Strike","sneckomod:Strike","sneckomod:Defend+1","sneckomod:Defend","sneckomod:Defend+1","sneckomod:TailWhip","sneckomod:SnekBite+1","sneckomod:Unknown","sneckomod:Unknown","sneckomod:Unknown2Cost","sneckomod:WideSting+1","downfall:Malfunctioning","sneckomod:RainOfDice+1","sneckomod:UnknownColorless","sneckomod:Nope","sneckomod:MixItUp+1","sneckomod:UnknownClassSLIMEBOUND","sneckomod:Unknown2Cost"],"relics":["sneckomod:SneckoSoul","Pen Nib","StoneCalendar","Letter Opener","Peace Pipe"],"acts_visited":["Exordium"],"potions_floor_usage":[],"damage_taken":[{"damage":10.0,"enemies":"Small Slimes","floor":2.0,"turns":3.0},{"damage":6.0,"enemies":"Jaw Worm","floor":3.0,"turns":3.0},{"damage":1.0,"enemies":"2 Louse","floor":6.0,"turns":3.0},{"damage":7.0,"enemies":"Blue Slaver","floor":8.0,"turns":3.0},{"damage":15,"enemies":"Exordium Wildlife","floor":10,"turns":4},{"damage":0,"enemies":"Large Slime","floor":11,"turns":3},{"damage":15,"enemies":"Lagavulin","floor":13,"turns":5},{"damage":0,"enemies":"Blue Slaver","floor":15,"turns":2},{"damage":44,"enemies":"downfall:Defect","floor":16,"turns":6}],"seed_played":"7344186380301419349","potions_obtained":[{"floor":3.0,"key":"Weak Potion"},{"floor":6.0,"key":"SmokeBomb"},{"floor":11,"key":"FearPotion"}],"is_trial":false,"path_per_floor":["R","M","M","?","T","M","T","M","R","M","M","R","E","?","M","B"],"character_chosen":"THE_SNECKO","items_purchased":[],"campfire_rested":0,"item_purchase_floors":[],"current_hp_per_floor":[99,89,83,83,83,82,82,75,75,60,60,60,45,38,38,0,0],"gold":241,"neow_bonus":"TEN_PERCENT_HP_BONUS","is_daily":false,"chose_seed":false,"campfire_upgraded":3,"win_rate":0.0,"timestamp":1610213954,"path_taken":["R","M","M","?","?","M","T","M","R","M","M","R","E","?","M","BOSS"],"items_purchased_type":[],"build_version":"2020-12-22","purchased_purges":0,"victory":false,"max_hp_per_floor":[99,99,99,99,99,99,99,99,99,99,99,99,99,99,99,99,99],"card_choices":[{"not_picked":["sneckomod:UnknownDraw","sneckomod:UnknownBlock"],"picked":"sneckomod:Unknown2Cost","floor":2.0},{"not_picked":["sneckomod:Nope","sneckomod:Rotation"],"picked":"sneckomod:WideSting","floor":3.0},{"not_picked":["sneckomod:Unknown1Cost","sneckomod:QuickMove"],"picked":"sneckomod:RainOfDice","floor":6.0},{"not_picked":["sneckomod:SnekBeam","sneckomod:Nope"],"picked":"sneckomod:UnknownColorless","floor":8.0},{"not_picked":["sneckomod:Unknown1Cost","sneckomod:QuickBite"],"picked":"sneckomod:Nope","floor":10},{"not_picked":["sneckomod:UnknownX","sneckomod:QuickMove"],"picked":"sneckomod:MixItUp","floor":11},{"not_picked":["sneckomod:QuickBite","sneckomod:UnendingSupply"],"picked":"sneckomod:UnknownClassSLIMEBOUND","floor":13},{"not_picked":["sneckomod:Restock","sneckomod:Unknown1Cost"],"picked":"sneckomod:Unknown2Cost","floor":15}],"player_experience":205928,"relics_obtained":[{"floor":5.0,"key":"Pen Nib"},{"floor":7.0,"key":"StoneCalendar"},{"floor":13,"key":"Letter Opener"}],"event_choices":[{"damage_healed":0,"gold_gain":0,"player_choice":"Success","damage_taken":7,"relics_obtained":["Peace Pipe"],"max_hp_gain":0,"max_hp_loss":0,"event_name":"Scrap Ooze","floor":14,"gold_loss":0}],"is_beta":false,"boss_relics":[],"items_purged_floors":[],"is_endless":false,"potions_floor_spawned":[3,11,13],"killed_by":"downfall:Defect","ascension_level":1}}