{"host":"9tzam4717zt8ei1o","time":1610205983,"event":{"mods":["BaseMod","Colored Map","Keyboard Shortcuts","Minty Spire (QoL Compilation)","Quick Restart","StSLib","SuperFastMode"],"gold_per_floor":[109,109,123,20,170,170,183,213,213,52,72,72,92,7,7,7,7],"floor_reached":16,"playtime":246,"items_purged":["Strike_G"],"score":200,"play_id":"bd792db2-7264-4eec-a440-158ede752773","local_time":"20210110002623","is_ascension_mode":true,"campfire_choices":[{"data":"Choke","floor":6.0,"key":"SMITH"},{"data":"Blade Dance","floor":12.0,"key":"SMITH"},{"data":"Masterful Stab","floor":15.0,"key":"SMITH"}],"circlet_count":0,"master_deck":["AscendersBane","Strike_G+1","Strike_G+1","Strike_G","Defend_G","Defend_G","Defend_G","Defend_G","Survivor","Neutralize","Quick Slash","Blur","Choke+1","Flash of Steel","Doubt","Noxious Fumes","PiercingWail","Masterful Stab+1","Blade Dance+1","Footwork"],"relics":["Ring of the Snake","Ninja Scroll","Strawberry"],"acts_visited":["Exordium"],"potions_floor_usage":[16,16],"damage_taken":[{"damage":2.0,"enemies":"Jaw Worm","floor":1.0,"turns":5.0},{"damage":11.0,"enemies":"Small Slimes","floor":3.0,"turns":3.0},{"damage":1.0,"enemies":"Cultist","floor":7.0,"turns":3.0},{"damage":20.0,"enemies":"Lagavulin","floor":8.0,"turns":6.0},{"damage":1.0,"enemies":"2 Fungi Beasts","floor":11.0,"turns":3.0},{"damage":0.0,"enemies":"Large Slime","floor":13.0,"turns":4.0},{"damage":13,"enemies":"Hexaghost","floor":16,"turns":9}],"seed_played":"-7716551093099694329","potions_obtained":[{"floor":3.0,"key":"Energy Potion"},{"floor":7.0,"key":"GamblersBrew"},{"floor":8.0,"key":"LiquidBronze"}],"is_trial":false,"path_per_floor":["M","?","M","$","?","R","M","E","T","$","M","R","M","$","R","B"],"character_chosen":"THE_SILENT","items_purchased":["Flash of Steel","Masterful Stab","LiquidMemories"],"campfire_rested":0,"item_purchase_floors":[4,10,14],"current_hp_per_floor":[57,39,28,28,28,28,27,7,14,14,13,13,13,13,13,0,0],"gold":7,"neow_bonus":"TRANSFORM_TWO_CARDS","is_daily":false,"chose_seed":false,"campfire_upgraded":3,"win_rate":0.0,"timestamp":1610205983,"path_taken":["M","?","M","$","?","R","M","E","T","?","?","R","M","$","R","BOSS"],"items_purchased_type":["Card","Card","Potion"],"build_version":"2020-12-22","purchased_purges":1,"victory":false,"max_hp_per_floor":[60,60,60,60,60,60,60,60,67,67,67,67,67,67,67,67,67],"card_choices":[{"not_picked":["Outmaneuver","Terror"],"picked":"Choke","floor":1.0},{"not_picked":["Poisoned Stab","Expertise","Finisher"],"picked":"SKIP","floor":3.0},{"not_picked":["Slice","Outmaneuver"],"picked":"Noxious Fumes","floor":7.0},{"not_picked":["All Out Attack","Terror"],"picked":"PiercingWail","floor":8.0},{"not_picked":["Deflect","Cloak And Dagger"],"picked":"Blade Dance","floor":11.0},{"not_picked":["Terror","Deadly Poison"],"picked":"Footwork","floor":13.0}],"player_experience":172364,"relics_obtained":[{"floor":8.0,"key":"Ninja Scroll"},{"floor":9.0,"key":"Strawberry"}],"event_choices":[{"damage_healed":0.0,"max_hp_gain":0.0,"max_hp_loss":0.0,"gold_gain":0.0,"event_name":"Shining Light","player_choice":"Entered Light","floor":2.0,"gold_loss":0.0,"damage_taken":18.0,"cards_upgraded":["Strike_G","Strike_G"]},{"damage_healed":0.0,"max_hp_gain":0.0,"max_hp_loss":0.0,"gold_gain":150.0,"event_name":"Liars Game","player_choice":"AGREE","floor":5.0,"gold_loss":0.0,"damage_taken":0.0,"cards_obtained":["Doubt"]}],"is_beta":false,"boss_relics":[],"items_purged_floors":[10],"is_endless":false,"potions_floor_spawned":[3,7,8],"killed_by":"Hexaghost","ascension_level":20}}