{"host":"4rvakrj1idbgia3f","time":1610195316,"event":{"mods":["BaseMod","Colored Map","Colored Powertips","DeckTracker","Highlight Path","Minty Spire (QoL Compilation)","Random Character Button","StSLib"],"gold_per_floor":[116,116,136,61,61,61,95,95,95,95,125,200,50,77,77,154,154,170,188,206,96,106,106,117,117,117,117,89,101,119,146,146,146,146],"floor_reached":33,"playtime":1152,"items_purged":["Defend_B","Strike_B"],"score":556,"play_id":"0423d9d2-d67f-4a07-bc0a-2f9091ca5382","local_time":"20210109212836","is_ascension_mode":true,"campfire_choices":[{"data":"Darkness","floor":6.0,"key":"SMITH"},{"data":"Zap","floor":8.0,"key":"SMITH"},{"data":"Go for the Eyes","floor":10.0,"key":"SMITH"},{"data":"Hologram","floor":15.0,"key":"SMITH"},{"data":"Electrodynamics","floor":23,"key":"SMITH"},{"data":"Chaos","floor":25,"key":"SMITH"},{"data":"Capacitor","floor":27,"key":"SMITH"},{"data":"Darkness","floor":32,"key":"SMITH"}],"circlet_count":0,"master_deck":["AscendersBane","Strike_B+1","Defend_B+1","Defend_B","Defend_B","Zap+1","Dualcast","Go for the Eyes+1","Darkness+1","FTL","Darkness+1","Hologram+1","Electrodynamics+1","CurseOfTheBell","Cold Snap+1","Capacitor+1","Redo","Core Surge","Chaos+1","Coolheaded","Steam Power","Capacitor+1"],"relics":["Cracked Core","NeowsBlessing","Bag of Marbles","HornCleat","DataDisk","Lantern","Calling Bell","Oddly Smooth Stone","Symbiotic Virus","Du-Vu Doll","Sundial","Red Mask"],"acts_visited":["Exordium","TheCity"],"potions_floor_usage":[20,31,31,33],"damage_taken":[{"damage":0.0,"enemies":"Small Slimes","floor":1.0,"turns":1.0},{"damage":0.0,"enemies":"Jaw Worm","floor":3.0,"turns":1.0},{"damage":0.0,"enemies":"Lagavulin","floor":7.0,"turns":1.0},{"damage":20.0,"enemies":"Gremlin Nob","floor":11.0,"turns":4.0},{"damage":4.0,"enemies":"Slime Boss","floor":16.0,"turns":7.0},{"damage":0.0,"enemies":"Chosen","floor":18.0,"turns":2.0},{"damage":6.0,"enemies":"Shell Parasite","floor":19.0,"turns":3.0},{"damage":0,"enemies":"Cultist and Chosen","floor":20,"turns":3},{"damage":7,"enemies":"Sentry and Sphere","floor":22,"turns":3},{"damage":0,"enemies":"Centurion and Healer","floor":24,"turns":6},{"damage":24,"enemies":"Shelled Parasite and Fungi","floor":29,"turns":6},{"damage":9,"enemies":"Snake Plant","floor":30,"turns":3},{"damage":2,"enemies":"Masked Bandits","floor":31,"turns":2},{"damage":12,"enemies":"Automaton","floor":33,"turns":2}],"seed_played":"745253296690159216","potions_obtained":[{"floor":1.0,"key":"EssenceOfSteel"},{"floor":3.0,"key":"FearPotion"},{"floor":19.0,"key":"Explosive Potion"},{"floor":22,"key":"Strength Potion"},{"floor":30,"key":"Regen Potion"},{"floor":31,"key":"Swift Potion"}],"is_trial":false,"path_per_floor":["M","?","M","$","?","R","E","R","T","R","E","?","$","T","R","B",null,"M","M","M","?","M","R","M","R","T","R","$","M","M","?","R","B"],"character_chosen":"DEFECT","items_purchased":["Hologram","Coolheaded"],"campfire_rested":0,"item_purchase_floors":[13,28],"current_hp_per_floor":[64,57,57,57,36,36,36,36,36,36,16,5,5,5,5,1,54,54,48,48,48,41,41,41,41,41,41,41,17,8,11,11,0,0],"gold":146,"neow_bonus":"THREE_ENEMY_KILL","is_daily":false,"chose_seed":false,"campfire_upgraded":8,"win_rate":0.0,"timestamp":1610195316,"path_taken":["M","?","M","?","?","R","E","R","T","R","E","?","$","?","R","BOSS","M","M","M","?","M","R","?","R","T","R","$","M","M","?","R","BOSS"],"items_purchased_type":["Card","Card"],"build_version":"2020-12-22","purchased_purges":2,"victory":false,"max_hp_per_floor":[71,71,71,71,71,71,71,71,71,71,71,71,71,71,71,71,71,71,71,71,71,71,71,71,71,71,71,71,71,71,71,71,71,71],"card_choices":[{"not_picked":["Scrape","Compile Driver"],"picked":"Go for the Eyes","floor":1.0},{"not_picked":["Turbo","Melter"],"picked":"Darkness","floor":3.0},{"not_picked":["Blizzard","Force Field"],"picked":"FTL","floor":7.0},{"not_picked":["Rebound","Scrape"],"picked":"Darkness","floor":11.0},{"not_picked":["Buffer","Fission"],"picked":"Electrodynamics","floor":16.0},{"not_picked":["Rip and Tear","Gash"],"picked":"Cold Snap","floor":18.0},{"not_picked":["Chill+1","Cold Snap"],"picked":"Capacitor","floor":19.0},{"not_picked":["Force Field+1","Cold Snap"],"picked":"Redo","floor":20},{"not_picked":["Beam Cell","Melter"],"picked":"Core Surge","floor":22},{"not_picked":["Compile Driver","Redo"],"picked":"Chaos","floor":24},{"not_picked":["Leap","Coolheaded"],"picked":"Steam Power","floor":29},{"not_picked":["Beam Cell","Double Energy"],"picked":"Capacitor+1","floor":30}],"player_experience":1981787,"relics_obtained":[{"floor":7.0,"key":"Bag of Marbles"},{"floor":9.0,"key":"HornCleat"},{"floor":11.0,"key":"DataDisk"},{"floor":14.0,"key":"Lantern"},{"floor":17.0,"key":"Oddly Smooth Stone"},{"floor":17.0,"key":"Symbiotic Virus"},{"floor":17.0,"key":"Du-Vu Doll"},{"floor":26,"key":"Sundial"},{"floor":31,"key":"Red Mask"}],"event_choices":[{"cards_removed":["Strike_B"],"damage_healed":0.0,"max_hp_gain":0.0,"max_hp_loss":0.0,"gold_gain":0.0,"event_name":"Golden Wing","player_choice":"Card Removal","floor":2.0,"gold_loss":0.0,"damage_taken":7.0},{"damage_healed":0.0,"max_hp_gain":0.0,"max_hp_loss":0.0,"gold_gain":0.0,"event_name":"Shining Light","player_choice":"Entered Light","floor":5.0,"gold_loss":0.0,"damage_taken":21.0,"cards_upgraded":["Strike_B","Defend_B"]},{"damage_healed":0.0,"max_hp_gain":0.0,"max_hp_loss":0.0,"gold_gain":75.0,"event_name":"World of Goop","player_choice":"Gather Gold","floor":12.0,"gold_loss":0.0,"damage_taken":11.0},{"cards_removed":["Strike_B"],"damage_healed":0,"gold_gain":0,"player_choice":"Upgrade and Remove","damage_taken":0,"max_hp_gain":0,"max_hp_loss":0,"event_name":"Designer","floor":21,"gold_loss":110,"cards_upgraded":["Cold Snap"]},{"damage_healed":0,"gold_gain":0,"player_choice":"Fought Bandits","damage_taken":0,"max_hp_gain":0,"max_hp_loss":0,"event_name":"Masked Bandits","floor":31,"gold_loss":0}],"is_beta":false,"boss_relics":[{"not_picked":["Cursed Key","Snecko Eye"],"picked":"Calling Bell"}],"items_purged_floors":[4,13],"is_endless":false,"potions_floor_spawned":[1,3,19,22,30,31],"killed_by":"Automaton","ascension_level":20}}