{"host":"uv231blk40vjdojr","time":1610204415,"event":{"mods":["AchievementEnabler","BaseMod","Bestiary","Minty Spire (QoL Compilation)","Relic Stats"],"gold_per_floor":[115,128,146,165,4,24,24,44,44,44,44,62,62,62,62,161,161,178,197,197,6,23,23,23,23,46,61,77,92,112,128,128,233,233,252,73,88,88,88,88,99,27,73,73,88,138,138,157,157,157],"floor_reached":51,"playtime":3228,"items_purged":["Strike_P","Study+1"],"score":620,"play_id":"b64a148d-350d-42c3-b5a6-1ac618c41c3c","local_time":"20210109160015","is_ascension_mode":false,"campfire_choices":[{"data":"FearNoEvil","floor":13.0,"key":"SMITH"},{"data":"TalkToTheHand","floor":15.0,"key":"SMITH"},{"floor":23.0,"key":"REST"},{"data":"SashWhip","floor":25.0,"key":"SMITH"},{"floor":32.0,"key":"REST"},{"data":"Tantrum","floor":40.0,"key":"SMITH"},{"data":"Adaptation","floor":44,"key":"SMITH"},{"floor":47,"key":"REST"},{"data":"ReachHeaven","floor":49,"key":"SMITH"}],"circlet_count":0,"master_deck":["Strike_P+1","Strike_P+1","Defend_P","Defend_P+1","Defend_P+1","Defend_P+1","Eruption+1","Vigilance+1","FearNoEvil+1","TalkToTheHand+1","DeceiveReality+1","SashWhip+1","LessonLearned+1","CutThroughFate+1","CrushJoints+1","Brilliance+1","Meditate+1","Tantrum+1","Perseverance+1","Wallop+1","Devotion+1","Adaptation+1","TalkToTheHand+1","Protect+1","ReachHeaven+1"],"relics":["Velvet Choker"],"acts_visited":["Exordium","TheCity","TheBeyond"],"potions_floor_usage":[50,50],"damage_taken":[{"damage":1.0,"enemies":"2 Louse","floor":1.0,"turns":2.0},{"damage":5.0,"enemies":"Small Slimes","floor":2.0,"turns":3.0},{"damage":0.0,"enemies":"Jaw Worm","floor":3.0,"turns":3.0},{"damage":6.0,"enemies":"3 Louse","floor":4.0,"turns":3.0},{"damage":3.0,"enemies":"2 Fungi Beasts","floor":6.0,"turns":3.0},{"damage":1.0,"enemies":"Red Slaver","floor":8.0,"turns":5.0},{"damage":5.0,"enemies":"Lots of Slimes","floor":12.0,"turns":4.0},{"damage":1.0,"enemies":"The Guardian","floor":16.0,"turns":8.0},{"damage":6.0,"enemies":"Spheric Guardian","floor":18.0,"turns":4.0},{"damage":2.0,"enemies":"Chosen","floor":19.0,"turns":6.0},{"damage":14.0,"enemies":"3 Cultists","floor":22.0,"turns":5.0},{"damage":7.0,"enemies":"Snake Plant","floor":27.0,"turns":4.0},{"damage":4.0,"enemies":"Centurion and Healer","floor":28.0,"turns":2.0},{"damage":7.0,"enemies":"Shelled Parasite and Fungi","floor":29.0,"turns":2.0},{"damage":7.0,"enemies":"Snake Plant","floor":30.0,"turns":4.0},{"damage":9.0,"enemies":"Sentry and Sphere","floor":31.0,"turns":7.0},{"damage":24.0,"enemies":"Collector","floor":33.0,"turns":9.0},{"damage":0.0,"enemies":"Orb Walker","floor":35.0,"turns":4.0},{"damage":2.0,"enemies":"3 Darklings","floor":37.0,"turns":5.0},{"damage":9,"enemies":"Spire Growth","floor":41,"turns":3},{"damage":12,"enemies":"Writhing Mass","floor":45,"turns":7},{"damage":0,"enemies":"Mind Bloom Boss Battle","floor":46,"turns":3},{"damage":0,"enemies":"3 Darklings","floor":48,"turns":5},{"damage":33,"enemies":"Time Eater","floor":50,"turns":11}],"seed_played":"-4926010287110342631","potions_obtained":[{"floor":1.0,"key":"Fire Potion"},{"floor":3.0,"key":"DuplicationPotion"},{"floor":4.0,"key":"SteroidPotion"},{"floor":22.0,"key":"Dexterity Potion"},{"floor":29.0,"key":"SkillPotion"},{"floor":31.0,"key":"Explosive Potion"},{"floor":37.0,"key":"SpeedPotion"},{"floor":41,"key":"SneckoOil"}],"is_trial":false,"path_per_floor":["M","M","M","M","$","M","?","M","T","?","$","M","R","?","R","B",null,"M","M","?","$","M","R","$","R","T","M","M","M","M","M","R","B",null,"M","$","M","?","?","R","M","$","T","R","M","?","R","M","R","B",null],"character_chosen":"WATCHER","items_purchased":["LessonLearned","Tantrum","SteroidPotion","Adaptation","TalkToTheHand"],"campfire_rested":3,"item_purchase_floors":[5,21,21,36,42],"current_hp_per_floor":[71,66,66,60,60,57,57,56,56,56,56,51,51,51,51,50,72,66,64,64,64,50,71,71,71,71,64,60,53,46,37,58,34,72,72,72,70,70,70,70,61,61,61,61,49,49,70,70,70,37],"gold":157,"neow_bonus":"BOSS_RELIC","is_daily":false,"chose_seed":false,"campfire_upgraded":6,"win_rate":0.0,"timestamp":1610204415,"path_taken":["M","M","M","M","$","M","?","M","T","?","?","M","R","?","R","BOSS","M","M","?","$","M","R","$","R","T","M","?","M","M","M","R","BOSS","M","?","M","?","?","R","M","$","T","R","M","?","R","?","R","BOSS"],"items_purchased_type":["Card","Card","Potion","Card","Card"],"build_version":"2020-12-22","purchased_purges":2,"victory":true,"max_hp_per_floor":[72,72,72,72,72,72,72,72,72,72,72,72,72,72,72,72,72,72,72,72,72,72,72,72,72,72,72,72,72,72,72,72,72,72,72,72,72,72,72,72,72,72,72,72,72,72,72,72,72,72],"relic_stats":{"counters":[24,112],"obtain_stats":[{"Velvet Choker":0,"PureWater":0},{"Velvet Choker":0,"PureWater":0},{"Velvet Choker":0,"PureWater":0}]},"card_choices":[{"not_picked":["Protect","CrushJoints"],"picked":"FearNoEvil","floor":1.0},{"not_picked":["SashWhip","CutThroughFate"],"picked":"TalkToTheHand","floor":2.0},{"not_picked":["Protect","Evaluate"],"picked":"DeceiveReality","floor":3.0},{"not_picked":["WreathOfFlame","EmptyBody"],"picked":"SashWhip","floor":4.0},{"not_picked":["Nirvana","Meditate"],"picked":"CutThroughFate","floor":6.0},{"not_picked":["JustLucky","Sanctity"],"picked":"Study","floor":8.0},{"not_picked":["Prostrate","Evaluate"],"picked":"CrushJoints","floor":12.0},{"not_picked":["Omniscience","SpiritShield"],"picked":"Brilliance","floor":16.0},{"not_picked":["FlurryOfBlows","EmptyFist","WheelKick+1"],"picked":"SKIP","floor":18.0},{"not_picked":["Prostrate","PathToVictory"],"picked":"Meditate+1","floor":19.0},{"not_picked":["PathToVictory","Crescendo","EmptyBody"],"picked":"SKIP","floor":22.0},{"not_picked":["FlurryOfBlows","Tantrum+1"],"picked":"Perseverance+1","floor":27.0},{"not_picked":["Evaluate","CutThroughFate"],"picked":"Wallop+1","floor":28.0},{"not_picked":["Prostrate","Evaluate","ThirdEye"],"picked":"SKIP","floor":29.0},{"not_picked":["LessonLearned","Swivel+1","Weave+1"],"picked":"SKIP","floor":30.0},{"not_picked":["WheelKick","Prostrate","Study+1"],"picked":"SKIP","floor":31.0},{"not_picked":["DeusExMachina","Brilliance"],"picked":"Devotion","floor":33.0},{"not_picked":["Meditate+1","Collect"],"picked":"Crescendo+1","floor":35.0},{"not_picked":["Indignation+1","CarveReality+1","EmptyBody"],"picked":"SKIP","floor":37.0},{"not_picked":["Study","EmptyBody+1","ClearTheMind+1"],"picked":"SKIP","floor":41},{"not_picked":["Sanctity","WreathOfFlame"],"picked":"Protect","floor":45},{"not_picked":["Prostrate+1","PathToVictory+1"],"picked":"ReachHeaven","floor":48}],"player_experience":624814,"relics_obtained":[],"event_choices":[{"damage_healed":0.0,"max_hp_gain":0.0,"max_hp_loss":0.0,"gold_gain":0.0,"event_name":"Living Wall","player_choice":"Grow","floor":7.0,"gold_loss":0.0,"damage_taken":0.0,"cards_upgraded":["LessonLearned"]},{"damage_healed":0.0,"max_hp_gain":0.0,"max_hp_loss":0.0,"gold_gain":0.0,"event_name":"Golden Idol","player_choice":"Ignored","floor":10.0,"gold_loss":0.0,"damage_taken":0.0},{"damage_healed":0.0,"max_hp_gain":0.0,"max_hp_loss":0.0,"gold_gain":0.0,"event_name":"Liars Game","player_choice":"Ignored","floor":14.0,"gold_loss":0.0,"damage_taken":0.0},{"cards_removed":["Strike_P"],"damage_healed":0.0,"max_hp_gain":0.0,"max_hp_loss":0.0,"gold_gain":0.0,"event_name":"Purifier","player_choice":"Purged","floor":20.0,"gold_loss":0.0,"damage_taken":0.0},{"cards_removed":["Crescendo"],"damage_healed":0.0,"max_hp_gain":0.0,"max_hp_loss":0.0,"gold_gain":0.0,"event_name":"Falling","player_choice":"Removed Skill","floor":38.0,"gold_loss":0.0,"damage_taken":0.0},{"damage_healed":0.0,"max_hp_gain":0.0,"max_hp_loss":0.0,"gold_gain":0.0,"event_name":"Mysterious Sphere","player_choice":"Ignored","floor":39.0,"gold_loss":0.0,"damage_taken":0.0},{"damage_healed":0,"gold_gain":0,"player_choice":"Fight","damage_taken":0,"max_hp_gain":0,"max_hp_loss":0,"event_name":"MindBloom","floor":46,"gold_loss":0}],"is_beta":false,"boss_relics":[{"not_picked":["Calling Bell","Black Star","Fusion Hammer"]},{"not_picked":["Snecko Eye","Pandora\u0027s Box","Cursed Key"]}],"items_purged_floors":[21,36],"is_endless":false,"potions_floor_spawned":[1,3,4,8,22,27,29,31,37,41],"ascension_level":0}}