{"host":"exyz3r55z4kt6m9o","time":1610161155,"event":{"mods":["100% Spire Juice","2.2 Compatiblity","AchievementEnabler","Aspiration","BaseMod","Better Altar","Better Match","Better Note","Better Sensory Stone","Better Skull","Better Third Choice","BetterRewards","Colored Powertips","Energized Spire","Friendly Minions","GifTheSpireLib","Infinite Spire","Ironclad Rager","Jorbs\u0027s Wanderer Trilogy","Luminous","Marisa????????","Minty Spire (QoL Compilation)","Permanent Neow","Poor People Problems","Rare Cards Sparkle","Reimu??????","Relic Filter","Replay The Spire","Spicy Shops","StSLib","The Bladedancer","The Blue Laboratory","The Gatherer","The Hayseed","The Mystic","The Runesmith","Wandering Minibosses","yUi"],"gold_per_floor":[114,131,150,162,62,62,95,112,138,172,189,64,64,64,64,161,161,176,176,26,44,63,63,63,63],"floor_reached":24,"playtime":1155,"items_purged":["Runesmith:Strike_RS","Runesmith:Strike_RS","Runesmith:Strike_RS","Runesmith:Strike_RS"],"score":323,"play_id":"7fca11c1-3ef0-4f7c-9cdd-f9a3c779caff","local_time":"20210108215915","is_ascension_mode":true,"campfire_choices":[{"data":"Runesmith:CraftFirestone","floor":6,"key":"SMITH"},{"data":"Runesmith:LithiumIon","floor":23,"key":"SMITH"}],"circlet_count":0,"master_deck":["Runesmith:Defend_RS","Runesmith:Defend_RS","Runesmith:Defend_RS","Runesmith:Defend_RS","Runesmith:CraftFirestone+1","Runesmith:CraftMagma","Runesmith:ChiselStab","Runesmith:CraftMagma","Runesmith:Firestorm+1","Runesmith:ChiselStab","Runesmith:RuneHurl","Runesmith:LithiumIon+1","Runesmith:CraftObretio","Runesmith:RuneHurl"],"relics":["Runesmith:BrokenRuby","infinitespire:Lychee Nut","aspiration:Nostalgia","Sizzling Blood","aspiration:TomeofQuesting","aspiration:ArtOfWarUpgrade","aspiration:PoetsPen_weak"],"acts_visited":["Exordium","TheCity"],"potions_floor_usage":[7,16],"damage_taken":[{"damage":0,"enemies":"Jaw Worm","floor":1,"turns":5},{"damage":0,"enemies":"2 Louse","floor":2,"turns":3},{"damage":0,"enemies":"Cultist","floor":3,"turns":4},{"damage":3,"enemies":"Looter","floor":4,"turns":4},{"damage":8,"enemies":"Replay:BlueRogue","floor":7,"turns":5},{"damage":1,"enemies":"2 Fungi Beasts","floor":8,"turns":3},{"damage":8,"enemies":"3 Sentries","floor":10,"turns":6},{"damage":6,"enemies":"Exordium Thugs","floor":11,"turns":5},{"damage":11,"enemies":"The Guardian","floor":16,"turns":9},{"damage":14,"enemies":"Shell Parasite","floor":18,"turns":4},{"damage":10,"enemies":"2 Thieves","floor":21,"turns":4},{"damage":23,"enemies":"Snake Plant","floor":22,"turns":4},{"damage":41,"enemies":"Book of Stabbing","floor":24,"turns":5}],"seed_played":"-4477333212384182800","potions_obtained":[{"floor":3,"key":"DistilledChaos"},{"floor":8,"key":"blueLaboratory:PhilterOfMotion"},{"floor":10,"key":"LifebloodPotion"},{"floor":16,"key":"blueLaboratory:AbyssPotion"}],"is_trial":false,"path_per_floor":["M","M","M","M","$","R","E","M","T","E","M","$","R","?","R","B",null,"M","?","$","M","M","R","E"],"character_chosen":"RUNESMITH_CLASS","items_purchased":["infinitespire:Lychee Nut","aspiration:Nostalgia","Runesmith:CraftMagma"],"campfire_rested":0,"item_purchase_floors":[0,0,0],"current_hp_per_floor":[56,56,56,56,56,56,52,56,56,55,56,56,56,56,56,50,56,47,47,47,47,34,34,0,0],"gold":63,"neow_bonus":"","is_daily":false,"chose_seed":false,"campfire_upgraded":2,"win_rate":0.0,"timestamp":1610161155,"path_taken":["M","M","M","M","$","R","E","M","T","E","M","$","R","?","R","BOSS","M","?","$","?","M","R","E"],"items_purchased_type":["Relic","Relic","Card"],"build_version":"2020-12-22","purchased_purges":4,"victory":false,"max_hp_per_floor":[56,56,56,56,56,56,56,56,56,56,56,56,56,56,56,56,56,56,56,56,56,56,56,56,56],"card_choices":[{"not_picked":["Runesmith:EnergizedChisel","Runesmith:Overpower"],"picked":"Runesmith:CraftMagma","floor":1},{"not_picked":["Runesmith:MakeshiftArmor","Runesmith:Supernova"],"picked":"Runesmith:Firestorm","floor":2},{"not_picked":["Runesmith:Firewall","Runesmith:ElementalConversion"],"picked":"Runesmith:ChiselStab","floor":3},{"not_picked":["Runesmith:EnergizedChisel","Runesmith:ShiftingStrike"],"picked":"Runesmith:RuneHurl","floor":4},{"not_picked":["Runesmith:Overpower","Runesmith:MakeshiftArmor","Runesmith:ChargedHammer"],"picked":"SKIP","floor":7},{"not_picked":["Runesmith:Terraform","Runesmith:BackupBattery"],"picked":"Runesmith:LithiumIon","floor":8},{"not_picked":["Runesmith:ChiselStab","Runesmith:BackupBattery"],"picked":"Runesmith:CraftObretio","floor":10},{"not_picked":["Runesmith:Accelerate","Runesmith:Overpower","Runesmith:ElementalConversion"],"picked":"SKIP","floor":11},{"not_picked":["Runesmith:EnergizedChisel+1","Runesmith:Overpower"],"picked":"Runesmith:RuneHurl","floor":18},{"not_picked":["Runesmith:HammerAndChisel+1","Runesmith:FieryHammer+1","Runesmith:ChaoticBlast"],"picked":"SKIP","floor":21},{"not_picked":["Runesmith:ChiselStab","Runesmith:CraftProtectio+1","aspiration:UnbridledHammer+1"],"picked":"SKIP","floor":22}],"player_experience":682950,"relics_obtained":[{"floor":7,"key":"aspiration:TomeofQuesting"},{"floor":10,"key":"Art of War"}],"event_choices":[{"damage_healed":0,"gold_gain":0,"player_choice":"Upgraded","damage_taken":0,"max_hp_gain":0,"max_hp_loss":0,"event_name":"Upgrade Shrine","floor":19,"gold_loss":0,"cards_upgraded":["Runesmith:Firestorm"]}],"is_beta":false,"boss_relics":[{"not_picked":["aspiration:RitualDagger","Coffee Dripper"],"picked":"aspiration:PoetsPen_weak"}],"items_purged_floors":[0,5,12,20],"is_endless":false,"potions_floor_spawned":[3,8,10,16,22],"killed_by":"Book of Stabbing","ascension_level":1}}