{"host":"yecadp3kwkksam5a","time":1610200291,"event":{"mods":["BaseMod","Minty Spire (QoL Compilation)","StSLib"],"gold_per_floor":[138,162,204,112,112,141,158,185,185,185,195,226,226,176,176,288,288,288],"floor_reached":17,"playtime":606,"items_purged":["Undo"],"score":817,"play_id":"17fb5bd6-2664-4b8a-a8bc-74997b3293f8","local_time":"20210109225131","is_ascension_mode":true,"campfire_choices":[{"data":"Melter+1","floor":15,"key":"PURGE"}],"circlet_count":0,"master_deck":["Echo Form+1","White Noise+1","Ball Lightning+1","Compile Driver+1","Turbo+1","Cold Snap+1","Go for the Eyes+1","Creative AI+1","Storm","Core Surge+1","Chaos+1","Reinforced Body","Ghostly+1","Ghostly+1","Ghostly+1","Ghostly+1","Ghostly+1","Fusion+1","Compile Driver+1","Glacier+1","Defragment+1","Multi-Cast","Stack+1","Coolheaded+1","Purity","Storm","Echo Form+1","Aggregate+1","Heatsinks+1","Biased Cognition+1","Loop+1","Coolheaded+1","Coolheaded+1","Fission+1","Capacitor+1","Coolheaded+1","Compile Driver+1","Coolheaded+1","Skim","Core Surge+1","Compile Driver+1","Turbo","Recycle+1","Thinking Ahead","Multi-Cast+1","Seek+1","Thunder Strike+1","Echo Form+1","Buffer+1"],"relics":["Cracked Core","MawBank","Centennial Puzzle","Membership Card","Molten Egg 2","Inserter","Du-Vu Doll","Ornamental Fan","Prayer Wheel","Art of War","Sozu","Chemical X","Toy Ornithopter","Frozen Egg 2","Eternal Feather","Lantern","Torii","Peace Pipe","Boot","Matryoshka","Pen Nib","Blood Vial","Empty Cage","MawBank","Nilry\u0027s Codex","Tiny Chest","Bag of Marbles","Eternal Feather","Singing Bowl","Inserter","Orichalcum","Ancient Tea Set","OrangePellets","Chemical X","War Paint","Gambling Chip","Akabeko","Strawberry","Toy Ornithopter","Bottled Tornado","Whetstone","TungstenRod","Du-Vu Doll","Whetstone","Gremlin Horn","CeramicFish","PreservedInsect","Mercury Hourglass","Akabeko","StrikeDummy","Coffee Dripper"],"acts_visited":["Exordium","TheCity"],"potions_floor_usage":[],"damage_taken":[{"damage":0,"enemies":"Small Slimes","floor":1,"turns":1},{"damage":0,"enemies":"2 Louse","floor":3,"turns":2},{"damage":0,"enemies":"Gremlin Nob","floor":6,"turns":2},{"damage":0,"enemies":"Jaw Worm","floor":7,"turns":1},{"damage":0,"enemies":"3 Sentries","floor":8,"turns":3},{"damage":0,"enemies":"Large Slime","floor":11,"turns":2},{"damage":0,"enemies":"Gremlin Nob","floor":12,"turns":1},{"damage":0,"enemies":"Hexaghost","floor":16,"turns":2}],"seed_played":"2244130403153097796","potions_obtained":[],"is_trial":false,"path_per_floor":["M","?","M","$","?","E","M","E","T","?","M","E","T","?","R","B",null],"character_chosen":"DEFECT","items_purchased":["Whetstone"],"campfire_rested":0,"item_purchase_floors":[4],"current_hp_per_floor":[90,85,91,91,91,95,98,100,100,81,87,91,91,91,106,106,106,106],"gold":288,"neow_bonus":"TEN_PERCENT_HP_BONUS","is_daily":false,"chose_seed":false,"campfire_upgraded":0,"win_rate":0.0,"timestamp":1610200291,"path_taken":["M","?","M","$","?","E","M","E","T","?","M","E","?","?","R","BOSS"],"items_purchased_type":["Relic"],"build_version":"2020-12-22","purchased_purges":1,"victory":false,"max_hp_per_floor":[90,90,94,94,94,96,98,100,100,100,104,106,106,106,106,106,106,106],"card_choices":[{"not_picked":["Ball Lightning+1","Streamline+1","Scrape+1"],"picked":"Singing Bowl","floor":1},{"not_picked":["Compile Driver+1","Gash+1","Doom and Gloom+1"],"picked":"Singing Bowl","floor":1},{"not_picked":["Turbo","Streamline+1","Rebound+1"],"picked":"Singing Bowl","floor":3},{"not_picked":["Glacier","Sweeping Beam+1","Conserve Battery"],"picked":"Singing Bowl","floor":3},{"not_picked":["Steam Power","Blizzard+1","Rip and Tear+1"],"picked":"Singing Bowl","floor":6},{"not_picked":["Sweeping Beam+1","Steam Power"],"picked":"Echo Form+1","floor":7},{"not_picked":["Skim","Gash+1","Steam"],"picked":"Singing Bowl","floor":7},{"not_picked":["Beam Cell+1","Chill","Gash+1"],"picked":"Singing Bowl","floor":8},{"not_picked":["Turbo","Coolheaded","Hello World+1"],"picked":"Singing Bowl","floor":11},{"not_picked":["Tempest","Turbo","Doom and Gloom+1"],"picked":"Singing Bowl","floor":11},{"not_picked":["Amplify","Leap","Go for the Eyes+1"],"picked":"Singing Bowl","floor":12},{"not_picked":["Multi-Cast","All For One+1"],"picked":"Buffer+1","floor":16}],"player_experience":466487,"relics_obtained":[{"floor":6,"key":"Gremlin Horn"},{"floor":8,"key":"CeramicFish"},{"floor":9,"key":"PreservedInsect"},{"floor":12,"key":"Mercury Hourglass"},{"floor":13,"key":"Akabeko"},{"floor":13,"key":"StrikeDummy"}],"event_choices":[{"damage_healed":0,"gold_gain":0,"player_choice":"Success","damage_taken":7,"relics_obtained":["Du-Vu Doll"],"max_hp_gain":0,"max_hp_loss":0,"event_name":"Scrap Ooze","floor":2,"gold_loss":0},{"damage_healed":0,"gold_gain":0,"player_choice":"Grow","damage_taken":0,"max_hp_gain":0,"max_hp_loss":0,"event_name":"Living Wall","floor":5,"gold_loss":0,"cards_upgraded":["Seek"]},{"damage_healed":0,"gold_gain":0,"player_choice":"Entered Light","damage_taken":20,"max_hp_gain":0,"max_hp_loss":0,"event_name":"Shining Light","floor":10,"gold_loss":0,"cards_upgraded":["Multi-Cast","Creative AI"]},{"cards_removed":["Genetic Algorithm"],"damage_healed":0,"gold_gain":0,"player_choice":"Card Removal","damage_taken":0,"max_hp_gain":0,"max_hp_loss":0,"event_name":"The Cleric","floor":14,"gold_loss":50}],"is_beta":false,"boss_relics":[{"not_picked":["Busted Crown","Cursed Key"],"picked":"Coffee Dripper"}],"items_purged_floors":[4],"is_endless":false,"potions_floor_spawned":[6,7,8,16],"ascension_level":11}}