{"host":"ci7cmvrwpmzqnw7e","time":1610173933,"event":{"mods":["BaseMod","BetterRewards","Colored Map","Downfall","Highlight Path","Hubris","Minty Spire (QoL Compilation)","Rare Cards Sparkle","Replay The Spire","Shop Mod","StSLib","The Disciple"],"gold_per_floor":[115,115,40,40,40,40,53,53,131,144,162,162,174,174,174,273,273,287,287,298,213,33,33,33,33,33],"floor_reached":25,"playtime":528,"items_purged":["hubris:Prefetch","Decay"],"score":189,"play_id":"2ba0884a-ac29-4dc3-9150-fcb1cc66eb15","local_time":"20210108233213","is_ascension_mode":false,"campfire_choices":[{"data":"Zap","floor":6,"key":"SMITH"},{"data":"Zap","floor":8,"key":"SMITH"},{"data":"Dualcast","floor":12,"key":"SMITH"},{"floor":15,"key":"REST"},{"floor":24,"key":"REST"}],"circlet_count":0,"master_deck":["Strike_B","Strike_B","Strike_B","Strike_B","Defend_B","Defend_B","Defend_B","Defend_B","Zap+1","Dualcast+1","Zap+1","Sweeping Beam","Cold Snap","ReplayRNGCard","Cold Snap+1","Panic Button+1","Defragment"],"relics":["Cracked Core","Happy Flower","Replay:Bottled Flurry","Philosopher\u0027s Stone","hubris:SoftwareUpdate","Toxic Egg 2"],"acts_visited":["Exordium","TheCity"],"potions_floor_usage":[16,16],"damage_taken":[{"damage":1,"enemies":"Cultist","floor":1,"turns":3},{"damage":1,"enemies":"Jaw Worm","floor":7,"turns":2},{"damage":0,"enemies":"2 Louse","floor":10,"turns":2},{"damage":13,"enemies":"Lots of Slimes","floor":11,"turns":2},{"damage":0,"enemies":"Looter","floor":13,"turns":3},{"damage":47,"enemies":"The Guardian","floor":16,"turns":10},{"damage":40,"enemies":"2 Thieves","floor":18,"turns":5},{"damage":24,"enemies":"Shell Parasite","floor":20,"turns":5},{"damage":38,"enemies":"Snake Plant","floor":25,"turns":3}],"seed_played":"9080220086585384416","potions_obtained":[{"floor":5,"key":"DuplicationPotion"},{"floor":5,"key":"AttackPotion"},{"floor":5,"key":"Languid Potion"},{"floor":16,"key":"Dexterity Potion"}],"is_trial":false,"path_per_floor":["M","?","$","?","?","R","M","R","T","M","M","R","M","?","R","B",null,"M","?","M","?","$","?","R","M"],"character_chosen":"DEFECT","items_purchased":["Defragment"],"campfire_rested":2,"item_purchase_floors":[22],"current_hp_per_floor":[74,74,74,62,62,62,61,61,61,61,48,48,48,48,70,23,75,35,35,11,11,11,11,33,0,0],"gold":33,"neow_bonus":"ONE_RANDOM_RARE_CARD","is_daily":false,"chose_seed":false,"campfire_upgraded":3,"win_rate":0.0,"timestamp":1610173933,"path_taken":["M","?","?","?","?","R","M","R","T","M","M","R","?","?","R","BOSS","M","?","M","?","$","?","R","M"],"items_purchased_type":["Card"],"build_version":"2020-12-22","purchased_purges":2,"victory":false,"max_hp_per_floor":[75,75,75,75,75,75,75,75,75,75,75,75,75,75,75,75,75,75,75,75,75,75,75,75,75,75],"card_choices":[{"not_picked":["Coolheaded","Barrage","ReplayTheSpireMod:System Scan"],"picked":"SKIP","floor":1},{"not_picked":["Leap","Reinforced Body","Blizzard"],"picked":"SKIP","floor":7},{"not_picked":["Compile Driver","Conserve Battery"],"picked":"Sweeping Beam","floor":10},{"not_picked":["Compile Driver","Undo","Go for the Eyes"],"picked":"SKIP","floor":11},{"not_picked":["Double Energy","Coolheaded"],"picked":"Cold Snap","floor":13},{"not_picked":["Buffer","All For One"],"picked":"ReplayRNGCard","floor":16},{"not_picked":["Hologram","Redo"],"picked":"Cold Snap+1","floor":18},{"not_picked":["Go for the Eyes","Redo"],"picked":"Panic Button+1","floor":20}],"player_experience":33188,"relics_obtained":[{"floor":9,"key":"Replay:Bottled Flurry"}],"event_choices":[{"damage_healed":0,"gold_gain":0,"player_choice":"1 cards matched","damage_taken":0,"max_hp_gain":0,"max_hp_loss":0,"event_name":"Match and Keep!","floor":2,"gold_loss":0,"cards_obtained":["Zap"]},{"damage_healed":0,"gold_gain":0,"player_choice":"Success","damage_taken":12,"relics_obtained":["Happy Flower"],"max_hp_gain":0,"max_hp_loss":0,"event_name":"Scrap Ooze","floor":4,"gold_loss":0},{"damage_healed":0,"gold_gain":0,"player_choice":"Got Potions","damage_taken":0,"max_hp_gain":0,"max_hp_loss":0,"event_name":"Lab","floor":5,"gold_loss":0},{"damage_healed":0,"gold_gain":0,"player_choice":"Cursed","damage_taken":0,"max_hp_gain":0,"max_hp_loss":0,"event_name":"Wheel of Change","floor":14,"gold_loss":0,"cards_obtained":["Decay"]},{"damage_healed":0,"gold_gain":0,"player_choice":"Opened","damage_taken":0,"relics_obtained":["hubris:SoftwareUpdate"],"max_hp_gain":0,"max_hp_loss":0,"event_name":"The Mausoleum","floor":19,"gold_loss":0},{"damage_healed":0,"gold_gain":0,"player_choice":"Obtained Relic","damage_taken":0,"relics_obtained":["Toxic Egg 2"],"max_hp_gain":0,"max_hp_loss":0,"event_name":"Addict","floor":21,"gold_loss":85}],"is_beta":false,"boss_relics":[{"not_picked":["hubris:TerracottaHorce","hubris:HollowSoul"],"picked":"Philosopher\u0027s Stone"}],"items_purged_floors":[3,22],"is_endless":false,"potions_floor_spawned":[11,16],"killed_by":"Snake Plant","ascension_level":0}}