{"host":"yecadp3kwkksam5a","time":1610192803,"event":{"mods":["BaseMod","Minty Spire (QoL Compilation)","StSLib"],"gold_per_floor":[117,136,149,83,101,126,126,126,126],"floor_reached":8,"playtime":340,"items_purged":[],"score":90,"play_id":"36eba3a1-4ca2-4a0d-b05d-6b90b09027b1","local_time":"20210109204643","is_ascension_mode":true,"campfire_choices":[{"floor":7,"key":"REST"}],"circlet_count":0,"master_deck":["AscendersBane","Strike_R","Strike_R","Strike_R","Strike_R","Strike_R","Defend_R","Defend_R","Defend_R","Defend_R","Bash","True Grit","Feel No Pain","Pummel","Dual Wield","Hemokinesis"],"relics":["Burning Blood","Magic Flower","Bag of Preparation"],"acts_visited":["Exordium"],"potions_floor_usage":[],"damage_taken":[{"damage":11,"enemies":"Jaw Worm","floor":1,"turns":5},{"damage":10,"enemies":"Cultist","floor":2,"turns":4},{"damage":5,"enemies":"2 Louse","floor":3,"turns":3},{"damage":19,"enemies":"Lots of Slimes","floor":5,"turns":8},{"damage":40,"enemies":"Gremlin Nob","floor":6,"turns":5},{"damage":0,"enemies":"Lagavulin","floor":8,"turns":3}],"seed_played":"-7081592598293419374","potions_obtained":[],"is_trial":false,"path_per_floor":["M","M","M","?","M","E","R","E"],"character_chosen":"IRONCLAD","items_purchased":[],"campfire_rested":1,"item_purchase_floors":[],"current_hp_per_floor":[75,71,72,72,62,31,57,57,57],"gold":126,"neow_bonus":"TEN_PERCENT_HP_BONUS","is_daily":false,"chose_seed":false,"campfire_upgraded":0,"win_rate":0.0,"timestamp":1610192803,"path_taken":["M","M","M","?","M","E","R","E"],"items_purchased_type":[],"build_version":"2020-12-22","purchased_purges":0,"victory":false,"max_hp_per_floor":[88,88,88,88,88,88,88,88,88],"card_choices":[{"not_picked":["Sword Boomerang","Iron Wave"],"picked":"True Grit","floor":1},{"not_picked":["Pommel Strike","Headbutt"],"picked":"Feel No Pain","floor":2},{"not_picked":["Pommel Strike","Seeing Red"],"picked":"Pummel","floor":3},{"not_picked":["True Grit","Warcry"],"picked":"Dual Wield","floor":5},{"not_picked":["Heavy Blade","Thunderclap"],"picked":"Hemokinesis","floor":6}],"player_experience":459851,"relics_obtained":[{"floor":6,"key":"Bag of Preparation"}],"event_choices":[{"damage_healed":0,"gold_gain":0,"player_choice":"Paid Gold","damage_taken":0,"relics_obtained":["Magic Flower"],"max_hp_gain":0,"max_hp_loss":0,"event_name":"WeMeetAgain","floor":4,"gold_loss":66}],"is_beta":false,"boss_relics":[],"items_purged_floors":[],"is_endless":false,"potions_floor_spawned":[],"killed_by":"Lagavulin","ascension_level":11}}