{"host":"9tzam4717zt8ei1o","time":1610204117,"event":{"mods":["BaseMod","Colored Map","Keyboard Shortcuts","Minty Spire (QoL Compilation)","Quick Restart","StSLib","SuperFastMode"],"gold_per_floor":[109,21,21,21,32,57,68,100,153,153,153,167,178,208,208,282,282,294,314,229,241,26,26,26,26],"floor_reached":24,"playtime":533,"items_purged":["Strike_G"],"score":462,"play_id":"5eea5c9a-628b-4756-9627-74efb4601d5c","local_time":"20210109235517","is_ascension_mode":true,"campfire_choices":[{"data":"Noxious Fumes","floor":10.0,"key":"SMITH"},{"data":"Accuracy","floor":15.0,"key":"SMITH"},{"floor":23.0,"key":"REST"}],"circlet_count":0,"master_deck":["AscendersBane","Strike_G","Strike_G","Strike_G","Defend_G","Defend_G","Defend_G","Defend_G","Defend_G","Survivor","Neutralize","Leg Sweep","Masterful Stab","Burst","Footwork","Noxious Fumes+1","Accuracy+1","Storm of Steel","Cloak And Dagger","Reflex","Corpse Explosion","Blade Dance","Acrobatics"],"relics":["Ring of the Serpent","NeowsBlessing","Darkstone Periapt","Smiling Mask","Dream Catcher","MealTicket","Medical Kit"],"acts_visited":["Exordium","TheCity"],"potions_floor_usage":[],"damage_taken":[{"damage":0.0,"enemies":"Small Slimes","floor":1.0,"turns":1.0},{"damage":0.0,"enemies":"Cultist","floor":5.0,"turns":1.0},{"damage":0.0,"enemies":"Gremlin Nob","floor":6.0,"turns":1.0},{"damage":0.0,"enemies":"2 Louse","floor":7.0,"turns":2.0},{"damage":7.0,"enemies":"Lagavulin","floor":8.0,"turns":8.0},{"damage":7.0,"enemies":"Exordium Wildlife","floor":12.0,"turns":4.0},{"damage":2.0,"enemies":"Blue Slaver","floor":13.0,"turns":4.0},{"damage":34.0,"enemies":"Slime Boss","floor":16.0,"turns":16.0},{"damage":19.0,"enemies":"Shell Parasite","floor":18.0,"turns":10.0},{"damage":4.0,"enemies":"Spheric Guardian","floor":19.0,"turns":3.0},{"damage":21.0,"enemies":"Centurion and Healer","floor":21.0,"turns":5.0},{"damage":45,"enemies":"Gremlin Leader","floor":24,"turns":4}],"seed_played":"1054440869550674769","potions_obtained":[{"floor":1.0,"key":"Poison Potion"},{"floor":7.0,"key":"PowerPotion"},{"floor":8.0,"key":"GamblersBrew"},{"floor":18.0,"key":"SkillPotion"}],"is_trial":false,"path_per_floor":["M","$","?","$","M","E","M","E","T","R","?","M","M","?","R","B",null,"M","M","?","M","$","R","E"],"character_chosen":"THE_SILENT","items_purchased":["Masterful Stab","Medical Kit"],"campfire_rested":1,"item_purchase_floors":[2,22],"current_hp_per_floor":[59,59,59,59,59,59,59,52,52,52,52,45,43,43,43,9,52,33,29,29,8,23,42,0,0],"gold":26,"neow_bonus":"THREE_ENEMY_KILL","is_daily":false,"chose_seed":false,"campfire_upgraded":2,"win_rate":0.0,"timestamp":1610204117,"path_taken":["M","$","?","?","M","E","M","E","T","R","?","M","?","?","R","BOSS","M","M","?","M","$","R","E"],"items_purchased_type":["Card","Relic"],"build_version":"2020-12-22","purchased_purges":1,"victory":false,"max_hp_per_floor":[66,66,66,66,66,66,66,66,66,66,66,66,66,66,66,66,66,66,66,66,66,66,66,66,66],"card_choices":[{"not_picked":["Bane","Cloak And Dagger"],"picked":"Leg Sweep","floor":1.0},{"not_picked":["Quick Slash","Cloak And Dagger","Catalyst"],"picked":"SKIP","floor":5.0},{"not_picked":["Cloak And Dagger","Dagger Spray"],"picked":"Footwork","floor":6.0},{"not_picked":["Calculated Gamble","Dagger Throw"],"picked":"Noxious Fumes","floor":7.0},{"not_picked":["Distraction","Prepared"],"picked":"Accuracy","floor":8.0},{"not_picked":["Prepared","Noxious Fumes"],"picked":"Cloak And Dagger","floor":12.0},{"not_picked":["Storm of Steel","Dagger Throw"],"picked":"Reflex","floor":13.0},{"not_picked":["Phantasmal Killer","Envenom"],"picked":"Corpse Explosion","floor":16.0},{"not_picked":["Acrobatics","Prepared"],"picked":"Blade Dance","floor":18.0},{"not_picked":["Deflect","Terror","Endless Agony"],"picked":"SKIP","floor":19.0},{"not_picked":["Dagger Throw","Outmaneuver","Slice"],"picked":"SKIP","floor":21.0},{"not_picked":["Quick Slash+1","PiercingWail"],"picked":"Acrobatics","floor":23.0}],"player_experience":170709,"relics_obtained":[{"floor":6.0,"key":"Darkstone Periapt"},{"floor":8.0,"key":"Smiling Mask"},{"floor":9.0,"key":"Dream Catcher"}],"event_choices":[{"damage_healed":0.0,"max_hp_gain":0.0,"max_hp_loss":0.0,"gold_gain":0.0,"event_name":"Match and Keep!","player_choice":"1 cards matched","floor":3.0,"gold_loss":0.0,"damage_taken":0.0,"cards_obtained":["Burst"]},{"damage_healed":0.0,"max_hp_gain":0.0,"max_hp_loss":0.0,"gold_gain":0.0,"cards_transformed":["Strike_G"],"event_name":"Living Wall","player_choice":"Change","floor":11.0,"gold_loss":0.0,"damage_taken":0.0,"cards_obtained":["Storm of Steel"]},{"damage_healed":0.0,"max_hp_gain":0.0,"max_hp_loss":0.0,"gold_gain":30.0,"event_name":"Dead Adventurer","player_choice":"Searched \u00271\u0027 times","floor":14.0,"gold_loss":0.0,"damage_taken":0.0},{"damage_healed":0.0,"max_hp_gain":0.0,"max_hp_loss":0.0,"gold_gain":0.0,"event_name":"Addict","player_choice":"Obtained Relic","floor":20.0,"gold_loss":85.0,"damage_taken":0.0,"relics_obtained":["MealTicket"]}],"is_beta":false,"boss_relics":[{"not_picked":["Tiny House","Coffee Dripper"],"picked":"Ring of the Serpent"}],"items_purged_floors":[22],"is_endless":false,"potions_floor_spawned":[1,7,8,13,18],"killed_by":"Gremlin Leader","ascension_level":20}}