{"host":"cv77zuuuekizn3ic","time":1610158665,"event":{"mods":["AchievementEnabler","BaseMod","Marisa£®ÏF”Í°°ƒß¿Ì…≥£©","Minty Spire (QoL Compilation)","StSLib","Waifu the Spire","everything is the same but u backflip on backflip","slay the spire mod where everything is the same but ironclad has a cowboy hat"],"gold_per_floor":[119,419,114,182,82,133,133,210,210,210,258,258,278,278],"floor_reached":13,"playtime":429,"items_purged":["Strike_R","Strike_R"],"score":248,"play_id":"e67f6b15-4b30-4795-86fa-d2ce62e6ffe6","local_time":"20210109101745","is_ascension_mode":true,"campfire_choices":[{"data":"Armaments","floor":7.0,"key":"SMITH"},{"data":"Burning Pact","floor":10.0,"key":"SMITH"},{"data":"Corruption","floor":12.0,"key":"SMITH"}],"circlet_count":0,"master_deck":["AscendersBane","Strike_R","Strike_R","Strike_R","Defend_R","Defend_R","Defend_R","Defend_R","Bash","Bloodletting","HandOfGreed","Armaments+1","Burning Pact+1","Shrug It Off","Reckless Charge","Corruption+1"],"relics":["Burning Blood","NeowsBlessing","Old Coin","Magic Flower","Centennial Puzzle","Toxic Egg 2","Strawberry"],"acts_visited":["Exordium"],"potions_floor_usage":[],"damage_taken":[{"damage":0.0,"enemies":"Jaw Worm","floor":1.0,"turns":1.0},{"damage":1.0,"enemies":"2 Louse","floor":4.0,"turns":4.0},{"damage":0.0,"enemies":"Gremlin Nob","floor":6.0,"turns":1.0},{"damage":53.0,"enemies":"3 Sentries","floor":8.0,"turns":16.0},{"damage":8.0,"enemies":"Gremlin Nob","floor":11.0,"turns":3.0},{"damage":33,"enemies":"3 Sentries","floor":13,"turns":6}],"seed_played":"-2575809994878924707","potions_obtained":[{"floor":8.0,"key":"EntropicBrew"}],"is_trial":false,"path_per_floor":["M","?","$","M","$","E","R","E","T","R","E","R","E"],"character_chosen":"IRONCLAD","items_purchased":["HandOfGreed","Armaments"],"campfire_rested":0,"item_purchase_floors":[3,3],"current_hp_per_floor":[74,56,56,61,61,67,67,23,23,23,31,31,0,0],"gold":278,"neow_bonus":"THREE_ENEMY_KILL","is_daily":false,"chose_seed":false,"campfire_upgraded":3,"win_rate":0.0,"timestamp":1610158665,"path_taken":["M","?","$","M","$","E","R","E","T","R","E","R","E"],"items_purchased_type":["Card","Card"],"build_version":"2020-12-22","purchased_purges":2,"victory":false,"max_hp_per_floor":[75,75,75,75,75,75,75,75,75,75,82,82,82,82],"card_choices":[{"not_picked":["True Grit","Infernal Blade"],"picked":"Bloodletting","floor":1.0},{"not_picked":["Clothesline","True Grit"],"picked":"Burning Pact","floor":4.0},{"not_picked":["Havoc","Perfected Strike"],"picked":"Shrug It Off","floor":6.0},{"not_picked":["Sever Soul","Wild Strike"],"picked":"Reckless Charge","floor":8.0},{"not_picked":["Flex+1","Havoc+1"],"picked":"Corruption","floor":11.0}],"player_experience":798617,"relics_obtained":[{"floor":6.0,"key":"Magic Flower"},{"floor":8.0,"key":"Centennial Puzzle"},{"floor":9.0,"key":"Toxic Egg 2"},{"floor":11.0,"key":"Strawberry"}],"event_choices":[{"damage_healed":0.0,"max_hp_gain":0.0,"max_hp_loss":0.0,"gold_gain":0.0,"event_name":"Scrap Ooze","player_choice":"Success","floor":2.0,"gold_loss":0.0,"damage_taken":18.0,"relics_obtained":["Old Coin"]}],"is_beta":false,"boss_relics":[],"items_purged_floors":[3,5],"is_endless":false,"potions_floor_spawned":[8],"killed_by":"3 Sentries","ascension_level":20}}