{"host":"yecadp3kwkksam5a","time":1610212537,"event":{"mods":["BaseMod","Minty Spire (QoL Compilation)","StSLib"],"gold_per_floor":[119,129,149,74,74,107,107,138,185,195,212,212,212,233,233,323,323,344,362,287,303,318,351,351,370,370,411,311,349,364,364,364,460,460,484,409,242,257,257,292,306,347,416,430,461,477,521,539,539,539,539,539,539,18,52,52],"floor_reached":57,"playtime":3196,"items_purged":["Bouncing Flask","Endless Agony+1","Underhanded Strike"],"score":3892,"play_id":"864707a5-841f-4d18-a865-a65decd9fffc","local_time":"20210110021537","daily_mods":["Draft"],"is_ascension_mode":true,"campfire_choices":[{"data":"Tactician","floor":7.0,"key":"SMITH"},{"data":"Prepared","floor":15.0,"key":"SMITH"},{"data":"Reflex","floor":24.0,"key":"SMITH"},{"data":"Writhe","floor":32.0,"key":"PURGE"},{"floor":49.0,"key":"RECALL"},{"data":"Backflip","floor":53.0,"key":"SMITH"}],"circlet_count":0,"master_deck":["AscendersBane","Backflip+1","Footwork","Acrobatics","Prepared+1","Acrobatics","Tactician+1","Reflex+1","PiercingWail","PiercingWail","Grand Finale","Footwork+1","Purity","Footwork+1"],"relics":["Ring of the Snake","Frozen Egg 2","Whetstone","Bag of Preparation","Golden Idol","Black Star","Art of War","Calipers","Pantograph","Boot","Peace Pipe","Mango","Strawberry","Runic Pyramid","Bronze Scales","Blue Candle","Girya","Pen Nib","Kunai","Singing Bowl","Lantern","Snake Skull","Oddly Smooth Stone","Tough Bandages","Shuriken"],"acts_visited":["Exordium","TheCity","TheBeyond","TheEnding"],"potions_floor_usage":[56,56],"damage_taken":[{"damage":0.0,"enemies":"Cultist","floor":1.0,"turns":2.0},{"damage":1.0,"enemies":"Jaw Worm","floor":2.0,"turns":2.0},{"damage":0.0,"enemies":"2 Louse","floor":3.0,"turns":1.0},{"damage":0.0,"enemies":"Gremlin Nob","floor":6.0,"turns":1.0},{"damage":0.0,"enemies":"3 Sentries","floor":8.0,"turns":1.0},{"damage":0.0,"enemies":"Looter","floor":10.0,"turns":1.0},{"damage":0.0,"enemies":"3 Louse","floor":11.0,"turns":1.0},{"damage":0.0,"enemies":"2 Fungi Beasts","floor":14.0,"turns":1.0},{"damage":0.0,"enemies":"Slime Boss","floor":16.0,"turns":1.0},{"damage":0.0,"enemies":"3 Byrds","floor":18.0,"turns":1.0},{"damage":0.0,"enemies":"Shell Parasite","floor":19.0,"turns":1.0},{"damage":0.0,"enemies":"Snecko","floor":21.0,"turns":1.0},{"damage":0.0,"enemies":"3 Cultists","floor":22.0,"turns":1.0},{"damage":0.0,"enemies":"Gremlin Leader","floor":23.0,"turns":1.0},{"damage":0.0,"enemies":"Snake Plant","floor":25.0,"turns":1.0},{"damage":0.0,"enemies":"Book of Stabbing","floor":27.0,"turns":1.0},{"damage":0.0,"enemies":"Slavers","floor":29.0,"turns":1.0},{"damage":0.0,"enemies":"Shelled Parasite and Fungi","floor":30.0,"turns":1.0},{"damage":0.0,"enemies":"Automaton","floor":33.0,"turns":1.0},{"damage":0.0,"enemies":"3 Darklings","floor":35.0,"turns":1.0},{"damage":0.0,"enemies":"3 Shapes","floor":38.0,"turns":1.0},{"damage":0.0,"enemies":"Nemesis","floor":40.0,"turns":1.0},{"damage":0.0,"enemies":"Sphere and 2 Shapes","floor":41.0,"turns":1.0},{"damage":0.0,"enemies":"Giant Head","floor":42.0,"turns":1.0},{"damage":0.0,"enemies":"4 Shapes","floor":44.0,"turns":1.0},{"damage":0.0,"enemies":"Reptomancer","floor":45.0,"turns":1.0},{"damage":0.0,"enemies":"Jaw Worm Horde","floor":46.0,"turns":1.0},{"damage":0.0,"enemies":"Giant Head","floor":47.0,"turns":1.0},{"damage":0.0,"enemies":"3 Darklings","floor":48.0,"turns":1.0},{"damage":0.0,"enemies":"Awakened One","floor":50.0,"turns":2.0},{"damage":0.0,"enemies":"Time Eater","floor":51.0,"turns":2.0},{"damage":0.0,"enemies":"Shield and Spear","floor":55.0,"turns":1.0},{"damage":0,"enemies":"The Heart","floor":56,"turns":4}],"seed_played":"3336607706394525365","potions_obtained":[{"floor":3.0,"key":"FearPotion"},{"floor":6.0,"key":"Fire Potion"}],"is_trial":true,"path_per_floor":["M","M","M","?","?","E","R","E","T","M","M","?","?","M","R","B",null,"M","M","$","M","M","E","R","M","T","E","$","E","M","?","R","B",null,"M","?","$","M","?","E","M","E","T","M","E","M","E","M","R","B","B",null,"R","$","E","B",null],"character_chosen":"THE_SILENT","items_purchased":["Footwork+1","Tough Bandages","LiquidBronze","Purity"],"campfire_rested":0,"item_purchase_floors":[37,54,54,54],"current_hp_per_floor":[59,58,58,58,58,58,58,58,58,58,58,58,35,35,35,35,58,58,58,58,58,58,58,58,58,58,58,58,72,72,79,79,87,87,87,87,87,87,87,87,87,87,87,87,89,91,93,95,95,95,95,95,95,95,95,95],"gold":52,"neow_bonus":"","is_daily":false,"chose_seed":false,"campfire_upgraded":4,"win_rate":0.0,"timestamp":1610212537,"path_taken":["M","M","?","?","?","E","R","E","T","M","M","?","?","M","R","BOSS","M","M","$","M","M","E","R","M","T","E","$","E","M","?","R","BOSS","M","?","?","M","?","E","M","E","T","M","E","M","E","M","R","BOSS","BOSS","R","$","E","BOSS"],"items_purchased_type":["Card","Relic","Potion","Card"],"build_version":"2020-12-22","purchased_purges":3,"victory":true,"max_hp_per_floor":[66,66,66,66,66,66,66,66,66,66,66,66,66,66,66,66,66,66,66,66,66,66,66,66,66,66,66,66,80,80,87,87,87,87,87,87,87,87,87,87,87,87,87,87,89,91,93,95,95,95,95,95,95,95,95,95],"card_choices":[{"not_picked":["Slice","Skewer"],"picked":"Bane","floor":0.0},{"not_picked":["Expertise","Underhanded Strike"],"picked":"Blade Dance","floor":0.0},{"not_picked":["Infinite Blades","Riddle With Holes"],"picked":"Blade Dance","floor":0.0},{"not_picked":["Slice","Concentrate"],"picked":"Underhanded Strike","floor":0.0},{"not_picked":["Flying Knee","Setup"],"picked":"Backflip","floor":0.0},{"not_picked":["Dagger Throw","Underhanded Strike"],"picked":"Footwork","floor":0.0},{"not_picked":["Terror","Distraction"],"picked":"Bouncing Flask","floor":0.0},{"not_picked":["Blade Dance","Underhanded Strike"],"picked":"Acrobatics","floor":0.0},{"not_picked":["Slice","Underhanded Strike"],"picked":"Prepared","floor":0.0},{"not_picked":["Underhanded Strike","Dodge and Roll"],"picked":"Endless Agony","floor":0.0},{"not_picked":["Sucker Punch","Quick Slash"],"picked":"Acrobatics","floor":0.0},{"not_picked":["Distraction","Cloak And Dagger"],"picked":"Tactician","floor":0.0},{"not_picked":["Well Laid Plans","Expertise"],"picked":"Reflex","floor":0.0},{"not_picked":["Prepared","Riddle With Holes"],"picked":"PiercingWail","floor":0.0},{"not_picked":["Dash","Bane"],"picked":"PiercingWail","floor":0.0},{"not_picked":["Footwork","Backflip","Underhanded Strike"],"picked":"SKIP","floor":1.0},{"not_picked":["Footwork","Backflip","Underhanded Strike"],"picked":"SKIP","floor":1.0},{"not_picked":["Acrobatics","Outmaneuver","Dodge and Roll"],"picked":"SKIP","floor":2.0},{"not_picked":["Prepared","Deflect","Dagger Spray"],"picked":"SKIP","floor":3.0},{"not_picked":["PiercingWail","Caltrops+1","Storm of Steel"],"picked":"SKIP","floor":6.0},{"not_picked":["Leg Sweep","Expertise","Blur"],"picked":"SKIP","floor":8.0},{"not_picked":["Slice","Noxious Fumes+1","Sucker Punch"],"picked":"SKIP","floor":10.0},{"not_picked":["Deflect","Accuracy+1","Bouncing Flask"],"picked":"SKIP","floor":11.0},{"not_picked":["Backflip","Crippling Poison","Leg Sweep"],"picked":"SKIP","floor":14.0},{"not_picked":["Flying Knee","Bouncing Flask","Flechettes"],"picked":"SKIP","floor":18.0},{"not_picked":["Endless Agony","Dagger Throw","Underhanded Strike"],"picked":"SKIP","floor":19.0},{"not_picked":["Underhanded Strike","Dodge and Roll+1","Flechettes"],"picked":"SKIP","floor":21.0},{"not_picked":["Escape Plan","Acrobatics"],"picked":"Blur","floor":22.0},{"not_picked":["Infinite Blades+1","Blur","PiercingWail"],"picked":"SKIP","floor":23.0},{"not_picked":["Infinite Blades+1","Blur","PiercingWail"],"picked":"SKIP","floor":23.0},{"not_picked":["Bane+1","Sucker Punch","Distraction"],"picked":"SKIP","floor":25.0},{"not_picked":["Underhanded Strike","Blade Dance","Calculated Gamble"],"picked":"SKIP","floor":27.0},{"not_picked":["Underhanded Strike","Backflip","Escape Plan"],"picked":"SKIP","floor":29.0},{"not_picked":["Blur","Accuracy+1","Deadly Poison"],"picked":"SKIP","floor":30.0},{"not_picked":["Wraith Form v2+1","A Thousand Cuts+1"],"picked":"Grand Finale","floor":33.0},{"not_picked":["Escape Plan+1","Outmaneuver+1","Prepared"],"picked":"SKIP","floor":35.0},{"not_picked":["Bane+1","Concentrate","Backflip+1"],"picked":"SKIP","floor":38.0},{"not_picked":["Outmaneuver+1","Predator","Underhanded Strike"],"picked":"SKIP","floor":40.0},{"not_picked":["Caltrops+1","Underhanded Strike+1","Dagger Spray+1"],"picked":"SKIP","floor":41.0},{"not_picked":["Envenom+1","Leg Sweep","Underhanded Strike"],"picked":"SKIP","floor":42.0},{"not_picked":["Cloak And Dagger","Skewer","Infinite Blades+1"],"picked":"SKIP","floor":44.0},{"not_picked":["Cloak And Dagger","Tactician","Bullet Time"],"picked":"Singing Bowl","floor":45.0},{"not_picked":["Dagger Throw","Backstab+1","Crippling Poison"],"picked":"Singing Bowl","floor":46.0},{"not_picked":["Sucker Punch+1","Skewer","Outmaneuver+1"],"picked":"Singing Bowl","floor":47.0},{"not_picked":["Cloak And Dagger+1","Flechettes+1","Distraction"],"picked":"Singing Bowl","floor":48.0},{"not_picked":["Eviscerate","Slice"],"picked":"Footwork+1","floor":55.0}],"player_experience":472926,"relics_obtained":[{"floor":6.0,"key":"Frozen Egg 2"},{"floor":8.0,"key":"Whetstone"},{"floor":9.0,"key":"Bag of Preparation"},{"floor":23.0,"key":"Art of War"},{"floor":23.0,"key":"Calipers"},{"floor":27.0,"key":"Pantograph"},{"floor":27.0,"key":"Boot"},{"floor":29.0,"key":"Peace Pipe"},{"floor":29.0,"key":"Mango"},{"floor":40.0,"key":"Bronze Scales"},{"floor":40.0,"key":"Blue Candle"},{"floor":42.0,"key":"Girya"},{"floor":42.0,"key":"Pen Nib"},{"floor":43.0,"key":"Kunai"},{"floor":45.0,"key":"Singing Bowl"},{"floor":45.0,"key":"Lantern"},{"floor":47.0,"key":"Snake Skull"},{"floor":47.0,"key":"Oddly Smooth Stone"},{"floor":55.0,"key":"Shuriken"}],"event_choices":[{"cards_removed":["Blade Dance"],"damage_healed":0.0,"max_hp_gain":0.0,"max_hp_loss":0.0,"gold_gain":0.0,"event_name":"The Cleric","player_choice":"Card Removal","floor":4.0,"gold_loss":75.0,"damage_taken":0.0},{"cards_removed":["Blade Dance"],"damage_healed":0.0,"max_hp_gain":0.0,"max_hp_loss":0.0,"gold_gain":0.0,"event_name":"Living Wall","player_choice":"Forget","floor":5.0,"gold_loss":0.0,"damage_taken":0.0},{"damage_healed":0.0,"max_hp_gain":0.0,"max_hp_loss":0.0,"gold_gain":0.0,"event_name":"Liars Game","player_choice":"Ignored","floor":12.0,"gold_loss":0.0,"damage_taken":0.0},{"damage_healed":0.0,"max_hp_gain":0.0,"max_hp_loss":0.0,"gold_gain":0.0,"event_name":"Golden Idol","player_choice":"Take Damage","floor":13.0,"gold_loss":0.0,"damage_taken":23.0,"relics_obtained":["Golden Idol"]},{"damage_healed":0.0,"max_hp_gain":0.0,"max_hp_loss":0.0,"gold_gain":0.0,"event_name":"The Mausoleum","player_choice":"Opened","floor":31.0,"gold_loss":0.0,"damage_taken":0.0,"relics_obtained":["Strawberry"],"cards_obtained":["Writhe"]},{"cards_removed":["Bane"],"damage_healed":0.0,"max_hp_gain":0.0,"max_hp_loss":0.0,"gold_gain":0.0,"event_name":"Designer","player_choice":"Single Remove","floor":36.0,"gold_loss":75.0,"damage_taken":0.0},{"damage_healed":0.0,"max_hp_gain":0.0,"max_hp_loss":0.0,"gold_gain":0.0,"event_name":"Tomb of Lord Red Mask","player_choice":"Ignored","floor":39.0,"gold_loss":0.0,"damage_taken":0.0}],"is_beta":false,"boss_relics":[{"not_picked":["Tiny House","Ectoplasm"],"picked":"Black Star"},{"not_picked":["Philosopher\u0027s Stone","Ring of the Serpent"],"picked":"Runic Pyramid"}],"items_purged_floors":[20,28,37],"is_endless":false,"potions_floor_spawned":[3,6,11,16,18,21,22,25,27,40,41,46],"ascension_level":20}}