{"host":"ficgsz0si2azpg0p","time":1610230101,"event":{"mods":["BaseMod","Downfall","Minty Spire (QoL Compilation)","StSLib","The Hierophant"],"gold_per_floor":[219,231,26,42,42,42,42,72,72,130,144,144,160,235,235,332,332,342,360,372,22,38,38,38,38,38,38,63,63,63,63,63,63,63],"floor_reached":33,"playtime":15137,"items_purged":["Strike_B"],"score":288,"play_id":"7b51fe4c-3586-4e3a-991d-ca16339bc655","local_time":"20210109170821","is_ascension_mode":false,"campfire_choices":[{"data":"Zap","floor":6,"key":"SMITH"},{"floor":12,"key":"REST"},{"floor":15,"key":"REST"},{"floor":23,"key":"REST"},{"floor":25,"key":"REST"},{"floor":29,"key":"REST"},{"floor":32,"key":"REST"}],"circlet_count":0,"master_deck":["Strike_B","Strike_B","Strike_B","Defend_B","Defend_B","Defend_B","Defend_B","Zap+1","Dualcast","FTL","Gash","Redo","Beam Cell","Beam Cell","Electrodynamics","Beam Cell","Go for the Eyes","Beam Cell","Steam+1"],"relics":["Cracked Core","Nunchaku","Meat on the Bone","Bottled Flame","Toy Ornithopter","Toxic Egg 2","Busted Crown","Blood Vial","Letter Opener","Bag of Marbles","MutagenicStrength"],"acts_visited":["Exordium","TheCity"],"potions_floor_usage":[8,16,16,19,28],"damage_taken":[{"damage":2,"enemies":"Jaw Worm","floor":1,"turns":5},{"damage":0,"enemies":"Small Slimes","floor":2,"turns":3},{"damage":5,"enemies":"2 Louse","floor":4,"turns":2},{"damage":31,"enemies":"3 Sentries","floor":8,"turns":6},{"damage":26,"enemies":"3 Sentries","floor":10,"turns":8},{"damage":0,"enemies":"2 Fungi Beasts","floor":11,"turns":2},{"damage":5,"enemies":"Looter","floor":13,"turns":2},{"damage":48,"enemies":"Hexaghost","floor":16,"turns":9},{"damage":17,"enemies":"Shell Parasite","floor":18,"turns":5},{"damage":18,"enemies":"2 Thieves","floor":19,"turns":4},{"damage":18,"enemies":"Centurion and Healer","floor":20,"turns":4},{"damage":24,"enemies":"Snake Plant","floor":22,"turns":4},{"damage":57,"enemies":"Book of Stabbing","floor":28,"turns":6},{"damage":101,"enemies":"Collector","floor":33,"turns":9}],"seed_played":"-5038265123822369104","potions_obtained":[{"floor":2,"key":"FocusPotion"},{"floor":11,"key":"Dexterity Potion"},{"floor":13,"key":"Energy Potion"},{"floor":18,"key":"EssenceOfSteel"},{"floor":22,"key":"LiquidMemories"}],"is_trial":false,"path_per_floor":["M","M","$","M","?","R","?","E","T","?","M","R","M","?","R","B",null,"M","M","M","$","M","R","?","R","T","$","E","R","?","?","R","B"],"character_chosen":"DEFECT","items_purchased":["Nunchaku","Redo","Blood Vial","Go for the Eyes","Beam Cell","Steam+1"],"campfire_rested":6,"item_purchase_floors":[3,3,21,21,21,21],"current_hp_per_floor":[73,73,73,68,73,73,66,47,47,33,45,69,64,53,77,49,80,63,50,44,44,34,58,58,80,80,80,35,59,59,59,80,0,0],"gold":63,"neow_bonus":"HUNDRED_GOLD","is_daily":false,"chose_seed":false,"campfire_upgraded":1,"win_rate":0.0,"timestamp":1610230101,"path_taken":["M","M","$","M","?","R","?","E","T","?","M","R","M","?","R","BOSS","M","M","M","$","M","R","?","R","T","$","E","R","?","?","R","BOSS"],"items_purchased_type":["Relic","Card","Relic","Card","Card","Card"],"build_version":"2020-12-22","purchased_purges":1,"victory":false,"max_hp_per_floor":[75,75,75,75,80,80,80,80,80,80,80,80,80,80,80,80,80,80,80,80,80,80,80,80,80,80,80,80,80,80,80,80,80,80],"card_choices":[{"not_picked":["Turbo","Glacier"],"picked":"FTL","floor":1},{"not_picked":["Beam Cell","Leap"],"picked":"Gash","floor":2},{"not_picked":["Self Repair","Defragment"],"picked":"Beam Cell","floor":4},{"not_picked":["Defragment","Capacitor","Turbo"],"picked":"SKIP","floor":8},{"not_picked":["Rebound","Leap+1"],"picked":"Beam Cell","floor":10},{"not_picked":["Storm","Leap+1"],"picked":"Electrodynamics","floor":11},{"not_picked":["Cold Snap","Chaos+1"],"picked":"Beam Cell","floor":13},{"not_picked":["Doom and Gloom"],"picked":"SKIP","floor":18},{"not_picked":["Hello World+1"],"picked":"SKIP","floor":19},{"not_picked":["Compile Driver"],"picked":"SKIP","floor":20},{"not_picked":["Doom and Gloom"],"picked":"SKIP","floor":22},{"not_picked":["Ball Lightning+1"],"picked":"SKIP","floor":28}],"player_experience":11970315,"relics_obtained":[{"floor":8,"key":"Bottled Flame"},{"floor":9,"key":"Toy Ornithopter"},{"floor":10,"key":"Toxic Egg 2"},{"floor":26,"key":"Letter Opener"},{"floor":28,"key":"Bag of Marbles"}],"event_choices":[{"damage_healed":0,"gold_gain":0,"player_choice":"Donut","damage_taken":0,"max_hp_gain":5,"max_hp_loss":0,"event_name":"Big Fish","floor":5,"gold_loss":0},{"damage_healed":0,"gold_gain":0,"player_choice":"Success","damage_taken":7,"relics_obtained":["Meat on the Bone"],"max_hp_gain":0,"max_hp_loss":0,"event_name":"Scrap Ooze","floor":7,"gold_loss":0},{"damage_healed":0,"gold_gain":0,"player_choice":"Searched \u00271\u0027 times","damage_taken":0,"max_hp_gain":0,"max_hp_loss":0,"event_name":"Dead Adventurer","floor":10,"gold_loss":0},{"damage_healed":0,"gold_gain":75,"player_choice":"Gather Gold","damage_taken":11,"max_hp_gain":0,"max_hp_loss":0,"event_name":"World of Goop","floor":14,"gold_loss":0},{"damage_healed":0,"gold_gain":0,"player_choice":"Ignored","damage_taken":0,"max_hp_gain":0,"max_hp_loss":0,"event_name":"Ghosts","floor":24,"gold_loss":0},{"damage_healed":0,"gold_gain":0,"player_choice":"Inject Mutagens","damage_taken":0,"relics_obtained":["MutagenicStrength"],"max_hp_gain":0,"max_hp_loss":0,"event_name":"Drug Dealer","floor":30,"gold_loss":0}],"is_beta":false,"boss_relics":[{"not_picked":["Tiny House","Runic Dome"],"picked":"Busted Crown"}],"items_purged_floors":[21],"is_endless":false,"potions_floor_spawned":[2,11,13,18,22],"killed_by":"Collector","ascension_level":0}}