{"host":"c2vrdknshfutmcsq","time":1610219497,"event":{"mods":["BaseMod","Minty Spire (QoL Compilation)"],"gold_per_floor":[119,99,117,127,52,81,92,125,179,189,204,239,204,214,214,286,286,300,300,311,311,4,37,57,86,110,210,210,236,151,151,151,226,226,236,249,249,267,279,279,292,292,319,331,362,312,322,348,348,348],"floor_reached":51,"playtime":10856,"items_purged":["Strike_B","Clumsy"],"score":1380,"play_id":"69cb7fbe-6f37-49b7-baec-c27832ecfbcc","local_time":"20210109201137","is_ascension_mode":true,"campfire_choices":[{"data":"Dualcast","floor":15.0,"key":"SMITH"},{"floor":28.0,"key":"REST"},{"floor":32.0,"key":"REST"},{"floor":40.0,"key":"REST"},{"floor":49,"key":"REST"}],"circlet_count":0,"master_deck":["AscendersBane","Zap","Dualcast+1","Sunder","Ball Lightning","Echo Form","Thunder Strike","Conserve Battery","FTL","Defragment","Electrodynamics","Reinforced Body","Auto Shields","Thunder Strike","Stack","Auto Shields","Seek","Cold Snap","Hologram","Chaos","Reboot","Leap","Loop","Reinforced Body","BootSequence","Barrage","Stack","Double Energy+1","Fission+1","Storm","Meteor Strike","Barrage+1","Madness","Madness","FTL","Mind Blast","Ball Lightning","Conserve Battery+1","Rainbow","Undo"],"relics":["Cracked Core","Symbiotic Virus","Matryoshka","DataDisk","Centennial Puzzle","Strawberry","Pandora\u0027s Box","MutagenicStrength","Letter Opener","Bottled Tornado","White Beast Statue","Dream Catcher","Smiling Mask","Lizard Tail","Gremlin Horn","Mummified Hand","Pantograph","Cursed Key","Happy Flower","Darkstone Periapt","Art of War"],"acts_visited":["Exordium","TheCity","TheBeyond"],"potions_floor_usage":[50],"damage_taken":[{"damage":5.0,"enemies":"2 Louse","floor":1.0,"turns":3.0},{"damage":1.0,"enemies":"Cultist","floor":3.0,"turns":3.0},{"damage":0.0,"enemies":"Small Slimes","floor":4.0,"turns":2.0},{"damage":15.0,"enemies":"Lagavulin","floor":6.0,"turns":7.0},{"damage":0.0,"enemies":"Looter","floor":7.0,"turns":1.0},{"damage":10.0,"enemies":"3 Sentries","floor":8.0,"turns":4.0},{"damage":7.0,"enemies":"Red Slaver","floor":10.0,"turns":2.0},{"damage":9.0,"enemies":"Blue Slaver","floor":11.0,"turns":3.0},{"damage":20.0,"enemies":"Lagavulin","floor":12.0,"turns":4.0},{"damage":1.0,"enemies":"Looter","floor":14.0,"turns":3.0},{"damage":17.0,"enemies":"Hexaghost","floor":16.0,"turns":6.0},{"damage":2.0,"enemies":"Chosen","floor":18.0,"turns":4.0},{"damage":8.0,"enemies":"Shell Parasite","floor":20.0,"turns":6.0},{"damage":13.0,"enemies":"Book of Stabbing","floor":23.0,"turns":6.0},{"damage":8.0,"enemies":"Centurion and Healer","floor":24.0,"turns":6.0},{"damage":21.0,"enemies":"Slavers","floor":25.0,"turns":3.0},{"damage":0.0,"enemies":"Colosseum Slavers","floor":27.0,"turns":3.0},{"damage":16.0,"enemies":"Colosseum Nobs","floor":27.0,"turns":3.0},{"damage":1.0,"enemies":"Gremlin Leader","floor":29.0,"turns":5.0},{"damage":10.0,"enemies":"Collector","floor":33.0,"turns":10.0},{"damage":0.0,"enemies":"3 Shapes","floor":35.0,"turns":2.0},{"damage":0.0,"enemies":"3 Darklings","floor":36.0,"turns":2.0},{"damage":28.0,"enemies":"Spire Growth","floor":38.0,"turns":4.0},{"damage":24.0,"enemies":"Writhing Mass","floor":39.0,"turns":5.0},{"damage":4.0,"enemies":"4 Shapes","floor":41.0,"turns":2.0},{"damage":0.0,"enemies":"Spire Growth","floor":44.0,"turns":3.0},{"damage":45.0,"enemies":"Nemesis","floor":45.0,"turns":7.0},{"damage":17.0,"enemies":"Writhing Mass","floor":47.0,"turns":3.0},{"damage":18,"enemies":"Giant Head","floor":48,"turns":7},{"damage":50,"enemies":"Awakened One","floor":50,"turns":15}],"seed_played":"-3952945590839967974","potions_obtained":[{"floor":2.0,"key":"FairyPotion"},{"floor":3.0,"key":"Energy Potion"},{"floor":6.0,"key":"AttackPotion"},{"floor":14.0,"key":"SpeedPotion"},{"floor":16.0,"key":"Dexterity Potion"},{"floor":20.0,"key":"LiquidMemories"},{"floor":27.0,"key":"DistilledChaos"},{"floor":29.0,"key":"Fire Potion"},{"floor":33.0,"key":"Weak Potion"},{"floor":35.0,"key":"CultistPotion"},{"floor":38.0,"key":"Swift Potion"},{"floor":39.0,"key":"Energy Potion"},{"floor":48,"key":"FairyPotion"}],"is_trial":false,"path_per_floor":["M","?","M","M","$","E","M","E","T","M","M","E","?","M","R","B",null,"M","?","M","?","$","E","M","E","T","?","R","E","?","?","R","B",null,"M","M","?","M","M","R","M","?","T","M","E","$","M","E","R","B",null],"character_chosen":"DEFECT","items_purchased":["Letter Opener","BootSequence"],"campfire_rested":4,"item_purchase_floors":[22,22],"current_hp_per_floor":[55,55,54,54,54,39,39,29,29,22,13,32,55,54,54,37,78,76,76,68,68,68,55,47,26,26,10,37,36,36,36,63,78,89,89,89,72,44,20,47,43,43,43,43,46,46,29,11,38,13],"gold":348,"neow_bonus":"TWENTY_PERCENT_HP_BONUS","is_daily":false,"chose_seed":false,"campfire_upgraded":1,"win_rate":0.0,"timestamp":1610219497,"path_taken":["M","?","M","M","?","E","M","E","T","M","M","E","?","M","R","BOSS","M","?","M","?","$","E","?","E","T","?","R","E","?","?","R","BOSS","M","M","?","M","M","R","M","?","T","M","E","$","M","E","R","BOSS"],"items_purchased_type":["Relic","Card"],"build_version":"2020-12-22","purchased_purges":2,"victory":true,"max_hp_per_floor":[85,85,85,85,85,85,85,85,85,85,85,92,92,92,92,92,92,92,92,92,92,92,92,92,92,92,92,92,92,92,92,92,92,92,92,92,92,92,92,92,92,92,92,92,92,92,92,92,92,92],"card_choices":[{"not_picked":["Go for the Eyes","Conserve Battery"],"picked":"Sunder","floor":1.0},{"not_picked":["Streamline","Compile Driver"],"picked":"Ball Lightning","floor":3.0},{"not_picked":["Storm","Darkness"],"picked":"Echo Form","floor":4.0},{"not_picked":["Stack","Go for the Eyes"],"picked":"Thunder Strike","floor":6.0},{"not_picked":["Compile Driver","Cold Snap"],"picked":"Conserve Battery","floor":7.0},{"not_picked":["Redo","Coolheaded"],"picked":"FTL","floor":8.0},{"not_picked":["Coolheaded","Rip and Tear"],"picked":"Defragment","floor":10.0},{"not_picked":["Conserve Battery","Barrage"],"picked":"Electrodynamics","floor":11.0},{"not_picked":["Glacier","Go for the Eyes"],"picked":"Reinforced Body","floor":12.0},{"not_picked":["Rebound","Reprogram"],"picked":"Auto Shields","floor":14.0},{"not_picked":["Creative AI","Rainbow"],"picked":"Thunder Strike","floor":16.0},{"not_picked":["Go for the Eyes","Hologram"],"picked":"Leap","floor":18.0},{"not_picked":["Chaos+1","Compile Driver"],"picked":"Loop","floor":20.0},{"not_picked":["Scrape+1","Rebound"],"picked":"Barrage","floor":23.0},{"not_picked":["Sweeping Beam","Streamline"],"picked":"Stack","floor":24.0},{"not_picked":["Glacier","Barrage"],"picked":"Double Energy+1","floor":25.0},{"not_picked":["Hello World","Melter"],"picked":"Fission","floor":27.0},{"not_picked":["Redo","Hello World","Streamline"],"picked":"SKIP","floor":29.0},{"not_picked":["Beam Cell","Blizzard"],"picked":"Storm","floor":32.0},{"not_picked":["Core Surge","Amplify"],"picked":"Meteor Strike","floor":33.0},{"not_picked":["Auto Shields","BootSequence"],"picked":"Barrage+1","floor":35.0},{"not_picked":["Cold Snap","Redo","BootSequence"],"picked":"SKIP","floor":36.0},{"not_picked":["Coolheaded","Beam Cell","Chill+1"],"picked":"SKIP","floor":38.0},{"not_picked":["Leap","Reprogram+1","Chill"],"picked":"SKIP","floor":39.0},{"not_picked":["Defragment","Sweeping Beam"],"picked":"FTL","floor":41.0},{"not_picked":["Forethought","Flash of Steel"],"picked":"Mind Blast","floor":42.0},{"not_picked":["Rainbow","Hologram","Chill"],"picked":"SKIP","floor":44.0},{"not_picked":["Compile Driver","Scrape"],"picked":"Ball Lightning","floor":45.0},{"not_picked":["Go for the Eyes","Barrage"],"picked":"Conserve Battery+1","floor":47.0},{"not_picked":["Stack","Gash"],"picked":"Rainbow","floor":48},{"not_picked":["Streamline","Genetic Algorithm+1"],"picked":"Undo","floor":49}],"player_experience":1236393,"relics_obtained":[{"floor":6.0,"key":"Symbiotic Virus"},{"floor":8.0,"key":"Matryoshka"},{"floor":9.0,"key":"DataDisk"},{"floor":9.0,"key":"Centennial Puzzle"},{"floor":12.0,"key":"Strawberry"},{"floor":23.0,"key":"Bottled Tornado"},{"floor":25.0,"key":"White Beast Statue"},{"floor":26.0,"key":"Dream Catcher"},{"floor":26.0,"key":"Smiling Mask"},{"floor":27.0,"key":"Lizard Tail"},{"floor":27.0,"key":"Gremlin Horn"},{"floor":29.0,"key":"Mummified Hand"},{"floor":43.0,"key":"Happy Flower"},{"floor":45.0,"key":"Darkstone Periapt"},{"floor":48,"key":"Art of War"}],"event_choices":[{"damage_healed":0.0,"max_hp_gain":0.0,"max_hp_loss":0.0,"gold_gain":0.0,"event_name":"The Woman in Blue","player_choice":"Bought 1 Potion","floor":2.0,"gold_loss":0.0,"damage_taken":0.0},{"damage_healed":23.0,"max_hp_gain":0.0,"max_hp_loss":0.0,"gold_gain":0.0,"event_name":"The Cleric","player_choice":"Healed","floor":13.0,"gold_loss":35.0,"damage_taken":0.0},{"damage_healed":0.0,"max_hp_gain":0.0,"max_hp_loss":0.0,"gold_gain":0.0,"event_name":"Drug Dealer","player_choice":"Inject Mutagens","floor":19.0,"gold_loss":0.0,"damage_taken":0.0,"relics_obtained":["MutagenicStrength"]},{"damage_healed":0.0,"max_hp_gain":0.0,"max_hp_loss":0.0,"gold_gain":0.0,"event_name":"Duplicator","player_choice":"Copied","floor":21.0,"gold_loss":0.0,"damage_taken":0.0,"cards_obtained":["Reinforced Body"]},{"damage_healed":0.0,"max_hp_gain":0.0,"max_hp_loss":0.0,"gold_gain":0.0,"event_name":"Colosseum","player_choice":"Fight","floor":27.0,"gold_loss":0.0,"damage_taken":0.0},{"damage_healed":0.0,"max_hp_gain":0.0,"max_hp_loss":0.0,"gold_gain":0.0,"event_name":"Colosseum","player_choice":"Fought Nobs","floor":27.0,"gold_loss":0.0,"damage_taken":0.0},{"damage_healed":0.0,"max_hp_gain":0.0,"max_hp_loss":0.0,"gold_gain":0.0,"event_name":"Addict","player_choice":"Obtained Relic","floor":30.0,"gold_loss":85.0,"damage_taken":0.0,"relics_obtained":["Pantograph"]},{"damage_healed":0.0,"max_hp_gain":0.0,"max_hp_loss":0.0,"gold_gain":0.0,"event_name":"Upgrade Shrine","player_choice":"Upgraded","floor":31.0,"gold_loss":0.0,"damage_taken":0.0,"cards_upgraded":["Fission"]},{"damage_healed":0.0,"max_hp_gain":0.0,"max_hp_loss":0.0,"gold_gain":0.0,"event_name":"Winding Halls","player_choice":"Embrace Madness","floor":37.0,"gold_loss":0.0,"damage_taken":17.0,"cards_obtained":["Madness","Madness"]},{"damage_healed":0.0,"max_hp_gain":0.0,"max_hp_loss":0.0,"gold_gain":0.0,"event_name":"SensoryStone","player_choice":"Memory 1","floor":42.0,"gold_loss":0.0,"damage_taken":0.0}],"is_beta":false,"boss_relics":[{"not_picked":["Velvet Choker","Coffee Dripper"],"picked":"Pandora\u0027s Box"},{"not_picked":["Astrolabe","Philosopher\u0027s Stone"],"picked":"Cursed Key"}],"items_purged_floors":[5,46],"is_endless":false,"potions_floor_spawned":[3,4,6,14,16,20,27,27,29,33,35,36,38,39,41,44,45,47,48],"ascension_level":16}}