{"host":"zig6x0mxqzam82fb","time":1610167645,"event":{"mods":["BaseMod","Block Reminder","Colored Map","Colored Powertips","Marisa????????","Minty Spire (QoL Compilation)","Relic Stats","StSLib","The Cursed","The Marked","Waifu the Spire"],"gold_per_floor":[116,116,116,22,46,46,85,85,85,85,106,119,192,211,211,331,331,354,188,211,211,211,227,227,268,345,345,345,358,377,377,377],"floor_reached":31,"playtime":1769,"items_purged":["Strike_G"],"score":350,"play_id":"eda6b50b-e381-4c1f-a4ac-6976b39b2c6c","local_time":"20210108234725","is_ascension_mode":true,"campfire_choices":[{"data":"Adrenaline","floor":6,"key":"SMITH"},{"floor":10,"key":"REST"},{"floor":15,"key":"REST"},{"data":"Catalyst","floor":24,"key":"SMITH"},{"floor":27,"key":"REST"}],"circlet_count":0,"master_deck":["Strike_G","Strike_G","Strike_G","Strike_G","Defend_G","Defend_G","Defend_G","Defend_G","Defend_G","Survivor","Neutralize","Pain","Adrenaline+1","Slice","Injury","Bouncing Flask","Backflip","Choke","Crippling Poison+1","Heel Hook","Finisher","Acrobatics","Dagger Spray","Corpse Explosion","Skewer+1","Bandage Up","Flechettes+1","Catalyst+1","Noxious Fumes","Noxious Fumes+1","Adrenaline+1","Dagger Spray"],"relics":["Ring of the Snake","Golden Idol","Tiny Chest","Du-Vu Doll","Omamori","Calling Bell","Toy Ornithopter","StrikeDummy","Calipers","FossilizedHelix","Meat on the Bone","Question Card"],"acts_visited":["Exordium","TheCity"],"potions_floor_usage":[7,16,18,25,25],"damage_taken":[{"damage":11,"enemies":"Jaw Worm","floor":1,"turns":4},{"damage":3,"enemies":"2 Louse","floor":5,"turns":2},{"damage":17,"enemies":"Lagavulin","floor":7,"turns":6},{"damage":4,"enemies":"Cultist","floor":11,"turns":2},{"damage":8,"enemies":"3 Louse","floor":12,"turns":2},{"damage":18,"enemies":"Gremlin Nob","floor":13,"turns":4},{"damage":4,"enemies":"2 Fungi Beasts","floor":14,"turns":3},{"damage":14,"enemies":"Slime Boss","floor":16,"turns":6},{"damage":6,"enemies":"Shell Parasite","floor":18,"turns":3},{"damage":3,"enemies":"Spheric Guardian","floor":20,"turns":2},{"damage":17,"enemies":"Shelled Parasite and Fungi","floor":23,"turns":4},{"damage":30,"enemies":"Gremlin Leader","floor":25,"turns":6},{"damage":10,"enemies":"Centurion and Healer","floor":29,"turns":4},{"damage":14,"enemies":"3 Cultists","floor":30,"turns":5},{"damage":43,"enemies":"Book of Stabbing","floor":31,"turns":4}],"seed_played":"-5192905454804212487","potions_obtained":[{"floor":5,"key":"SkillPotion"},{"floor":11,"key":"FearPotion"},{"floor":12,"key":"Energy Potion"},{"floor":14,"key":"PowerPotion"},{"floor":23,"key":"PowerPotion"}],"is_trial":false,"path_per_floor":["M","?","?","$","M","R","E","?","T","R","M","M","?","M","R","B",null,"M","$","M","T","?","M","R","E","T","R","?","M","M","E"],"character_chosen":"THE_SILENT","items_purchased":["Bouncing Flask","Backflip","Bandage Up"],"campfire_rested":3,"item_purchase_floors":[4,4,19],"current_hp_per_floor":[59,59,59,59,56,56,39,39,39,60,56,48,30,26,47,33,61,60,60,57,57,57,44,44,28,28,49,49,39,41,0,0],"gold":377,"neow_bonus":"THREE_RARE_CARDS","is_daily":false,"chose_seed":false,"campfire_upgraded":2,"win_rate":0.0,"timestamp":1610167645,"path_taken":["M","?","?","$","M","R","E","?","T","R","M","?","?","M","R","BOSS","M","$","M","?","?","M","R","E","T","R","?","?","M","E"],"items_purchased_type":["Card","Card","Card"],"build_version":"2020-12-22","purchased_purges":1,"victory":false,"max_hp_per_floor":[70,70,70,70,70,70,70,70,70,70,70,70,70,70,70,70,70,70,70,70,70,70,70,70,70,70,70,70,70,70,70,70],"relic_stats":{"counters":[15,57],"Golden Idol":98,"Tiny Chest":1,"Question Card":2,"obtain_stats":[{"Du-Vu Doll":9,"Calling Bell":17,"Calipers":17,"Golden Idol":3,"Tiny Chest":7,"Omamori":13,"StrikeDummy":17,"Question Card":26,"Toy Ornithopter":17,"FossilizedHelix":21,"Ring of the Snake":0,"Meat on the Bone":25},{"Du-Vu Doll":3,"Calling Bell":8,"Calipers":8,"Golden Idol":1,"Tiny Chest":3,"Omamori":6,"StrikeDummy":8,"Question Card":12,"Toy Ornithopter":8,"FossilizedHelix":10,"Ring of the Snake":0,"Meat on the Bone":12},{"Du-Vu Doll":12,"Calling Bell":29,"Calipers":29,"Golden Idol":4,"Tiny Chest":12,"Omamori":20,"StrikeDummy":29,"Question Card":44,"Toy Ornithopter":29,"FossilizedHelix":34,"Ring of the Snake":0,"Meat on the Bone":44}],"Toy Ornithopter":15,"Ring of the Snake":[30],"Meat on the Bone":12},"card_choices":[{"not_picked":["Venomology","Phantasmal Killer"],"picked":"Adrenaline","floor":0},{"not_picked":["Underhanded Strike","Flying Knee"],"picked":"Slice","floor":1},{"not_picked":["Bane","Prepared"],"picked":"Choke","floor":5},{"not_picked":["Outmaneuver","Tools of the Trade"],"picked":"Crippling Poison","floor":7},{"not_picked":["Accuracy","Quick Slash"],"picked":"Heel Hook","floor":11},{"not_picked":["Prepared","Underhanded Strike"],"picked":"Finisher","floor":12},{"not_picked":["Deflect","Reflex"],"picked":"Acrobatics","floor":13},{"not_picked":["Cloak And Dagger","Poisoned Stab"],"picked":"Dagger Spray","floor":14},{"not_picked":["A Thousand Cuts","Phantasmal Killer"],"picked":"Corpse Explosion","floor":16},{"not_picked":["Concentrate","Dagger Throw+1"],"picked":"Skewer+1","floor":18},{"not_picked":["Caltrops","Flying Knee"],"picked":"Flechettes+1","floor":20},{"not_picked":["Blade Dance","Footwork"],"picked":"Noxious Fumes","floor":23},{"not_picked":["Finisher","Dagger Spray"],"picked":"Noxious Fumes+1","floor":25},{"not_picked":["Acrobatics","Prepared","Caltrops","Bouncing Flask"],"picked":"SKIP","floor":29},{"not_picked":["Predator","Cloak And Dagger","Poisoned Stab+1"],"picked":"Dagger Spray","floor":30}],"player_experience":458673,"relics_obtained":[{"floor":7,"key":"Tiny Chest"},{"floor":9,"key":"Du-Vu Doll"},{"floor":13,"key":"Omamori"},{"floor":17,"key":"Toy Ornithopter"},{"floor":17,"key":"StrikeDummy"},{"floor":17,"key":"Calipers"},{"floor":21,"key":"FossilizedHelix"},{"floor":25,"key":"Meat on the Bone"},{"floor":26,"key":"Question Card"}],"event_choices":[{"damage_healed":0,"gold_gain":0,"player_choice":"Ignored","damage_taken":0,"max_hp_gain":0,"max_hp_loss":0,"event_name":"Shining Light","floor":2,"gold_loss":0},{"damage_healed":0,"gold_gain":0,"player_choice":"Take Wound","damage_taken":0,"relics_obtained":["Golden Idol"],"max_hp_gain":0,"max_hp_loss":0,"event_name":"Golden Idol","floor":3,"gold_loss":0,"cards_obtained":["Injury"]},{"damage_healed":0,"gold_gain":0,"player_choice":"Forge","damage_taken":0,"max_hp_gain":0,"max_hp_loss":0,"event_name":"Accursed Blacksmith","floor":8,"gold_loss":0,"cards_upgraded":["Crippling Poison"]},{"damage_healed":0,"gold_gain":0,"player_choice":"Searched \u00271\u0027 times","damage_taken":0,"max_hp_gain":0,"max_hp_loss":0,"event_name":"Dead Adventurer","floor":13,"gold_loss":0},{"damage_healed":0,"gold_gain":0,"player_choice":"Read","damage_taken":0,"max_hp_gain":0,"max_hp_loss":0,"event_name":"The Library","floor":22,"gold_loss":0,"cards_obtained":["Catalyst"]},{"damage_healed":0,"gold_gain":0,"player_choice":"Copied","damage_taken":0,"max_hp_gain":0,"max_hp_loss":0,"event_name":"Duplicator","floor":28,"gold_loss":0,"cards_obtained":["Adrenaline"]}],"is_beta":false,"boss_relics":[{"not_picked":["SacredBark","Tiny House"],"picked":"Calling Bell"}],"items_purged_floors":[19],"is_endless":false,"potions_floor_spawned":[5,11,12,14,23],"killed_by":"Book of Stabbing","ascension_level":5}}