{"host":"gzsdmyo07u314vug","time":1610222349,"event":{"mods":["2.2 Compatiblity","BaseMod","Downfall","GifTheSpireLib","Minty Spire (QoL Compilation)","Quick Restart","Rare Cards Sparkle","Relic Stats","Replay The Spire","Robot Space Explorer","Shop Mod","StSLib","The Bug Knight","The Construct","The Elementalist","The IronCluck","The Marked","The Servant 0.9.4","Unceasing Turn Reminder","everything is the same but u backflip on backflip","slay the spire mod where everything is the same but ironclad has a cowboy hat","vexMod"],"gold_per_floor":[99,116,131,141,241,241,241,260,185,204,216,216,227,227,247,348,348,348,361,377,392,407,424,473,259,259,91,102,120,120,12,25,128,128,128,148,171,46,60,78,131,148,165,90,107,107,133,183,200,200],"floor_reached":51,"playtime":4794,"items_purged":["Regret","Guardian:Strike_Guardian","Guardian:Strike_Guardian+1"],"score":992,"play_id":"ac9fcabe-70e1-436a-81fe-c0be7d3df6a8","local_time":"20210109165909","is_ascension_mode":true,"campfire_choices":[{"floor":1.0,"key":"RECALL"},{"data":"Guardian:Suspension","floor":9.0,"key":"SMITH"},{"data":"Guardian:CrystalBeam","floor":12.0,"key":"SMITH"},{"data":"Guardian:ChargeUp","floor":18.0,"key":"SMITH"},{"floor":26.0,"key":"REST"},{"floor":30.0,"key":"REST"},{"data":"Guardian:BaubleBeam","floor":35,"key":"SMITH"},{"data":"Secret Technique","floor":44,"key":"SMITH"},{"data":"Guardian:StasisEngine","floor":46,"key":"SMITH"}],"circlet_count":0,"master_deck":["Guardian:Defend_Guardian","Guardian:Defend_Guardian+1","Guardian:Defend_Guardian","Guardian:Defend_Guardian","Guardian:CurlUp+1","Guardian:TwinSlam+1","Guardian:CrystalBeam+1","Guardian:Suspension+1","Guardian:ChargeUp+1","Guardian:PiercingHide","Guardian:BaubleBeam+1","Guardian:Planning","Guardian:StasisStrike","Guardian:Incinerate","Guardian:StasisStrike","Secret Technique+1","Guardian:PrismaticBarrier","Guardian:StasisEngine+1","Guardian:TemporalShield+1","Guardian:TimeCapacitor","Guardian:Preprogram"],"relics":["Guardian:ModeShifter","ReplayTheSpireMod:Lightbulb","downfall:HeartBlessingRed","Runic Pyramid","Happy Flower","Bronze Scales","DollysMirror","Empty Cage","Lantern","downfall:HeartBlessingBlue","Replay:Multitool","Ginger"],"acts_visited":["Exordium","TheCity","TheBeyond"],"potions_floor_usage":[39],"damage_taken":[{"damage":1.0,"enemies":"Cultist","floor":2.0,"turns":4.0},{"damage":13.0,"enemies":"Jaw Worm","floor":3.0,"turns":5.0},{"damage":4.0,"enemies":"Small Slimes","floor":4.0,"turns":3.0},{"damage":10.0,"enemies":"Blue Slaver","floor":8.0,"turns":4.0},{"damage":7.0,"enemies":"3 Louse","floor":10.0,"turns":3.0},{"damage":3.0,"enemies":"Large Slime","floor":11.0,"turns":4.0},{"damage":6.0,"enemies":"Exordium Wildlife","floor":13.0,"turns":2.0},{"damage":4.0,"enemies":"Exordium Thugs","floor":15.0,"turns":3.0},{"damage":13.0,"enemies":"downfall:Watcher","floor":16.0,"turns":10.0},{"damage":11.0,"enemies":"Spheric Guardian","floor":19.0,"turns":4.0},{"damage":4.0,"enemies":"Shell Parasite","floor":20.0,"turns":5.0},{"damage":23.0,"enemies":"Shelled Parasite and Fungi","floor":21.0,"turns":5.0},{"damage":22.0,"enemies":"Centurion and Healer","floor":22.0,"turns":5.0},{"damage":16.0,"enemies":"Chosen and Byrds","floor":23.0,"turns":5.0},{"damage":3.0,"enemies":"downfall:FleeingMerchant","floor":25.0,"turns":4.0},{"damage":0.0,"enemies":"downfall:FleeingMerchant","floor":27.0,"turns":4.0},{"damage":1.0,"enemies":"Snake Plant","floor":28.0,"turns":2.0},{"damage":1.0,"enemies":"Cultist and Chosen","floor":29.0,"turns":4.0},{"damage":0.0,"enemies":"downfall:FleeingMerchant","floor":31.0,"turns":4.0},{"damage":0,"enemies":"Shelled Parasite and Fungi","floor":32,"turns":3},{"damage":0,"enemies":"downfall:Defect","floor":33,"turns":6},{"damage":1,"enemies":"Orb Walker","floor":36,"turns":4},{"damage":6,"enemies":"3 Darklings","floor":39,"turns":3},{"damage":0,"enemies":"Spire Growth","floor":40,"turns":4},{"damage":0,"enemies":"Maw","floor":42,"turns":5},{"damage":8,"enemies":"Spire Growth","floor":43,"turns":4},{"damage":1,"enemies":"3 Darklings","floor":45,"turns":4},{"damage":0,"enemies":"Giant Head","floor":47,"turns":4},{"damage":0,"enemies":"Mind Bloom Boss Battle","floor":48,"turns":4},{"damage":0,"enemies":"Jaw Worm Horde","floor":49,"turns":4},{"damage":0,"enemies":"downfall:Ironclad","floor":50,"turns":10}],"seed_played":"6030084554396312838","potions_obtained":[{"floor":3.0,"key":"AttackPotion"},{"floor":10.0,"key":"Guardian:DefensiveModePotion"},{"floor":11.0,"key":"Adrenaline Potion"},{"floor":15.0,"key":"FairyPotion"},{"floor":16.0,"key":"DuplicationPotion"},{"floor":19.0,"key":"Fire Potion"},{"floor":23.0,"key":"Dexterity Potion"},{"floor":28.0,"key":"Block Potion"},{"floor":40,"key":"Guardian:BlockOnCardUsePotion"},{"floor":49,"key":"Adrenaline Potion"}],"is_trial":false,"path_per_floor":["R","M","M","M","?","?","T","M","R","M","M","R","M","?","M","B",null,"R","M","M","M","M","M","T","$","R","$","M","M","R","$","M","B",null,"R","M","?","$","M","M","T","M","M","R","M","R","E","?","M","B",null],"character_chosen":"GUARDIAN","items_purchased":["Guardian:StasisStrike","Guardian:Incinerate","Bronze Scales","DollysMirror","Secret Technique"],"campfire_rested":2,"item_purchase_floors":[25,25,27,31,31],"current_hp_per_floor":[80,79,66,62,62,62,62,52,52,45,42,42,36,36,32,19,80,80,69,65,42,20,4,4,1,25,25,24,23,47,47,47,47,80,80,79,79,79,73,73,73,73,65,75,74,74,74,74,74,74],"gold":200,"neow_bonus":"UPGRADE_CARD","is_daily":false,"chose_seed":false,"campfire_upgraded":6,"win_rate":0.0,"timestamp":1610222349,"path_taken":["R","M","M","?","?","?","T","M","R","M","M","R","M","?","M","BOSS","R","M","M","M","M","M","T","?","R","$","?","M","R","$","M","BOSS","R","M","?","$","M","M","T","M","M","R","M","R","E","?","M","BOSS"],"items_purchased_type":["Card","Card","Relic","Relic","Card"],"build_version":"2020-12-22","purchased_purges":3,"victory":true,"max_hp_per_floor":[80,80,80,80,80,80,80,80,80,80,80,80,80,80,80,80,80,80,80,80,80,80,80,80,80,80,80,80,80,80,80,80,80,80,80,80,80,80,80,80,80,80,80,90,90,90,90,90,90,90],"relic_stats":{"Happy Flower":[24],"counters":[31,135],"Bronze Scales":[143],"Ginger":[1],"obtain_stats":[{"Lantern":37,"downfall:HeartBlessingRed":9,"Happy Flower":24,"DollysMirror":31,"downfall:HeartBlessingBlue":44,"Bronze Scales":27,"Guardian:ModeShifter":0,"Replay:Multitool":47,"Ginger":48,"ReplayTheSpireMod:Lightbulb":7,"Empty Cage":34,"Runic Pyramid":17},{"Lantern":22,"downfall:HeartBlessingRed":4,"Happy Flower":14,"DollysMirror":19,"downfall:HeartBlessingBlue":26,"Bronze Scales":16,"Guardian:ModeShifter":0,"Replay:Multitool":28,"Ginger":29,"ReplayTheSpireMod:Lightbulb":3,"Empty Cage":21,"Runic Pyramid":9},{"Lantern":93,"downfall:HeartBlessingRed":16,"Happy Flower":62,"DollysMirror":80,"downfall:HeartBlessingBlue":109,"Bronze Scales":70,"Guardian:ModeShifter":0,"Replay:Multitool":117,"Ginger":121,"ReplayTheSpireMod:Lightbulb":12,"Empty Cage":89,"Runic Pyramid":38}]},"card_choices":[{"not_picked":["Guardian:ChargeCore","Guardian:TemporalStrike"],"picked":"Guardian:Gem_Yellow","floor":2.0},{"not_picked":["Guardian:PiercingHide","Guardian:ArmoredProtocol"],"picked":"Guardian:CrystalBeam","floor":3.0},{"not_picked":["Guardian:ChargeCore","Guardian:PrismaticBarrier"],"picked":"Guardian:Gem_Red","floor":4.0},{"not_picked":["Guardian:PrimingBeam","Guardian:BaubleBeam"],"picked":"Guardian:Suspension","floor":8.0},{"not_picked":["Guardian:SpikerProtocol","Guardian:TimeCapacitor"],"picked":"Guardian:Gem_Cyan","floor":10.0},{"not_picked":["Guardian:PrismaticBarrier","Guardian:GuardianWhirl"],"picked":"Guardian:Gem_Crimson","floor":11.0},{"not_picked":["Guardian:Orbwalk","Guardian:Planning"],"picked":"Guardian:ChargeUp","floor":13.0},{"not_picked":["Guardian:Gem_Crimson","Guardian:PolyBeam"],"picked":"Guardian:PiercingHide","floor":15.0},{"not_picked":["Guardian:TimeSifter","Guardian:AncientConstruct"],"picked":"Guardian:BaubleBeam","floor":16.0},{"not_picked":["Guardian:ShieldCharger","Guardian:TemporalShield"],"picked":"Guardian:Gem_Blue","floor":19.0},{"not_picked":["Guardian:TemporalStrike+1","Guardian:TemporalShield","Guardian:PrimingBeam"],"picked":"SKIP","floor":20.0},{"not_picked":["Guardian:RollAttack","Guardian:Recover","Guardian:TemporalShield"],"picked":"SKIP","floor":21.0},{"not_picked":["Guardian:ChargeUp","Guardian:CrystalBeam"],"picked":"Guardian:Gem_Purple","floor":22.0},{"not_picked":["Guardian:ChargeUp+1","Guardian:FuturePlans"],"picked":"Guardian:Planning","floor":23.0},{"not_picked":["Guardian:AncientConstruct","Guardian:TemporalShield"],"picked":"Guardian:Gem_Yellow","floor":25.0},{"not_picked":["Guardian:VentSteam","Guardian:TemporalStrike"],"picked":"Guardian:Gem_Green","floor":27.0},{"not_picked":["Guardian:CrystalBeam","Guardian:WalkerClaw","Guardian:Harden"],"picked":"SKIP","floor":28.0},{"not_picked":["Guardian:Preprogram","Guardian:FierceBash","Guardian:TemporalStrike"],"picked":"SKIP","floor":29.0},{"not_picked":["Guardian:VentSteam","Guardian:DonusPower"],"picked":"Guardian:PrismaticBarrier","floor":32},{"not_picked":["Guardian:TimeSifter","Guardian:FastForward"],"picked":"Guardian:StasisEngine","floor":33},{"not_picked":["Guardian:ChargeCore+1","Guardian:ChargeUp","Guardian:WalkerClaw+1"],"picked":"SKIP","floor":36},{"not_picked":["Guardian:Reroute","Guardian:VentSteam","Guardian:RollAttack+1"],"picked":"SKIP","floor":39},{"not_picked":["Guardian:FuturePlans+1","Guardian:ShieldCharger+1"],"picked":"Guardian:TemporalShield+1","floor":40},{"not_picked":["Guardian:PiercingHide","Guardian:TemporalStrike"],"picked":"Guardian:TimeCapacitor","floor":42},{"not_picked":["Guardian:DonusPower+1","Guardian:Gem_Red"],"picked":"Guardian:Gem_Green","floor":43},{"not_picked":["Guardian:Planning","Guardian:VentSteam+1","Guardian:PrismaticBarrier+1"],"picked":"SKIP","floor":45},{"not_picked":["Guardian:SentryBeam+1","Guardian:PrimingBeam"],"picked":"Guardian:Preprogram","floor":47},{"not_picked":["Guardian:SphericShield","Guardian:Gem_Lightblue","Guardian:PiercingHide+1"],"picked":"SKIP","floor":49}],"player_experience":687836,"relics_obtained":[{"floor":7.0,"key":"ReplayTheSpireMod:Lightbulb"},{"floor":24.0,"key":"Happy Flower"},{"floor":37,"key":"Lantern"},{"floor":47,"key":"Replay:Multitool"},{"floor":48,"key":"Ginger"}],"event_choices":[],"is_beta":false,"boss_relics":[{"not_picked":["vexMod:NewClearReactor","construct:ClawGrip"],"picked":"Runic Pyramid"},{"not_picked":["vexMod:RockOfEvil","Tiny House"],"picked":"Empty Cage"}],"items_purged_floors":[25,31,38],"is_endless":false,"potions_floor_spawned":[3,10,11,15,16,19,23,28,29,40,42,48,49],"ascension_level":4}}