{"host":"o0q01dgb4z8zpo6o","time":1610169484,"event":{"mods":["BaseMod","GifTheSpireLib","Minty Spire (QoL Compilation)","Relic Stats","StSLib"],"gold_per_floor":[110,110,125,125,125,125,156,175,223,223,248,267,3,17,17,110,110,128,128,53,66,86,86,111,149,149,149,149,165,201,221,221,316,316,330,346,397,410,141,141,416,416,443,478,494,494,250,263,263,263,263,263,263,102,138,138],"floor_reached":57,"playtime":4501,"items_purged":["Bite","Defend_B","Defend_B"],"score":3148,"play_id":"7797b17e-5862-46c8-90ef-e74a0bc0a94c","local_time":"20210108211804","is_ascension_mode":true,"campfire_choices":[{"data":"Capacitor","floor":6.0,"key":"SMITH"},{"data":"Defragment","floor":15.0,"key":"SMITH"},{"data":"Defragment","floor":23.0,"key":"SMITH"},{"data":"Loop","floor":27.0,"key":"SMITH"},{"data":"Machine Learning","floor":32.0,"key":"SMITH"},{"data":"Coolheaded","floor":40,"key":"SMITH"},{"floor":42,"key":"REST"},{"floor":46,"key":"RECALL"},{"data":"Heatsinks","floor":49,"key":"SMITH"},{"data":"Rainbow","floor":53,"key":"SMITH"}],"circlet_count":0,"master_deck":["AscendersBane","Defend_B","Defend_B","Zap","Dualcast","Compile Driver","Capacitor+1","Loop+1","Coolheaded+1","Defragment+1","Rainbow","Bite","Bite","Bite","Bite","Redo+1","Defragment+1","Coolheaded+1","Defragment+1","Rainbow+1","Machine Learning+1","Capacitor+1","Reboot","White Noise","BootSequence","Glacier","Heatsinks+1","Glacier"],"relics":["FrozenCore","NeowsBlessing","WarpedTongs","Oddly Smooth Stone","CaptainsWheel","Omamori","Golden Idol","Cables","TungstenRod","Shuriken","Blue Candle","Busted Crown","ClockworkSouvenir","Anchor","DataDisk","Bronze Scales","HornCleat"],"acts_visited":["Exordium","TheCity","TheBeyond","TheEnding"],"potions_floor_usage":[56],"damage_taken":[{"damage":0.0,"enemies":"Small Slimes","floor":1.0,"turns":1.0},{"damage":0.0,"enemies":"Cultist","floor":3.0,"turns":1.0},{"damage":0.0,"enemies":"3 Sentries","floor":7.0,"turns":1.0},{"damage":0.0,"enemies":"2 Louse","floor":8.0,"turns":3.0},{"damage":11.0,"enemies":"Looter","floor":11.0,"turns":2.0},{"damage":14.0,"enemies":"Exordium Wildlife","floor":12.0,"turns":6.0},{"damage":7.0,"enemies":"Blue Slaver","floor":14.0,"turns":3.0},{"damage":20.0,"enemies":"The Guardian","floor":16.0,"turns":9.0},{"damage":0.0,"enemies":"Spheric Guardian","floor":18.0,"turns":8.0},{"damage":0.0,"enemies":"Chosen","floor":21.0,"turns":6.0},{"damage":7.0,"enemies":"Centurion and Healer","floor":22.0,"turns":5.0},{"damage":0.0,"enemies":"Cultist and Chosen","floor":24.0,"turns":9.0},{"damage":6.0,"enemies":"Book of Stabbing","floor":25.0,"turns":5.0},{"damage":15.0,"enemies":"Snake Plant","floor":29.0,"turns":7.0},{"damage":47.0,"enemies":"Slavers","floor":30.0,"turns":5.0},{"damage":0.0,"enemies":"3 Cultists","floor":31.0,"turns":8.0},{"damage":13,"enemies":"Champ","floor":33,"turns":11},{"damage":0,"enemies":"Orb Walker","floor":35,"turns":7},{"damage":9,"enemies":"3 Darklings","floor":36,"turns":7},{"damage":38,"enemies":"Sphere and 2 Shapes","floor":38,"turns":6},{"damage":0,"enemies":"Giant Head","floor":44,"turns":9},{"damage":0,"enemies":"Maw","floor":45,"turns":8},{"damage":12,"enemies":"Jaw Worm Horde","floor":48,"turns":6},{"damage":0,"enemies":"Time Eater","floor":50,"turns":21},{"damage":0,"enemies":"Donu and Deca","floor":51,"turns":8},{"damage":44,"enemies":"Shield and Spear","floor":55,"turns":13},{"damage":0,"enemies":"The Heart","floor":56,"turns":14}],"seed_played":"-7933113119203235180","potions_obtained":[{"floor":1.0,"key":"Ancient Potion"},{"floor":7.0,"key":"EntropicBrew"},{"floor":14.0,"key":"PowerPotion"},{"floor":18.0,"key":"FocusPotion"},{"floor":21.0,"key":"EssenceOfDarkness"},{"floor":33,"key":"Ancient Potion"},{"floor":45,"key":"PowerPotion"}],"is_trial":false,"path_per_floor":["M","?","M","?","?","R","E","M","T","?","M","M","$","M","R","B",null,"M","?","$","M","M","R","M","E","T","R","?","M","E","M","R","B",null,"M","M","T","M","$","R","?","R","T","E","M","R","$","M","R","B","B",null,"R","$","E","B",null],"character_chosen":"DEFECT","items_purchased":["Cables","ClockworkSouvenir","Glacier","Heatsinks","Bronze Scales"],"campfire_rested":1,"item_purchase_floors":[13,39,47,47,54],"current_hp_per_floor":[64,64,64,64,59,59,59,59,59,59,48,34,34,27,27,7,55,55,49,49,49,47,47,49,49,49,49,49,49,2,20,20,29,44,49,49,49,20,20,20,20,34,34,49,49,49,49,49,49,49,49,49,49,49,23,49],"gold":138,"neow_bonus":"THREE_ENEMY_KILL","is_daily":false,"chose_seed":false,"campfire_upgraded":8,"win_rate":0.0,"timestamp":1610169484,"path_taken":["M","?","?","?","?","R","E","M","T","?","?","M","$","M","R","BOSS","M","?","$","M","M","R","M","E","T","R","?","?","E","M","R","BOSS","M","?","?","M","$","R","?","R","T","E","M","R","$","?","R","BOSS","BOSS","R","$","E","BOSS"],"items_purchased_type":["Relic","Relic","Card","Card","Relic"],"build_version":"2020-12-22","purchased_purges":3,"victory":true,"max_hp_per_floor":[71,71,71,71,71,71,71,71,71,71,71,71,71,71,71,71,71,71,49,49,49,49,49,49,49,49,49,49,49,49,49,49,49,49,49,49,49,49,49,49,49,49,49,49,49,49,49,49,49,49,49,49,49,49,49,49],"relic_stats":{"Busted Crown":14,"counters":[27,189],"Golden Idol":175,"Shuriken":[6],"Blue Candle":[0],"Bronze Scales":[269],"obtain_stats":[{"NeowsBlessing":0,"Golden Idol":10,"Blue Candle":30,"Oddly Smooth Stone":5,"Omamori":9,"WarpedTongs":2,"Cables":13,"FrozenCore":17,"ClockworkSouvenir":39,"CaptainsWheel":7,"Anchor":43,"DataDisk":44,"Busted Crown":34,"HornCleat":55,"Shuriken":26,"Bronze Scales":54,"Cracked Core":0,"TungstenRod":25},{"NeowsBlessing":0,"Golden Idol":4,"Blue Candle":15,"Oddly Smooth Stone":2,"Omamori":4,"WarpedTongs":1,"Cables":6,"FrozenCore":8,"ClockworkSouvenir":20,"CaptainsWheel":3,"Anchor":20,"DataDisk":21,"Busted Crown":17,"HornCleat":26,"Shuriken":13,"Bronze Scales":25,"Cracked Core":0,"TungstenRod":13},{"NeowsBlessing":0,"Golden Idol":6,"Blue Candle":71,"Oddly Smooth Stone":2,"Omamori":6,"WarpedTongs":1,"Cables":14,"FrozenCore":26,"ClockworkSouvenir":110,"CaptainsWheel":3,"Anchor":110,"DataDisk":119,"Busted Crown":90,"HornCleat":175,"Shuriken":59,"Bronze Scales":162,"Cracked Core":0,"TungstenRod":59}],"TungstenRod":27,"FrozenCore":[59],"WarpedTongs":[172],"Cables":[159,20,126,13,0]},"card_choices":[{"not_picked":["Storm","Steam"],"picked":"Compile Driver","floor":1.0},{"not_picked":["Gash","Sweeping Beam"],"picked":"Capacitor","floor":3.0},{"not_picked":["Redo","Compile Driver","Streamline"],"picked":"SKIP","floor":7.0},{"not_picked":["Fusion","Hologram"],"picked":"Loop","floor":8.0},{"not_picked":["Leap","Ball Lightning"],"picked":"Coolheaded","floor":11.0},{"not_picked":["BootSequence","Skim"],"picked":"Defragment","floor":12.0},{"not_picked":["Reprogram","Doom and Gloom","Compile Driver"],"picked":"SKIP","floor":14.0},{"not_picked":["Fission","All For One"],"picked":"Rainbow","floor":16.0},{"not_picked":["Steam","Sweeping Beam","Coolheaded"],"picked":"SKIP","floor":18.0},{"not_picked":["Skim","Darkness"],"picked":"Redo+1","floor":21.0},{"not_picked":["Force Field","Ball Lightning"],"picked":"Defragment","floor":22.0},{"not_picked":["Redo","Ball Lightning","Gash"],"picked":"SKIP","floor":24.0},{"not_picked":["Leap","Sunder"],"picked":"Coolheaded+1","floor":25.0},{"not_picked":["Gash","Go for the Eyes"],"picked":"Rainbow","floor":29.0},{"not_picked":["Rip and Tear","Beam Cell"],"picked":"Machine Learning","floor":30.0},{"not_picked":["Sunder","Rebound"],"picked":"Capacitor+1","floor":31.0},{"not_picked":["Hyperbeam","Meteor Strike"],"picked":"Reboot","floor":33},{"not_picked":[],"picked":"White Noise","floor":35},{"not_picked":["Darkness"],"picked":"SKIP","floor":36},{"not_picked":[],"picked":"BootSequence","floor":38},{"not_picked":["Hello World"],"picked":"SKIP","floor":44},{"not_picked":["Leap+1"],"picked":"SKIP","floor":45},{"not_picked":[],"picked":"Glacier","floor":48},{"not_picked":["Steam"],"picked":"SKIP","floor":55}],"player_experience":1084852,"relics_obtained":[{"floor":7.0,"key":"CaptainsWheel"},{"floor":9.0,"key":"Omamori"},{"floor":25.0,"key":"TungstenRod"},{"floor":26.0,"key":"Shuriken"},{"floor":30.0,"key":"Blue Candle"},{"floor":43,"key":"Anchor"},{"floor":44,"key":"DataDisk"},{"floor":55,"key":"HornCleat"}],"event_choices":[{"damage_healed":0.0,"max_hp_gain":0.0,"max_hp_loss":0.0,"gold_gain":0.0,"event_name":"Accursed Blacksmith","player_choice":"Rummage","floor":2.0,"gold_loss":0.0,"damage_taken":0.0,"relics_obtained":["WarpedTongs"],"cards_obtained":["Pain"]},{"cards_removed":["Pain"],"damage_healed":0.0,"max_hp_gain":0.0,"max_hp_loss":0.0,"gold_gain":0.0,"event_name":"Living Wall","player_choice":"Forget","floor":4.0,"gold_loss":0.0,"damage_taken":0.0},{"damage_healed":0.0,"max_hp_gain":0.0,"max_hp_loss":0.0,"gold_gain":0.0,"event_name":"Scrap Ooze","player_choice":"Success","floor":5.0,"gold_loss":0.0,"damage_taken":5.0,"relics_obtained":["Oddly Smooth Stone"]},{"damage_healed":0.0,"max_hp_gain":0.0,"max_hp_loss":0.0,"gold_gain":0.0,"event_name":"Golden Idol","player_choice":"Take Wound","floor":10.0,"gold_loss":0.0,"damage_taken":0.0,"relics_obtained":["Golden Idol"],"cards_obtained":["Injury"]},{"damage_healed":0.0,"max_hp_gain":0.0,"max_hp_loss":22.0,"gold_gain":0.0,"event_name":"Vampires","player_choice":"Became a vampire","floor":19.0,"gold_loss":0.0,"damage_taken":0.0,"cards_obtained":["Bite","Bite","Bite","Bite","Bite"]},{"damage_healed":0.0,"max_hp_gain":0.0,"max_hp_loss":0.0,"gold_gain":0.0,"event_name":"Duplicator","player_choice":"Copied","floor":28.0,"gold_loss":0.0,"damage_taken":0.0,"cards_obtained":["Defragment"]},{"damage_healed":0,"gold_gain":275,"player_choice":"Desecrate","damage_taken":0,"max_hp_gain":0,"max_hp_loss":0,"event_name":"Golden Shrine","floor":41,"gold_loss":0,"cards_obtained":["Regret"]}],"is_beta":false,"boss_relics":[{"not_picked":["Snecko Eye","Pandora\u0027s Box"],"picked":"FrozenCore"},{"not_picked":["Velvet Choker","Nuclear Battery"],"picked":"Busted Crown"}],"items_purged_floors":[20,39,47],"is_endless":false,"potions_floor_spawned":[1,7,14,18,21,22,24,33,45],"ascension_level":20}}