{"host":"aj7el8l5kufbk20z","time":1610163739,"event":{"mods":["AchievementEnabler","BaseMod","Colored Map","Colored Powertips","Curses Come First","Highlight Path","Minty Spire (QoL Compilation)","Permanent Neow","Quick Restart","Rare Cards Sparkle","Relic Stats","StSLib","SuperFastMode"],"gold_per_floor":[111,91,106,60,78,112,112,147,171,171,96,106,106,125,125,222,222,240,26,46,46,46,75,75,110,134,134,151,151,171,108,108,108,108],"floor_reached":33,"playtime":1618,"items_purged":["Strike_R","Strike_R","Strike_R"],"score":440,"play_id":"866a45c1-2d57-45d9-8ac3-e54395791b21","local_time":"20210109114219","is_ascension_mode":true,"campfire_choices":[{"data":"Armaments","floor":7.0,"key":"SMITH"},{"data":"Demon Form","floor":10.0,"key":"SMITH"},{"data":"Juggernaut","floor":13.0,"key":"SMITH"},{"floor":15.0,"key":"REST"},{"floor":24.0,"key":"REST"},{"floor":27.0,"key":"REST"},{"floor":29.0,"key":"REST"},{"floor":32.0,"key":"REST"}],"circlet_count":0,"master_deck":["AscendersBane","Strike_R","Strike_R","Defend_R","Defend_R","Defend_R","Defend_R","Bash","Demon Form+1","Headbutt","Anger","Armaments+1","Heavy Blade","Sword Boomerang","Juggernaut+1","Shrug It Off","Barricade","Ghostly Armor","Armaments","True Grit+1","Flame Barrier","Battle Trance+1"],"relics":["Burning Blood","Red Skull","Pen Nib","Bag of Marbles","Philosopher\u0027s Stone","Membership Card","Mango","Kunai","MealTicket"],"acts_visited":["Exordium","TheCity"],"potions_floor_usage":[],"damage_taken":[{"damage":3.0,"enemies":"2 Louse","floor":1.0,"turns":4.0},{"damage":5.0,"enemies":"Cultist","floor":3.0,"turns":5.0},{"damage":12.0,"enemies":"Jaw Worm","floor":5.0,"turns":4.0},{"damage":15.0,"enemies":"3 Sentries","floor":6.0,"turns":5.0},{"damage":32.0,"enemies":"Gremlin Nob","floor":8.0,"turns":4.0},{"damage":11.0,"enemies":"Exordium Wildlife","floor":12.0,"turns":4.0},{"damage":14.0,"enemies":"3 Louse","floor":14.0,"turns":4.0},{"damage":43.0,"enemies":"Hexaghost","floor":16.0,"turns":7.0},{"damage":22.0,"enemies":"Spheric Guardian","floor":18.0,"turns":4.0},{"damage":14.0,"enemies":"Shell Parasite","floor":20.0,"turns":4.0},{"damage":25.0,"enemies":"Book of Stabbing","floor":23.0,"turns":5.0},{"damage":45.0,"enemies":"Slavers","floor":25.0,"turns":6.0},{"damage":48.0,"enemies":"3 Cultists","floor":28.0,"turns":6.0},{"damage":36.0,"enemies":"Shelled Parasite and Fungi","floor":30.0,"turns":7.0},{"damage":55,"enemies":"Automaton","floor":33,"turns":6}],"seed_played":"3272571528907009345","potions_obtained":[{"floor":2.0,"key":"Energy Potion"},{"floor":3.0,"key":"Explosive Potion"},{"floor":5.0,"key":"Regen Potion"},{"floor":16.0,"key":"Dexterity Potion"},{"floor":18.0,"key":"PowerPotion"},{"floor":28.0,"key":"SmokeBomb"}],"is_trial":false,"path_per_floor":["M","?","M","$","M","E","R","E","T","R","$","M","R","M","R","B",null,"M","$","M","?","?","E","R","E","T","R","M","R","M","$","R","B"],"character_chosen":"IRONCLAD","items_purchased":["Armaments","Membership Card","Armaments"],"campfire_rested":5,"item_purchase_floors":[4,19,19],"current_hp_per_floor":[75,75,76,76,70,61,61,47,47,47,47,42,42,34,58,21,65,49,49,41,41,41,36,64,25,25,53,11,39,9,24,52,0,0],"gold":108,"neow_bonus":"ONE_RANDOM_RARE_CARD","is_daily":false,"chose_seed":false,"campfire_upgraded":3,"win_rate":0.0,"timestamp":1610163739,"path_taken":["M","?","?","$","M","E","R","E","T","R","$","M","R","M","R","BOSS","M","$","M","?","?","E","R","E","T","R","M","R","M","?","R","BOSS"],"items_purchased_type":["Card","Relic","Card"],"build_version":"2020-12-22","purchased_purges":3,"victory":false,"max_hp_per_floor":[80,80,80,80,80,80,80,80,80,80,80,80,80,80,80,80,80,80,80,80,80,80,94,94,94,94,94,94,94,94,94,94,94,94],"relic_stats":{"counters":[15,75],"MealTicket":15,"Pen Nib":[6],"Kunai":[1],"obtain_stats":[{"Philosopher\u0027s Stone":17,"Mango":23,"MealTicket":26,"Pen Nib":8,"Bag of Marbles":9,"Membership Card":19,"Kunai":25,"Burning Blood":0,"Red Skull":6},{"Philosopher\u0027s Stone":8,"Mango":11,"MealTicket":12,"Pen Nib":5,"Bag of Marbles":5,"Membership Card":9,"Kunai":12,"Burning Blood":0,"Red Skull":4},{"Philosopher\u0027s Stone":37,"Mango":50,"MealTicket":56,"Pen Nib":22,"Bag of Marbles":22,"Membership Card":41,"Kunai":56,"Burning Blood":0,"Red Skull":18}],"Burning Blood":84},"card_choices":[{"not_picked":["Rage","Pommel Strike"],"picked":"Headbutt","floor":1.0},{"not_picked":["Carnage","Hemokinesis"],"picked":"Anger","floor":3.0},{"not_picked":["Iron Wave","Sword Boomerang"],"picked":"Heavy Blade","floor":5.0},{"not_picked":["Cleave","Twin Strike"],"picked":"Sword Boomerang","floor":6.0},{"not_picked":["Intimidate","Dual Wield"],"picked":"Juggernaut","floor":8.0},{"not_picked":["Sword Boomerang","Seeing Red"],"picked":"Shrug It Off","floor":12.0},{"not_picked":["Thunderclap","Second Wind","Sword Boomerang"],"picked":"SKIP","floor":14.0},{"not_picked":["Corruption","Limit Break"],"picked":"Barricade","floor":16.0},{"not_picked":["Warcry","Shrug It Off"],"picked":"Ghostly Armor","floor":18.0},{"not_picked":["Hemokinesis+1","Pummel","Headbutt"],"picked":"SKIP","floor":20.0},{"not_picked":["Perfected Strike+1","Intimidate+1","Bloodletting+1"],"picked":"SKIP","floor":23.0},{"not_picked":["Dual Wield","Anger"],"picked":"True Grit+1","floor":25.0},{"not_picked":["Sword Boomerang","Havoc"],"picked":"Flame Barrier","floor":28.0},{"not_picked":["Sentinel+1","Perfected Strike"],"picked":"Battle Trance+1","floor":30.0}],"player_experience":329986,"relics_obtained":[{"floor":6.0,"key":"Red Skull"},{"floor":8.0,"key":"Pen Nib"},{"floor":9.0,"key":"Bag of Marbles"},{"floor":23.0,"key":"Mango"},{"floor":25.0,"key":"Kunai"},{"floor":26.0,"key":"MealTicket"}],"event_choices":[{"damage_healed":0.0,"max_hp_gain":0.0,"max_hp_loss":0.0,"gold_gain":0.0,"event_name":"The Woman in Blue","player_choice":"Bought 1 Potion","floor":2.0,"gold_loss":0.0,"damage_taken":0.0},{"damage_healed":0.0,"max_hp_gain":0.0,"max_hp_loss":0.0,"gold_gain":0.0,"event_name":"Vampires","player_choice":"Ignored","floor":21.0,"gold_loss":0.0,"damage_taken":0.0}],"is_beta":false,"boss_relics":[{"not_picked":["Empty Cage","Pandora\u0027s Box"],"picked":"Philosopher\u0027s Stone"}],"items_purged_floors":[11,19,31],"is_endless":false,"potions_floor_spawned":[3,5,16,18,28],"killed_by":"Automaton","ascension_level":10}}