{"host":"6749gst1gzuv21qf","time":1610154301,"event":{"mods":["Aspiration","BaseMod","Better Altar","Better Match","Better Note","Better Sensory Stone","Better Skull","Better Third Choice","BetterRewards","Colored Map","Colored Powertips","Downfall","Highlight Path","Minty Spire (QoL Compilation)","Permanent Neow","Replay The Spire","Shop Mod","Spicy Shops","StSLib","The Cursed","Wandering Minibosses"],"gold_per_floor":[349,368,543,46,45,73,154,169,169,169,179,179,29,84,95,194,194,194,194,205,205,205,205,205,223,970,1004,1018,34,134,150,166,268,268,268,174,186,201,220,220,270,282,324,261,299,364,376,388,428,450,462,513,328,328,328,328,328],"floor_reached":55,"playtime":4712,"items_purged":["Slimebound:Defend_Slimebound","Hallucinations","Hallucinations"],"score":889,"play_id":"bb609202-0a39-47e7-a557-25e3a249f013","local_time":"20210108200501","is_ascension_mode":false,"campfire_choices":[{"data":"Overencumbered","floor":1,"key":"PURGE"},{"floor":9,"key":"RECALL"},{"floor":13,"key":"REST"},{"data":"Slimebound:SelfFormingGoo","floor":18,"key":"SMITH"},{"data":"Slimebound:Split","floor":23,"key":"SMITH"},{"data":"Slimebound:Teamwork","floor":35,"key":"SMITH"},{"data":"Mayhem","floor":44,"key":"SMITH"},{"data":"Slimebound:SpikyOuterGoop","floor":47,"key":"SMITH"},{"data":"Slimebound:Grow","floor":54,"key":"SMITH"}],"circlet_count":0,"master_deck":["Slimebound:Split+1","Slimebound:CorrosiveSpit","Slimebound:RollThrough","Slimebound:LeechingTouch+1","Slimebound:Gluttony","Slimebound:ViciousTackle","Slimebound:ViciousTackle","Slimebound:Chomp+1","Panache","Slimebound:DivideAndConquer","Slimebound:DouseInSlime","Slimebound:SplitBruiser","Apotheosis+1","Slimebound:LivingWall","Slimebound:SamplingLick+1","Slimebound:RainOfGoop","Slimebound:ItLooksTasty","Slimebound:OozeBath+1","Slimebound:SelfFormingGoo+1","Slimebound:SlimeBrawl","Slimebound:FlameTackle","Slimebound:ItLooksTasty","Slimebound:MinionMaster","Slimebound:AcidTongue+1","Slimebound:DivideAndConquer","Slimebound:SplitMire+1","Slimebound:Prepare","Slimebound:MegaLick","Slimebound:LevelUp","Slimebound:Repurpose","Slimebound:LevelUp","Slimebound:Teamwork+1","Slimebound:LeechLife","Slimebound:FirmFortitude","Slimebound:GoopSpray","Slimebound:SamplingLick","Slimebound:ComboTackle","Slimebound:Nibble","Enlightenment","Mayhem+1","Slimebound:SpikyOuterGoop+1","Slimebound:DouseInSlime","Slimebound:ServeAndProtect+1","Slimebound:SamplingLick+1","ReplayTheSpireMod:Faulty Equipment","Slimebound:BestDefense+1","Slimebound:SlimeTap","TheCursedMod:Dregs","Slimebound:SplitAcid","Languid","CommonCold","Clumsy","Hallucinations","Slimebound:SplitLeeching","Slimebound:Grow+1"],"relics":["Slimebound:AbsorbEndCombat","Replay:WaspNest","downfall:HeartBlessingGreen","downfall:HeartBlessingRed","Sozu","Coffee Dripper","ReplayTheSpireMod:Ring of Collecting","Ring of Misfortune","Ring of Fury","wanderingMiniBosses:MasterThiefsPresence","Replay:Accelerometer","MerchantsRug","Slimebound:SelfDamagePreventRelic","Incense Burner","Mirror","aspiration:PoetsPen_weak","Ring of Greed","downfall:HeartBlessingBlue","Replay:Kaleidoscope","Du-Vu Doll","CaptainsWheel","Boot","aspiration:Nostalgia","hexamod:SpiritBrand"],"acts_visited":["Exordium","TheCity","TheBeyond","TheEnding"],"potions_floor_usage":[11,16],"damage_taken":[{"damage":4,"enemies":"2 Louse","floor":2,"turns":4},{"damage":9,"enemies":"downfall:FleeingMerchant","floor":4,"turns":4},{"damage":17,"enemies":"Jaw Worm","floor":5,"turns":7},{"damage":28,"enemies":"Replay:BlueRogue","floor":6,"turns":5},{"damage":9,"enemies":"Small Slimes","floor":8,"turns":2},{"damage":9,"enemies":"3 Louse","floor":11,"turns":2},{"damage":27,"enemies":"3 Sentries","floor":14,"turns":5},{"damage":7,"enemies":"2 Fungi Beasts","floor":15,"turns":2},{"damage":67,"enemies":"downfall:Defect","floor":16,"turns":5},{"damage":22,"enemies":"Shell Parasite","floor":20,"turns":3},{"damage":9,"enemies":"Spheric Guardian","floor":25,"turns":2},{"damage":13,"enemies":"Snecko","floor":26,"turns":6},{"damage":23,"enemies":"Book of Stabbing","floor":27,"turns":3},{"damage":15,"enemies":"Centurion and Healer","floor":28,"turns":3},{"damage":18,"enemies":"downfall:FleeingMerchant","floor":29,"turns":4},{"damage":11,"enemies":"downfall:LadyInBlue","floor":30,"turns":2},{"damage":24,"enemies":"Shelled Parasite and Fungi","floor":31,"turns":3},{"damage":8,"enemies":"Cultist and Chosen","floor":32,"turns":3},{"damage":16,"enemies":"downfall:Watcher","floor":33,"turns":4},{"damage":16,"enemies":"downfall:FleeingMerchant","floor":36,"turns":4},{"damage":11,"enemies":"Orb Walker","floor":37,"turns":2},{"damage":30,"enemies":"3 Shapes","floor":38,"turns":2},{"damage":11,"enemies":"Maw","floor":39,"turns":5},{"damage":32,"enemies":"Jaw Worm Horde","floor":43,"turns":3},{"damage":12,"enemies":"4 Shapes","floor":45,"turns":2},{"damage":62,"enemies":"2 Orb Walkers","floor":46,"turns":5},{"damage":26,"enemies":"Transient","floor":49,"turns":5},{"damage":25,"enemies":"downfall:Ironclad","floor":50,"turns":8},{"damage":73,"enemies":"downfall:CharBossMerchant","floor":52,"turns":7},{"damage":86,"enemies":"downfall:NeowBoss","floor":55,"turns":9}],"seed_played":"4116224334279606195","potions_obtained":[{"floor":5,"key":"Block Potion"},{"floor":14,"key":"AttackPotion"},{"floor":15,"key":"Guardian:BlockOnCardUsePotion"},{"floor":16,"key":"SkillPotion"}],"is_trial":false,"path_per_floor":["R_BF","M","?","$","M","E","T","M","R","?","M","?","R","?","M","B",null,"R","?","M","?","?","R","T","M","M","E","M","$","?","M","M","B",null,"R","$","M","M","M","?","T","?","M","R","M","?","R","?","M","B",null,"E","$","R","B"],"character_chosen":"SLIMEBOUND","items_purchased":["Slimebound:Gluttony","Slimebound:ViciousTackle","Slimebound:Chomp","Panache","MerchantsRug","Slimebound:Repurpose","Slimebound:SelfDamagePreventRelic","Incense Burner","Mirror","BargainBundle","Slimebound:FirmFortitude","Slimebound:GoopSpray","Slimebound:SamplingLick","Slimebound:ComboTackle","Slimebound:Nibble","Enlightenment","Mayhem","Du-Vu Doll","Slimebound:SplitLeeching","Slimebound:Grow","CaptainsWheel","Boot","aspiration:Nostalgia"],"campfire_rested":1,"item_purchase_floors":[4,4,4,4,29,29,29,29,29,36,36,36,36,36,36,36,36,53,53,53,53,53,53],"current_hp_per_floor":[60,60,60,55,54,46,46,45,45,45,40,40,58,47,48,9,60,60,60,54,54,54,54,54,45,60,53,60,57,53,45,59,59,60,60,52,49,35,48,52,52,52,36,46,62,20,20,20,18,55,62,33,33,33,0,0,0],"gold":328,"neow_bonus":"TWO_FIFTY_GOLD","is_daily":false,"chose_seed":false,"campfire_upgraded":6,"win_rate":0.0,"timestamp":1610154301,"path_taken":["R_BF","M","?","$","M","E","T","M","R","?","M","?","R","?","M","BOSS","R","?","M","?","?","R","T","M","M","E","M","$","?","?","M","BOSS","R","$","M","M","M","?","T","?","M","R","M","?","R","?","M","BOSS","E","$","R","BOSS"],"items_purchased_type":["Card","Card","Card","Card","Relic","Card","Relic","Relic","Relic","Relic","Card","Card","Card","Card","Card","Card","Card","Relic","Card","Card","Relic","Relic","Relic"],"build_version":"2020-12-22","purchased_purges":3,"victory":false,"max_hp_per_floor":[60,60,60,60,60,60,60,60,60,60,60,60,60,60,60,60,60,60,60,60,60,60,60,60,60,60,60,60,60,60,60,60,60,60,60,60,60,60,60,52,52,52,52,62,62,62,62,62,62,62,62,62,62,62,62,62,62],"card_choices":[{"not_picked":["Slimebound:GoopSpray","Slimebound:SplitAcid"],"picked":"Slimebound:RollThrough","floor":2},{"not_picked":["Slimebound:HauntingLick","Slimebound:ServeAndProtect"],"picked":"Slimebound:LeechingTouch","floor":4},{"not_picked":["Slimebound:Schlurp","Slimebound:FinishingTackle"],"picked":"Slimebound:DivideAndConquer","floor":5},{"not_picked":["Slimebound:LivingWall","Slimebound:ForwardTackle"],"picked":"Slimebound:DouseInSlime","floor":6},{"not_picked":["Slimebound:PressTheAttack","Slimebound:RollThrough"],"picked":"Slimebound:SplitBruiser","floor":8},{"not_picked":["Slimebound:FlameTackle","Slimebound:ViciousTackle"],"picked":"Slimebound:LivingWall","floor":11},{"not_picked":["Slimebound:FinishingTackle","Slimebound:SamplingLick"],"picked":"Slimebound:RainOfGoop","floor":14},{"not_picked":["Slimebound:Replication","Slimebound:DivideAndConquer"],"picked":"Slimebound:ItLooksTasty","floor":15},{"not_picked":["Slimebound:DouseInSlime","Slimebound:MassRepurpose"],"picked":"Slimebound:OozeBath","floor":16},{"not_picked":["Slimebound:RejuvenatingLick","Slimebound:Gluttony+1"],"picked":"Slimebound:AcidTongue+1","floor":20},{"not_picked":["Slimebound:LeechingTouch","Slimebound:SplitAcid","Slimebound:FinishingTackle+1"],"picked":"Slimebound:SplitMire+1","floor":25},{"not_picked":["Slimebound:GoopTackle","Slimebound:ServeAndProtect","Slimebound:FinishingTackle"],"picked":"Slimebound:Prepare","floor":26},{"not_picked":["Slimebound:RejuvenatingLick","Slimebound:Replication","Slimebound:SplitBruiser+1"],"picked":"Slimebound:MegaLick","floor":27},{"not_picked":["Slimebound:Prepare","Slimebound:LeechingTouch","Slimebound:GrowthPunch","Slimebound:FinishingTackle"],"picked":"SKIP","floor":28},{"not_picked":["Slimebound:SlimeTap","Slimebound:FlameTackle","Slimebound:LeechingTouch"],"picked":"Slimebound:LevelUp","floor":29},{"not_picked":["Slimebound:FlameTackle","Slimebound:GrowthPunch","Slimebound:Gluttony"],"picked":"Slimebound:SelfFormingGoo","floor":30},{"not_picked":["Slimebound:SamplingLick","Slimebound:SplitMire","Slimebound:Prepare+1"],"picked":"Slimebound:LevelUp","floor":31},{"not_picked":["Slimebound:SplitMire","Slimebound:Schlurp","Slimebound:DivideAndConquer","Slimebound:ViciousTackle"],"picked":"SKIP","floor":32},{"not_picked":["Slimebound:MassRepurpose","Slimebound:SelfFormingGoo","Slimebound:DuplicatedForm"],"picked":"Slimebound:Teamwork","floor":33},{"not_picked":["Slimebound:ViciousTackle","Slimebound:GrowthPunch+1","Slimebound:DivideAndConquer"],"picked":"Slimebound:LeechLife","floor":36},{"not_picked":["Slimebound:LeechingTouch+1","Slimebound:LeechEnergy","Slimebound:ServeAndProtect"],"picked":"Slimebound:SpikyOuterGoop","floor":37},{"not_picked":["Slimebound:Gluttony+1","Slimebound:GrowthPunch","Slimebound:FormOfPuddle"],"picked":"Slimebound:DouseInSlime","floor":38},{"not_picked":["Slimebound:RollThrough","Slimebound:DivideAndConquer+1","Slimebound:ViciousTackle"],"picked":"Slimebound:ServeAndProtect+1","floor":39},{"not_picked":["Slimebound:GrowthPunch+1","Slimebound:ComboTackle","Slimebound:SplitBruiser+1"],"picked":"Slimebound:SamplingLick+1","floor":43},{"not_picked":["Slimebound:FinishingTackle","Slimebound:SlimeSlap","Slimebound:LeechEnergy+1"],"picked":"Slimebound:BestDefense+1","floor":45},{"not_picked":["Slimebound:Replication+1","Slimebound:ComboTackle+1","Slimebound:AcidTongue"],"picked":"Slimebound:SlimeTap","floor":46},{"not_picked":["Slimebound:SlimeSpikes","Slimebound:ViciousTackle","Slimebound:DivideAndConquer+1","Slimebound:Nibble"],"picked":"SKIP","floor":49},{"not_picked":["Slimebound:MegaLick+1","Slimebound:ViciousTackle","Slimebound:GrowthPunch+1"],"picked":"Slimebound:SplitAcid","floor":52}],"player_experience":571895,"relics_obtained":[{"floor":6,"key":"Whetstone"},{"floor":7,"key":"Replay:WaspNest"},{"floor":14,"key":"Iron Hammer"},{"floor":21,"key":"ReplayTheSpireMod:Ring of Collecting"},{"floor":21,"key":"Ring of Misfortune"},{"floor":24,"key":"Ring of Fury"},{"floor":24,"key":"Question Card"},{"floor":26,"key":"wanderingMiniBosses:MasterThiefsPresence"},{"floor":27,"key":"Replay:Accelerometer"},{"floor":30,"key":"Potion Belt"},{"floor":41,"key":"Ring of Greed"},{"floor":41,"key":"Replay:Bandana"},{"floor":41,"key":"MawBank"},{"floor":46,"key":"Replay:Kaleidoscope"},{"floor":52,"key":"Replay:Arrowhead"}],"event_choices":[{"damage_healed":0,"gold_gain":1,"player_choice":"4","damage_taken":0,"max_hp_gain":0,"max_hp_loss":0,"event_name":"betterStone:BetterStone","floor":10,"gold_loss":0,"cards_obtained":["Apotheosis"]},{"cards_removed":["Apotheosis"],"damage_healed":0,"gold_gain":0,"player_choice":"Give","damage_taken":0,"max_hp_gain":0,"max_hp_loss":0,"event_name":"betterNote:BetterNote","floor":19,"gold_loss":0,"cards_obtained":["None"]},{"damage_healed":0,"gold_gain":0,"cards_transformed":["Slimebound:Tackle","Doubt"],"player_choice":"Became Test Subject","damage_taken":0,"max_hp_gain":0,"max_hp_loss":0,"event_name":"Drug Dealer","floor":22,"gold_loss":0,"cards_obtained":["Slimebound:DivideAndConquer","Hallucinations"]},{"cards_removed":["Slimebound:SelfFormingGoo"],"damage_healed":0,"gold_gain":0,"player_choice":"Removed Power","damage_taken":0,"max_hp_gain":0,"max_hp_loss":0,"event_name":"Falling","floor":42,"gold_loss":0},{"damage_healed":0,"gold_gain":0,"player_choice":"Fight","damage_taken":0,"max_hp_gain":0,"max_hp_loss":0,"event_name":"Mysterious Sphere","floor":46,"gold_loss":0},{"damage_healed":0,"gold_gain":0,"player_choice":"Upgraded","damage_taken":0,"max_hp_gain":0,"max_hp_loss":0,"event_name":"Upgrade Shrine","floor":48,"gold_loss":0,"cards_upgraded":["Slimebound:OozeBath"]}],"is_beta":false,"boss_relics":[{"not_picked":["Painkiller Herb","Philosopher\u0027s Stone"],"picked":"Replay:Grab Bag"},{"not_picked":["aspiration:FutureDiary","Runic Dome"],"picked":"Sozu"},{"not_picked":["ChewingGum","ReplayTheSpireMod:DimensionalGlitch"],"picked":"Coffee Dripper"},{"not_picked":["Snecko Eye","aspiration:SecretTechniqueScroll"],"picked":"Pandora\u0027s Box"},{"not_picked":["Replay:Drink Me","Replay:Ancient Bell"],"picked":"aspiration:PoetsPen_weak"}],"items_purged_floors":[4,29,36],"is_endless":false,"potions_floor_spawned":[5,14,15,16,20,31,32,38,45,46,52],"killed_by":"downfall:NeowBoss","ascension_level":0}}