{"host":"i9h64q9gphvrup4n","time":1610225092,"event":{"mods":["2.2 Compatiblity","AchievementEnabler","Aspiration","Astrologer","Bard","BaseMod","Beaked The Cultist","BetterRewards","Colored Powertips","Conspire","Downfall","Gremlin Mod","Hermit","Hubris","Infinite Spire","Jorbs\u0027s Wanderer Trilogy","Minty Spire (QoL Compilation)","Replay The Spire","Shop Mod","StSLib","SuperFastMode","The Blackbeard","The Bladedancer","The Bug Knight","The Construct","The Cursed","The Disciple","The Hierophant","The Jungle","The Necromancer","The Runesmith","The Wild Card","slay the spire mod where everything is the same but ironclad has a cowboy hat","vexMod"],"gold_per_floor":[119,119,30,30,30,62,62,97,97,117,117,117,131,166,184,195,195,294,294,306,306,306,306,320,320,337,363,434,468,468,468,468,478,478,578,678,742,523,523,523,523,585,635,635,635,635,702,766,831,831,831,831,831,831,589,659,659,659],"floor_reached":57,"playtime":1661,"items_purged":["Injury"],"score":1166,"play_id":"5cc6406a-4b27-4c47-b464-7270c89ec503","local_time":"20210109144452","is_ascension_mode":false,"campfire_choices":[{"floor":7,"key":"RECALL"},{"data":"hubris:InfiniteBlow+7","floor":17,"key":"SMITH"},{"data":"hubris:InfiniteBlow+8","floor":25,"key":"SMITH"},{"data":"hubris:InfiniteBlow+9","floor":32,"key":"SMITH"},{"data":"hubris:InfiniteBlow+10","floor":34,"key":"SMITH"},{"data":"hubris:InfiniteBlow+12","floor":44,"key":"SMITH"},{"data":"hubris:InfiniteBlow+13","floor":46,"key":"SMITH"},{"data":"hubris:InfiniteBlow+14","floor":51,"key":"SMITH"},{"data":"hubris:InfiniteBlow+15","floor":54,"key":"SMITH"}],"circlet_count":0,"master_deck":["HollowMod:NailStrikeStart","HollowMod:NailStrikeStart","HollowMod:NailStrikeStart","HollowMod:NailStrikeStart","HollowMod:QuickDashStart","HollowMod:QuickDashStart","HollowMod:QuickDashStart","HollowMod:QuickDashStart","HollowMod:FocusHealStart","HollowMod:PogoStrike","HollowMod:InfectedAttack","hubris:InfiniteBlow+16","conspire:Banana","HollowMod:LifebloodCocoon","HollowMod:SoulVessel","HollowMod:BaldurShell","HollowMod:AwokenDreamNail+1","HollowMod:LifebloodCocoon","HollowMod:DashSlash+1","HollowMod:SoulSplash","HollowMod:SlysStrikes","HollowMod:GreatSlash+1","Replay:SS_fish_2","hubris:InfiniteBlow+12","HollowMod:ChannelNail","Writhe"],"relics":["HollowMod:VesselMask","NeowsBlessing","Molten Egg 2","Bag of Marbles","Replay:Wax Seal","Meat on the Bone","infinitespire:CheckeredPen","aspiration:RitualStick","PrismaticShard","aspiration:FrozenJewel","ReplayTheSpireMod:Lightbulb","Replay:Rubber Ducky","Replay:Wanted Poster","infinitespire:EvilPickle","Membership Card","Strawberry","Runesmith:Nanobots","Pear","Bag of Preparation","Chameleon Ring","Blue Doll"],"acts_visited":["Exordium","TheCity","TheBeyond","TheEnding"],"potions_floor_usage":[29,35,42,47,52,57,57],"damage_taken":[{"damage":0,"enemies":"Jaw Worm","floor":1,"turns":1},{"damage":0,"enemies":"3 Sentries","floor":6,"turns":2},{"damage":0,"enemies":"Lagavulin","floor":8,"turns":1},{"damage":0,"enemies":"2 Louse","floor":10,"turns":2},{"damage":0,"enemies":"Small Slimes","floor":13,"turns":1},{"damage":20,"enemies":"3 Sentries","floor":14,"turns":6},{"damage":14,"enemies":"Exordium Thugs","floor":15,"turns":4},{"damage":1,"enemies":"Large Slime","floor":16,"turns":4},{"damage":10,"enemies":"HollowMod:FalseKnight","floor":18,"turns":6},{"damage":0,"enemies":"Shell Parasite","floor":20,"turns":1},{"damage":5,"enemies":"Spheric Guardian","floor":24,"turns":3},{"damage":5,"enemies":"Chosen and Byrds","floor":26,"turns":3},{"damage":31,"enemies":"Book of Stabbing","floor":27,"turns":4},{"damage":0,"enemies":"Gremlin Leader","floor":29,"turns":2},{"damage":15,"enemies":"3 Cultists","floor":33,"turns":5},{"damage":38,"enemies":"Pondfish","floor":35,"turns":11},{"damage":26,"enemies":"3 Darklings","floor":37,"turns":4},{"damage":51,"enemies":"Nemesis","floor":42,"turns":7},{"damage":1,"enemies":"Orb Walker","floor":43,"turns":2},{"damage":0,"enemies":"Reptomancer","floor":47,"turns":2},{"damage":0,"enemies":"Maw","floor":48,"turns":1},{"damage":16,"enemies":"4 Shapes","floor":49,"turns":5},{"damage":16,"enemies":"hubris:GrandSnecko","floor":52,"turns":3},{"damage":8,"enemies":"Shield and Spear","floor":56,"turns":2},{"damage":115,"enemies":"The Heart","floor":57,"turns":5}],"seed_played":"-8667990723970540727","potions_obtained":[{"floor":6,"key":"FearPotion"},{"floor":8,"key":"FearPotion"},{"floor":15,"key":"Strength Potion"},{"floor":27,"key":"Block Potion"},{"floor":33,"key":"Adrenaline Potion"},{"floor":42,"key":"sneckomod:MuddlingPotion"},{"floor":47,"key":"DistilledChaos"}],"is_trial":false,"path_per_floor":["M","?","$","?","?","E","R","E","T","M","PTL","PTL","M","E","M","M","R","B",null,"M","?","?","?","M","R","M","E","T","E","?","?","R","M","R","B",null,"M","$","?","?","$","E","M","R","T","R","E","M","M","?","R","B",null,"R","$","E","B"],"character_chosen":"THE_BUGKNIGHT","items_purchased":["conspire:Banana","Membership Card","Strawberry","Chameleon Ring","Toxic Potion","Milkshake"],"campfire_rested":0,"item_purchase_floors":[3,38,38,55,55,55],"current_hp_per_floor":[75,58,58,58,58,59,59,59,59,60,60,60,61,48,41,47,47,48,82,83,66,66,58,54,54,50,32,32,44,44,86,86,72,72,45,88,63,70,70,70,70,50,58,58,68,68,68,68,59,86,86,71,110,110,110,103,0,0],"gold":659,"neow_bonus":"THREE_ENEMY_KILL","is_daily":false,"chose_seed":false,"campfire_upgraded":8,"win_rate":0.0,"timestamp":1610225092,"path_taken":["M","?","$","?","?","E","R","E","T","M","PTL","PTL","?","E","M","M","R","BOSS","M","?","?","?","?","R","M","E","T","E","?","?","R","M","R","BOSS","M","?","?","?","$","E","?","R","T","R","E","M","M","?","R","BOSS","R","$","E","BOSS"],"items_purchased_type":["Card","Relic","Relic","Relic","Potion","Potion"],"build_version":"2020-12-22","purchased_purges":1,"victory":false,"max_hp_per_floor":[75,75,75,75,75,76,76,76,76,77,77,77,78,79,80,81,81,82,82,83,83,83,83,84,84,85,86,86,86,86,86,86,87,87,88,88,89,96,96,96,96,97,98,98,108,108,108,108,109,109,109,110,110,110,110,111,112,112],"card_choices":[{"not_picked":["HollowMod:NewLittleFool","HollowMod:SiblingsShadow"],"picked":"HollowMod:InfectedAttack","floor":1},{"not_picked":["infinitespire:FinalStrike","Replay:Fractal Strike"],"picked":"hubris:InfiniteBlow+7","floor":2},{"not_picked":["HollowMod:MonarchWings","HollowMod:InfectedCysts+1"],"picked":"HollowMod:LifebloodCocoon","floor":6},{"not_picked":["HollowMod:SoulEater","HollowMod:Grubsong"],"picked":"HollowMod:SoulVessel","floor":8},{"not_picked":["HollowMod:NewJinnsSoul","HollowMod:CornifersMapStart"],"picked":"HollowMod:BaldurShell","floor":10},{"not_picked":["HollowMod:DescendingDark+1","HollowMod:InfectedCysts+1"],"picked":"HollowMod:AwokenDreamNail+1","floor":13},{"not_picked":["HollowMod:RecoilStrike+1","HollowMod:InfectedCysts+1"],"picked":"HollowMod:LifebloodCocoon","floor":14},{"not_picked":["HollowMod:SoulEater","HollowMod:ShapeofUnn"],"picked":"HollowMod:DashSlash+1","floor":15},{"not_picked":["HollowMod:InfectionAssault+1","HollowMod:CoiledNail+1"],"picked":"HollowMod:SoulSplash","floor":16},{"not_picked":["HollowMod:HornetsHelp+1","HollowMod:SoulMaster"],"picked":"HollowMod:SlysStrikes","floor":18},{"not_picked":["HollowMod:PureNailStrike+1","HollowMod:VengefulSpirit+1"],"picked":"HollowMod:GreatSlash+1","floor":20},{"not_picked":["blackbeard:Sword","Power Through"],"picked":"Replay:SS_fish_2","floor":24},{"not_picked":["construct:SiegeForm","Replay:Battleflow","beaked:Replenish"],"picked":"SKIP","floor":26},{"not_picked":["Machine Learning","expansioncontent:SuperHexaguard","Havoc"],"picked":"SKIP","floor":27},{"not_picked":["hermit:CursedWeapon+1","Guardian:BronzeArmor","Blade Dance"],"picked":"SKIP","floor":29},{"not_picked":["hermit:CalledShot+1","VestedLegacy","Rage"],"picked":"SKIP","floor":33},{"not_picked":["blademaster:DragonStrike+1","blademaster:Flurry+1","Slimebound:RollThrough+1"],"picked":"SKIP","floor":37},{"not_picked":["construct:PowerUp+1","stsjorbsmod:Thorns+1"],"picked":"HollowMod:ChannelNail","floor":42},{"not_picked":["astrologer:Retelling","Summon_Lich+1","Runesmith:CraftMagma"],"picked":"SKIP","floor":43},{"not_picked":["beaked:MaddeningMurmurs","Slimebound:LeechEnergy+1","Gremlin:Tadah+1"],"picked":"SKIP","floor":47},{"not_picked":["Runesmith:ChargedHammer+1","CarveReality+1","sneckomod:UnknownBlock+1"],"picked":"SKIP","floor":48},{"not_picked":["stsjorbsmod:ArcaneWeapon","hermit:Feint+1","Pommel Strike+1"],"picked":"SKIP","floor":49},{"not_picked":["stsjorbsmod:SchoolsOfMagic+1","TheCursedMod:SaltUponWound","Slimebound:FormOfPuddle+1"],"picked":"SKIP","floor":56}],"player_experience":712243,"relics_obtained":[{"floor":6,"key":"Bag of Marbles"},{"floor":8,"key":"Replay:Wax Seal"},{"floor":9,"key":"Meat on the Bone"},{"floor":14,"key":"infinitespire:CheckeredPen"},{"floor":23,"key":"PrismaticShard"},{"floor":27,"key":"aspiration:FrozenJewel"},{"floor":29,"key":"ReplayTheSpireMod:Lightbulb"},{"floor":42,"key":"Runesmith:Nanobots"},{"floor":45,"key":"Pear"},{"floor":47,"key":"Bag of Preparation"},{"floor":56,"key":"Blue Doll"}],"event_choices":[{"damage_healed":0,"gold_gain":0,"player_choice":"Ignored","damage_taken":0,"max_hp_gain":0,"max_hp_loss":0,"event_name":"NoteForYourself","floor":5,"gold_loss":0},{"damage_healed":0,"gold_gain":0,"player_choice":"Ignored","damage_taken":0,"max_hp_gain":0,"max_hp_loss":0,"event_name":"Ghosts","floor":22,"gold_loss":0},{"damage_healed":42,"gold_gain":0,"player_choice":"Full Heal","damage_taken":0,"max_hp_gain":0,"max_hp_loss":0,"event_name":"Wheel of Change","floor":31,"gold_loss":0},{"damage_healed":0,"gold_gain":0,"player_choice":"Copied","damage_taken":0,"max_hp_gain":0,"max_hp_loss":0,"event_name":"Duplicator","floor":40,"gold_loss":0,"cards_obtained":["hubris:InfiniteBlow"]},{"damage_healed":27,"gold_gain":0,"player_choice":"Writhe","damage_taken":0,"max_hp_gain":0,"max_hp_loss":0,"event_name":"Winding Halls","floor":50,"gold_loss":0,"cards_obtained":["Writhe"]}],"is_beta":false,"boss_relics":[{"not_picked":["aspiration:FutureDiary","Velvet Choker","Honey Jar"]},{"not_picked":["infinitespire:Cupcake","vexMod:CursedCompass"],"picked":"Replay:Wanted Poster"}],"items_purged_floors":[55],"is_endless":false,"potions_floor_spawned":[6,8,15,18,26,27,33,42,47],"killed_by":"The Heart","ascension_level":0}}