{"host":"nkolxg4se00n20yf","time":1610221119,"event":{"mods":["BaseMod","CatGirl Mod","Chen","Colored Map","Colored Powertips","Downfall","Friendly Minions","Infinite Spire","Kiyohime????","Marisa????????","Minty Spire (QoL Compilation)","StSLib","Td1madao Mod","The Administrix","The Cursed","The Exalted","The Hierophant","The Servant 0.9.4"],"gold_per_floor":[11,29,45,57,332,332,360,360,360,370,386,1,52,70,70,144,144,162,162,162,181,181,181,181],"floor_reached":23,"playtime":847,"items_purged":[],"score":401,"play_id":"6a14e4f9-590f-4cd6-b775-6d313616d9ff","local_time":"20210109203839","is_ascension_mode":true,"campfire_choices":[{"data":"Regret","floor":6.0,"key":"PURGE"},{"floor":8.0,"key":"REST"},{"floor":15.0,"key":"REST"}],"circlet_count":0,"master_deck":["AscendersBane","Defend_G","Defend_G","Defend_G","Defend_G","Defend_G","Survivor","Neutralize","Underhanded Strike","Dagger Throw","Sucker Punch","Poisoned Stab","Poisoned Stab","Infinite Blades","Dagger Spray","Noxious Fumes","Backflip","Corpse Explosion","Accuracy+1","Bite","Bite","Bite","Bite","Bite","RitualDagger","Quick Slash+1"],"relics":["Ring of the Snake","Peace Pipe","infinitespire:ShieldingShard","White Beast Statue","Tiny Chest","HandDrill","Bromod:ArcaneEnergize","Matryoshka"],"acts_visited":["Exordium","TheCity"],"potions_floor_usage":[23,23],"damage_taken":[{"damage":1.0,"enemies":"2 Louse","floor":1.0,"turns":3.0},{"damage":0.0,"enemies":"Cultist","floor":2.0,"turns":4.0},{"damage":2.0,"enemies":"Jaw Worm","floor":3.0,"turns":3.0},{"damage":3.0,"enemies":"Exordium Wildlife","floor":4.0,"turns":4.0},{"damage":37.0,"enemies":"Gremlin Nob","floor":7.0,"turns":5.0},{"damage":0.0,"enemies":"2 Fungi Beasts","floor":10.0,"turns":3.0},{"damage":7.0,"enemies":"Blue Slaver","floor":11.0,"turns":4.0},{"damage":0.0,"enemies":"Looter","floor":14.0,"turns":3.0},{"damage":21.0,"enemies":"Slime Boss","floor":16.0,"turns":8.0},{"damage":9.0,"enemies":"Shell Parasite","floor":18.0,"turns":3.0},{"damage":14.0,"enemies":"3 Byrds","floor":21.0,"turns":3.0},{"damage":38,"enemies":"Book of Stabbing","floor":23,"turns":4}],"seed_played":"-6657615415263837242","potions_obtained":[{"floor":1.0,"key":"DuplicationPotion"},{"floor":2.0,"key":"GamblersBrew"},{"floor":3.0,"key":"DuplicationPotion"},{"floor":10.0,"key":"DuplicationPotion"},{"floor":11.0,"key":"Fire Potion"},{"floor":14.0,"key":"Slimebound:ThreeZeroPotion"},{"floor":16.0,"key":"CunningPotion"},{"floor":18.0,"key":"LiquidMemories"},{"floor":21.0,"key":"Poison Potion"}],"is_trial":false,"path_per_floor":["M","M","M","M","?","R","E","R","T","M","M","$","?","M","R","B",null,"M","?","?","M","T","E"],"character_chosen":"THE_SILENT","items_purchased":["Tiny Chest","HandDrill","Noxious Fumes"],"campfire_rested":2,"item_purchase_floors":[12,12,12],"current_hp_per_floor":[58,58,56,53,53,53,16,35,35,35,28,28,28,28,47,26,56,47,46,40,28,28,0,0],"gold":181,"neow_bonus":"ONE_RARE_RELIC","is_daily":false,"chose_seed":false,"campfire_upgraded":0,"win_rate":0.0,"timestamp":1610221119,"path_taken":["M","M","M","M","?","R","E","R","T","M","?","?","?","M","R","BOSS","M","?","?","M","?","E"],"items_purchased_type":["Relic","Relic","Card"],"build_version":"2020-12-22","purchased_purges":0,"victory":false,"max_hp_per_floor":[66,66,66,66,66,66,66,66,66,66,66,66,66,66,66,66,66,66,46,46,46,46,46,46],"card_choices":[{"not_picked":["Catalyst","Eviscerate"],"picked":"Underhanded Strike","floor":1.0},{"not_picked":["Backflip","Cloak And Dagger"],"picked":"Dagger Throw","floor":2.0},{"not_picked":["Deflect","Prepared"],"picked":"Sucker Punch","floor":3.0},{"not_picked":["Bane","Sucker Punch"],"picked":"Poisoned Stab","floor":4.0},{"not_picked":["Choke","Setup"],"picked":"Poisoned Stab","floor":7.0},{"not_picked":["Deflect","Slice"],"picked":"Infinite Blades","floor":10.0},{"not_picked":["Escape Plan","Dagger Throw"],"picked":"Dagger Spray","floor":11.0},{"not_picked":["Bouncing Flask","Prepared"],"picked":"Backflip","floor":14.0},{"not_picked":["Tools of the Trade","Wraith Form v2"],"picked":"Corpse Explosion","floor":16.0},{"not_picked":["Footwork","Deadly Poison"],"picked":"Accuracy+1","floor":18.0},{"not_picked":["Choke","Dodge and Roll"],"picked":"Quick Slash+1","floor":21.0}],"player_experience":1092327,"relics_obtained":[{"floor":7.0,"key":"infinitespire:ShieldingShard"},{"floor":9.0,"key":"White Beast Statue"},{"floor":22.0,"key":"Matryoshka"}],"event_choices":[{"damage_healed":0.0,"max_hp_gain":0.0,"max_hp_loss":0.0,"gold_gain":275.0,"event_name":"Golden Shrine","player_choice":"Desecrate","floor":5.0,"gold_loss":0.0,"damage_taken":0.0,"cards_obtained":["Regret"]},{"damage_healed":0.0,"max_hp_gain":0.0,"max_hp_loss":0.0,"gold_gain":51.0,"event_name":"Golden Wing","player_choice":"Gained Gold","floor":13.0,"gold_loss":0.0,"damage_taken":0.0},{"damage_healed":0.0,"max_hp_gain":0.0,"max_hp_loss":20.0,"gold_gain":0.0,"event_name":"Vampires","player_choice":"Became a vampire","floor":19.0,"gold_loss":0.0,"damage_taken":0.0,"cards_obtained":["Bite","Bite","Bite","Bite","Bite"]},{"damage_healed":0.0,"max_hp_gain":0.0,"max_hp_loss":0.0,"gold_gain":0.0,"event_name":"Nest","player_choice":"Joined the Cult","floor":20.0,"gold_loss":0.0,"damage_taken":6.0,"cards_obtained":["RitualDagger"]}],"is_beta":false,"boss_relics":[{"not_picked":["infinitespire:Cupcake","Bromod:ArcaneBarrier"],"picked":"Bromod:ArcaneEnergize"}],"items_purged_floors":[],"is_endless":false,"potions_floor_spawned":[1,2,3,10,11,14,16,18,21],"killed_by":"Book of Stabbing","ascension_level":19}}