{"host":"0tiuc76yumknr6qf","time":1610234696,"event":{"mods":["BaseMod","Colored Map","Highlight Path","Minty Spire (QoL Compilation)","StSLib"],"gold_per_floor":[112,124,124,136,150,150,178,178,205,249,273,6,36,63,63,134,134,154,154,164,214,226,226,251,251,251,263,178,213,228,256,256,344,353,374,408,431,440,440,440],"floor_reached":39,"playtime":3431,"items_purged":[],"score":987,"play_id":"6c08ca8c-6869-4c75-8174-4b43eab35cae","local_time":"20210109172456","is_ascension_mode":true,"campfire_choices":[{"data":"Die Die Die","floor":6.0,"key":"SMITH"},{"data":"Eviscerate","floor":8.0,"key":"SMITH"},{"floor":15.0,"key":"REST"},{"data":"Prepared","floor":23.0,"key":"SMITH"},{"floor":32,"key":"REST"}],"circlet_count":0,"master_deck":["AscendersBane","Survivor","Neutralize","Die Die Die+1","Bane","Eviscerate+1","Dagger Throw","Deadly Poison","Escape Plan","Deflect","Blur","Wraith Form v2","Reflex","Venomology","Envenom","Tools of the Trade","Bullet Time","Predator","Caltrops","Predator","Prepared+1","Ghostly","Ghostly","Ghostly","Noxious Fumes","PiercingWail","Blade Dance","Backflip+1","Distraction+1","After Image","CurseOfTheBell","Footwork+1","Backflip+1","Escape Plan","Bouncing Flask"],"relics":["Ring of the Snake","FaceOfCleric","Vajra","MawBank","Ancient Tea Set","Kunai","Odd Mushroom","Pandora\u0027s Box","HornCleat","Pen Nib","Mercury Hourglass","CeramicFish","Calling Bell","Anchor","Gremlin Horn","Lizard Tail","The Specimen"],"acts_visited":["Exordium","TheCity","TheBeyond"],"potions_floor_usage":[31,33,37,39],"damage_taken":[{"damage":0.0,"enemies":"Jaw Worm","floor":1.0,"turns":6.0},{"damage":4.0,"enemies":"Cultist","floor":2.0,"turns":3.0},{"damage":0.0,"enemies":"2 Louse","floor":4.0,"turns":2.0},{"damage":4.0,"enemies":"2 Fungi Beasts","floor":5.0,"turns":2.0},{"damage":0.0,"enemies":"Gremlin Nob","floor":7.0,"turns":2.0},{"damage":39.0,"enemies":"Lagavulin","floor":10.0,"turns":6.0},{"damage":2.0,"enemies":"Blue Slaver","floor":11.0,"turns":3.0},{"damage":0.0,"enemies":"The Mushroom Lair","floor":14.0,"turns":3.0},{"damage":19.0,"enemies":"Slime Boss","floor":16.0,"turns":9.0},{"damage":15.0,"enemies":"2 Thieves","floor":18.0,"turns":3.0},{"damage":8.0,"enemies":"3 Byrds","floor":20.0,"turns":4.0},{"damage":5.0,"enemies":"Centurion and Healer","floor":22.0,"turns":6.0},{"damage":3.0,"enemies":"Slavers","floor":24.0,"turns":6.0},{"damage":2.0,"enemies":"Snecko","floor":27.0,"turns":6.0},{"damage":0.0,"enemies":"Gremlin Leader","floor":29.0,"turns":5.0},{"damage":24.0,"enemies":"Snake Plant","floor":30.0,"turns":4.0},{"damage":3,"enemies":"Centurion and Healer","floor":31,"turns":2},{"damage":10,"enemies":"Collector","floor":33,"turns":7},{"damage":0,"enemies":"Orb Walker","floor":35,"turns":4},{"damage":0,"enemies":"Mind Bloom Boss Battle","floor":36,"turns":6},{"damage":2,"enemies":"3 Darklings","floor":37,"turns":5},{"damage":71,"enemies":"Maw","floor":39,"turns":7}],"seed_played":"-1543579464800365549","potions_obtained":[{"floor":1.0,"key":"ColorlessPotion"},{"floor":5.0,"key":"FearPotion"},{"floor":11.0,"key":"SkillPotion"},{"floor":14.0,"key":"DistilledChaos"},{"floor":20.0,"key":"DuplicationPotion"},{"floor":31,"key":"Fire Potion"},{"floor":33,"key":"AttackPotion"}],"is_trial":false,"path_per_floor":["M","M","?","M","M","R","E","R","T","E","M","$","?","?","R","B",null,"M","?","M","?","M","R","E","?","T","M","?","E","M","M","R","B",null,"M","?","M","?","M"],"character_chosen":"THE_SILENT","items_purchased":["Kunai"],"campfire_rested":2,"item_purchase_floors":[12],"current_hp_per_floor":[59,55,55,56,53,53,54,54,54,16,15,15,15,16,35,17,55,41,34,27,27,23,23,21,37,37,36,36,37,14,12,24,15,35,36,37,36,36,0,0],"gold":440,"neow_bonus":"THREE_RARE_CARDS","is_daily":false,"chose_seed":false,"campfire_upgraded":3,"win_rate":0.0,"timestamp":1610234696,"path_taken":["M","M","?","?","M","R","E","R","T","E","?","$","?","?","R","BOSS","M","?","M","?","M","R","E","?","T","?","?","E","M","M","R","BOSS","M","?","M","?","?"],"items_purchased_type":["Relic"],"build_version":"2020-12-22","purchased_purges":0,"victory":false,"max_hp_per_floor":[60,60,60,61,62,62,63,63,63,64,65,65,65,66,66,67,67,68,34,35,35,36,36,37,37,37,38,38,39,40,41,41,42,42,43,44,45,45,45,45],"card_choices":[{"not_picked":["Wraith Form v2","Venomology"],"picked":"Die Die Die","floor":0.0},{"not_picked":["Escape Plan","Flying Knee"],"picked":"Bane","floor":1.0},{"not_picked":["Quick Slash","PiercingWail"],"picked":"Eviscerate","floor":2.0},{"not_picked":["Reflex","Slice"],"picked":"Dagger Throw","floor":4.0},{"not_picked":["Bane","Cloak And Dagger"],"picked":"Deadly Poison","floor":5.0},{"not_picked":["Doppelganger","Deadly Poison"],"picked":"Escape Plan","floor":7.0},{"not_picked":["Dodge and Roll","Eviscerate"],"picked":"Deflect","floor":10.0},{"not_picked":["Dagger Spray","Reflex","Quick Slash"],"picked":"SKIP","floor":11.0},{"not_picked":["Sucker Punch","Calculated Gamble"],"picked":"Blur","floor":14.0},{"not_picked":["Corpse Explosion","A Thousand Cuts"],"picked":"Wraith Form v2","floor":16.0},{"not_picked":["Flechettes","Deadly Poison+1"],"picked":"Dodge and Roll","floor":18.0},{"not_picked":["Quick Slash","Slice"],"picked":"Noxious Fumes","floor":20.0},{"not_picked":["Sucker Punch","Flying Knee+1"],"picked":"PiercingWail","floor":22.0},{"not_picked":["Unload","Bane","Predator"],"picked":"SKIP","floor":24.0},{"not_picked":["Deadly Poison","Cloak And Dagger"],"picked":"Blade Dance","floor":27.0},{"not_picked":["Prepared","Poisoned Stab"],"picked":"Backflip+1","floor":29.0},{"not_picked":["Dagger Spray","Slice+1","Endless Agony"],"picked":"SKIP","floor":30.0},{"not_picked":["Quick Slash","Masterful Stab+1"],"picked":"Distraction+1","floor":31},{"not_picked":["Die Die Die","Envenom"],"picked":"After Image","floor":33},{"not_picked":["Heel Hook","Dagger Throw"],"picked":"Footwork+1","floor":35},{"not_picked":["Leg Sweep","PiercingWail"],"picked":"Backflip+1","floor":36},{"not_picked":["Quick Slash+1","Dagger Throw+1"],"picked":"Escape Plan","floor":37}],"player_experience":1823982,"relics_obtained":[{"floor":7.0,"key":"Vajra"},{"floor":9.0,"key":"MawBank"},{"floor":10.0,"key":"Ancient Tea Set"},{"floor":14.0,"key":"Odd Mushroom"},{"floor":24.0,"key":"HornCleat"},{"floor":26.0,"key":"Pen Nib"},{"floor":29.0,"key":"CeramicFish"},{"floor":34,"key":"Anchor"},{"floor":34,"key":"Gremlin Horn"},{"floor":34,"key":"Lizard Tail"},{"floor":36,"key":"The Specimen"}],"event_choices":[{"damage_healed":0.0,"max_hp_gain":0.0,"max_hp_loss":0.0,"gold_gain":0.0,"event_name":"FaceTrader","player_choice":"Trade","floor":3.0,"gold_loss":0.0,"damage_taken":0.0,"relics_obtained":["FaceOfCleric"]},{"damage_healed":0.0,"max_hp_gain":0.0,"max_hp_loss":0.0,"gold_gain":30.0,"event_name":"Dead Adventurer","player_choice":"Searched \u00272\u0027 times","floor":13.0,"gold_loss":0.0,"damage_taken":0.0},{"damage_healed":0.0,"max_hp_gain":0.0,"max_hp_loss":0.0,"gold_gain":0.0,"event_name":"Mushrooms","player_choice":"Fought Mushrooms","floor":14.0,"gold_loss":0.0,"damage_taken":0.0},{"damage_healed":0.0,"max_hp_gain":0.0,"max_hp_loss":34.0,"gold_gain":0.0,"event_name":"Ghosts","player_choice":"Became a Ghost","floor":19.0,"gold_loss":0.0,"damage_taken":0.0,"cards_obtained":["Ghostly","Ghostly","Ghostly"]},{"damage_healed":0.0,"max_hp_gain":0.0,"max_hp_loss":0.0,"gold_gain":50.0,"event_name":"Nest","player_choice":"Stole From Cult","floor":21.0,"gold_loss":0.0,"damage_taken":0.0},{"cards_removed":["Predator"],"damage_healed":16.0,"max_hp_gain":0.0,"max_hp_loss":0.0,"gold_gain":0.0,"event_name":"Bonfire Elementals","player_choice":"Offered Uncommon","floor":25.0,"gold_loss":0.0,"damage_taken":0.0},{"damage_healed":0.0,"max_hp_gain":0.0,"max_hp_loss":0.0,"gold_gain":0.0,"event_name":"Addict","player_choice":"Obtained Relic","floor":28.0,"gold_loss":85.0,"damage_taken":0.0,"relics_obtained":["Mercury Hourglass"]},{"damage_healed":0,"gold_gain":0,"player_choice":"Fight","damage_taken":0,"max_hp_gain":0,"max_hp_loss":0,"event_name":"MindBloom","floor":36,"gold_loss":0},{"damage_healed":0,"gold_gain":0,"cards_transformed":["Dodge and Roll"],"player_choice":"Transformed","damage_taken":0,"max_hp_gain":0,"max_hp_loss":0,"event_name":"Transmorgrifier","floor":38,"gold_loss":0,"cards_obtained":["Bouncing Flask"]}],"is_beta":false,"boss_relics":[{"not_picked":["Runic Dome","Snecko Eye"],"picked":"Pandora\u0027s Box"},{"not_picked":["Ring of the Serpent","Tiny House"],"picked":"Calling Bell"}],"items_purged_floors":[],"is_endless":false,"potions_floor_spawned":[1,5,11,14,20,27,31,33],"killed_by":"Maw","ascension_level":20}}