{"host":"CKW","time":1610196657,"event":{"mods":["AchievementEnabler","BaseMod","Card Forge","Colored Powertips","Gold Saver","Googly Eyes","Highlight Path","Marisa£¨Ùöéë¡¡Øª×âÞÞ£©","Minty Spire (QoL Compilation)","Quick Restart","Rare Cards Sparkle","Shop Mod","StSLib","SuperFastMode"],"gold_per_floor":[644,644,103,120,137,137,162,179,233,233,244,0,30,41,41,144,144,162,162,173,38,52,52,52],"floor_reached":23,"playtime":1320,"items_purged":["Defend_MRS","Strike_MRS"],"score":223,"play_id":"228a1684-10f0-4bd8-94f4-ad835e9389ed","local_time":"20210109215057","is_ascension_mode":true,"campfire_choices":[{"data":"SuperNova","floor":6.0,"key":"SMITH"},{"data":"MilkyWay","floor":10.0,"key":"SMITH"},{"floor":15.0,"key":"REST"}],"circlet_count":0,"master_deck":["Defend_MRS","Defend_MRS","Defend_MRS","MasterSpark","UpSweep","MilkyWay+1","MachineGunSpark","SuperNova+1","PulseMagic","UltimateShortwave","DarkMatter+1","GalacticHalo+1","MillisecondPulsars+1","NonDirectionalLaser","WitchLeyline","WitchLeyline"],"relics":["Hammer of Thor","Seething Fire","Anvil of the Gods","Philosopher\u0027s Stone","MerchantsRug","Shuriken","HornCleat","MealTicket","Regal Pillow","Boot","Astrolabe","DollysMirror"],"acts_visited":["Exordium","TheCity"],"potions_floor_usage":[20],"damage_taken":[{"damage":8.0,"enemies":"Jaw Worm","floor":1.0,"turns":3.0},{"damage":0.0,"enemies":"Cultist","floor":4.0,"turns":2.0},{"damage":0.0,"enemies":"2 Louse","floor":5.0,"turns":2.0},{"damage":30.0,"enemies":"3 Sentries","floor":7.0,"turns":7.0},{"damage":8.0,"enemies":"Exordium Thugs","floor":8.0,"turns":3.0},{"damage":8.0,"enemies":"Large Slime","floor":11.0,"turns":7.0},{"damage":25.0,"enemies":"Lagavulin","floor":13.0,"turns":8.0},{"damage":0.0,"enemies":"Lots of Slimes","floor":14.0,"turns":3.0},{"damage":47.0,"enemies":"The Guardian","floor":16.0,"turns":8.0},{"damage":22.0,"enemies":"Shell Parasite","floor":18.0,"turns":13.0},{"damage":0,"enemies":"Chosen","floor":20,"turns":4},{"damage":35,"enemies":"Sentry and Sphere","floor":22,"turns":6},{"damage":42,"enemies":"Book of Stabbing","floor":23,"turns":5}],"seed_played":"2182714540565816830","potions_obtained":[{"floor":5.0,"key":"Swift Potion"},{"floor":7.0,"key":"FearPotion"},{"floor":13.0,"key":"SteroidPotion"},{"floor":14.0,"key":"SpeedPotion"},{"floor":18.0,"key":"Fruit Juice"},{"floor":19.0,"key":"PowerPotion"},{"floor":19.0,"key":"StarNLove"},{"floor":20,"key":"Block Potion"}],"is_trial":false,"path_per_floor":["M","?","$","M","M","R","E","M","T","R","M","$","E","M","R","B",null,"M","?","M","$","M","E"],"character_chosen":"MARISA","items_purchased":["MerchantsRug","Shuriken","MilkyWay","Regal Pillow","WitchLeyline","DollysMirror"],"campfire_rested":1,"item_purchase_floors":[3,3,3,12,21,21],"current_hp_per_floor":[67,67,67,67,67,67,37,29,29,29,21,36,11,11,48,1,75,58,58,58,73,38,0,0],"gold":52,"neow_bonus":"BOSS_RELIC","is_daily":false,"chose_seed":false,"campfire_upgraded":2,"win_rate":0.0,"timestamp":1610196657,"path_taken":["M","?","$","M","M","R","E","M","T","R","M","$","E","?","R","BOSS","M","?","M","$","M","E"],"items_purchased_type":["Relic","Relic","Card","Relic","Card","Relic"],"build_version":"2020-12-18","purchased_purges":2,"victory":false,"max_hp_per_floor":[75,75,75,75,75,75,75,75,75,75,75,75,75,75,75,75,75,80,80,80,80,80,80,80],"card_choices":[{"not_picked":["DC","SporeBomb","Acceleration"],"picked":"SKIP","floor":1.0},{"not_picked":["DC","NonDirectionalLaser"],"picked":"MachineGunSpark","floor":4.0},{"not_picked":["DC","FairyDestructionRay"],"picked":"SuperNova","floor":5.0},{"not_picked":["LuminesStrike","SporeBomb","MysteriousBeam"],"picked":"SKIP","floor":7.0},{"not_picked":["MagicAbsorber","ShootingEcho","BlazeAway"],"picked":"SKIP","floor":8.0},{"not_picked":["GalacticHalo","AsteroidBelt","WitchOfGreed"],"picked":"SKIP","floor":11.0},{"not_picked":["RefractionSpark","GalacticHalo"],"picked":"PulseMagic","floor":13.0},{"not_picked":["WitchOfGreed","StarlightTyphoon","Robbery"],"picked":"SKIP","floor":14.0},{"not_picked":["SuperNova","MaximisePower"],"picked":"UltimateShortwave","floor":16.0},{"not_picked":["6A","PowerUp+1"],"picked":"NonDirectionalLaser","floor":18.0},{"not_picked":["6A+1","GrandCross","WitchOfGreed"],"picked":"SKIP","floor":20},{"not_picked":["6A","IllusionStar+1","ShootingEcho+1"],"picked":"SKIP","floor":22}],"player_experience":229934,"relics_obtained":[{"floor":7.0,"key":"HornCleat"},{"floor":9.0,"key":"MealTicket"},{"floor":13.0,"key":"Boot"}],"event_choices":[{"damage_healed":0.0,"max_hp_gain":0.0,"max_hp_loss":0.0,"gold_gain":0.0,"cards_transformed":["Strike_MRS"],"event_name":"Transmorgrifier","player_choice":"Transformed","floor":2.0,"gold_loss":0.0,"damage_taken":0.0,"cards_obtained":["OpenUniverse"]},{"damage_healed":0.0,"max_hp_gain":0.0,"max_hp_loss":0.0,"gold_gain":0.0,"event_name":"Lab","player_choice":"Got Potions","floor":19.0,"gold_loss":0.0,"damage_taken":0.0}],"is_beta":true,"boss_relics":[{"not_picked":["SacredBark","Pandora\u0027s Box"],"picked":"Astrolabe"}],"items_purged_floors":[3,12],"is_endless":false,"potions_floor_spawned":[5,7,13,14,18,20],"killed_by":"Book of Stabbing","ascension_level":2}}