{"host":"yecadp3kwkksam5a","time":1610187534,"event":{"mods":["BaseMod","Minty Spire (QoL Compilation)","StSLib"],"gold_per_floor":[110,35,35,35,35,35,46,77,77,77,77],"floor_reached":10,"playtime":392,"items_purged":["Cloak And Dagger"],"score":128,"play_id":"b695fcbb-befd-435d-9df2-ad223e8970d6","local_time":"20210109191854","daily_mods":["Draft"],"is_ascension_mode":true,"campfire_choices":[{"data":"Prepared","floor":6,"key":"SMITH"}],"circlet_count":0,"master_deck":["AscendersBane","Backflip","Prepared+1","Acrobatics","Footwork","Footwork","Cloak And Dagger","Escape Plan","Backflip","Eviscerate","PiercingWail","Reflex","Underhanded Strike","Noxious Fumes","Deflect"],"relics":["Ring of the Snake","Shuriken"],"acts_visited":["Exordium"],"potions_floor_usage":[],"damage_taken":[{"damage":5,"enemies":"Jaw Worm","floor":1,"turns":3},{"damage":0,"enemies":"2 Louse","floor":7,"turns":2},{"damage":12,"enemies":"3 Sentries","floor":8,"turns":8},{"damage":0,"enemies":"Gremlin Nob","floor":10,"turns":1}],"seed_played":"-1235051008668717617","potions_obtained":[{"floor":7,"key":"Poison Potion"}],"is_trial":true,"path_per_floor":["M","$","?","$","?","R","M","E","T","E"],"character_chosen":"THE_SILENT","items_purchased":[],"campfire_rested":0,"item_purchase_floors":[],"current_hp_per_floor":[54,54,54,54,59,59,59,47,47,47,47],"gold":77,"neow_bonus":"","is_daily":false,"chose_seed":false,"campfire_upgraded":1,"win_rate":0.0,"timestamp":1610187534,"path_taken":["M","$","?","$","?","R","M","E","T","E"],"items_purchased_type":[],"build_version":"2020-12-22","purchased_purges":1,"victory":false,"max_hp_per_floor":[66,66,66,66,71,71,71,71,71,71,71],"card_choices":[{"not_picked":["Poisoned Stab","PiercingWail"],"picked":"Backflip","floor":0},{"not_picked":["Backstab","PiercingWail"],"picked":"Prepared","floor":0},{"not_picked":["Flying Knee","Poisoned Stab"],"picked":"Acrobatics","floor":0},{"not_picked":["Dodge and Roll","Backflip"],"picked":"Footwork","floor":0},{"not_picked":["Prepared","Bane"],"picked":"Footwork","floor":0},{"not_picked":["Dash","Dagger Spray"],"picked":"Cloak And Dagger","floor":0},{"not_picked":["Blade Dance","Poisoned Stab"],"picked":"Escape Plan","floor":0},{"not_picked":["Terror","Blade Dance"],"picked":"Backflip","floor":0},{"not_picked":["Deadly Poison","PiercingWail"],"picked":"Eviscerate","floor":0},{"not_picked":["Deadly Poison","Heel Hook"],"picked":"PiercingWail","floor":0},{"not_picked":["Eviscerate","Riddle With Holes"],"picked":"Reflex","floor":0},{"not_picked":["Accuracy","Deflect"],"picked":"Underhanded Strike","floor":0},{"not_picked":["Leg Sweep","Flying Knee"],"picked":"Cloak And Dagger","floor":0},{"not_picked":["Bane","Slice"],"picked":"Noxious Fumes","floor":0},{"not_picked":["Outmaneuver","Backflip"],"picked":"Deflect","floor":0},{"not_picked":["Infinite Blades","Sucker Punch","Setup"],"picked":"SKIP","floor":1},{"not_picked":["Sucker Punch","Prepared","Flying Knee"],"picked":"SKIP","floor":7},{"not_picked":["Quick Slash","Poisoned Stab","Eviscerate"],"picked":"SKIP","floor":8}],"player_experience":455288,"relics_obtained":[{"floor":8,"key":"Shuriken"}],"event_choices":[{"damage_healed":0,"gold_gain":0,"player_choice":"Leave","damage_taken":0,"max_hp_gain":0,"max_hp_loss":0,"event_name":"The Cleric","floor":3,"gold_loss":0},{"damage_healed":0,"gold_gain":0,"player_choice":"Donut","damage_taken":0,"max_hp_gain":5,"max_hp_loss":0,"event_name":"Big Fish","floor":5,"gold_loss":0}],"is_beta":false,"boss_relics":[],"items_purged_floors":[2],"is_endless":false,"potions_floor_spawned":[7],"killed_by":"Gremlin Nob","ascension_level":20}}