{"host":"oigynbtg272c19pw","time":1610196001,"event":{"mods":["BaseMod","Colored Map","Minty Spire (QoL Compilation)","Relic Stats","StSLib"],"gold_per_floor":[115,12,12,12,12,12,42,53,53,84,96,33,45,83,95,184,196,221,245,38,51,66,66,85,100,125,81,18,18,53,63,63,141,141,158,34,51,51,71,71,71,98,98,98,113,146,146,160,160,160,160,160],"floor_reached":51,"playtime":2192,"items_purged":["Strike_B","Strike_B"],"score":1436,"play_id":"c1a4adbf-2e50-4290-b68e-ef30e5e60f15","local_time":"20210109134001","is_ascension_mode":true,"campfire_choices":[{"data":"Sunder","floor":6.0,"key":"SMITH"},{"data":"Ball Lightning","floor":11.0,"key":"SMITH"},{"data":"Zap","floor":15.0,"key":"SMITH"},{"floor":23.0,"key":"REST"},{"data":"Storm","floor":29.0,"key":"SMITH"},{"data":"Buffer","floor":32.0,"key":"SMITH"},{"data":"Fission","floor":40,"key":"SMITH"},{"data":"Thunder Strike","floor":44,"key":"SMITH"},{"floor":47,"key":"REST"},{"floor":49,"key":"RECALL"}],"circlet_count":0,"master_deck":["AscendersBane","Defend_B","Defend_B","Zap+1","Dualcast","Ball Lightning+1","Sunder+1","Compile Driver","Self Repair","Thunder Strike+1","Reboot","Echo Form","BootSequence","Defragment+1","Leap","Self Repair","Capacitor","Force Field+1","Heatsinks","Storm+1","Buffer+1","Lockon","Fission+1","Force Field","Storm","Barrage+1","Skim","Lockon","White Noise+1","Injury","Hologram+1","Reinforced Body","Cold Snap+1"],"relics":["Cracked Core","NeowsBlessing","Vajra","Calipers","MawBank","Bag of Marbles","Philosopher\u0027s Stone","Boot","Pear","Smiling Mask","Cursed Key","Akabeko","Regal Pillow"],"acts_visited":["Exordium","TheCity","TheBeyond"],"potions_floor_usage":[48,48,48],"damage_taken":[{"damage":0.0,"enemies":"Cultist","floor":1.0,"turns":1.0},{"damage":0.0,"enemies":"Gremlin Nob","floor":7.0,"turns":1.0},{"damage":0.0,"enemies":"Jaw Worm","floor":8.0,"turns":1.0},{"damage":40.0,"enemies":"3 Sentries","floor":10.0,"turns":6.0},{"damage":8.0,"enemies":"Gremlin Nob","floor":14.0,"turns":3.0},{"damage":27.0,"enemies":"Hexaghost","floor":16.0,"turns":7.0},{"damage":28.0,"enemies":"2 Thieves","floor":18.0,"turns":3.0},{"damage":0.0,"enemies":"Spheric Guardian","floor":19.0,"turns":3.0},{"damage":18.0,"enemies":"Centurion and Healer","floor":21.0,"turns":7.0},{"damage":49.0,"enemies":"Shelled Parasite and Fungi","floor":22.0,"turns":4.0},{"damage":19.0,"enemies":"Cultist and Chosen","floor":24.0,"turns":5.0},{"damage":16.0,"enemies":"Snake Plant","floor":25.0,"turns":4.0},{"damage":24.0,"enemies":"Book of Stabbing","floor":30.0,"turns":4.0},{"damage":3.0,"enemies":"Centurion and Healer","floor":31.0,"turns":7.0},{"damage":28.0,"enemies":"Collector","floor":33.0,"turns":9.0},{"damage":13.0,"enemies":"3 Darklings","floor":35.0,"turns":5.0},{"damage":12.0,"enemies":"3 Shapes","floor":37.0,"turns":3.0},{"damage":7,"enemies":"Sphere and 2 Shapes","floor":39,"turns":4},{"damage":10,"enemies":"Giant Head","floor":42,"turns":6},{"damage":31,"enemies":"Spire Growth","floor":45,"turns":3},{"damage":32,"enemies":"Nemesis","floor":46,"turns":5},{"damage":4,"enemies":"4 Shapes","floor":48,"turns":2},{"damage":55,"enemies":"Time Eater","floor":50,"turns":7},{"damage":43,"enemies":"Donu and Deca","floor":51,"turns":2}],"seed_played":"742815971434885818","potions_obtained":[{"floor":7.0,"key":"DuplicationPotion"},{"floor":8.0,"key":"PotionOfCapacity"},{"floor":10.0,"key":"Regen Potion"},{"floor":16.0,"key":"GamblersBrew"},{"floor":18.0,"key":"FearPotion"},{"floor":22.0,"key":"Fire Potion"},{"floor":25.0,"key":"PowerPotion"},{"floor":33.0,"key":"Explosive Potion"},{"floor":37.0,"key":"EssenceOfDarkness"},{"floor":45,"key":"EntropicBrew"}],"is_trial":false,"path_per_floor":["M","$","?","$","?","R","E","M","T","E","R","?","$","E","R","B",null,"M","M","$","M","M","R","M","M","T","$","?","R","E","M","R","B",null,"M","$","M","?","M","R","?","E","T","R","M","E","R","M","R","B","B"],"character_chosen":"DEFECT","items_purchased":["Sunder","Compile Driver","Leap","Self Repair","Storm","Storm"],"campfire_rested":2,"item_purchase_floors":[2,2,20,20,27,36],"current_hp_per_floor":[64,64,69,69,62,62,62,62,62,29,29,29,29,37,37,17,61,40,40,40,50,8,30,32,30,30,30,40,40,23,48,48,34,73,74,74,69,69,76,76,76,80,80,80,56,31,71,86,86,38,0,0],"gold":160,"neow_bonus":"THREE_ENEMY_KILL","is_daily":false,"chose_seed":false,"campfire_upgraded":7,"win_rate":0.0,"timestamp":1610196001,"path_taken":["M","$","?","$","?","R","E","M","T","E","R","?","?","E","R","BOSS","M","?","?","M","M","R","?","M","T","$","?","R","E","M","R","BOSS","M","$","M","?","M","R","?","E","T","R","M","E","R","M","R","BOSS","BOSS"],"items_purchased_type":["Card","Card","Card","Card","Card","Card"],"build_version":"2020-12-13","purchased_purges":2,"victory":false,"max_hp_per_floor":[71,71,76,76,76,76,76,76,76,76,76,76,76,76,76,76,76,76,76,76,76,76,76,76,76,76,76,86,86,86,86,86,86,86,86,86,86,86,86,86,86,86,86,86,86,86,86,86,86,86,86,86],"relic_stats":{"Regal Pillow":15,"counters":[24,102],"MawBank":120,"Boot":[9],"Smiling Mask":50,"Cursed Key":1,"obtain_stats":[{"Regal Pillow":46,"Calipers":9,"Pear":28,"NeowsBlessing":0,"Vajra":7,"MawBank":10,"Boot":26,"Smiling Mask":30,"Cursed Key":34,"Akabeko":42,"Philosopher\u0027s Stone":17,"Bag of Marbles":14,"Cracked Core":0},{"Regal Pillow":21,"Calipers":3,"Pear":12,"NeowsBlessing":0,"Vajra":2,"MawBank":4,"Boot":12,"Smiling Mask":13,"Cursed Key":15,"Akabeko":19,"Philosopher\u0027s Stone":6,"Bag of Marbles":5,"Cracked Core":0},{"Regal Pillow":91,"Calipers":3,"Pear":45,"NeowsBlessing":0,"Vajra":2,"MawBank":9,"Boot":45,"Smiling Mask":49,"Cursed Key":65,"Akabeko":83,"Philosopher\u0027s Stone":19,"Bag of Marbles":12,"Cracked Core":0}]},"card_choices":[{"not_picked":["Steam","Redo"],"picked":"Ball Lightning","floor":1.0},{"not_picked":["Fusion","Stack","Ball Lightning"],"picked":"SKIP","floor":7.0},{"not_picked":["Ball Lightning","Leap"],"picked":"Self Repair","floor":8.0},{"not_picked":["Barrage","Rebound"],"picked":"Thunder Strike","floor":10.0},{"not_picked":["Barrage","Rebound"],"picked":"Reboot","floor":14.0},{"not_picked":["Creative AI","Multi-Cast"],"picked":"Echo Form","floor":16.0},{"not_picked":["Go for the Eyes","Force Field+1"],"picked":"BootSequence","floor":18.0},{"not_picked":["Conserve Battery","Sweeping Beam"],"picked":"Defragment+1","floor":19.0},{"not_picked":["Leap","Turbo"],"picked":"Capacitor","floor":21.0},{"not_picked":["Gash","Reinforced Body"],"picked":"Force Field+1","floor":22.0},{"not_picked":["Steam Power+1","Sweeping Beam","Fusion"],"picked":"SKIP","floor":24.0},{"not_picked":["Scrape+1","Capacitor"],"picked":"Heatsinks","floor":25.0},{"not_picked":["Rainbow","Chaos"],"picked":"Buffer","floor":30.0},{"not_picked":["Sweeping Beam","Go for the Eyes"],"picked":"Lockon","floor":31.0},{"not_picked":["Multi-Cast","Reboot"],"picked":"Fission","floor":33.0},{"not_picked":["Sweeping Beam","Auto Shields"],"picked":"Force Field","floor":35.0},{"not_picked":["Leap","Glacier"],"picked":"Barrage+1","floor":37.0},{"not_picked":["Ball Lightning","Sweeping Beam"],"picked":"Skim","floor":39},{"not_picked":["Blizzard","Self Repair+1"],"picked":"White Noise+1","floor":42},{"not_picked":["Turbo","Melter"],"picked":"Hologram+1","floor":45},{"not_picked":["FTL","Capacitor"],"picked":"Reinforced Body","floor":46},{"not_picked":["Redo","Force Field"],"picked":"Cold Snap+1","floor":48}],"player_experience":1352843,"relics_obtained":[{"floor":7.0,"key":"Vajra"},{"floor":9.0,"key":"Calipers"},{"floor":10.0,"key":"MawBank"},{"floor":14.0,"key":"Bag of Marbles"},{"floor":26.0,"key":"Boot"},{"floor":30.0,"key":"Smiling Mask"},{"floor":42,"key":"Akabeko"},{"floor":46,"key":"Regal Pillow"}],"event_choices":[{"damage_healed":0.0,"max_hp_gain":5.0,"max_hp_loss":0.0,"gold_gain":0.0,"event_name":"Big Fish","player_choice":"Donut","floor":3.0,"gold_loss":0.0,"damage_taken":0.0},{"cards_removed":["Strike_B"],"damage_healed":0.0,"max_hp_gain":0.0,"max_hp_loss":0.0,"gold_gain":0.0,"event_name":"Golden Wing","player_choice":"Card Removal","floor":5.0,"gold_loss":0.0,"damage_taken":7.0},{"cards_removed":["Strike_B"],"damage_healed":0.0,"max_hp_gain":0.0,"max_hp_loss":0.0,"gold_gain":0.0,"event_name":"The Cleric","player_choice":"Card Removal","floor":12.0,"gold_loss":75.0,"damage_taken":0.0},{"damage_healed":0.0,"max_hp_gain":0.0,"max_hp_loss":0.0,"gold_gain":0.0,"event_name":"WeMeetAgain","player_choice":"Paid Gold","floor":28.0,"gold_loss":63.0,"damage_taken":0.0,"relics_obtained":["Pear"]},{"cards_removed":["Defend_B"],"damage_healed":0.0,"max_hp_gain":0.0,"max_hp_loss":0.0,"gold_gain":0.0,"event_name":"Falling","player_choice":"Removed Skill","floor":38.0,"gold_loss":0.0,"damage_taken":0.0},{"damage_healed":0,"gold_gain":0,"cards_transformed":["Defend_B"],"player_choice":"Transformed","damage_taken":0,"max_hp_gain":0,"max_hp_loss":0,"event_name":"Transmorgrifier","floor":41,"gold_loss":0,"cards_obtained":["Lockon"]}],"is_beta":false,"boss_relics":[{"not_picked":["SlaversCollar","Empty Cage"],"picked":"Philosopher\u0027s Stone"},{"not_picked":["Busted Crown","Velvet Choker"],"picked":"Cursed Key"}],"items_purged_floors":[20,36],"is_endless":false,"potions_floor_spawned":[7,8,10,16,18,22,25,33,37,45,46],"killed_by":"Donu and Deca","ascension_level":20}}