{"host":"k67zwea37tbl4jhz","time":1610220551,"event":{"mods":["AchievementEnabler","Act Like it!","Aspiration","Bard","BaseMod","Beaked The Cultist","Better Altar","Better Match","Better Note","Better Sensory Stone","Better Skull","Better Third Choice","BetterRewards","CCEM","Clawfect","Colored Map","Conspire","Downfall","GifTheSpireLib","Googly Eyes","Halation","Hallownest","Hermit","Highlight Path","Hubris","Hunter ??","Infinite Spire","Jedi Mod","Jorbs\u0027s Wanderer Trilogy","Mad Scientist","Marisa????????","Mimic Mod","Minty Spire (QoL Compilation)","Permanent Neow","Replay The Spire","Shade Mod","Shop Mod","Spicy Shops","StSLib","Stuff the Spire","The Administrix","The Blackbeard","The Bug Knight","The Construct","The Cursed","The Disciple","The Gatherer","The Hierophant","The IronCluck","The Jungle","The Mystic","The Necromancer","The Problem Sleuth","The Runesmith","The Servant 0.9.4","The Spell Scribe","The Witch","Unceasing Turn Reminder","[IsaacMod]????","everything is the same but u backflip on backflip","slay the spire mod where everything is the same but ironclad has a cowboy hat"],"gold_per_floor":[0,50,85,85,97,97,178,12,28,56,73,86,86,118,128,229,229,229,241,255,255,269,299,344,375,390,39,24,38,38,70,84,181,181,181,199,218,233,247,267,321,348,364,383,383,388,238,250,267,363,363,363,378,389,389,88,98,98,98,98,114,39,55,355,383,399,399,399,399],"floor_reached":67,"playtime":6422,"items_purged":["Guardian:Strike_Guardian"],"score":1132,"play_id":"0b78efcc-504b-4bfa-bdb0-d02d39cc0abf","local_time":"20210109142911","is_ascension_mode":false,"campfire_choices":[{"data":"Guardian:TwinSlam","floor":1,"key":"SMITH"},{"data":"Guardian:SphericShield","floor":35,"key":"SMITH"},{"data":"Guardian:BaubleBeam","floor":45,"key":"SMITH"},{"data":"Guardian:MultiBeam","floor":47,"key":"SMITH"},{"floor":52,"key":"RECALL"},{"data":"Pot Of Greed","floor":62,"key":"SMITH"}],"circlet_count":0,"master_deck":["Guardian:Strike_Guardian","Guardian:Defend_Guardian","Guardian:Defend_Guardian+1","Guardian:Defend_Guardian","Guardian:CurlUp+1","Guardian:TwinSlam+1","Guardian:PiercingHide","Guardian:SpikerProtocol","Guardian:MultiBeam+1","Guardian:PrimingBeam","Guardian:SpikerProtocol","Guardian:BaubleBeam+1","Guardian:PolyBeam","Guardian:ArmoredProtocol","Guardian:Harden+1","Guardian:PrimingBeam","Guardian:EvasiveProtocol+1","Guardian:PrismaticBarrier","Guardian:ExploitGems","Guardian:SphericShield+1","Guardian:RollAttack+1","Guardian:CrystalBeam","Guardian:DecasProtection","Guardian:RollAttack+1","Pot Of Greed+1","Pot Of Greed","Pot Of Greed","Guardian:PrismaticBarrier+1","Guardian:EvasiveProtocol","Guardian:SpikerProtocol","Guardian:Gem_Synthetic","Guardian:Gem_Cyan","Metamorphosis","Pot Of Greed","Guardian:RevengeProtocol","Guardian:WalkerClaw","Guardian:MultiBeam","Guardian:Gem_Green"],"relics":["Guardian:ModeShifter","HushsDoor","KeepersGift","aspiration:FrozenJewel","conspire:TopHat","Guardian:PickAxe","infinitespire:WardingShard","Medical Kit","CCEMRelics:Sandal","GuppysPaw","Painkiller Herb","infinitespire:PuzzleCube","aspiration:ChemicalBlood","Runesmith:AutoHammer","TheAbacus","MoneyPower","Replay:Bronze Core","Art of War","Grinning Jar","StuffTheSpire:BottledEssence","halation:Thesaurus","Omamori","downfall:HeartBlessingGreen","downfall:HeartBlessingBlue","Philosopher\u0027s Stone","GuppysCollar","Strange Spoon","Letter Opener","downfall:HeartBlessingRed"],"acts_visited":["Exordium","TheCity","TheBeyond","Exordium"],"potions_floor_usage":[16,16,16,37,37,43,49,50,50,50,65,65,65,65,65,65,65,65,65,65,66,66,67],"damage_taken":[{"damage":45,"enemies":"Hiden Room Battle","floor":2,"turns":9},{"damage":1,"enemies":"conspire:MimicChest","floor":3,"turns":5},{"damage":2,"enemies":"conspire:MimicChest","floor":4,"turns":3},{"damage":0,"enemies":"conspire:RoseBush","floor":5,"turns":3},{"damage":0,"enemies":"downfall:FleeingMerchant","floor":8,"turns":4},{"damage":0,"enemies":"Cultist","floor":9,"turns":3},{"damage":14,"enemies":"HollowMod:MossKnight","floor":10,"turns":9},{"damage":0,"enemies":"2 Louse","floor":11,"turns":2},{"damage":0,"enemies":"2 Fungi Beasts","floor":12,"turns":2},{"damage":28,"enemies":"Gremlin Nob","floor":14,"turns":4},{"damage":0,"enemies":"Lots of Slimes","floor":15,"turns":2},{"damage":0,"enemies":"downfall:Defect","floor":16,"turns":7},{"damage":0,"enemies":"Chosen","floor":19,"turns":5},{"damage":0,"enemies":"Centurion and Healer","floor":20,"turns":6},{"damage":0,"enemies":"Cultist and Chosen","floor":22,"turns":4},{"damage":0,"enemies":"HollowMod:Nosk","floor":23,"turns":8},{"damage":0,"enemies":"conspire:SneckoGhost","floor":25,"turns":8},{"damage":0,"enemies":"conspire:HollyBat","floor":26,"turns":7},{"damage":0,"enemies":"downfall:FleeingMerchant","floor":27,"turns":4},{"damage":0,"enemies":"downfall:FleeingMerchant","floor":28,"turns":4},{"damage":0,"enemies":"Snake Plant","floor":29,"turns":3},{"damage":0,"enemies":"Nightmare","floor":31,"turns":7},{"damage":0,"enemies":"Shelled Parasite and Fungi","floor":32,"turns":3},{"damage":21,"enemies":"downfall:Watcher","floor":33,"turns":6},{"damage":26,"enemies":"3 Shapes","floor":36,"turns":4},{"damage":0,"enemies":"3 Darklings","floor":37,"turns":5},{"damage":0,"enemies":"Writhing Mass","floor":38,"turns":4},{"damage":0,"enemies":"4 Shapes","floor":39,"turns":3},{"damage":3,"enemies":"HollowMod:SlobberingHusk","floor":40,"turns":6},{"damage":3,"enemies":"Nightmare","floor":42,"turns":8},{"damage":2,"enemies":"Sphere and 2 Shapes","floor":43,"turns":5},{"damage":0,"enemies":"3 Darklings","floor":44,"turns":2},{"damage":0,"enemies":"downfall:FleeingMerchant","floor":46,"turns":2},{"damage":0,"enemies":"Maw","floor":48,"turns":8},{"damage":12,"enemies":"HollowMod:SlobberingHusk","floor":49,"turns":7},{"damage":22,"enemies":"downfall:Silent","floor":50,"turns":9},{"damage":0,"enemies":"conspire:RoseBush","floor":53,"turns":2},{"damage":0,"enemies":"Cultist","floor":54,"turns":3},{"damage":0,"enemies":"2 Louse","floor":57,"turns":1},{"damage":0,"enemies":"Large Slime","floor":61,"turns":3},{"damage":0,"enemies":"Blue Slaver","floor":63,"turns":3},{"damage":68,"enemies":"Nightmare","floor":65,"turns":8},{"damage":0,"enemies":"2 Fungi Beasts","floor":66,"turns":2},{"damage":185,"enemies":"Delirium","floor":67,"turns":4}],"seed_played":"-7278013412877014471","potions_obtained":[{"floor":9,"key":"Strength Potion"},{"floor":10,"key":"Strength Potion"},{"floor":11,"key":"jedi:StrikingPotion"},{"floor":14,"key":"LiquidBronze"},{"floor":16,"key":"Fire Potion"},{"floor":20,"key":"Guardian:BlockOnCardUsePotion"},{"floor":23,"key":"SkillPotion"},{"floor":26,"key":"ColorlessPotion"},{"floor":29,"key":"EssenceOfSteel"},{"floor":36,"key":"champ:CounterPotion"},{"floor":37,"key":"Guardian:DefensiveModePotion"},{"floor":37,"key":"hexamod:EctoCoolerPotion"},{"floor":37,"key":"Fruit Juice"},{"floor":39,"key":"Adrenaline Potion"},{"floor":43,"key":"Strength Potion"},{"floor":49,"key":"Dexterity Potion"},{"floor":50,"key":"LiquidBronze"},{"floor":50,"key":"sneckomod:MuddlingPotion"},{"floor":54,"key":"Venom Potion"},{"floor":65,"key":"champ:CounterPotion"},{"floor":65,"key":"Energy Potion"},{"floor":65,"key":"Guardian:DefensiveModePotion"},{"floor":65,"key":"Adrenaline Potion"},{"floor":65,"key":"GamblersBrew"},{"floor":65,"key":"Regen Potion"},{"floor":65,"key":"Milkshake"},{"floor":65,"key":"FearPotion"},{"floor":65,"key":"Elixir"},{"floor":65,"key":"AttackPotion"},{"floor":65,"key":"champ:CounterPotion"}],"is_trial":false,"path_per_floor":["R","?","?","?","M","?","T","$","M","E","M","M","R","E","M","B",null,"T","?","?","?","?","E","T","E","?","T","T","?","T","NM","?","B",null,"T","?","?","?","?","?","T","NM","?","?","T","T","T","?","?","B",null,"T","?","?","?","T","?","T","T","?","?","T","?","?","NM","?","B"],"character_chosen":"GUARDIAN","items_purchased":["Medical Kit","Runesmith:AutoHammer","Guardian:PrismaticBarrier","TheAbacus","StuffTheSpire:BottledEssence","Guardian:SpikerProtocol","halation:Thesaurus","GuppysCollar","Guardian:RevengeProtocol","Strange Spoon"],"campfire_rested":0,"item_purchase_floors":[8,27,27,27,46,46,46,51,56,56],"current_hp_per_floor":[80,35,34,32,32,47,47,47,47,33,33,33,33,5,5,5,62,62,62,62,62,62,62,62,62,62,62,62,62,62,62,62,41,62,62,36,36,36,36,33,33,30,33,33,33,33,43,43,31,9,46,46,46,46,46,46,46,46,46,46,46,46,46,46,1,6,0,0,0],"gold":399,"neow_bonus":"REMOVE_TWO","is_daily":false,"chose_seed":false,"campfire_upgraded":5,"win_rate":0.0,"timestamp":1610220551,"path_taken":["R","?","?","?","?","?","T","$","?","E","M","M","R","E","M","BOSS","T","?","?","?","?","E","T","E","?","?","T","?","T","NM","?","BOSS","T","?","?","?","?","?","T","NM","?","?","T","?","T","?","?","BOSS","T","?","?","?","T","?","T","?","?","?","T","?","?","NM","?","BOSS"],"items_purchased_type":["Relic","Relic","Card","Relic","Relic","Card","Relic","Relic","Card","Relic"],"build_version":"2020-12-22","purchased_purges":1,"victory":false,"max_hp_per_floor":[80,80,80,80,80,80,80,80,80,80,80,80,80,80,74,62,62,62,62,62,62,62,62,62,62,62,62,62,62,62,62,62,62,62,62,62,62,62,62,62,62,62,67,67,67,67,77,77,77,59,46,46,46,46,46,46,46,46,46,46,46,46,46,46,46,46,34,34,34],"card_choices":[{"not_picked":[],"picked":"Bomb","floor":0},{"not_picked":["Guardian:TemporalStrike","Guardian:Suspension"],"picked":"Guardian:PiercingHide","floor":2},{"not_picked":["Guardian:FastForward","Guardian:Gem_Cyan"],"picked":"Guardian:SpikerProtocol","floor":3},{"not_picked":["Guardian:Gem_Crimson","Guardian:PrimingBeam"],"picked":"Guardian:Gem_Cyan","floor":5},{"not_picked":["Guardian:Planning","Guardian:Incinerate"],"picked":"Guardian:MultiBeam","floor":8},{"not_picked":["Guardian:BronzeOrb","Guardian:ShieldCharger"],"picked":"Guardian:PrimingBeam","floor":9},{"not_picked":["Guardian:PrimingBeam","Bomb"],"picked":"Guardian:SpikerProtocol","floor":10},{"not_picked":["Guardian:TimeSifter","Guardian:Reroute","Guardian:ShieldCharger"],"picked":"SKIP","floor":11},{"not_picked":["Guardian:Reroute","Guardian:Repulse"],"picked":"Guardian:Gem_Cyan","floor":12},{"not_picked":["Guardian:Preprogram","Guardian:VentSteam"],"picked":"Guardian:Gem_Purple","floor":14},{"not_picked":["Bomb","Guardian:VentSteam"],"picked":"Guardian:BaubleBeam","floor":15},{"not_picked":["Guardian:RevengeProtocol","Guardian:ConstructionForm"],"picked":"Guardian:Gem_Synthetic","floor":16},{"not_picked":["Guardian:TimeCapacitor","Guardian:TemporalStrike"],"picked":"Guardian:PolyBeam","floor":19},{"not_picked":["Guardian:Gem_Lightblue","Guardian:Reroute+1"],"picked":"Guardian:ArmoredProtocol","floor":20},{"not_picked":["Guardian:Gem_Fragmented","Guardian:SentryBeam"],"picked":"Guardian:Harden+1","floor":22},{"not_picked":["Guardian:Emergency+1","Guardian:Incinerate"],"picked":"Guardian:Gem_Orange","floor":23},{"not_picked":["Guardian:Gem_Green","Guardian:Reroute"],"picked":"Guardian:PrimingBeam","floor":25},{"not_picked":["Guardian:ChargeCore","Guardian:Recover"],"picked":"Guardian:EvasiveProtocol+1","floor":26},{"not_picked":["Guardian:GuardianWhirl","Guardian:TimeBomb","Guardian:Gem_Fragmented"],"picked":"SKIP","floor":27},{"not_picked":["Guardian:WalkerClaw+1","Guardian:Gem_Cyan"],"picked":"Guardian:ExploitGems","floor":28},{"not_picked":["Guardian:Gem_Red","Guardian:ChargeCore","Guardian:Emergency"],"picked":"SKIP","floor":29},{"not_picked":["Guardian:PolyBeam","Guardian:Repulse"],"picked":"Guardian:Gem_Blue","floor":31},{"not_picked":["Guardian:TemporalStrike","Guardian:ChargeUp","Guardian:TimeCapacitor+1"],"picked":"SKIP","floor":32},{"not_picked":["Guardian:StasisStrike","Guardian:HyperBeam_Guardian"],"picked":"Guardian:SphericShield","floor":33},{"not_picked":["Guardian:PrismaticBarrier+1","Guardian:Suspension+1"],"picked":"Guardian:Gem_White","floor":36},{"not_picked":["Guardian:PrimingBeam","Guardian:WalkerClaw"],"picked":"Guardian:RollAttack+1","floor":37},{"not_picked":["Guardian:Gem_Blue","Guardian:Gem_Lightblue"],"picked":"Guardian:CrystalBeam","floor":38},{"not_picked":["Guardian:Reroute","Guardian:RollAttack"],"picked":"Guardian:DecasProtection","floor":39},{"not_picked":["Guardian:MultiBeam+1","Guardian:StasisStrike"],"picked":"Guardian:RollAttack+1","floor":40},{"not_picked":["Guardian:TemporalShield+1","Guardian:VentSteam+1"],"picked":"Guardian:Gem_Green","floor":42},{"not_picked":["Guardian:Reroute+1","Guardian:BronzeOrb"],"picked":"Guardian:PrismaticBarrier+1","floor":43},{"not_picked":["Guardian:ChargeUp+1","Guardian:Clone"],"picked":"Guardian:Gem_Fragmented","floor":44},{"not_picked":["Guardian:RollAttack","Guardian:SphericShield"],"picked":"Guardian:EvasiveProtocol","floor":46},{"not_picked":["Guardian:Planning","Guardian:CrystalBeam+1","Guardian:PrimingBeam"],"picked":"SKIP","floor":48},{"not_picked":["Guardian:Incinerate+1","Guardian:PrismaticBeam+1"],"picked":"Guardian:Gem_Crimson","floor":49},{"not_picked":["Guardian:TimeSifter","Guardian:HyperBeam_Guardian"],"picked":"Guardian:Gem_Synthetic","floor":50},{"not_picked":["Guardian:TemporalStrike","Guardian:ShieldCharger"],"picked":"Guardian:Gem_Cyan","floor":53},{"not_picked":["Guardian:TemporalStrike","Guardian:ShieldCharger","Guardian:FastForward"],"picked":"SKIP","floor":54},{"not_picked":["Swift Strike","Purity"],"picked":"Metamorphosis","floor":55},{"not_picked":["Guardian:ShieldCharger","Guardian:Suspension","Guardian:DecasProtection"],"picked":"SKIP","floor":57},{"not_picked":["Guardian:Gem_Cyan","Guardian:ChargeUp","Guardian:MultiBeam"],"picked":"SKIP","floor":61},{"not_picked":["Guardian:Incinerate","Guardian:Gem_White"],"picked":"Guardian:WalkerClaw","floor":63},{"not_picked":["Guardian:Planning","Guardian:PrimingBeam"],"picked":"Guardian:MultiBeam","floor":65},{"not_picked":["Guardian:DecasProtection","Guardian:Gem_Purple"],"picked":"Guardian:Gem_Green","floor":66}],"player_experience":138489,"relics_obtained":[{"floor":2,"key":"aspiration:FrozenJewel"},{"floor":2,"key":"War Paint"},{"floor":3,"key":"conspire:TopHat"},{"floor":7,"key":"infinitespire:WardingShard"},{"floor":10,"key":"CCEMRelics:Sandal"},{"floor":14,"key":"GuppysPaw"},{"floor":23,"key":"infinitespire:PuzzleCube"},{"floor":25,"key":"aspiration:ChemicalBlood"},{"floor":31,"key":"MoneyPower"},{"floor":41,"key":"Art of War"},{"floor":42,"key":"Grinning Jar"},{"floor":58,"key":"Letter Opener"}],"event_choices":[{"damage_healed":0,"gold_gain":0,"player_choice":"Fight","damage_taken":0,"max_hp_gain":0,"max_hp_loss":0,"event_name":"HidenRoomEvent","floor":2,"gold_loss":0},{"cards_removed":["Guardian:Strike_Guardian"],"damage_healed":0,"gold_gain":0,"player_choice":"Offered Basic","damage_taken":0,"max_hp_gain":0,"max_hp_loss":0,"event_name":"Bonfire Elementals","floor":21,"gold_loss":0},{"damage_healed":0,"gold_gain":4,"player_choice":"1","damage_taken":0,"max_hp_gain":0,"max_hp_loss":0,"event_name":"betterStone:BetterStone","floor":55,"gold_loss":0}],"is_beta":false,"boss_relics":[{"not_picked":["Ring of Chaos","hubris:TerracottaHorce"],"picked":"Painkiller Herb"},{"not_picked":[]},{"not_picked":["beaked:SacredDeck","Pandora\u0027s Box"],"picked":"Replay:Bronze Core"},{"not_picked":[]},{"not_picked":["halation:PlatinumPhoenix","ReplayTheSpireMod:SealedPack"],"picked":"Philosopher\u0027s Stone"},{"not_picked":[]}],"items_purged_floors":[56],"is_endless":true,"potions_floor_spawned":[4,9,10,11,14,16,20,23,26,29,33,37,39,40,43,48,50,54,57,61],"killed_by":"Delirium","ascension_level":0}}