{"host":"359hz4210ybch7ku","time":1610236699,"event":{"mods":["BaseMod","Block Reminder","Colored Map","Colored Powertips","Highlight Path","Minty Spire (QoL Compilation)","Slay the Relics Exporter","StSLib"],"gold_per_floor":[111,111,132,150,163,163,507,507,578,616,48,48,48,68,68,188,188,202,202,7,27,27,27,27],"floor_reached":23,"playtime":1501,"items_purged":["Defend_P","Strike_P"],"score":286,"play_id":"22e24b6e-f90d-4cea-bdfe-6ff38f1e78e9","local_time":"20210109155819","is_ascension_mode":true,"campfire_choices":[{"data":"DevaForm","floor":6,"key":"SMITH"},{"floor":8,"key":"REST"},{"floor":13,"key":"REST"},{"floor":15,"key":"REST"}],"circlet_count":0,"master_deck":["Strike_P","Strike_P","Strike_P","Defend_P","Defend_P+1","Defend_P","Eruption","Vigilance+1","CutThroughFate","Consecrate","Prostrate","DevaForm+1","Pray","Pray","BattleHymn","WreathOfFlame","Alpha","Fasting2"],"relics":["PureWater","Smiling Mask","Golden Idol","Old Coin","Mercury Hourglass","Nunchaku","Bird Faced Urn","War Paint","Blood Vial","Runic Pyramid","ClockworkSouvenir"],"acts_visited":["Exordium","TheCity"],"potions_floor_usage":[7,10,16,21,23],"damage_taken":[{"damage":0,"enemies":"Small Slimes","floor":1,"turns":2},{"damage":3,"enemies":"Jaw Worm","floor":3,"turns":5},{"damage":2,"enemies":"Cultist","floor":4,"turns":3},{"damage":1,"enemies":"Looter","floor":5,"turns":3},{"damage":26,"enemies":"Lagavulin","floor":7,"turns":9},{"damage":15,"enemies":"Gremlin Nob","floor":10,"turns":4},{"damage":0,"enemies":"Exordium Thugs","floor":14,"turns":3},{"damage":0,"enemies":"Slime Boss","floor":16,"turns":3},{"damage":42,"enemies":"2 Thieves","floor":18,"turns":5},{"damage":3,"enemies":"3 Byrds","floor":21,"turns":3},{"damage":44,"enemies":"Slavers","floor":23,"turns":3}],"seed_played":"-8185109165903825401","potions_obtained":[{"floor":3,"key":"GamblersBrew"},{"floor":7,"key":"Explosive Potion"},{"floor":10,"key":"GamblersBrew"},{"floor":16,"key":"LiquidBronze"},{"floor":21,"key":"EssenceOfSteel"}],"is_trial":false,"path_per_floor":["M","?","M","M","M","R","E","R","T","E","$","?","R","M","R","B",null,"M","?","$","M","?","E"],"character_chosen":"WATCHER","items_purchased":["Bird Faced Urn","BattleHymn","War Paint","ClockworkSouvenir"],"campfire_rested":3,"item_purchase_floors":[11,11,11,20],"current_hp_per_floor":[72,67,64,62,61,61,35,55,55,40,40,7,27,29,49,53,67,29,29,29,30,30,0,0],"gold":27,"neow_bonus":"RANDOM_COMMON_RELIC","is_daily":false,"chose_seed":false,"campfire_upgraded":1,"win_rate":0.0,"timestamp":1610236699,"path_taken":["M","?","M","M","M","R","E","R","T","E","$","?","R","M","R","BOSS","M","?","$","M","?","E"],"items_purchased_type":["Relic","Card","Relic","Relic"],"build_version":"2020-12-22","purchased_purges":2,"victory":false,"max_hp_per_floor":[72,67,67,67,67,67,67,67,67,67,67,67,67,67,67,67,67,67,67,67,67,67,67,67],"card_choices":[{"not_picked":["ThirdEye","Halt"],"picked":"CutThroughFate","floor":1},{"not_picked":["Evaluate","TalkToTheHand"],"picked":"Consecrate","floor":3},{"not_picked":["BowlingBash","SandsOfTime"],"picked":"Prostrate","floor":4},{"not_picked":["PathToVictory","EmptyFist"],"picked":"DevaForm","floor":5},{"not_picked":["EmptyBody","SashWhip"],"picked":"Pray","floor":7},{"not_picked":["EmptyBody","Blasphemy"],"picked":"Pray","floor":10},{"not_picked":["JustLucky","PathToVictory"],"picked":"WreathOfFlame","floor":14},{"not_picked":["DevaForm","DeusExMachina"],"picked":"Alpha","floor":16},{"not_picked":["CrushJoints","PathToVictory","SashWhip"],"picked":"SKIP","floor":18},{"not_picked":["EmptyBody","Pray+1","Meditate"],"picked":"SKIP","floor":21}],"player_experience":173232,"relics_obtained":[{"floor":7,"key":"Old Coin"},{"floor":9,"key":"Mercury Hourglass"},{"floor":10,"key":"Nunchaku"}],"event_choices":[{"damage_healed":0,"gold_gain":0,"player_choice":"Lose Max HP","damage_taken":0,"relics_obtained":["Golden Idol"],"max_hp_gain":0,"max_hp_loss":5,"event_name":"Golden Idol","floor":2,"gold_loss":0},{"damage_healed":0,"gold_gain":0,"player_choice":"Success","damage_taken":33,"relics_obtained":["Blood Vial"],"max_hp_gain":0,"max_hp_loss":0,"event_name":"Scrap Ooze","floor":12,"gold_loss":0},{"damage_healed":0,"gold_gain":0,"player_choice":"Read","damage_taken":0,"max_hp_gain":0,"max_hp_loss":0,"event_name":"The Library","floor":19,"gold_loss":0,"cards_obtained":["Fasting2"]},{"damage_healed":0,"gold_gain":0,"player_choice":"0 cards matched","damage_taken":0,"max_hp_gain":0,"max_hp_loss":0,"event_name":"Match and Keep!","floor":22,"gold_loss":0,"cards_obtained":[]}],"is_beta":false,"boss_relics":[{"not_picked":["Velvet Choker","Coffee Dripper"],"picked":"Runic Pyramid"}],"items_purged_floors":[11,20],"is_endless":false,"potions_floor_spawned":[3,7,10,16,21],"killed_by":"Slavers","ascension_level":3}}