{"host":"j3h0p3l2xgzxhnx7","time":1610180584,"event":{"mods":["BaseMod","Luminous","Marisa????????","Minty Spire (QoL Compilation)","Remilia??????","StSLib","The Bug Knight","The Cursed","The Servant 0.9.4"],"gold_per_floor":[111,125,142,153,172,203,203,233,286,286,320,338,351,72,72,170,170,187,201,201,229,311,323,368,380,417,444,456,468,480,526,538,646,658,685,62,75,87,87,115,128,128,128,128,144,155,188,206,206,206],"floor_reached":51,"playtime":3518,"items_purged":["Strike_P","Strike_P"],"score":871,"play_id":"423efb75-c00b-496b-a05c-ce57ffb5ed6e","local_time":"20210109162304","is_ascension_mode":false,"campfire_choices":[{"floor":7,"key":"REST"},{"data":"Eruption","floor":15,"key":"SMITH"},{"floor":23,"key":"REST"},{"data":"Devotion","floor":25,"key":"SMITH"},{"floor":28,"key":"REST"},{"data":"Evaluate","floor":30,"key":"SMITH"},{"floor":32,"key":"REST"},{"floor":44,"key":"REST"},{"floor":49,"key":"REST"}],"circlet_count":0,"master_deck":["Strike_P","Strike_P","Defend_P","Defend_P","Defend_P","Eruption+1","Vigilance","CurseOfTheBell","CutThroughFate","Evaluate+1","LikeWater","WheelKick","Protect","EmptyBody","EmptyFist","Crescendo+1","CrushJoints","Devotion+1","Crescendo+1","Omniscience+1","EmptyMind+1","Prostrate+1","Writhe","Perseverance+1","SashWhip+1","Protect+1","ClearTheMind+1","Establishment","Evaluate+1","Swivel+1","Prostrate+1","InnerPeace+1","CrushJoints+1","Wraith","Indignation+1","CutThroughFate+1","WindmillStrike+1","Consecrate+1","FlurryOfBlows+1","Weave+1"],"relics":["Calling Bell","Anchor","Kunai","WingedGreaves","Shuriken","Sundial","Bag of Marbles","Toxic Egg 2","Mummified Hand","Nunchaku","Philosopher\u0027s Stone","MawBank","InkBottle","Happy Flower","HollowMod:PaleOreRelic","Molten Egg 2","Snecko Eye","HandDrill","Strawberry","Regal Pillow","White Beast Statue","HornCleat","HollowMod:StagPassRelic"],"acts_visited":["Exordium","TheCity","TheBeyond"],"potions_floor_usage":[6,8,16,16,21,33,41,46,47,48,50],"damage_taken":[{"damage":3,"enemies":"Cultist","floor":1,"turns":5},{"damage":1,"enemies":"Jaw Worm","floor":2,"turns":5},{"damage":0,"enemies":"2 Louse","floor":3,"turns":3},{"damage":0,"enemies":"Blue Slaver","floor":4,"turns":4},{"damage":8,"enemies":"Gremlin Gang","floor":5,"turns":8},{"damage":14,"enemies":"3 Sentries","floor":6,"turns":9},{"damage":8,"enemies":"Lagavulin","floor":8,"turns":10},{"damage":24,"enemies":"Gremlin Nob","floor":11,"turns":5},{"damage":0,"enemies":"Red Slaver","floor":12,"turns":4},{"damage":0,"enemies":"3 Louse","floor":13,"turns":2},{"damage":0,"enemies":"Slime Boss","floor":16,"turns":5},{"damage":8,"enemies":"Spheric Guardian","floor":18,"turns":5},{"damage":21,"enemies":"3 Byrds","floor":19,"turns":6},{"damage":22,"enemies":"Cultist and Chosen","floor":21,"turns":8},{"damage":7,"enemies":"HollowMod:Nosk","floor":24,"turns":12},{"damage":8,"enemies":"Snake Plant","floor":27,"turns":3},{"damage":18,"enemies":"Book of Stabbing","floor":31,"turns":5},{"damage":31,"enemies":"Collector","floor":33,"turns":8},{"damage":5,"enemies":"3 Darklings","floor":35,"turns":4},{"damage":0,"enemies":"Orb Walker","floor":37,"turns":4},{"damage":5,"enemies":"Maw","floor":38,"turns":9},{"damage":25,"enemies":"HollowMod:StalkingDevout","floor":40,"turns":6},{"damage":17,"enemies":"Sphere and 2 Shapes","floor":41,"turns":7},{"damage":1,"enemies":"Transient","floor":45,"turns":5},{"damage":4,"enemies":"Maw","floor":46,"turns":5},{"damage":2,"enemies":"Giant Head","floor":47,"turns":5},{"damage":8,"enemies":"Spire Growth","floor":48,"turns":4},{"damage":12,"enemies":"Time Eater","floor":50,"turns":7}],"seed_played":"8005059598347819043","potions_obtained":[{"floor":5,"key":"GamblersBrew"},{"floor":6,"key":"FearPotion"},{"floor":12,"key":"Regen Potion"},{"floor":13,"key":"Energy Potion"},{"floor":16,"key":"FairyPotion"},{"floor":18,"key":"FairyPotion"},{"floor":19,"key":"Block Potion"},{"floor":31,"key":"ColorlessPotion"},{"floor":40,"key":"Block Potion"},{"floor":41,"key":"Fire Potion"},{"floor":46,"key":"Dexterity Potion"},{"floor":47,"key":"BlessingOfTheForge"},{"floor":48,"key":"PowerPotion"}],"is_trial":false,"path_per_floor":["M","M","M","M","M","E","R","E","T","T","E","M","M","$","R","B",null,"M","M","?","M","T","R","E","R","T","M","R","?","R","E","R","B",null,"M","$","M","M","?","E","M","?","T","R","M","M","E","M","R","B",null],"character_chosen":"WATCHER","items_purchased":["Nunchaku","Crescendo+1","HandDrill","Strawberry","Swivel+1","Prostrate+1","Regal Pillow"],"campfire_rested":6,"item_purchase_floors":[14,14,36,36,36,36,36],"current_hp_per_floor":[69,68,68,68,60,46,67,59,59,59,35,35,35,35,35,49,72,64,43,43,21,21,42,35,35,35,27,48,48,48,30,51,20,72,67,74,74,69,69,44,27,27,27,65,64,60,58,50,79,67],"gold":206,"neow_bonus":"BOSS_RELIC","is_daily":false,"chose_seed":false,"campfire_upgraded":3,"win_rate":0.0,"timestamp":1610180584,"path_taken":["M","M","M","M","M","E","R","E","T","?","E","M","M","$","R","BOSS","M","M","?","M","?","R","E","R","T","M","R","?","R","E","R","BOSS","M","$","M","M","?","E","M","?","T","R","?","M","E","M","R","BOSS"],"items_purchased_type":["Relic","Card","Relic","Relic","Card","Card","Relic"],"build_version":"2020-12-22","purchased_purges":2,"victory":true,"max_hp_per_floor":[72,72,72,72,72,72,72,72,72,72,72,72,72,72,72,72,72,72,72,72,72,72,72,72,72,72,72,72,72,72,72,72,72,72,72,79,79,79,79,79,79,79,79,79,79,79,79,79,79,79],"card_choices":[{"not_picked":["Pray","FlurryOfBlows"],"picked":"CutThroughFate","floor":1},{"not_picked":["SignatureMove","ReachHeaven"],"picked":"Evaluate","floor":2},{"not_picked":["Consecrate","FlurryOfBlows"],"picked":"LikeWater","floor":3},{"not_picked":["SashWhip","Nirvana"],"picked":"WheelKick","floor":4},{"not_picked":["WreathOfFlame","Collect"],"picked":"Protect","floor":5},{"not_picked":["Protect","Ragnarok"],"picked":"EmptyBody","floor":6},{"not_picked":["Crescendo","PathToVictory"],"picked":"EmptyFist","floor":8},{"not_picked":["Nirvana","FearNoEvil"],"picked":"Crescendo+1","floor":11},{"not_picked":["BowlingBash","FlyingSleeves"],"picked":"CrushJoints","floor":12},{"not_picked":["CarveReality","Study"],"picked":"Devotion","floor":13},{"not_picked":["Devotion","MasterReality"],"picked":"Omniscience+1","floor":16},{"not_picked":["CutThroughFate","Protect+1"],"picked":"EmptyMind+1","floor":18},{"not_picked":["CutThroughFate","BowlingBash"],"picked":"Prostrate+1","floor":19},{"not_picked":["Omniscience+1","FlurryOfBlows"],"picked":"Perseverance+1","floor":21},{"not_picked":["Perseverance+1","BattleHymn"],"picked":"SashWhip+1","floor":24},{"not_picked":["BowlingBash","EmptyBody+1"],"picked":"Protect+1","floor":27},{"not_picked":["Devotion","SashWhip+1"],"picked":"ClearTheMind+1","floor":31},{"not_picked":["Blasphemy+1","Devotion"],"picked":"Establishment","floor":33},{"not_picked":["BowlingBash+1","CutThroughFate+1"],"picked":"Evaluate+1","floor":35},{"not_picked":["ReachHeaven+1","ThirdEye+1"],"picked":"InnerPeace+1","floor":37},{"not_picked":["Crescendo+1","FlyingSleeves+1"],"picked":"CrushJoints+1","floor":38},{"not_picked":["Worship+1","Nirvana"],"picked":"Indignation+1","floor":40},{"not_picked":["PathToVictory+1","DeceiveReality+1"],"picked":"CutThroughFate+1","floor":41},{"not_picked":["FearNoEvil+1","LikeWater+1"],"picked":"WindmillStrike+1","floor":45},{"not_picked":["CrushJoints+1","FlyingSleeves+1"],"picked":"Consecrate+1","floor":46},{"not_picked":["InnerPeace+1","Adaptation"],"picked":"FlurryOfBlows+1","floor":47},{"not_picked":["CutThroughFate+1","TalkToTheHand+1"],"picked":"Weave+1","floor":48}],"player_experience":113215,"relics_obtained":[{"floor":0,"key":"Anchor"},{"floor":0,"key":"Kunai"},{"floor":0,"key":"WingedGreaves"},{"floor":6,"key":"Shuriken"},{"floor":8,"key":"Sundial"},{"floor":9,"key":"Bag of Marbles"},{"floor":10,"key":"Toxic Egg 2"},{"floor":11,"key":"Mummified Hand"},{"floor":22,"key":"InkBottle"},{"floor":24,"key":"Happy Flower"},{"floor":26,"key":"HollowMod:PaleOreRelic"},{"floor":31,"key":"Molten Egg 2"},{"floor":40,"key":"White Beast Statue"},{"floor":43,"key":"HornCleat"},{"floor":47,"key":"HollowMod:StagPassRelic"}],"event_choices":[{"damage_healed":0,"gold_gain":0,"player_choice":"Opened","damage_taken":0,"relics_obtained":["MawBank"],"max_hp_gain":0,"max_hp_loss":0,"event_name":"The Mausoleum","floor":20,"gold_loss":0,"cards_obtained":["Writhe"]},{"damage_healed":0,"gold_gain":0,"player_choice":"Ignored","damage_taken":0,"max_hp_gain":0,"max_hp_loss":0,"event_name":"Vampires","floor":29,"gold_loss":0},{"damage_healed":0,"gold_gain":0,"player_choice":"Ignored","damage_taken":0,"max_hp_gain":0,"max_hp_loss":0,"event_name":"OrinTheCat","floor":39,"gold_loss":0},{"cards_removed":["Defend_P"],"damage_healed":0,"gold_gain":0,"player_choice":"Purged","damage_taken":0,"max_hp_gain":0,"max_hp_loss":0,"event_name":"Purifier","floor":42,"gold_loss":0}],"is_beta":false,"boss_relics":[{"not_picked":["VioletLotus","SlaversCollar"],"picked":"Philosopher\u0027s Stone"},{"not_picked":["Black Star","Tiny House"],"picked":"Snecko Eye"}],"items_purged_floors":[14,36],"is_endless":false,"potions_floor_spawned":[5,6,12,13,16,18,19,31,40,41,45,46,47,48],"ascension_level":0}}