{"host":"pft5kheyb7v7gger","time":1610173983,"event":{"mods":["Act Like it!","BaseMod","LagranYue(¿≠∏Ò¿ °§‘¬)","Lobotomy","LobotomyExtend","Minty Spire (QoL Compilation)","Reimu£®≤©¿ˆ¡È√Œ£©","Replay The Spire","StSLib","The Gatherer","TheHeartMod","Yakumo Yukari mod","Yuyuko","°æ“≈ŒÔø®≈∆°øREMEMod"],"gold_per_floor":[117,192,284,301,311,311,329,329,352,368,379,414,433,433,433,532,532,548,548,548],"floor_reached":19,"playtime":849,"items_purged":[],"score":196,"play_id":"ae220e23-b7c1-4f4e-a4aa-8411e0454295","local_time":"20210109143303","is_ascension_mode":false,"campfire_choices":[],"circlet_count":0,"master_deck":["SpecialBullet","SpecialBullet","SpecialBullet","SpecialBullet","SpecialBullet","SpecialBullet","SpecialBullet","SecurityCode","InformationCode","DisciplinaryCode","Ecstasy","Hyperbeam","SpiderBud","SwordSharpenedByTears","ReplayTheSpireMod:Splinters","Spore","Soda","Wellcheers","WristCuter","MHz","Hornet","OSAHOGD","RedEyes","VoidDream","Harmony","Rudolta","RapturousDream","TheSmile","Reverberation","BigBird","GoldRush","Woodsman","RedEyes+1"],"relics":["CogitoBucket","RabbitCall","REME_ComplimentaryCards","LagranYue:RandomDrawCardRelic","LetterFromLob","Akabeko","Pen Nib","BackwardClock","Toy Ornithopter","InkBottle","SlaversCollar"],"acts_visited":["Exordium","TheCity"],"potions_floor_usage":[5,16],"damage_taken":[{"damage":5,"enemies":"2 Louse","floor":1,"turns":2},{"damage":0,"enemies":"Jaw Worm","floor":4,"turns":1},{"damage":0,"enemies":"Cultist","floor":5,"turns":2},{"damage":7,"enemies":"Blue Slaver","floor":7,"turns":2},{"damage":0,"enemies":"Exordium Wildlife","floor":10,"turns":1},{"damage":37,"enemies":"Red Slaver","floor":11,"turns":5},{"damage":1,"enemies":"Gremlin Nob","floor":12,"turns":2},{"damage":0,"enemies":"Lots of Slimes","floor":13,"turns":1},{"damage":38,"enemies":"Hexaghost","floor":16,"turns":7},{"damage":7,"enemies":"Chosen","floor":18,"turns":3},{"damage":74,"enemies":"Shell Parasite","floor":19,"turns":4}],"seed_played":"-4080202735416078821","potions_obtained":[{"floor":5,"key":"REME_GoldPotion"},{"floor":10,"key":"SmokeBomb"},{"floor":11,"key":"Energy Potion"},{"floor":12,"key":"LifebloodPotion"},{"floor":16,"key":"REME_GoldPotion"}],"is_trial":false,"path_per_floor":["M","?","?","M","M","R","M","R","T","M","M","E","M","?","R","B",null,"M","M"],"character_chosen":"Angela","items_purchased":[],"campfire_rested":0,"item_purchase_floors":[],"current_hp_per_floor":[70,59,59,67,70,70,70,70,70,70,34,49,63,60,60,44,70,70,0,0],"gold":548,"neow_bonus":"TRANSFORM_CARD","is_daily":false,"chose_seed":false,"campfire_upgraded":0,"win_rate":0.0,"timestamp":1610173983,"path_taken":["M","?","?","M","M","R","M","R","T","M","M","E","?","?","R","BOSS","M","M"],"items_purchased_type":[],"build_version":"2020-12-22","purchased_purges":0,"victory":false,"max_hp_per_floor":[70,70,70,70,70,70,70,70,70,70,70,70,70,70,70,70,70,70,70,70],"card_choices":[{"not_picked":["VoidDream","MeatLantern"],"picked":"SpiderBud","floor":1},{"not_picked":["Penitence"],"picked":"SwordSharpenedByTears","floor":1},{"not_picked":["Reverberation"],"picked":"Spore","floor":3},{"not_picked":["Discord"],"picked":"Soda","floor":3},{"not_picked":["UniverseFragment","CherryBlossoms"],"picked":"Wellcheers","floor":4},{"not_picked":["TodaysExpression"],"picked":"WristCuter","floor":4},{"not_picked":["ShyLook","FairyFestival"],"picked":"MHz","floor":5},{"not_picked":["FourthMatchFlame"],"picked":"Hornet","floor":5},{"not_picked":["LongBird","FairyFestival"],"picked":"OSAHOGD","floor":7},{"not_picked":["BearPaw"],"picked":"RedEyes","floor":7},{"not_picked":["MeatLantern","Scarecrow"],"picked":"VoidDream","floor":10},{"not_picked":["Wingbeat"],"picked":"Harmony","floor":10},{"not_picked":["OldLady","QueenBee"],"picked":"Rudolta","floor":11},{"not_picked":["Loneliness"],"picked":"RapturousDream","floor":11},{"not_picked":["Lantern"],"picked":"TheSmile","floor":12},{"not_picked":["CrimsonScar"],"picked":"Reverberation","floor":13},{"not_picked":["QueenBee","CherryBlossoms"],"picked":"BigBird","floor":16},{"not_picked":["Mimicry"],"picked":"GoldRush","floor":16},{"not_picked":["PunishingBird","BodiesMountain"],"picked":"Woodsman","floor":18},{"not_picked":["Penitence"],"picked":"RedEyes+1","floor":18}],"player_experience":273926,"relics_obtained":[{"floor":1,"key":"LetterFromLob"},{"floor":3,"key":"Akabeko"},{"floor":9,"key":"Pen Nib"},{"floor":12,"key":"Toy Ornithopter"}],"event_choices":[{"damage_healed":0,"gold_gain":75,"player_choice":"Gather Gold","damage_taken":11,"max_hp_gain":0,"max_hp_loss":0,"event_name":"World of Goop","floor":2,"gold_loss":0},{"damage_healed":0,"gold_gain":0,"player_choice":"Success","damage_taken":3,"relics_obtained":["InkBottle"],"max_hp_gain":0,"max_hp_loss":0,"event_name":"Scrap Ooze","floor":14,"gold_loss":0}],"is_beta":false,"boss_relics":[{"not_picked":["Busted Crown","Kintsugi"],"picked":"SlaversCollar"}],"items_purged_floors":[],"is_endless":false,"potions_floor_spawned":[5,10,11,12,16],"killed_by":"Shell Parasite","ascension_level":0}}