{"host":"4c7oxphrh4ok8x7u","time":1610211210,"event":{"mods":["100% Spire Juice","2.2 Compatiblity","Act Like it!","Arknights The Spire","Aspiration","BaseMod","Better Skull","Better Vampires","BetterRewards","Challenge The Spire","Conjunction","Conspire","Custom Start","Dota2Spire","Ekko","Evolution","Fiend Mod","Friendly Minions","FruityMod","GifTheSpireLib","Good Game Mod","Halation","Hermit","HololiveMod","Hubris","Hyrulean Relics","Jedi Mod","Jess\u0027s Bottle","Kratos Character Expansion","Minty Spire (QoL Compilation)","MostiFishMod","Permanent Neow","Poor People Problems","Prisma Mod","Quarter Circle Forward PUNCH!","RatMod","Replay The Spire","Robot Space Explorer","SCP261 Mod","Shade Mod","Slay the Relics Exporter","Small Relic Pack","Spicy Shops","Spikes Relics","Spires And Sneckos","StSLib","Stuff the Spire","The Animator","The Blue Laboratory","The Death Knight","The Edgeheg","The Exalted","The Fake Hero","The Trickster","TheVacant","TheWitcher","Wandering Minibosses"],"gold_per_floor":[113,130,58,58,76,92,127,139,139,314,314,314,334,350,350,452,452,463,475,475,475,491,491,510,544,571,584,584,611,621,632,632,733,733,745,136,136,136,136,169,188,204,204,224,224,224,234,262,262,262,262,262,76,108,108],"floor_reached":56,"playtime":2194,"items_purged":[],"score":1528,"play_id":"553c0b5c-2dbb-4a97-8c2f-550d41e00d06","local_time":"20210109195330","is_ascension_mode":false,"campfire_choices":[{"data":"hubris:PowerSurge","floor":11,"key":"SMITH"},{"floor":15,"key":"RECALL"},{"data":"Bite","floor":23,"key":"SMITH"},{"data":"StuffTheSpire:ShieldGenerator","floor":32,"key":"SMITH"},{"data":"StuffTheSpire:Plugnplay","floor":45,"key":"SMITH"},{"data":"StuffTheSpire:ShieldGenerator+1","floor":49,"key":"SMITH"},{"data":"StuffTheSpire:ShieldGenerator+2","floor":52,"key":"SMITH"}],"circlet_count":0,"master_deck":["Defend_B","Defend_B","Defend_B","Defend_B","Zap","Dualcast","Ball Lightning","conspire:SharedLibrary","Redo","hubris:PowerSurge+1","Genetic Algorithm","MostiFishMod:PushDownKick","FIFO Queue","Doubt","StuffTheSpire:LaunchingStrike+1","jedi:BurstLightning","Bite+1","Bite","FIFO Queue","BootSequence","MostiFishMod:GatherIntelligence","MostiFishMod:IntelligentEquipment","StuffTheSpire:ShieldGenerator+3","Hologram+1","Amnesia","StuffTheSpire:Plugnplay+1"],"relics":["Cracked Core","EVO:Axolotl","DaveBox","REME:ComplimentaryCards","aspiration:Nostalgia","Moonworks:BrokenBomb","Civilization","SynthV:TestCard","Anchor","Blue Doll","halation:KoshaPiece","Replay:Antivirus Software","Fiend:Scarf","aspiration:EnhancedActuators","Dota2Spire:Mjollnir","halation:Jellyphish","relicPack:OneForAll","ReplayTheSpireMod:Ring of Challenge","Ring of Chaos","StuffTheSpire:GreaterSneckoEye","StuffTheSpire:Tea","conspire:DecoderRing","halation:LettersToHer","Ice Cream","halation:PeacePiece","Bottled Lightning"],"acts_visited":["Exordium","TheCity","TheBeyond","TheEnding"],"potions_floor_usage":[],"damage_taken":[{"damage":9,"enemies":"2 Louse","floor":1,"turns":3},{"damage":1,"enemies":"Small Slimes","floor":2,"turns":2},{"damage":0,"enemies":"Jaw Worm","floor":5,"turns":1},{"damage":0,"enemies":"Large Slime","floor":6,"turns":3},{"damage":0,"enemies":"Lagavulin","floor":7,"turns":3},{"damage":0,"enemies":"Gremlin Gang","floor":8,"turns":3},{"damage":0,"enemies":"3 Louse","floor":13,"turns":2},{"damage":0,"enemies":"Blue Slaver","floor":14,"turns":1},{"damage":72,"enemies":"Hexaghost","floor":16,"turns":4},{"damage":0,"enemies":"Shell Parasite","floor":18,"turns":2},{"damage":0,"enemies":"Spheric Guardian","floor":19,"turns":2},{"damage":0,"enemies":"Centurion and Healer","floor":22,"turns":2},{"damage":0,"enemies":"Snecko","floor":24,"turns":1},{"damage":0,"enemies":"Slavers","floor":25,"turns":4},{"damage":0,"enemies":"Sentry and Sphere","floor":27,"turns":2},{"damage":18,"enemies":"Book of Stabbing","floor":29,"turns":3},{"damage":0,"enemies":"Shelled Parasite and Fungi","floor":30,"turns":1},{"damage":0,"enemies":"Snake Plant","floor":31,"turns":1},{"damage":12,"enemies":"Pondfish","floor":33,"turns":5},{"damage":0,"enemies":"3 Darklings","floor":35,"turns":2},{"damage":0,"enemies":"Nemesis","floor":40,"turns":3},{"damage":0,"enemies":"3 Shapes","floor":41,"turns":1},{"damage":0,"enemies":"Maw","floor":42,"turns":2},{"damage":0,"enemies":"3 Darklings","floor":44,"turns":2},{"damage":0,"enemies":"Transient","floor":47,"turns":3},{"damage":0,"enemies":"Reptomancer","floor":48,"turns":2},{"damage":0,"enemies":"Replay:Hell Engine","floor":50,"turns":3},{"damage":0,"enemies":"Shield and Spear","floor":54,"turns":3},{"damage":0,"enemies":"The Heart","floor":55,"turns":4}],"seed_played":"-7353316488543655938","potions_obtained":[{"floor":5,"key":"SCP261:GirlTearsPotion"},{"floor":13,"key":"SkillPotion"},{"floor":16,"key":"ColorlessPotion"}],"is_trial":false,"path_per_floor":["M","M","$","?","M","M","E","M","T","?","R","?","M","M","R","B",null,"M","M","?","?","M","R","M","E","T","M","?","E","M","M","R","B",null,"M","$","?","?","?","E","M","M","T","M","R","?","M","E","R","B",null,"R","$","E","B",null],"character_chosen":"DEFECT","items_purchased":["hubris:PowerSurge","aspiration:EnhancedActuators","Dota2Spire:Mjollnir","halation:Jellyphish","Ice Cream","halation:PeacePiece"],"campfire_rested":0,"item_purchase_floors":[3,36,36,36,53,53],"current_hp_per_floor":[68,71,71,71,76,83,91,103,103,103,103,103,118,134,134,79,161,179,198,174,135,160,160,187,212,212,241,241,251,281,312,312,343,399,441,441,441,441,421,466,512,564,564,617,617,617,676,736,736,799,802,802,802,864,927],"gold":108,"neow_bonus":"NOSTALGIA","is_daily":false,"chose_seed":false,"campfire_upgraded":6,"win_rate":0.0,"timestamp":1610211210,"path_taken":["M","M","$","?","M","M","E","M","T","?","R","?","M","M","R","BOSS","M","M","?","?","M","R","M","E","T","M","?","E","M","?","R","BOSS","M","$","?","?","?","E","M","?","T","M","R","?","M","E","R","BOSS","R","$","E","BOSS"],"items_purchased_type":["Card","Relic","Relic","Relic","Relic","Relic"],"build_version":"2020-12-22","purchased_purges":0,"victory":true,"max_hp_per_floor":[77,81,81,81,86,93,101,113,113,113,113,113,128,144,144,161,161,179,198,174,179,200,200,222,247,247,274,274,302,332,363,363,399,399,441,441,441,441,441,484,530,577,577,630,630,630,684,742,742,802,802,802,802,864,927],"card_choices":[{"not_picked":["Panic Button","Coolheaded"],"picked":"Ball Lightning","floor":1},{"not_picked":["MostiFishMod:ReprogramOld","Hologram","Leap","Rebound"],"picked":"Redo","floor":2},{"not_picked":["BootSequence","StuffTheSpire:LoadUp","Panic Button","Ball Lightning"],"picked":"Genetic Algorithm","floor":5},{"not_picked":["Rebound","Darkness","Streamline","Leap","Ball Lightning"],"picked":"SKIP","floor":6},{"not_picked":["jedi:spotbugs","Rip and Tear","Fission","Leap"],"picked":"MostiFishMod:PushDownKick","floor":7},{"not_picked":["Doom and Gloom","StuffTheSpire:Plugnplay","Conserve Battery","Darkness"],"picked":"FIFO Queue","floor":8},{"not_picked":["Compile Driver","Streamline","Scrape","Chaos","Gash"],"picked":"SKIP","floor":13},{"not_picked":["Stack","MostiFishMod:Impulse","MostiFishMod:PushDownKick","Streamline","jedi:spotbugs"],"picked":"SKIP","floor":14},{"not_picked":["Cold Snap+1","Rebound","Rip and Tear","Leap"],"picked":"jedi:BurstLightning","floor":18},{"not_picked":["jedi:blockon+1","Leap","Streamline","Barrage","Compile Driver"],"picked":"SKIP","floor":19},{"not_picked":["ReplayGash+1","Turbo","Blizzard","Streamline+1"],"picked":"FIFO Queue","floor":22},{"not_picked":["BasicCrystalCard","ReplayTheSpireMod:GoodbyeWorld","jedi:BurstLightning+1","Undo+1","Crystallizer"],"picked":"SKIP","floor":24},{"not_picked":["BasicCrystalCard","Rebound","Hyperbeam","Barrage"],"picked":"BootSequence","floor":25},{"not_picked":["Turbo+1","Panic Button","Barrage","Steam","Darkness"],"picked":"SKIP","floor":27},{"not_picked":["MostiFishMod:PushDownKick+1","jedi:bruteforce","jedi:blockon+1","Time Bomb+1"],"picked":"MostiFishMod:GatherIntelligence","floor":29},{"not_picked":["jedi:BurstFrost","Panic Button","Gash+1","Coolheaded+1"],"picked":"MostiFishMod:IntelligentEquipment","floor":30},{"not_picked":["Barrage","Leap","Conserve Battery","jedi:BurstFrost+1"],"picked":"StuffTheSpire:ShieldGenerator","floor":31},{"not_picked":["Panic Button","MostiFishMod:GatherIntelligence+1","Coolheaded","Hologram+1","Ball Lightning"],"picked":"SKIP","floor":35},{"not_picked":["Panic Button","MostiFishMod:GatherIntelligence+1","Coolheaded","Ball Lightning"],"picked":"Hologram+1","floor":35},{"not_picked":["Coolheaded","Genetic Algorithm+1","Sweeping Beam","Undo"],"picked":"StuffTheSpire:Plugnplay","floor":40},{"not_picked":["jedi:sharpshooter","Leap","MostiFishMod:IntelligentEquipment","ReplayGash+1","Compile Driver+1"],"picked":"SKIP","floor":41},{"not_picked":["StuffTheSpire:LoadUp","StuffTheSpire:GlassShard","Hologram+1","Coolheaded","Ball Lightning"],"picked":"SKIP","floor":42},{"not_picked":["Turbo","conspire:Rain","jedi:blockon+1","StuffTheSpire:CleanHardDrive","Hologram+1"],"picked":"SKIP","floor":44},{"not_picked":["MostiFishMod:PushDownKick+1","Coolheaded","MostiFishMod:ReprogramOld","Steam+1","Go for the Eyes+1"],"picked":"SKIP","floor":47},{"not_picked":["MostiFishMod:Nova","jedi:reiji+1","Steam Power+1","Leap+1","jedi:spotbugs+1"],"picked":"SKIP","floor":48},{"not_picked":["Capacitor+1","MostiFishMod:Tomorrow","jedi:BurstFrost+1","Beam Cell","BasicCrystalCard"],"picked":"SKIP","floor":54}],"player_experience":689363,"relics_obtained":[{"floor":1,"key":"SynthV:TestCard"},{"floor":7,"key":"Anchor"},{"floor":25,"key":"Blue Doll"},{"floor":26,"key":"halation:KoshaPiece"},{"floor":29,"key":"Replay:Antivirus Software"},{"floor":38,"key":"ReplayTheSpireMod:Ring of Challenge"},{"floor":38,"key":"Ring of Chaos"},{"floor":39,"key":"StuffTheSpire:GreaterSneckoEye"},{"floor":40,"key":"StuffTheSpire:Tea"},{"floor":43,"key":"conspire:DecoderRing"},{"floor":48,"key":"halation:LettersToHer"},{"floor":54,"key":"Bottled Lightning"}],"event_choices":[{"cards_removed":["Strike_B"],"damage_healed":0,"gold_gain":0,"player_choice":"Forget","damage_taken":0,"max_hp_gain":0,"max_hp_loss":0,"event_name":"Living Wall","floor":4,"gold_loss":0},{"damage_healed":0,"gold_gain":175,"player_choice":"AGREE","damage_taken":0,"max_hp_gain":0,"max_hp_loss":0,"event_name":"Liars Game","floor":10,"gold_loss":0,"cards_obtained":["Doubt"]},{"damage_healed":0,"gold_gain":0,"player_choice":"Became a vampire","damage_taken":0,"max_hp_gain":0,"max_hp_loss":24,"event_name":"Vampires","floor":20,"gold_loss":0,"cards_obtained":["Bite","Bite"]},{"damage_healed":0,"gold_gain":0,"player_choice":"Shed Blood","damage_taken":44,"max_hp_gain":5,"max_hp_loss":0,"event_name":"Forgotten Altar","floor":21,"gold_loss":0},{"damage_healed":0,"gold_gain":0,"player_choice":"Bought 0 Potions","damage_taken":0,"max_hp_gain":0,"max_hp_loss":0,"event_name":"The Woman in Blue","floor":28,"gold_loss":0},{"damage_healed":0,"gold_gain":0,"player_choice":"Memory 1","damage_taken":0,"max_hp_gain":0,"max_hp_loss":0,"event_name":"SensoryStone","floor":46,"gold_loss":0}],"is_beta":false,"boss_relics":[{"not_picked":["Hololive_TopUpMoneyS","halation:SmartPhone","Busted Crown"]},{"not_picked":["Inserter","OneHitWonderSystem"],"picked":"Fiend:Scarf"}],"items_purged_floors":[],"is_endless":false,"potions_floor_spawned":[5,6,13,16,19,22,25,29,31,35,41,44,48,54],"ascension_level":0}}