{"host":"51mqhfpmwwd4kxyt","time":1610160198,"event":{"mods":["BaseMod","Downfall","Googly Eyes","Highlight Path","Minty Spire (QoL Compilation)","READ ME - Guardian Mod","StSLib","The Cursed","The Servant 0.9.4"],"gold_per_floor":[111,111,122,122,11,11,111,129,129,154,229,229,243,270,270,270,270],"floor_reached":16,"playtime":605,"items_purged":["Regret"],"score":127,"play_id":"6a7dcfa3-5344-4c27-8970-b6fad60f5a4a","local_time":"20210108214318","is_ascension_mode":true,"campfire_choices":[{"floor":6,"key":"REST"},{"data":"Footwork","floor":15,"key":"SMITH"}],"circlet_count":0,"master_deck":["Strike_G","Strike_G","Strike_G","Strike_G","Strike_G","Defend_G","Defend_G","Defend_G","Defend_G","Defend_G","Survivor","Neutralize","expansioncontent:DashGenerateEvil","Backflip","Outmaneuver","Escape Plan","Footwork+1","Blur","Tactician"],"relics":["Ring of the Snake","Centennial Puzzle","Question Card","Blue Candle","Odd Mushroom","Meat on the Bone","White Beast Statue"],"acts_visited":["Exordium"],"potions_floor_usage":[16],"damage_taken":[{"damage":0,"enemies":"Jaw Worm","floor":1,"turns":2},{"damage":0,"enemies":"2 Louse","floor":3,"turns":2},{"damage":1,"enemies":"Small Slimes","floor":8,"turns":3},{"damage":7,"enemies":"The Mushroom Lair","floor":10,"turns":7},{"damage":0,"enemies":"2 Fungi Beasts","floor":13,"turns":6},{"damage":12,"enemies":"3 Sentries","floor":14,"turns":12},{"damage":52,"enemies":"Slime Boss","floor":16,"turns":14}],"seed_played":"4543256341164256435","potions_obtained":[{"floor":3,"key":"Block Potion"}],"is_trial":false,"path_per_floor":["M","?","M","?","$","R","?","M","T","?","?","T","M","E","R","B"],"character_chosen":"THE_SILENT","items_purchased":["Escape Plan"],"campfire_rested":1,"item_purchase_floors":[5],"current_hp_per_floor":[45,45,45,33,33,54,54,53,53,46,35,35,47,47,47,0,0],"gold":270,"neow_bonus":"RANDOM_COLORLESS_2","is_daily":false,"chose_seed":false,"campfire_upgraded":1,"win_rate":0.0,"timestamp":1610160198,"path_taken":["M","?","M","?","?","R","?","?","T","?","?","?","M","E","R","BOSS"],"items_purchased_type":["Card"],"build_version":"2020-12-22","purchased_purges":1,"victory":false,"max_hp_per_floor":[70,70,70,70,70,70,70,70,70,70,70,70,70,70,70,70,70],"card_choices":[{"not_picked":["The Bomb","HandOfGreed"],"picked":"expansioncontent:DashGenerateEvil","floor":0},{"not_picked":["Underhanded Strike","Flechettes"],"picked":"Backflip","floor":1},{"not_picked":["PiercingWail","Underhanded Strike"],"picked":"Outmaneuver","floor":3},{"not_picked":["Blur","Backflip","Distraction"],"picked":"Footwork","floor":8},{"not_picked":["Dodge and Roll","Catalyst","Prepared"],"picked":"Blur","floor":13},{"not_picked":["Leg Sweep","Setup","Dagger Spray"],"picked":"Tactician","floor":14}],"player_experience":361595,"relics_obtained":[{"floor":9,"key":"Blue Candle"},{"floor":10,"key":"Odd Mushroom"},{"floor":12,"key":"Meat on the Bone"},{"floor":14,"key":"White Beast Statue"}],"event_choices":[{"damage_healed":0,"gold_gain":0,"player_choice":"Box","damage_taken":0,"relics_obtained":["Centennial Puzzle"],"max_hp_gain":0,"max_hp_loss":0,"event_name":"Big Fish","floor":2,"gold_loss":0,"cards_obtained":["Regret"]},{"damage_healed":0,"gold_gain":0,"player_choice":"Success","damage_taken":12,"relics_obtained":["Question Card"],"max_hp_gain":0,"max_hp_loss":0,"event_name":"Scrap Ooze","floor":4,"gold_loss":0},{"damage_healed":0,"gold_gain":100,"player_choice":"Pray","damage_taken":0,"max_hp_gain":0,"max_hp_loss":0,"event_name":"Golden Shrine","floor":7,"gold_loss":0},{"damage_healed":0,"gold_gain":0,"player_choice":"Fought Mushrooms","damage_taken":0,"max_hp_gain":0,"max_hp_loss":0,"event_name":"Mushrooms","floor":10,"gold_loss":0},{"damage_healed":0,"gold_gain":75,"player_choice":"Gather Gold","damage_taken":11,"max_hp_gain":0,"max_hp_loss":0,"event_name":"World of Goop","floor":11,"gold_loss":0}],"is_beta":false,"boss_relics":[],"items_purged_floors":[5],"is_endless":false,"potions_floor_spawned":[3],"killed_by":"Slime Boss","ascension_level":6}}