{"host":"ci7cmvrwpmzqnw7e","time":1610169677,"event":{"mods":["BaseMod","BetterRewards","Colored Map","Downfall","Highlight Path","Hubris","Minty Spire (QoL Compilation)","Rare Cards Sparkle","Replay The Spire","Shop Mod","StSLib","The Disciple"],"gold_per_floor":[99,99,99,99,4,15,15,64,64,77,77,77,197,35,48,48,48,48],"floor_reached":16,"playtime":527,"items_purged":[],"score":88,"play_id":"fd6d2919-1ab6-4cb2-a287-8ec5d286fafe","local_time":"20210108222117","is_ascension_mode":false,"campfire_choices":[{"data":"hexamod:Sear","floor":1,"key":"SMITH"},{"data":"hexamod:RainOfEmbers","floor":9,"key":"SMITH"},{"floor":12,"key":"REST"}],"circlet_count":0,"master_deck":["hexamod:Strike","hexamod:Strike","hexamod:Strike","hexamod:Strike","hexamod:Defend","hexamod:Defend","hexamod:Defend","hexamod:Defend","hexamod:Sear+1","hexamod:Float","hexamod:HeatShield","hexamod:Firestarter","hexamod:BurningTouch","hexamod:RainOfEmbers+1","hexamod:EmpoweredFlame","hexamod:HeatCrush","hexamod:SoulSteal","hexamod:BurningTouch"],"relics":["hexamod:SpiritBrand","downfall:HeartsMalice","Centennial Puzzle","Matryoshka","hubris:Icosahedron","HandDrill"],"acts_visited":["Exordium"],"potions_floor_usage":[16,16],"damage_taken":[{"damage":0,"enemies":"Jaw Worm","floor":2,"turns":1},{"damage":0,"enemies":"2 Louse","floor":3,"turns":1},{"damage":0,"enemies":"Small Slimes","floor":4,"turns":1},{"damage":0,"enemies":"downfall:FleeingMerchant","floor":5,"turns":4},{"damage":22,"enemies":"Exordium Wildlife","floor":6,"turns":6},{"damage":9,"enemies":"Blue Slaver","floor":10,"turns":4},{"damage":8,"enemies":"3 Louse","floor":13,"turns":3},{"damage":0,"enemies":"downfall:FleeingMerchant","floor":14,"turns":4},{"damage":11,"enemies":"Large Slime","floor":15,"turns":3},{"damage":24,"enemies":"downfall:Defect","floor":16,"turns":4}],"seed_played":"-2783899529824421658","potions_obtained":[{"floor":6,"key":"Weak Potion"},{"floor":10,"key":"SneckoOil"},{"floor":15,"key":"Swift Potion"}],"is_trial":false,"path_per_floor":["R","M","M","M","$","M","T","?","R","M","?","R","M","$","M","B"],"character_chosen":"THE_SPIRIT","items_purchased":["hexamod:EmpoweredFlame","HandDrill"],"campfire_rested":1,"item_purchase_floors":[5,14],"current_hp_per_floor":[70,70,70,70,70,48,48,31,31,22,22,43,35,35,24,0,0,0],"gold":48,"neow_bonus":"THREE_ENEMY_KILL","is_daily":false,"chose_seed":false,"campfire_upgraded":2,"win_rate":0.0,"timestamp":1610169677,"path_taken":["R","M","M","M","$","M","T","?","R","M","?","R","M","?","M","BOSS"],"items_purchased_type":["Card","Relic"],"build_version":"2020-12-22","purchased_purges":0,"victory":false,"max_hp_per_floor":[70,70,70,70,70,70,70,70,70,70,70,70,70,70,70,70,70,70],"card_choices":[{"not_picked":["hexamod:SpectersWail","hexamod:InspiringFlames"],"picked":"hexamod:HeatShield","floor":2},{"not_picked":["hexamod:GhostLash","hexamod:InspiringFlames"],"picked":"hexamod:Firestarter","floor":3},{"not_picked":["hexamod:SwordOfDarkness","hexamod:GhostLash"],"picked":"hexamod:BurningTouch","floor":4},{"not_picked":["hexamod:NightmareStrike","hexamod:InspiringFlames"],"picked":"hexamod:RainOfEmbers","floor":5},{"not_picked":["hexamod:FourthSeal","hexamod:GhostLash","hexamod:Again"],"picked":"SKIP","floor":6},{"not_picked":["hexamod:ShieldOfDarkness","hexamod:SwordOfDarkness"],"picked":"hexamod:HeatCrush","floor":8},{"not_picked":["hexamod:GhostOfSpireFuture","hexamod:HeatShield","hexamod:SkipABeat"],"picked":"SKIP","floor":10},{"not_picked":["hexamod:CrushingStance","hexamod:NightmareStrike"],"picked":"hexamod:SoulSteal","floor":13},{"not_picked":["hexamod:GhostLash","hexamod:SpectersWail","hexamod:ThirdSeal"],"picked":"SKIP","floor":14},{"not_picked":["hexamod:FastForward","hexamod:RainOfEmbers"],"picked":"hexamod:BurningTouch","floor":15}],"player_experience":29062,"relics_obtained":[{"floor":7,"key":"Centennial Puzzle"},{"floor":8,"key":"Matryoshka"}],"event_choices":[],"is_beta":false,"boss_relics":[],"items_purged_floors":[],"is_endless":false,"potions_floor_spawned":[6,10,15],"killed_by":"downfall:Defect","ascension_level":0}}