{"host":"2nhpogk5xa0u9xre","time":1610186646,"event":{"mods":["Aspiration","BaseMod","Colored Powertips","Googly Eyes","Hubris","Infinite Spire","Minty Spire (QoL Compilation)","Rare Cards Sparkle","Replay The Spire","StSLib","The Construct","The Hayseed","The Hierophant","The Runesmith","The Senshi","everything is the same but u backflip on backflip"],"gold_per_floor":[109,122,122,122,140,140,155,155,155,155,171,262,274,274,274,379,379,365,280,300,135,153,153,153,179,202,202,237,252,252,263,263,360,360,377,137,137,155,171,196,196,213,213,213,213,213,213,231,231,231],"floor_reached":51,"playtime":1847,"items_purged":["Strike_B"],"score":687,"play_id":"64c81404-31f0-49c2-9ff8-6be68f0c9b1f","local_time":"20210109050406","is_ascension_mode":false,"campfire_choices":[{"floor":6,"key":"REST"},{"data":"Storm","floor":8,"key":"SMITH"},{"floor":10,"key":"REST"},{"data":"White Noise","floor":15,"key":"SMITH"},{"data":"Mayhem","floor":23,"key":"SMITH"},{"data":"Double Energy","floor":27,"key":"SMITH"},{"data":"White Noise","floor":30,"key":"SMITH"},{"data":"Electrodynamics","floor":32,"key":"SMITH"},{"data":"Echo Form","floor":41,"key":"SMITH"},{"data":"White Noise","floor":44,"key":"SMITH"},{"data":"Madness","floor":49,"key":"SMITH"}],"circlet_count":0,"master_deck":["Strike_B","Strike_B","Defend_B","Defend_B","Defend_B","Defend_B","Zap","Dualcast","Cold Snap","Ball Lightning","infinitespire:Fortify","Stack","Storm+1","Fusion","ReplayTheSpireMod:Splinters","Beam Cell","Electrodynamics+1","White Noise+1","White Noise+1","Seek","Double Energy+1","Redo+1","Mayhem+1","Conserve Battery","Lockon+1","BasicCrystalCard+1","Echo Form+1","Panache","White Noise+1","White Noise+1","Loop","Crystallizer+1","ReplayTheSpireMod:Brewmster","Madness+1","Madness","Heatsinks"],"relics":["Cracked Core","Durian","Sundial","Runic Pyramid","aspiration:HummingbirdHeart","hubris:BottledHeart","hubris:ToyBattleship","PreservedInsect","infinitespire:Freezer","aspiration:MobileForge","Replay:WaspNest","Runesmith:Nanobots"],"acts_visited":["Exordium","TheCity","TheBeyond"],"potions_floor_usage":[16,16,18,29,33,33,39,40,50,50,50],"damage_taken":[{"damage":7,"enemies":"2 Louse","floor":1,"turns":3},{"damage":4,"enemies":"Jaw Worm","floor":2,"turns":3},{"damage":0,"enemies":"Small Slimes","floor":5,"turns":3},{"damage":2,"enemies":"Exordium Wildlife","floor":7,"turns":6},{"damage":2,"enemies":"2 Fungi Beasts","floor":11,"turns":3},{"damage":11,"enemies":"Blue Slaver","floor":13,"turns":3},{"damage":42,"enemies":"The Guardian","floor":16,"turns":10},{"damage":21,"enemies":"2 Thieves","floor":18,"turns":4},{"damage":0,"enemies":"Spheric Guardian","floor":20,"turns":4},{"damage":12,"enemies":"Snake Plant","floor":22,"turns":5},{"damage":0,"enemies":"Book of Stabbing","floor":28,"turns":3},{"damage":0,"enemies":"Centurion and Healer","floor":29,"turns":4},{"damage":0,"enemies":"Sentry and Sphere","floor":31,"turns":3},{"damage":0,"enemies":"Champ","floor":33,"turns":10},{"damage":0,"enemies":"Orb Walker","floor":35,"turns":3},{"damage":0,"enemies":"3 Darklings","floor":38,"turns":4},{"damage":0,"enemies":"4 Shapes","floor":39,"turns":4},{"damage":0,"enemies":"Nemesis","floor":40,"turns":3},{"damage":0,"enemies":"Sphere and 2 Shapes","floor":42,"turns":4},{"damage":0,"enemies":"Spire Growth","floor":48,"turns":2},{"damage":0,"enemies":"Replay:Hell Engine","floor":50,"turns":13}],"seed_played":"-539219312791370089","potions_obtained":[{"floor":2,"key":"Strength Potion"},{"floor":13,"key":"Venom Potion"},{"floor":16,"key":"AttackPotion"},{"floor":18,"key":"Explosive Potion"},{"floor":29,"key":"EssenceOfSteel"},{"floor":31,"key":"FocusPotion"},{"floor":33,"key":"Adrenaline Potion"},{"floor":39,"key":"AttackPotion"},{"floor":48,"key":"Energy Potion"}],"is_trial":false,"path_per_floor":["M","M","?","?","M","R","M","R","T","R","M","?","M","?","R","B",null,"M","?","M","$","M","R","?","T","T","R","E","M","R","M","R","B",null,"M","$","?","M","M","E","R","M","T","R","?","?","?","M","R","B",null],"character_chosen":"DEFECT","items_purchased":["Mayhem","Panache"],"campfire_rested":2,"item_purchase_floors":[21,36],"current_hp_per_floor":[52,48,41,21,21,45,43,43,43,67,65,65,54,62,62,20,80,59,59,59,59,47,47,1,1,1,1,1,1,1,1,1,1,1,1,1,1,1,1,1,1,1,1,1,1,1,1,1,1,1],"gold":231,"neow_bonus":"ONE_RARE_RELIC","is_daily":false,"chose_seed":false,"campfire_upgraded":9,"win_rate":0.0,"timestamp":1610186646,"path_taken":["M","M","?","?","M","R","M","R","T","R","M","?","M","?","R","BOSS","M","?","M","$","M","R","?","?","T","R","E","M","R","M","R","BOSS","M","$","?","M","M","E","R","M","T","R","?","?","?","M","R","BOSS"],"items_purchased_type":["Card","Card"],"build_version":"2020-12-22","purchased_purges":1,"victory":true,"max_hp_per_floor":[80,80,80,80,80,80,80,80,80,80,80,80,80,80,80,80,80,80,80,80,80,80,80,1,1,1,1,1,1,1,1,1,1,1,1,1,1,1,1,1,1,1,1,1,1,1,1,1,1,1],"card_choices":[{"not_picked":["Rebound","Go for the Eyes"],"picked":"Cold Snap","floor":1},{"not_picked":["Sweeping Beam","Leap"],"picked":"Ball Lightning","floor":2},{"not_picked":["infinitespire:UltimateForm","hubris:Rewind"],"picked":"infinitespire:Fortify","floor":4},{"not_picked":["Leap","Gash"],"picked":"Stack","floor":5},{"not_picked":["Rip and Tear","Ball Lightning"],"picked":"Storm","floor":7},{"not_picked":["Hologram","Streamline"],"picked":"Fusion","floor":11},{"not_picked":["Turbo","ReplaySort"],"picked":"Beam Cell","floor":12},{"not_picked":["Darkness","ReplaySolidLightProjector"],"picked":"Electrodynamics","floor":12},{"not_picked":["Turbo","Rip and Tear"],"picked":"White Noise","floor":12},{"not_picked":["Coolheaded","Stack"],"picked":"White Noise","floor":13},{"not_picked":["Meteor Strike","Rainbow"],"picked":"Seek","floor":16},{"not_picked":["Streamline+1","Steam"],"picked":"Double Energy","floor":18},{"not_picked":["hubris:PowerSurge+1","Rebound"],"picked":"Redo+1","floor":20},{"not_picked":["Rebound","Steam"],"picked":"Conserve Battery","floor":22},{"not_picked":["ReplayTheSpireMod:System Scan","ReplaySort","Consume"],"picked":"SKIP","floor":28},{"not_picked":["Cold Snap","Ball Lightning+1"],"picked":"Lockon+1","floor":29},{"not_picked":["Barrage","Rebound"],"picked":"BasicCrystalCard+1","floor":31},{"not_picked":["hubris:DoWhile","Electrodynamics"],"picked":"Echo Form","floor":33},{"not_picked":["ReplaySort+1","BootSequence","Gash"],"picked":"SKIP","floor":35},{"not_picked":["Leap+1","Rip and Tear+1"],"picked":"White Noise","floor":38},{"not_picked":["Static Discharge+1","Cold Snap+1"],"picked":"White Noise+1","floor":39},{"not_picked":["BasicCrystalCard","Core Surge"],"picked":"Loop","floor":40},{"not_picked":["Coolheaded+1","Turbo+1"],"picked":"Crystallizer+1","floor":42},{"not_picked":["Blind","Secret Weapon"],"picked":"ReplayTheSpireMod:Brewmster","floor":45},{"not_picked":["Coolheaded+1","Leap"],"picked":"Heatsinks","floor":48}],"player_experience":226936,"relics_obtained":[{"floor":9,"key":"Sundial"},{"floor":25,"key":"hubris:ToyBattleship"},{"floor":26,"key":"PreservedInsect"},{"floor":28,"key":"infinitespire:Freezer"},{"floor":40,"key":"Replay:WaspNest"},{"floor":43,"key":"Runesmith:Nanobots"}],"event_choices":[{"cards_removed":["Strike_B"],"damage_healed":0,"gold_gain":0,"player_choice":"Card Removal","damage_taken":7,"max_hp_gain":0,"max_hp_loss":0,"event_name":"Golden Wing","floor":3,"gold_loss":0},{"damage_healed":0,"gold_gain":0,"player_choice":"Obtained Relic","damage_taken":0,"relics_obtained":["aspiration:HummingbirdHeart"],"max_hp_gain":0,"max_hp_loss":0,"event_name":"Addict","floor":19,"gold_loss":85},{"damage_healed":0,"gold_gain":0,"player_choice":"Memory 1","damage_taken":0,"max_hp_gain":0,"max_hp_loss":0,"event_name":"SensoryStone","floor":45,"gold_loss":0},{"damage_healed":0,"gold_gain":0,"player_choice":"Embrace Madness","damage_taken":0,"max_hp_gain":0,"max_hp_loss":0,"event_name":"Winding Halls","floor":47,"gold_loss":0,"cards_obtained":["Madness","Madness"]}],"is_beta":false,"boss_relics":[{"not_picked":["Runic Dome","Velvet Choker"],"picked":"Runic Pyramid"},{"not_picked":["Runesmith:UraniumAnvil","Cursed Key"],"picked":"aspiration:MobileForge"}],"items_purged_floors":[36],"is_endless":false,"potions_floor_spawned":[2,13,16,18,29,31,33,39,48],"ascension_level":0}}