{"host":"f49a0fglrdtttfz6","time":1610156888,"event":{"mods":["BaseMod","Downfall","Lobotomy","Minty Spire (QoL Compilation)","StSLib"],"gold_per_floor":[118,136,101,113,188,188,188],"floor_reached":6,"playtime":210,"items_purged":[],"score":36,"play_id":"c01f7f59-a0f4-4618-b6dd-a467a5f5c6e4","local_time":"20210108194808","is_ascension_mode":false,"campfire_choices":[],"circlet_count":0,"master_deck":["Strike_R","Strike_R","Strike_R","Strike_R","Strike_R","Defend_R","Defend_R","Defend_R","Defend_R","Bash","Perfected Strike","Scorched","Flex","MeatLantern","Clothesline","ShyLook"],"relics":["Burning Blood","CogitoBucket"],"acts_visited":["Exordium"],"potions_floor_usage":[],"damage_taken":[{"damage":10,"enemies":"Small Slimes","floor":1,"turns":4},{"damage":6,"enemies":"Jaw Worm","floor":2,"turns":3},{"damage":25,"enemies":"2 Louse","floor":4,"turns":3},{"damage":50,"enemies":"Gremlin Nob","floor":6,"turns":1}],"seed_played":"-6731728861421893126","potions_obtained":[{"floor":4,"key":"SkillPotion"}],"is_trial":false,"path_per_floor":["M","M","?","M","?","E"],"character_chosen":"IRONCLAD","items_purchased":[],"campfire_rested":0,"item_purchase_floors":[],"current_hp_per_floor":[76,76,80,61,50,0,0],"gold":188,"neow_bonus":"","is_daily":false,"chose_seed":false,"campfire_upgraded":0,"win_rate":0.0,"timestamp":1610156888,"path_taken":["M","M","?","M","?","E"],"items_purchased_type":[],"build_version":"2020-12-22","purchased_purges":0,"victory":false,"max_hp_per_floor":[80,80,80,80,80,80,80],"card_choices":[{"not_picked":["Combust","Bloodletting"],"picked":"Perfected Strike","floor":1},{"not_picked":["OldLady","Murderer"],"picked":"Scorched","floor":1},{"not_picked":["Dual Wield","Warcry"],"picked":"Flex","floor":2},{"not_picked":["CherryBlossoms","SpiderBud"],"picked":"MeatLantern","floor":2},{"not_picked":["Second Wind","Fiend Fire"],"picked":"Clothesline","floor":4},{"not_picked":["CherryBlossoms","Wellcheers"],"picked":"ShyLook","floor":4}],"player_experience":63002,"relics_obtained":[],"event_choices":[{"damage_healed":20,"gold_gain":0,"player_choice":"Healed","damage_taken":0,"max_hp_gain":0,"max_hp_loss":0,"event_name":"The Cleric","floor":3,"gold_loss":35},{"damage_healed":0,"gold_gain":75,"player_choice":"Gather Gold","damage_taken":11,"max_hp_gain":0,"max_hp_loss":0,"event_name":"World of Goop","floor":5,"gold_loss":0}],"is_beta":false,"boss_relics":[],"items_purged_floors":[],"is_endless":false,"potions_floor_spawned":[4],"killed_by":"Gremlin Nob","ascension_level":0}}