{"host":"6hzrz31j95f2y1pa","time":1610227401,"event":{"mods":["BaseMod","Colored Map","Downfall","Minty Spire (QoL Compilation)","StSLib"],"gold_per_floor":[99,117,129,147,159,194,194,194,205,205,234,234,253,63,80,152,152,152,152,56,56,41,41,41,41,26,26,26,26,26,26,26,26,26,26],"floor_reached":33,"playtime":1685,"items_purged":["hexamod:Defend"],"score":502,"play_id":"41021b38-3525-45b7-8605-da534f1948ce","local_time":"20210109162321","is_ascension_mode":true,"campfire_choices":[{"data":"hexamod:Sear","floor":1.0,"key":"SMITH"},{"data":"hexamod:Float","floor":8.0,"key":"SMITH"},{"floor":12.0,"key":"REST"},{"data":"hexamod:Rewind","floor":18,"key":"SMITH"},{"floor":23,"key":"RECALL"},{"floor":27,"key":"REST"},{"floor":30,"key":"REST"}],"circlet_count":0,"master_deck":["AscendersBane","hexamod:Strike","hexamod:Strike","hexamod:Strike","hexamod:Defend","hexamod:Defend","hexamod:Defend","hexamod:Sear+1","hexamod:Float+1","hexamod:HauntingEcho","hexamod:HauntingEcho","hexamod:CrushingStance","hexamod:RadiantFlame","expansioncontent:DefensiveStance","hexamod:Rewind+1","hexamod:WildfireWeapon","hexamod:AdvancingGuard","hexamod:WildfireWeapon","hexamod:HeatMetal","hexamod:InspiringFlames","Shame","hexamod:Sear","Injury","hexamod:NecessarySacrifice+1","hexamod:GhostOfSpireFuture","hexamod:ChargedBarrage","hexamod:FastForward"],"relics":["hexamod:SpiritBrand","Blue Candle","Pear","Bag of Marbles","downfall:Hecktoplasm","downfall:GremlinSack","downfall:HeartBlessingRed","downfall:HeartBlessingBlue","CeramicFish"],"acts_visited":["Exordium","TheCity"],"potions_floor_usage":[16,16,21,29,33],"damage_taken":[{"damage":0.0,"enemies":"Cultist","floor":2.0,"turns":3.0},{"damage":1.0,"enemies":"Jaw Worm","floor":3.0,"turns":3.0},{"damage":0.0,"enemies":"2 Louse","floor":4.0,"turns":4.0},{"damage":4.0,"enemies":"Gremlin Gang","floor":5.0,"turns":4.0},{"damage":19.0,"enemies":"Lagavulin","floor":6.0,"turns":7.0},{"damage":7.0,"enemies":"Large Slime","floor":9.0,"turns":3.0},{"damage":18.0,"enemies":"3 Sentries","floor":11.0,"turns":8.0},{"damage":0.0,"enemies":"Exordium Wildlife","floor":13.0,"turns":3.0},{"damage":0.0,"enemies":"downfall:FleeingMerchant","floor":14.0,"turns":4.0},{"damage":8,"enemies":"Blue Slaver","floor":15,"turns":3},{"damage":18,"enemies":"downfall:Silent","floor":16,"turns":8},{"damage":9,"enemies":"Chosen","floor":19,"turns":5},{"damage":4,"enemies":"downfall:FleeingMerchant","floor":20,"turns":4},{"damage":0,"enemies":"downfall:FleeingMerchant","floor":21,"turns":3},{"damage":6,"enemies":"downfall:FleeingMerchant","floor":22,"turns":4},{"damage":4,"enemies":"Spheric Guardian","floor":25,"turns":5},{"damage":14,"enemies":"downfall:FleeingMerchant","floor":26,"turns":4},{"damage":26,"enemies":"Centurion and Healer","floor":28,"turns":6},{"damage":15,"enemies":"Book of Stabbing","floor":29,"turns":7},{"damage":12,"enemies":"Snake Plant","floor":31,"turns":3},{"damage":3,"enemies":"3 Cultists","floor":32,"turns":5},{"damage":25,"enemies":"downfall:Defect","floor":33,"turns":6}],"seed_played":"8939152709711835756","potions_obtained":[{"floor":0.0,"key":"Swift Potion"},{"floor":0.0,"key":"Weak Potion"},{"floor":15,"key":"hexamod:DoubleChargePotion"},{"floor":25,"key":"hexamod:EctoCoolerPotion"},{"floor":28,"key":"SteroidPotion"},{"floor":31,"key":"FearPotion"},{"floor":32,"key":"ColorlessPotion"}],"is_trial":false,"path_per_floor":["R","M","M","M","M","E","T","R","M","?","E","R","M","$","M","B",null,"R","M","$","?","$","R","T","M","$","R","M","E","R","M","M","B"],"character_chosen":"THE_SPIRIT","items_purchased":["expansioncontent:DefensiveStance","DistilledChaos"],"campfire_rested":3,"item_purchase_floors":[14,20],"current_hp_per_floor":[57,57,56,56,52,33,43,43,36,36,18,39,39,39,31,13,58,58,49,45,45,39,39,39,35,21,55,29,14,38,26,23,0,0,0],"gold":26,"neow_bonus":"THREE_SMALL_POTIONS","is_daily":false,"chose_seed":false,"campfire_upgraded":3,"win_rate":0.0,"timestamp":1610227401,"path_taken":["R","M","M","M","?","E","T","R","?","?","E","R","M","?","M","BOSS","R","M","$","?","$","R","T","M","$","R","?","E","R","M","M","BOSS"],"items_purchased_type":["Card","Potion"],"build_version":"2020-12-22","purchased_purges":1,"victory":false,"max_hp_per_floor":[63,63,63,63,63,63,73,73,73,73,73,73,73,73,73,73,73,73,73,73,73,73,73,73,73,73,83,83,83,83,83,83,83,83,83],"card_choices":[{"not_picked":["hexamod:DynamicBlow","hexamod:SecondSeal"],"picked":"hexamod:HauntingEcho","floor":2.0},{"not_picked":["hexamod:Firestarter","hexamod:Hexaguard","hexamod:ShieldOfDarkness"],"picked":"SKIP","floor":3.0},{"not_picked":["hexamod:ShieldOfDarkness","hexamod:GhostLash"],"picked":"hexamod:HauntingEcho","floor":4.0},{"not_picked":["hexamod:BurningTouch","hexamod:NightmareStrike"],"picked":"hexamod:CrushingStance","floor":5.0},{"not_picked":["hexamod:EtherealExpedition","hexamod:GhostOfSpirePast","hexamod:RainOfEmbers"],"picked":"SKIP","floor":6.0},{"not_picked":["hexamod:SwordOfDarkness","hexamod:GhostOfSpirePast","hexamod:NightmareStrike"],"picked":"SKIP","floor":9.0},{"not_picked":["hexamod:PhantomFireball","hexamod:SuperheatedStrike","hexamod:Firestarter"],"picked":"SKIP","floor":11.0},{"not_picked":["hexamod:SuperheatedStrike","hexamod:BacktrackSmack","hexamod:GhostLash"],"picked":"SKIP","floor":13.0},{"not_picked":["hexamod:AdvancingGuard","hexamod:RainOfEmbers"],"picked":"hexamod:RadiantFlame","floor":14.0},{"not_picked":["hexamod:GhostOfSpirePresent","hexamod:NightmareGuise"],"picked":"hexamod:Rewind","floor":15},{"not_picked":["hexamod:Toasty","hexamod:GiftsFromTheDead"],"picked":"hexamod:WildfireWeapon","floor":16},{"not_picked":["hexamod:FourthSeal","hexamod:NightmareGuise"],"picked":"hexamod:AdvancingGuard","floor":19},{"not_picked":["hexamod:RainOfEmbers","hexamod:PhantomFireball","hexamod:AdvancingGuard"],"picked":"SKIP","floor":20},{"not_picked":["hexamod:BacktrackSmack","hexamod:ShieldOfDarkness"],"picked":"hexamod:NecessarySacrifice+1","floor":21},{"not_picked":["hexamod:BurningTouch","hexamod:HeatShield"],"picked":"hexamod:GhostOfSpireFuture","floor":22},{"not_picked":["hexamod:DynamicBlow+1","hexamod:Firestarter+1"],"picked":"hexamod:ChargedBarrage","floor":25},{"not_picked":["hexamod:NightmareGuise","hexamod:Haunt","hexamod:ShieldOfDarkness"],"picked":"SKIP","floor":26},{"not_picked":["hexamod:ParanormalForm","hexamod:GhostShield","hexamod:GhostLash"],"picked":"SKIP","floor":28},{"not_picked":["hexamod:NightmareGuise","hexamod:AdvancingGuard","hexamod:NightmareStrike"],"picked":"SKIP","floor":29},{"not_picked":["hexamod:GhostOfSpirePresent","hexamod:RadiantFlame+1"],"picked":"hexamod:FastForward","floor":31},{"not_picked":["hexamod:SpectersWail","hexamod:SecondSeal","hexamod:SwordOfDarkness"],"picked":"SKIP","floor":32}],"player_experience":1312890,"relics_obtained":[{"floor":6.0,"key":"Blue Candle"},{"floor":7.0,"key":"Pear"},{"floor":11.0,"key":"Bag of Marbles"},{"floor":21,"key":"downfall:GremlinSack"},{"floor":29,"key":"CeramicFish"}],"event_choices":[{"cards_removed":["hexamod:Strike"],"damage_healed":0.0,"max_hp_gain":0.0,"max_hp_loss":0.0,"gold_gain":0.0,"event_name":"Bonfire Elementals","player_choice":"Offered Basic","floor":10.0,"gold_loss":0.0,"damage_taken":0.0}],"is_beta":false,"boss_relics":[{"not_picked":["hexamod:IceCube","Velvet Choker"],"picked":"downfall:Hecktoplasm"}],"items_purged_floors":[14],"is_endless":false,"potions_floor_spawned":[2,5,6,9,15,25,28,31,32],"killed_by":"downfall:Defect","ascension_level":16}}