{"host":"6jrnojxwearbrjzo","time":1610220428,"event":{"mods":["Ascension Reborn","BaseMod","Colored Map","Conspire","Downfall","Marisa£®ÏF”Í°°ƒß¿Ì…≥£©","Minty Spire (QoL Compilation)","Quick Restart","Replay The Spire","Shop Mod","Spicy Shops","StSLib","SuperFastMode","TestMod","The Construct","The Cursed","The Servant 0.9.4","Yuyuko","vexMod"],"gold_per_floor":[119,119,130,145,145,145,175,175,175,29,39,39,57,73,73,172,172,188,208,219,319,335,365,44,70,117,167,167,167],"floor_reached":28,"playtime":1033,"items_purged":["Defend_G"],"score":260,"play_id":"eb3bf600-098b-4247-921e-cfa2ab07ffde","local_time":"20210110032708","is_ascension_mode":false,"campfire_choices":[{"data":"Reflex","floor":6,"key":"SMITH"},{"data":"Dagger Throw","floor":8,"key":"SMITH"},{"data":"Injury","floor":15,"key":"PURGE"}],"circlet_count":0,"master_deck":["Strike_G+1","Strike_G+1","Strike_G+1","Strike_G+1","Strike_G+1","Defend_G","Defend_G","Defend_G","Defend_G","Survivor","Neutralize","Dagger Throw+1","Reflex+1","Acrobatics","conspire:PoisonWeapons","Phantasmal Killer","Cloak And Dagger+1","Well Laid Plans+1","Dagger Spray+1","Calculated Gamble","Normality"],"relics":["Ring of the Snake","testmod-TestBox","testmod-NegativeEmotionEnhancer","vexMod:BarristanHead","Vampiric Spirits","WarpedTongs","Snack Pack","testmod-D®¶j®§vu","Bag of Marbles","Philosopher\u0027s Stone","Eternal Feather","PreservedInsect","Replay:Bottled Eggs","testmod-Antiphasic","Ring of Greed","ReplayTheSpireMod:Ring of Challenge","The Courier","Smiling Mask"],"acts_visited":["Exordium","TheCity"],"potions_floor_usage":[16,18,25,25,28],"damage_taken":[{"damage":6,"enemies":"conspire:RoseBush","floor":1,"turns":3},{"damage":0,"enemies":"2 Louse","floor":3,"turns":2},{"damage":10,"enemies":"Jaw Worm","floor":4,"turns":4},{"damage":20,"enemies":"Replay:BlueRogue","floor":7,"turns":8},{"damage":0,"enemies":"Looter","floor":11,"turns":1},{"damage":0,"enemies":"Red Slaver","floor":13,"turns":1},{"damage":2,"enemies":"Lots of Slimes","floor":14,"turns":5},{"damage":39,"enemies":"Slime Boss","floor":16,"turns":11},{"damage":12,"enemies":"conspire:FuzzyDice","floor":18,"turns":6},{"damage":23,"enemies":"Shell Parasite","floor":19,"turns":7},{"damage":3,"enemies":"Snecko","floor":20,"turns":4},{"damage":54,"enemies":"Sentry and Sphere","floor":22,"turns":6},{"damage":15,"enemies":"conspire:Head Lice","floor":23,"turns":7},{"damage":60,"enemies":"Replay:Snechameleon","floor":25,"turns":4},{"damage":22,"enemies":"Slavers","floor":28,"turns":1}],"seed_played":"-3393504887092775791","potions_obtained":[{"floor":14,"key":"champ:CounterPotion"},{"floor":16,"key":"Regen Potion"},{"floor":18,"key":"AttackPotion"}],"is_trial":false,"path_per_floor":["M","?","M","M","?","R","E","R","T","$","M","?","M","M","R_BF","B",null,"M","M","M","?","M","E","$","E","T","?","E"],"character_chosen":"THE_SILENT","items_purchased":["Bag of Marbles","PreservedInsect","champ:CounterPotion"],"campfire_rested":0,"item_purchase_floors":[10,24,24],"current_hp_per_floor":[66,54,59,55,55,55,40,40,40,40,55,55,70,77,77,48,78,79,62,78,78,36,53,53,6,6,6,0,0],"gold":167,"neow_bonus":"RANDOM_COMMON_RELIC","is_daily":false,"chose_seed":false,"campfire_upgraded":2,"win_rate":0.0,"timestamp":1610220428,"path_taken":["M","?","M","M","?","R","E","R","T","$","?","?","?","?","R_BF","BOSS","M","M","M","?","?","E","$","E","T","?","E"],"items_purchased_type":["Relic","Relic","Potion"],"build_version":"2020-12-22","purchased_purges":1,"victory":false,"max_hp_per_floor":[71,71,72,73,73,73,74,74,74,74,75,75,76,77,77,78,78,79,80,81,81,82,83,83,84,84,84,84,84],"card_choices":[{"not_picked":["Draining Mist","Slice"],"picked":"Dagger Throw","floor":1},{"not_picked":["Cloak And Dagger","Slice","Outmaneuver"],"picked":"SKIP","floor":3},{"not_picked":["Slice","Distraction"],"picked":"Reflex","floor":4},{"not_picked":["Quick Slash","Setup","Backflip"],"picked":"SKIP","floor":7},{"not_picked":["Well Laid Plans","Footwork"],"picked":"Acrobatics","floor":11},{"not_picked":["Bouncing Flask","Acrobatics","Cloak And Dagger"],"picked":"SKIP","floor":13},{"not_picked":["Slice","Bane"],"picked":"conspire:PoisonWeapons","floor":14},{"not_picked":["Die Die Die","After Image"],"picked":"Phantasmal Killer","floor":16},{"not_picked":["Bane+1","Flying Knee+1","Acrobatics"],"picked":"SKIP","floor":18},{"not_picked":["Acrobatics","Backstab"],"picked":"Cloak And Dagger+1","floor":19},{"not_picked":["Dodge and Roll","Reflex"],"picked":"Well Laid Plans+1","floor":20},{"not_picked":["Unload","Flying Knee"],"picked":"Dagger Spray+1","floor":22},{"not_picked":["Acrobatics","Blur"],"picked":"Calculated Gamble","floor":23},{"not_picked":["Outmaneuver","Deadly Poison","Poisoned Stab+1"],"picked":"SKIP","floor":25},{"not_picked":["Outmaneuver","Deadly Poison","Poisoned Stab+1"],"picked":"SKIP","floor":25}],"player_experience":47298,"relics_obtained":[{"floor":7,"key":"Snack Pack"},{"floor":9,"key":"testmod-D®¶j®§vu"},{"floor":23,"key":"Eternal Feather"},{"floor":25,"key":"Replay:Bottled Eggs"},{"floor":26,"key":"testmod-Antiphasic"},{"floor":27,"key":"Ring of Greed"},{"floor":27,"key":"ReplayTheSpireMod:Ring of Challenge"},{"floor":27,"key":"The Courier"},{"floor":27,"key":"Smiling Mask"}],"event_choices":[{"damage_healed":0,"gold_gain":0,"player_choice":"Success","damage_taken":12,"relics_obtained":["Vampiric Spirits"],"max_hp_gain":0,"max_hp_loss":0,"event_name":"Scrap Ooze","floor":2,"gold_loss":0},{"damage_healed":0,"gold_gain":0,"player_choice":"Rummage","damage_taken":0,"relics_obtained":["WarpedTongs"],"max_hp_gain":0,"max_hp_loss":0,"event_name":"Accursed Blacksmith","floor":5,"gold_loss":0,"cards_obtained":["Pain"]},{"damage_healed":0,"gold_gain":0,"cards_transformed":["Pain"],"player_choice":"Transformed","damage_taken":0,"max_hp_gain":0,"max_hp_loss":0,"event_name":"Transmorgrifier","floor":12,"gold_loss":0,"cards_obtained":["Injury"]},{"damage_healed":0,"gold_gain":100,"player_choice":"Pray","damage_taken":0,"max_hp_gain":0,"max_hp_loss":0,"event_name":"Golden Shrine","floor":21,"gold_loss":0}],"is_beta":false,"boss_relics":[{"not_picked":["conspire:SlowCooker","Replay:Wanted Poster"],"picked":"Philosopher\u0027s Stone"}],"items_purged_floors":[24],"is_endless":false,"potions_floor_spawned":[1,14,16,18],"killed_by":"Slavers","ascension_level":0}}