{"host":"mgc7o2tpy0ck407l","time":1610176829,"event":{"mods":["Alarm Clock","AlwaysNeverKeys","BaseMod","Better Altar","Better Match","Better Note","Better Sensory Stone","Better Skull","Better Third Choice","Better Vampires","Block Reminder","Booster Modes","Challenge The Spire","Colored Map","Colored Powertips","Disable Question Mark Monsters","Displayed Cursed Tome","Emptier Cage","Energized Spire","Evolution","Infinite Spire","Minty Spire (QoL Compilation)","Permanent Neow","Quick Restart","Rare Cards Sparkle","Reorder Act Four","Spicy Shops","StSLib","SuperFastMode","Transform Curses","Unceasing Turn Reminder"],"gold_per_floor":[119,134,31,31,46,46,46,46],"floor_reached":7,"playtime":149,"items_purged":[],"score":43,"play_id":"b945dad3-e6f7-420c-ba02-0b4b097325c7","local_time":"20210109022029","is_ascension_mode":true,"campfire_choices":[],"circlet_count":0,"master_deck":["Strike_G","Strike_G","Strike_G","Strike_G","Strike_G","Defend_G","Defend_G","Defend_G","Defend_G","Defend_G","Survivor","Neutralize","A Thousand Cuts","Slice","Choke","Infinite Blades","Deadly Poison","Cloak And Dagger"],"relics":["EVO:Axolotl","EVO:Axolotl","Nunchaku","infinitespire:Cubic Diamond"],"acts_visited":["Exordium"],"potions_floor_usage":[],"damage_taken":[{"damage":5,"enemies":"Jaw Worm","floor":1,"turns":5},{"damage":6,"enemies":"2 Louse","floor":2,"turns":2},{"damage":0,"enemies":"Cultist","floor":5,"turns":3},{"damage":14,"enemies":"Gremlin Nob","floor":7,"turns":3}],"seed_played":"2720198933361842674","potions_obtained":[{"floor":2,"key":"Strength Potion"}],"is_trial":false,"path_per_floor":["M","M","$","?","M","?","E"],"character_chosen":"THE_SILENT","items_purchased":["Infinite Blades","Deadly Poison"],"campfire_rested":0,"item_purchase_floors":[3,3],"current_hp_per_floor":[44,38,38,26,26,26,12,12],"gold":46,"neow_bonus":"THREE_RARE_CARDS","is_daily":false,"chose_seed":false,"campfire_upgraded":0,"win_rate":0.0,"timestamp":1610176829,"path_taken":["M","M","$","?","M","?","E"],"items_purchased_type":["Card","Card"],"build_version":"2020-12-22","purchased_purges":0,"victory":false,"max_hp_per_floor":[70,70,70,70,70,70,70,70],"card_choices":[{"not_picked":["Night Terror","Corpse Explosion"],"picked":"A Thousand Cuts","floor":0},{"not_picked":["Leg Sweep","Poisoned Stab"],"picked":"Slice","floor":1},{"not_picked":["PiercingWail","Sucker Punch"],"picked":"Choke","floor":2},{"not_picked":["PiercingWail","Predator"],"picked":"Cloak And Dagger","floor":5}],"player_experience":739604,"relics_obtained":[],"event_choices":[{"damage_healed":0,"gold_gain":0,"player_choice":"Relic ","damage_taken":12,"max_hp_gain":0,"max_hp_loss":0,"event_name":"betterThird:BetterScrap","floor":4,"gold_loss":0,"cards_obtained":["Darkness"]}],"is_beta":false,"boss_relics":[],"items_purged_floors":[],"is_endless":false,"potions_floor_spawned":[2],"killed_by":"Gremlin Nob","ascension_level":1}}