{"host":"6jrnojxwearbrjzo","time":1610213585,"event":{"mods":["BaseMod","Colored Map","Minty Spire (QoL Compilation)","Replay The Spire","Shop Mod","Spicy Shops","StSLib","The Cursed","The Servant 0.9.4","vexMod"],"gold_per_floor":[113,113,113,288,301,301,341,341,341,341,355,375,391,427,427,546,546,570,586,64,97,121,121,164,184,211,211,21,21,64,64,64],"floor_reached":31,"playtime":1259,"items_purged":["Defend_G"],"score":358,"play_id":"9574d48b-58b6-423a-b2a3-275957e896ce","local_time":"20210110013305","is_ascension_mode":false,"campfire_choices":[{"data":"Blade Dance","floor":6.0,"key":"SMITH"},{"data":"Terror","floor":8.0,"key":"SMITH"},{"data":"Neutralize","floor":10.0,"key":"SMITH"},{"data":"Doubt","floor":15.0,"key":"PURGE"},{"data":"Tactician","floor":23.0,"key":"SMITH"},{"data":"Well Laid Plans","floor":29,"key":"SMITH"}],"circlet_count":0,"master_deck":["Strike_G","Strike_G","Strike_G","Strike_G","Defend_G","Defend_G","Defend_G","Defend_G","Survivor","Neutralize+1","Terror+1","Blade Dance+1","ReplayTheSpireMod:Scrap Shanks+1","Calculated Gamble+1","Acrobatics","Tactician+1","Poison Darts+1","Bane","Concentrate+1","Well Laid Plans+1","Backflip+1","Storm of Steel+1"],"relics":["Ring of the Snake","NeowsBlessing","Golden Idol","Omamori","Golden Egg","Pocketwatch","Replay:Grab Bag","Coffee Dripper","vexMod:EndlessSickness","Black Star","Replay:Mystery Machine","vexMod:GhostlyGear","Guide Book","Red Mask","Lantern","Bag of Marbles","vexMod:FocusSash","MutagenicStrength","Membership Card","Art of War","Pen Nib"],"acts_visited":["Exordium","TheCity"],"potions_floor_usage":[30],"damage_taken":[{"damage":0.0,"enemies":"2 Louse","floor":1.0,"turns":1.0},{"damage":0.0,"enemies":"Small Slimes","floor":5.0,"turns":1.0},{"damage":0.0,"enemies":"3 Sentries","floor":7.0,"turns":1.0},{"damage":0.0,"enemies":"Jaw Worm","floor":11.0,"turns":1.0},{"damage":27.0,"enemies":"Gremlin Gang","floor":12.0,"turns":5.0},{"damage":6.0,"enemies":"2 Fungi Beasts","floor":13.0,"turns":3.0},{"damage":16.0,"enemies":"Lagavulin","floor":14.0,"turns":5.0},{"damage":2.0,"enemies":"Fading Forest","floor":16.0,"turns":11.0},{"damage":0.0,"enemies":"3 Byrds","floor":18.0,"turns":6.0},{"damage":28.0,"enemies":"2 Thieves","floor":19.0,"turns":4.0},{"damage":3.0,"enemies":"Masked Bandits","floor":21.0,"turns":3.0},{"damage":30.0,"enemies":"Snake Plant","floor":22.0,"turns":3.0},{"damage":8.0,"enemies":"Book of Stabbing","floor":24.0,"turns":2.0},{"damage":0,"enemies":"3 Cultists","floor":25,"turns":4},{"damage":0,"enemies":"Gremlin Leader","floor":30,"turns":2},{"damage":2,"enemies":"Shelled Parasite and Fungi","floor":31,"turns":1}],"seed_played":"4857719574677626433","potions_obtained":[{"floor":5.0,"key":"CunningPotion"},{"floor":7.0,"key":"CultistPotion"},{"floor":11.0,"key":"Doom Potion"},{"floor":12.0,"key":"DistilledChaos"},{"floor":24.0,"key":"PowerPotion"}],"is_trial":false,"path_per_floor":["M","?","?","?","M","R","E","R","T","R","M","M","M","E","R_BF","B",null,"M","M","$","?","M","R","E","M","T","?","$","R","E","M"],"character_chosen":"THE_SILENT","items_purchased":["Concentrate","Replay:Mystery Machine","vexMod:GhostlyGear","Guide Book","Membership Card"],"campfire_rested":0,"item_purchase_floors":[20,20,20,20,28],"current_hp_per_floor":[70,53,53,53,53,53,53,53,53,53,53,26,20,4,4,12,70,70,42,42,39,9,9,1,1,1,1,1,1,1,0,0],"gold":64,"neow_bonus":"THREE_ENEMY_KILL","is_daily":false,"chose_seed":false,"campfire_upgraded":5,"win_rate":0.0,"timestamp":1610213585,"path_taken":["M","?","?","?","M","R","E","R","T","R","M","?","M","E","R_BF","BOSS","M","?","$","?","M","R","E","M","T","?","?","R","E","?"],"items_purchased_type":["Card","Relic","Relic","Relic","Relic"],"build_version":"2020-12-22","purchased_purges":1,"victory":false,"max_hp_per_floor":[70,70,70,70,70,70,70,70,70,70,70,70,70,70,70,70,70,70,70,70,70,70,70,70,70,70,70,70,70,70,70,70],"card_choices":[{"not_picked":["Dagger Spray","Slice"],"picked":"Terror","floor":1.0},{"not_picked":["Toxin Wave","Backflip"],"picked":"Blade Dance","floor":5.0},{"not_picked":["Slice","Caltrops","Poisoned Stab"],"picked":"SKIP","floor":7.0},{"not_picked":["Flying Knee","Draining Mist"],"picked":"ReplayTheSpireMod:Scrap Shanks","floor":11.0},{"not_picked":["Deadly Poison","Backflip"],"picked":"Calculated Gamble","floor":12.0},{"not_picked":["ReplayTheSpireMod:Speed Training","Dodge and Roll"],"picked":"Acrobatics","floor":13.0},{"not_picked":["Blur","Eviscerate"],"picked":"Tactician","floor":14.0},{"not_picked":["Malaise","ReplayTheSpireMod:Necrosis"],"picked":"Poison Darts","floor":16.0},{"not_picked":["Flying Knee","Slice"],"picked":"Bane","floor":18.0},{"not_picked":["Glass Knife","Caltrops+1","Acrobatics"],"picked":"SKIP","floor":19.0},{"not_picked":["Outmaneuver+1","Endless Agony"],"picked":"Well Laid Plans","floor":22.0},{"not_picked":["Underhanded Strike","Noxious Fumes+1"],"picked":"Backflip+1","floor":24.0},{"not_picked":["Hidden Blade+1","Backflip+1","Deadly Poison"],"picked":"SKIP","floor":25},{"not_picked":["Replay:Poison Smokescreen","Escape Plan+1"],"picked":"Storm of Steel","floor":30}],"player_experience":41394,"relics_obtained":[{"floor":7.0,"key":"Omamori"},{"floor":9.0,"key":"Golden Egg"},{"floor":14.0,"key":"Pocketwatch"},{"floor":21.0,"key":"Red Mask"},{"floor":24.0,"key":"Lantern"},{"floor":24.0,"key":"Bag of Marbles"},{"floor":26,"key":"vexMod:FocusSash"},{"floor":30,"key":"Art of War"},{"floor":30,"key":"Pen Nib"}],"event_choices":[{"damage_healed":0.0,"max_hp_gain":0.0,"max_hp_loss":0.0,"gold_gain":0.0,"event_name":"Golden Idol","player_choice":"Take Damage","floor":2.0,"gold_loss":0.0,"damage_taken":17.0,"relics_obtained":["Golden Idol"]},{"damage_healed":0.0,"max_hp_gain":0.0,"max_hp_loss":0.0,"gold_gain":175.0,"event_name":"Liars Game","player_choice":"AGREE","floor":4.0,"gold_loss":0.0,"damage_taken":0.0,"cards_obtained":["Doubt"]},{"damage_healed":0.0,"max_hp_gain":0.0,"max_hp_loss":0.0,"gold_gain":0.0,"event_name":"Masked Bandits","player_choice":"Fought Bandits","floor":21.0,"gold_loss":0.0,"damage_taken":0.0},{"damage_healed":0,"gold_gain":0,"player_choice":"Inject Mutagens","damage_taken":0,"relics_obtained":["MutagenicStrength"],"max_hp_gain":0,"max_hp_loss":0,"event_name":"Drug Dealer","floor":27,"gold_loss":0}],"is_beta":false,"boss_relics":[{"not_picked":["HoveringKite","vexMod:MysteryBossChallenge"],"picked":"Replay:Grab Bag"},{"not_picked":["Cursed Key","Fusion Hammer"],"picked":"Coffee Dripper"},{"not_picked":["vexMod:TanglingVine","Velvet Choker"],"picked":"vexMod:EndlessSickness"},{"not_picked":["Tiny House","Snecko Eye"],"picked":"Black Star"}],"items_purged_floors":[28],"is_endless":false,"potions_floor_spawned":[5,7,11,12,24],"killed_by":"Shelled Parasite and Fungi","ascension_level":0}}