{"host":"odz7g4gpgch153rb","time":1610170151,"event":{"mods":["AchievementEnabler","BaseMod","Better Match","Better Third Choice","BetterRewards","GifTheSpireLib","Infinite Spire","Jedi Mod","Minty Spire (QoL Compilation)","Quick Restart","Replay The Spire","Spikes Relics","StSLib","Stuff the Spire","The Blue Laboratory","Trackpad"],"gold_per_floor":[117,176,196,215,235,235,248,248,248],"floor_reached":8,"playtime":259,"items_purged":[],"score":93,"play_id":"bfe0d280-7765-4451-9bb3-d037a5d17c1b","local_time":"20210109002911","is_ascension_mode":true,"campfire_choices":[{"data":"Zap","floor":6,"key":"SMITH"}],"circlet_count":0,"master_deck":["AscendersBane","Strike_B","Strike_B","Strike_B","Strike_B","Defend_B","Defend_B","Defend_B","Defend_B","Zap+1","Dualcast","Streamline","Streamline","Coolheaded"],"relics":["Cracked Core","NeowsBlessing","Happy Flower"],"acts_visited":["Exordium"],"potions_floor_usage":[5],"damage_taken":[{"damage":0,"enemies":"Jaw Worm","floor":1,"turns":1},{"damage":0,"enemies":"2 Louse","floor":3,"turns":1},{"damage":0,"enemies":"Cultist","floor":4,"turns":1},{"damage":0,"enemies":"Lots of Slimes","floor":5,"turns":1},{"damage":13,"enemies":"Large Slime","floor":7,"turns":4},{"damage":0,"enemies":"Lagavulin","floor":8,"turns":1}],"seed_played":"-8691271189453953055","potions_obtained":[{"floor":2,"key":"AttackPotion"},{"floor":4,"key":"blueLaboratory:BottleOfVodka"},{"floor":7,"key":"blueLaboratory:FrostheartPotion"}],"is_trial":false,"path_per_floor":["M","?","M","M","M","R","M","E"],"character_chosen":"DEFECT","items_purchased":[],"campfire_rested":0,"item_purchase_floors":[],"current_hp_per_floor":[64,41,41,41,41,41,28,28,28],"gold":248,"neow_bonus":"THREE_ENEMY_KILL","is_daily":false,"chose_seed":false,"campfire_upgraded":1,"win_rate":0.0,"timestamp":1610170151,"path_taken":["M","?","M","M","M","R","M","E"],"items_purchased_type":[],"build_version":"2020-12-22","purchased_purges":0,"victory":false,"max_hp_per_floor":[71,71,71,71,71,71,71,71,71],"card_choices":[{"not_picked":["StuffTheSpire:GlassShard","Crystallizer"],"picked":"Streamline","floor":1},{"not_picked":["ReplayTheSpireMod:Repulse","Barrage"],"picked":"Streamline","floor":2},{"not_picked":["StuffTheSpire:LoadUp","Compile Driver","jedi:overflow"],"picked":"SKIP","floor":3},{"not_picked":["Turbo","Panic Button"],"picked":"Coolheaded","floor":4},{"not_picked":["StuffTheSpire:ShieldGenerator","Turbo","Redo"],"picked":"SKIP","floor":5},{"not_picked":["Redo","Buffer","Coolheaded"],"picked":"SKIP","floor":7}],"player_experience":1010073,"relics_obtained":[{"floor":2,"key":"Happy Flower"}],"event_choices":[],"is_beta":false,"boss_relics":[],"items_purged_floors":[],"is_endless":false,"potions_floor_spawned":[4,7],"killed_by":"Lagavulin","ascension_level":17}}