{"host":"8rqsnaeml9gxb0kp","time":1610151777,"event":{"mods":["AchievementEnabler","BaseMod","Dark Map","Minty Spire (QoL Compilation)","StSLib"],"gold_per_floor":[118,135,186,13,28,28,53,53,127,152,168,196,31,51,51,155,155,172,190,190,115,40,67,67,67,67,77,104,26,44,44,44,44,44],"floor_reached":33,"playtime":2306,"items_purged":["Strike_R"],"score":333,"play_id":"c4970800-3610-400d-a313-3cfa7eaa5b7d","local_time":"20210108162257","is_ascension_mode":true,"campfire_choices":[{"data":"Rampage","floor":6,"key":"SMITH"},{"floor":8,"key":"REST"},{"floor":15,"key":"REST"},{"floor":24,"key":"REST"},{"data":"Searing Blow+1","floor":32,"key":"SMITH"}],"circlet_count":0,"master_deck":["Strike_R","Strike_R","Strike_R","Defend_R","Defend_R","Defend_R","Defend_R","Bash","True Grit","Rampage+1","Wild Strike","Armaments","Metallicize","Heavy Blade","Battle Trance","Blood for Blood","Dropkick","Cleave","Flex","Uppercut","Brutality","Pommel Strike","Heavy Blade","Searing Blow","Dual Wield+1","Inflame","Searing Blow+2"],"relics":["Burning Blood","Dream Catcher","Centennial Puzzle","Paper Frog","Bottled Lightning","PreservedInsect","Mango","Orichalcum","Snecko Eye","Vajra","MealTicket","InkBottle","NlothsMask"],"acts_visited":["Exordium","TheCity"],"potions_floor_usage":[7,10,11,12,28,33],"damage_taken":[{"damage":10,"enemies":"Cultist","floor":1,"turns":4},{"damage":12,"enemies":"Jaw Worm","floor":2,"turns":2},{"damage":6,"enemies":"2 Louse","floor":5,"turns":2},{"damage":26,"enemies":"Lagavulin","floor":7,"turns":10},{"damage":8,"enemies":"Gremlin Nob","floor":10,"turns":4},{"damage":23,"enemies":"Lots of Slimes","floor":11,"turns":6},{"damage":18,"enemies":"Lagavulin","floor":12,"turns":8},{"damage":6,"enemies":"Exordium Thugs","floor":14,"turns":5},{"damage":42,"enemies":"Hexaghost","floor":16,"turns":9},{"damage":18,"enemies":"2 Thieves","floor":18,"turns":3},{"damage":21,"enemies":"Spheric Guardian","floor":19,"turns":4},{"damage":31,"enemies":"Gremlin Leader","floor":23,"turns":5},{"damage":21,"enemies":"Centurion and Healer","floor":27,"turns":5},{"damage":17,"enemies":"Slavers","floor":28,"turns":5},{"damage":4,"enemies":"Chosen and Byrds","floor":30,"turns":4},{"damage":70,"enemies":"Collector","floor":33,"turns":11}],"seed_played":"8248235180798280550","potions_obtained":[{"floor":1,"key":"Regen Potion"},{"floor":2,"key":"Weak Potion"},{"floor":5,"key":"SkillPotion"},{"floor":7,"key":"Block Potion"},{"floor":12,"key":"AttackPotion"},{"floor":27,"key":"SkillPotion"}],"is_trial":false,"path_per_floor":["M","M","T","$","M","R","E","R","T","E","M","E","$","M","R","B",null,"M","M","?","?","$","E","R","$","T","M","E","$","M","?","R","B"],"character_chosen":"IRONCLAD","items_purchased":["Armaments","Centennial Puzzle","Orichalcum","Cleave","Inflame"],"campfire_rested":3,"item_purchase_floors":[4,4,13,13,29],"current_hp_per_floor":[76,70,70,70,70,70,50,74,74,72,69,71,71,71,94,58,94,82,67,67,67,67,42,70,70,70,55,44,59,61,61,61,0,0],"gold":44,"neow_bonus":"THREE_CARDS","is_daily":false,"chose_seed":false,"campfire_upgraded":2,"win_rate":0.0,"timestamp":1610151777,"path_taken":["M","M","?","$","M","R","E","R","T","E","M","E","$","M","R","BOSS","M","M","?","?","?","E","R","$","T","M","E","$","M","?","R","BOSS"],"items_purchased_type":["Card","Relic","Relic","Card","Card"],"build_version":"2020-12-22","purchased_purges":1,"victory":false,"max_hp_per_floor":[80,80,80,80,80,80,80,80,80,80,80,94,94,94,94,94,94,94,94,94,94,94,94,94,94,94,94,94,94,94,94,94,94,94],"card_choices":[{"not_picked":["Entrench","Warcry"],"picked":"True Grit","floor":0},{"not_picked":["Blood for Blood","Sword Boomerang"],"picked":"Rampage","floor":1},{"not_picked":["True Grit","Combust"],"picked":"Wild Strike","floor":2},{"not_picked":["Combust","Perfected Strike"],"picked":"Metallicize","floor":5},{"not_picked":["Iron Wave","Perfected Strike"],"picked":"Heavy Blade","floor":7},{"not_picked":["Perfected Strike","Feed"],"picked":"Battle Trance","floor":10},{"not_picked":["Evolve","Pommel Strike"],"picked":"Blood for Blood","floor":11},{"not_picked":["Pommel Strike","Clash"],"picked":"Dropkick","floor":12},{"not_picked":["Fire Breathing","Armaments"],"picked":"Flex","floor":14},{"not_picked":["Rage","Flame Barrier"],"picked":"Uppercut","floor":15},{"not_picked":["Fiend Fire","Corruption"],"picked":"Brutality","floor":16},{"not_picked":["Clash+1","Cleave"],"picked":"Pommel Strike","floor":18},{"not_picked":["Cleave","Carnage"],"picked":"Heavy Blade","floor":19},{"not_picked":["Cleave","Berserk","Power Through"],"picked":"SKIP","floor":23},{"not_picked":["Warcry+1","Headbutt"],"picked":"Dual Wield+1","floor":27},{"not_picked":["Sever Soul","Flex","Power Through"],"picked":"SKIP","floor":28},{"not_picked":["Double Tap","Perfected Strike"],"picked":"Searing Blow+1","floor":30}],"player_experience":20242,"relics_obtained":[{"floor":3,"key":"Dream Catcher"},{"floor":7,"key":"Paper Frog"},{"floor":9,"key":"Bottled Lightning"},{"floor":10,"key":"PreservedInsect"},{"floor":12,"key":"Mango"},{"floor":23,"key":"Vajra"},{"floor":26,"key":"MealTicket"},{"floor":28,"key":"InkBottle"}],"event_choices":[{"damage_healed":0,"gold_gain":0,"player_choice":"Read","damage_taken":0,"max_hp_gain":0,"max_hp_loss":0,"event_name":"The Library","floor":20,"gold_loss":0,"cards_obtained":["Searing Blow"]},{"cards_removed":["Strike_R"],"damage_healed":0,"gold_gain":0,"player_choice":"Gave Gold","damage_taken":0,"max_hp_gain":0,"max_hp_loss":0,"event_name":"Beggar","floor":21,"gold_loss":75},{"damage_healed":0,"gold_gain":0,"player_choice":"Trade","damage_taken":0,"relics_obtained":["NlothsMask"],"max_hp_gain":0,"max_hp_loss":0,"event_name":"FaceTrader","floor":31,"gold_loss":0}],"is_beta":false,"boss_relics":[{"not_picked":["Runic Pyramid","Empty Cage"],"picked":"Snecko Eye"}],"items_purged_floors":[22],"is_endless":false,"potions_floor_spawned":[1,2,5,7,12,27],"killed_by":"Collector","ascension_level":2}}