{"host":"dowi7cgbhepuzvpj","time":1610190277,"event":{"mods":["AchievementEnabler","BaseMod","Colored Map","Highlight Path","Keyboard Shortcuts","Minty Spire (QoL Compilation)","Permanent Neow","Quick Restart","StSLib","SuperFastMode"],"gold_per_floor":[115,27,27,43,58,58,90,90,90,6,24,36,36,62,62,139,139,159,74,45,59,59,59,59],"floor_reached":23,"playtime":585,"items_purged":[],"score":340,"play_id":"7feb846c-944d-4512-b2fb-9844fead6c50","local_time":"20210109200437","is_ascension_mode":true,"campfire_choices":[{"data":"Neutralize","floor":6.0,"key":"SMITH"},{"data":"Noxious Fumes","floor":8.0,"key":"SMITH"},{"data":"Footwork","floor":13.0,"key":"SMITH"},{"data":"Noxious Fumes","floor":15.0,"key":"SMITH"}],"circlet_count":0,"master_deck":["AscendersBane","Strike_G","Strike_G","Strike_G","Defend_G","Defend_G","Defend_G","Defend_G","Defend_G","Survivor","Neutralize+1","Noxious Fumes+1","Crippling Poison","Well Laid Plans","Footwork+1","Noxious Fumes+1","Dodge and Roll","Night Terror","Noxious Fumes","PiercingWail"],"relics":["Sozu","Mercury Hourglass","Molten Egg 2","Singing Bowl","Odd Mushroom","Empty Cage","HornCleat"],"acts_visited":["Exordium","TheCity"],"potions_floor_usage":[],"damage_taken":[{"damage":2.0,"enemies":"2 Louse","floor":1.0,"turns":5.0},{"damage":0.0,"enemies":"Cultist","floor":4.0,"turns":4.0},{"damage":0.0,"enemies":"Small Slimes","floor":5.0,"turns":3.0},{"damage":23.0,"enemies":"3 Sentries","floor":7.0,"turns":7.0},{"damage":9.0,"enemies":"Blue Slaver","floor":11.0,"turns":4.0},{"damage":0.0,"enemies":"2 Fungi Beasts","floor":12.0,"turns":4.0},{"damage":7.0,"enemies":"The Mushroom Lair","floor":14.0,"turns":4.0},{"damage":13,"enemies":"The Guardian","floor":16,"turns":11},{"damage":15,"enemies":"2 Thieves","floor":18,"turns":4},{"damage":8,"enemies":"Shell Parasite","floor":21,"turns":6},{"damage":14,"enemies":"Slavers","floor":23,"turns":3}],"seed_played":"7797678116356556005","potions_obtained":[],"is_trial":false,"path_per_floor":["M","?","$","M","M","R","E","R","T","$","M","M","R","?","R","B",null,"M","?","$","M","?","E"],"character_chosen":"THE_SILENT","items_purchased":["Footwork","PiercingWail"],"campfire_rested":0,"item_purchase_floors":[10,20],"current_hp_per_floor":[57,57,57,57,57,57,34,34,34,34,25,27,27,20,20,7,53,38,38,38,32,32,18,18],"gold":59,"neow_bonus":"BOSS_RELIC","is_daily":false,"chose_seed":false,"campfire_upgraded":4,"win_rate":0.0,"timestamp":1610190277,"path_taken":["M","?","?","?","M","R","E","R","T","?","M","M","R","?","R","BOSS","M","?","$","M","?","E"],"items_purchased_type":["Card","Card"],"build_version":"2020-12-22","purchased_purges":0,"victory":false,"max_hp_per_floor":[66,66,66,66,66,66,66,66,66,66,66,68,68,68,68,68,68,68,68,68,70,70,70,70],"card_choices":[{"not_picked":["Cloak And Dagger","Flying Knee"],"picked":"Noxious Fumes","floor":1.0},{"not_picked":["Slice","Expertise"],"picked":"Crippling Poison","floor":4.0},{"not_picked":["Quick Slash","Underhanded Strike","Slice"],"picked":"SKIP","floor":5.0},{"not_picked":["Wraith Form v2","Riddle With Holes+1"],"picked":"Well Laid Plans","floor":7.0},{"not_picked":["Slice+1","Endless Agony+1"],"picked":"Noxious Fumes","floor":11.0},{"not_picked":["Tactician","Masterful Stab+1","Slice+1"],"picked":"Singing Bowl","floor":12.0},{"not_picked":["Backflip","Dagger Throw+1"],"picked":"Dodge and Roll","floor":14.0},{"not_picked":["Unload+1","Bullet Time"],"picked":"Night Terror","floor":16},{"not_picked":["Acrobatics","Flying Knee+1"],"picked":"Noxious Fumes","floor":18},{"not_picked":["Expertise","Quick Slash+1","Acrobatics+1"],"picked":"Singing Bowl","floor":21}],"player_experience":786278,"relics_obtained":[{"floor":7.0,"key":"Molten Egg 2"},{"floor":9.0,"key":"Singing Bowl"},{"floor":14.0,"key":"Odd Mushroom"}],"event_choices":[{"damage_healed":0.0,"max_hp_gain":0.0,"max_hp_loss":0.0,"gold_gain":0.0,"event_name":"WeMeetAgain","player_choice":"Paid Gold","floor":2.0,"gold_loss":88.0,"damage_taken":0.0,"relics_obtained":["Mercury Hourglass"]},{"damage_healed":0.0,"max_hp_gain":0.0,"max_hp_loss":0.0,"gold_gain":0.0,"event_name":"Mushrooms","player_choice":"Fought Mushrooms","floor":14.0,"gold_loss":0.0,"damage_taken":0.0},{"damage_healed":0,"gold_gain":0,"player_choice":"Obtained Relic","damage_taken":0,"relics_obtained":["HornCleat"],"max_hp_gain":0,"max_hp_loss":0,"event_name":"Addict","floor":19,"gold_loss":85},{"damage_healed":0,"gold_gain":0,"player_choice":"Ignored","damage_taken":0,"max_hp_gain":0,"max_hp_loss":0,"event_name":"Ghosts","floor":22,"gold_loss":0}],"is_beta":false,"boss_relics":[{"not_picked":["Busted Crown","Runic Pyramid"],"picked":"Empty Cage"}],"items_purged_floors":[],"is_endless":false,"potions_floor_spawned":[7,14,16,18],"killed_by":"Slavers","ascension_level":16}}