{"host":"7k2a2omxz3voj5ax","time":1610208422,"event":{"mods":["BaseMod","Marisa£¨ìFÓê¡¡Ä§ÀíÉ³£©","Minty Spire (QoL Compilation)","Quick Restart","Spicy Shops","StSLib","Starting Relic: Pandora\u0027s Box","óô»ðÖ¸ÄÏ"],"gold_per_floor":[34,34,45,45,2276,2322,1911,1968,2045,2045,2090,2146,1628,1683,1199,1504,1516,1634,1646,1798,1854,1969,1423,1562,1618,1653,1323,1358,1358,1407,1426,1426,1500,1550,1564,1697,1697,1697,1697,1728,1801,1754,1754,1376,1406,1416,383,415,415,415,415,415,415,13,48,48],"floor_reached":57,"playtime":2536,"items_purged":["GravityBeat","UpSweep","GrandCross","BlazeAway","PropBag","Robbery+1","ShootTheMoon+1"],"score":3632,"play_id":"4b1ad2ec-e5a1-4d91-9bef-e48f2f78016d","local_time":"20210110010702","is_ascension_mode":true,"campfire_choices":[{"floor":32.0,"key":"RECALL"},{"data":"OrrerysSun","floor":49.0,"key":"SMITH"},{"data":"Flash of Steel","floor":53.0,"key":"PURGE"}],"circlet_count":0,"master_deck":["AscendersBane","BlazeAway+1","Acceleration+1","6A+1","PowerUp+1","PowerUp+1","GasGiant+1","UltimateShortwave+1","OrrerysSun","CollectingQuirk+1","OrrerysSun+1","Acceleration+1"],"relics":["MiniHakkero","Unceasing Top","Gambling Chip","Mummified Hand","Centennial Puzzle","Membership Card","Medical Kit","MealTicket","Juzu Bracelet","Toxic Egg 2","DollysMirror","MawBank","Empty Cage","SimpleLauncher","Potion Belt","Molten Egg 2","Tiny Chest","Strawberry","Oddly Smooth Stone","Orrery","Lee\u0027s Waffle","TungstenRod","Orichalcum","MutagenicStrength","The Courier","Tiny House","Mango","Peace Pipe","StrikeDummy","CatCart","HornCleat","Singing Bowl","Whetstone","Omamori","ClockworkSouvenir","Calipers","Blood Vial","War Paint","Akabeko","Ice Cream","FossilizedHelix","Ornamental Fan","Kunai","Ginger","AmplifyWand","Gremlin Horn","Sundial","SproutingBranch","Thread and Needle"],"acts_visited":["Exordium","TheCity","TheBeyond","TheEnding"],"potions_floor_usage":[56,56,56],"damage_taken":[{"damage":0.0,"enemies":"Cultist","floor":1.0,"turns":2.0},{"damage":12.0,"enemies":"Jaw Worm","floor":3.0,"turns":2.0},{"damage":0.0,"enemies":"Small Slimes","floor":5.0,"turns":2.0},{"damage":10.0,"enemies":"3 Sentries","floor":6.0,"turns":2.0},{"damage":14.0,"enemies":"Exordium Wildlife","floor":8.0,"turns":2.0},{"damage":0.0,"enemies":"Lagavulin","floor":11.0,"turns":4.0},{"damage":12.0,"enemies":"2 Fungi Beasts","floor":12.0,"turns":2.0},{"damage":9.0,"enemies":"3 Sentries","floor":14.0,"turns":4.0},{"damage":4.0,"enemies":"The Guardian","floor":16.0,"turns":3.0},{"damage":0.0,"enemies":"Chosen","floor":18.0,"turns":2.0},{"damage":0.0,"enemies":"Shell Parasite","floor":20.0,"turns":2.0},{"damage":6.0,"enemies":"Snecko","floor":21.0,"turns":3.0},{"damage":0.0,"enemies":"Snake Plant","floor":22.0,"turns":2.0},{"damage":30.0,"enemies":"Slavers","floor":24.0,"turns":4.0},{"damage":0.0,"enemies":"Centurion and Healer","floor":25.0,"turns":2.0},{"damage":4.0,"enemies":"Gremlin Leader","floor":28.0,"turns":3.0},{"damage":12.0,"enemies":"Slavers","floor":30.0,"turns":5.0},{"damage":0.0,"enemies":"Chosen and Byrds","floor":31.0,"turns":1.0},{"damage":0.0,"enemies":"Automaton","floor":33.0,"turns":1.0},{"damage":0.0,"enemies":"Orb Walker","floor":35.0,"turns":1.0},{"damage":0.0,"enemies":"Mind Bloom Boss Battle","floor":36.0,"turns":3.0},{"damage":0.0,"enemies":"Nemesis","floor":40.0,"turns":2.0},{"damage":0.0,"enemies":"Orin","floor":41.0,"turns":4.0},{"damage":0.0,"enemies":"Reptomancer","floor":45.0,"turns":1.0},{"damage":1.0,"enemies":"3 Shapes","floor":46.0,"turns":1.0},{"damage":0.0,"enemies":"Giant Head","floor":48.0,"turns":1.0},{"damage":0.0,"enemies":"Donu and Deca","floor":50.0,"turns":1.0},{"damage":0.0,"enemies":"Time Eater","floor":51.0,"turns":1.0},{"damage":0.0,"enemies":"Shield and Spear","floor":55.0,"turns":1.0},{"damage":0,"enemies":"The Heart","floor":56,"turns":6}],"seed_played":"6602968968896134423","potions_obtained":[{"floor":1.0,"key":"Swift Potion"},{"floor":5.0,"key":"DuplicationPotion"},{"floor":6.0,"key":"Regen Potion"},{"floor":6.0,"key":"AttackPotion"},{"floor":11.0,"key":"SkillPotion"},{"floor":12.0,"key":"StarNLove"},{"floor":14.0,"key":"Weak Potion"},{"floor":14.0,"key":"Fruit Juice"},{"floor":18.0,"key":"Fire Potion"},{"floor":18.0,"key":"Block Potion"},{"floor":22.0,"key":"ShroomBrew"},{"floor":25.0,"key":"StarNLove"},{"floor":31.0,"key":"Block Potion"},{"floor":34.0,"key":"Fruit Juice"},{"floor":45.0,"key":"Swift Potion"},{"floor":55.0,"key":"SteroidPotion"}],"is_trial":false,"path_per_floor":["M","$","M","?","M","E","R","M","T","?","E","M","$","E","R","B",null,"M","?","M","M","M","R","E","M","T","$","E","?","E","M","R","B",null,"M","?","?","T","?","E","?","$","T","R","E","M","R","E","R","B","B",null,"R","$","E","B",null],"character_chosen":"MARISA","items_purchased":["Mummified Hand","Acceleration","Membership Card","Medical Kit","MealTicket","Juzu Bracelet","Toxic Egg 2","PowerUp+1","DollysMirror","Flash of Steel","MawBank","SimpleLauncher","Potion Belt","Molten Egg 2","Tiny Chest","Orrery","Lee\u0027s Waffle","TungstenRod","Fruit Juice","Singing Bowl","Whetstone","Omamori","ClockworkSouvenir","Fruit Juice","OrrerysSun","Blood Vial","War Paint","Akabeko","Ice Cream","FossilizedHelix","Ornamental Fan","Kunai","Ginger","Acceleration+1","Gremlin Horn","Sundial","SproutingBranch"],"campfire_rested":0,"item_purchase_floors":[7,7,13,13,13,13,15,15,15,15,15,23,23,23,23,27,27,27,42,44,44,44,44,44,47,47,47,47,47,47,47,47,47,54,54,54,54],"current_hp_per_floor":[63,63,51,51,51,41,41,39,39,32,32,25,25,21,21,17,61,61,61,61,55,55,55,32,32,32,89,85,85,73,73,73,73,95,95,109,109,109,109,109,109,118,118,125,127,128,128,131,131,131,131,131,131,131,133,133],"gold":48,"neow_bonus":"ONE_RARE_RELIC","is_daily":false,"chose_seed":false,"campfire_upgraded":1,"win_rate":0.0,"timestamp":1610208422,"path_taken":["M","?","M","?","M","E","R","?","T","?","E","M","$","E","R","BOSS","M","?","M","M","M","R","E","M","T","$","E","?","E","M","R","BOSS","M","?","?","?","?","E","?","$","T","R","E","M","R","E","R","BOSS","BOSS","R","$","E","BOSS"],"items_purchased_type":["Relic","Card","Relic","Relic","Relic","Relic","Relic","Card","Relic","Card","Relic","Relic","Relic","Relic","Relic","Relic","Relic","Relic","Potion","Relic","Relic","Relic","Relic","Potion","Card","Relic","Relic","Relic","Relic","Relic","Relic","Relic","Relic","Card","Relic","Relic","Relic"],"build_version":"2020-12-22","purchased_purges":7,"victory":true,"max_hp_per_floor":[70,70,70,70,70,70,70,70,70,70,70,70,70,75,75,75,75,75,75,75,75,75,75,82,82,82,89,89,89,89,89,89,89,99,99,113,113,113,113,113,113,118,118,125,127,129,129,131,131,131,131,131,131,131,133,133],"card_choices":[{"not_picked":["ShootingEcho","WitchOfGreed","LuminesStrike"],"picked":"SKIP","floor":1.0},{"not_picked":["DC","RefractionSpark","MysteriousBeam"],"picked":"SKIP","floor":3.0},{"not_picked":["ShootingEcho","OpenUniverse"],"picked":"ShootTheMoon","floor":5.0},{"not_picked":["Occultation","ShootTheMoon"],"picked":"Robbery","floor":6.0},{"not_picked":["BigCrunch","GravityBeat"],"picked":"6A","floor":8.0},{"not_picked":["DC","SuperNova","BigCrunch"],"picked":"SKIP","floor":11.0},{"not_picked":["Orbital","MysteriousBeam","StarBarrage"],"picked":"SKIP","floor":12.0},{"not_picked":["LuminesStrike","DoubleSpark","ShootingEcho"],"picked":"SKIP","floor":14.0},{"not_picked":["AbsoluteMagnitude","CollectingQuirk"],"picked":"SatelliteIllusion","floor":16.0},{"not_picked":["OortCloud","ChargeUpSpray","GravityBeat"],"picked":"SKIP","floor":18.0},{"not_picked":["FairyDestructionRay+1","UnstableBomb","DoubleSpark"],"picked":"SKIP","floor":20.0},{"not_picked":["OpenUniverse+1","Acceleration+1","ShootTheMoon"],"picked":"SKIP","floor":21.0},{"not_picked":["DarkMatter+1","Orbital+1","ManaRampage+1"],"picked":"SKIP","floor":22.0},{"not_picked":["SuperNova","DeepEcoloBomb+1","DarkMatter+1"],"picked":"SKIP","floor":24.0},{"not_picked":["NonDirectionalLaser+1","MagicAbsorber+1","MilkyWay+1"],"picked":"SKIP","floor":25.0},{"not_picked":["PowerUp+1","AbsoluteMagnitude+1"],"picked":"GasGiant+1","floor":27.0},{"not_picked":["LuminesStrike+1","StarlightTyphoon+1"],"picked":"UltimateShortwave+1","floor":27.0},{"not_picked":["MysteriousBeam+1","OpenUniverse+1"],"picked":"OrrerysSun","floor":27.0},{"not_picked":["FairyDestructionRay+1","AsteroidBelt+1","EnergyRecoil+1"],"picked":"SKIP","floor":28.0},{"not_picked":["MachineGunSpark+1","EventHorizon"],"picked":"CollectingQuirk+1","floor":30.0},{"not_picked":["MagicAbsorber+1","ChargingUp+1","LuminesStrike+1"],"picked":"SKIP","floor":31.0},{"not_picked":["AsteroidBelt+1","UnstableBomb+1","DoubleSpark+1"],"picked":"SKIP","floor":35.0},{"not_picked":["AsteroidBelt+1","GrandCross+1","EventHorizon"],"picked":"SKIP","floor":40.0},{"not_picked":["WitchOfGreed","EarthLightRay+1","DoubleSpark+1"],"picked":"Singing Bowl","floor":45.0},{"not_picked":["MilkyWay+1","CasketOfStar","MeteoricShower+1"],"picked":"Singing Bowl","floor":46.0},{"not_picked":["WitchLeyline+1","OneTimeOff+1","GalacticHalo+1"],"picked":"Singing Bowl","floor":48.0},{"not_picked":["LuminesStrike+1","TreasureHunter+1","ChargingUp+1"],"picked":"Singing Bowl","floor":55.0}],"player_experience":424919,"relics_obtained":[{"floor":6.0,"key":"Gambling Chip"},{"floor":11.0,"key":"Centennial Puzzle"},{"floor":24.0,"key":"Strawberry"},{"floor":26.0,"key":"Oddly Smooth Stone"},{"floor":28.0,"key":"Orichalcum"},{"floor":30.0,"key":"The Courier"},{"floor":36.0,"key":"Mango"},{"floor":38.0,"key":"Peace Pipe"},{"floor":40.0,"key":"StrikeDummy"},{"floor":41.0,"key":"CatCart"},{"floor":43.0,"key":"HornCleat"},{"floor":45.0,"key":"Calipers"},{"floor":48.0,"key":"AmplifyWand"},{"floor":55.0,"key":"Thread and Needle"}],"event_choices":[{"damage_healed":0.0,"max_hp_gain":0.0,"max_hp_loss":0.0,"gold_gain":0.0,"event_name":"Accursed Blacksmith","player_choice":"Forge","floor":4.0,"gold_loss":0.0,"damage_taken":0.0,"cards_upgraded":["BlazeAway"]},{"cards_removed":["MasterSpark"],"damage_healed":0.0,"max_hp_gain":0.0,"max_hp_loss":0.0,"gold_gain":0.0,"event_name":"Golden Wing","player_choice":"Card Removal","floor":10.0,"gold_loss":0.0,"damage_taken":7.0},{"cards_removed":["WitchOfGreed"],"damage_healed":0.0,"max_hp_gain":0.0,"max_hp_loss":0.0,"gold_gain":0.0,"event_name":"Back to Basics","player_choice":"Elegance","floor":19.0,"gold_loss":0.0,"damage_taken":0.0},{"damage_healed":0.0,"max_hp_gain":0.0,"max_hp_loss":0.0,"gold_gain":0.0,"event_name":"Drug Dealer","player_choice":"Inject Mutagens","floor":29.0,"gold_loss":0.0,"damage_taken":0.0,"relics_obtained":["MutagenicStrength"]},{"damage_healed":0.0,"max_hp_gain":0.0,"max_hp_loss":0.0,"gold_gain":0.0,"event_name":"MindBloom","player_choice":"Fight","floor":36.0,"gold_loss":0.0,"damage_taken":0.0},{"damage_healed":0.0,"max_hp_gain":0.0,"max_hp_loss":0.0,"gold_gain":0.0,"event_name":"SensoryStone","player_choice":"Memory 1","floor":37.0,"gold_loss":0.0,"damage_taken":0.0},{"cards_removed":["SatelliteIllusion"],"damage_healed":0.0,"max_hp_gain":0.0,"max_hp_loss":0.0,"gold_gain":0.0,"event_name":"Falling","player_choice":"Removed Power","floor":39.0,"gold_loss":0.0,"damage_taken":0.0},{"damage_healed":0.0,"max_hp_gain":0.0,"max_hp_loss":0.0,"gold_gain":0.0,"event_name":"OrinTheCat","player_choice":"Fight","floor":41.0,"gold_loss":0.0,"damage_taken":0.0}],"is_beta":false,"boss_relics":[{"not_picked":["Sozu","Runic Dome"],"picked":"Empty Cage"},{"not_picked":["SacredBark","Snecko Eye"],"picked":"Tiny House"}],"items_purged_floors":[7,13,13,15,23,47,47],"is_endless":false,"potions_floor_spawned":[5,6,11,14,16,18,20,22,25,31,45,48,55],"ascension_level":20}}