{"host":"92108ef2q9tm8rod","time":1610188280,"event":{"mods":["BaseMod","Defuse TimeMaze Blight","Minty Spire (QoL Compilation)","StSLib","The Jungle"],"gold_per_floor":[118,128,128,148,148,148,176,176,256,256,256,270,52,52,52,151,201,212,362,376,232,232,232,265,265,265,282,312,312,328,180,180,278,278,298,148,160,160,172,203,238,238,238,254,254,279,304,329,329,329],"floor_reached":51,"playtime":1957,"items_purged":["Capacitor"],"score":1029,"play_id":"02411fc8-8256-4712-b736-ca5e7274e766","local_time":"20210109103120","daily_mods":["SealedDeck","Purple Cards","Heirloom","Flight"],"is_ascension_mode":false,"campfire_choices":[{"data":"Loop","floor":6,"key":"SMITH"},{"data":"Redo","floor":8,"key":"SMITH"},{"data":"PathToVictory","floor":10,"key":"SMITH"},{"floor":11,"key":"REST"},{"data":"Conserve Battery","floor":15,"key":"SMITH"},{"data":"Conserve Battery","floor":23,"key":"SMITH"},{"data":"Ball Lightning","floor":25,"key":"SMITH"},{"data":"Undo","floor":29,"key":"SMITH"},{"floor":32,"key":"REST"},{"floor":42,"key":"REST"},{"floor":45,"key":"REST"},{"floor":49,"key":"REST"}],"circlet_count":0,"master_deck":["Evaluate+1","Undo+1","Redo+1","Loop+1","Ball Lightning+1","Conserve Battery+1","Conserve Battery+1","PathToVictory+1","PathToVictory+1","Tempest+1"],"relics":["Cracked Core","Lizard Tail","Anchor","Bottled Tornado","ClockworkSouvenir","Tiny House","Medical Kit","Peace Pipe","Pantograph","Ancient Tea Set","Bronze Scales","Busted Crown","Strawberry","Letter Opener","InkBottle","Dream Catcher","Bottled Flame","Omamori"],"acts_visited":["Exordium","Exordium","TheBeyond"],"potions_floor_usage":[7,27,33,47,48,50,50],"damage_taken":[{"damage":0,"enemies":"Small Slimes","floor":1,"turns":3},{"damage":0,"enemies":"2 Louse","floor":2,"turns":3},{"damage":5,"enemies":"Jaw Worm","floor":4,"turns":2},{"damage":3,"enemies":"3 Sentries","floor":7,"turns":5},{"damage":0,"enemies":"Exordium Thugs","floor":12,"turns":2},{"damage":19,"enemies":"Hexaghost","floor":16,"turns":6},{"damage":0,"enemies":"theJungle:5_Spyders","floor":18,"turns":5},{"damage":0,"enemies":"Shell Parasite","floor":20,"turns":3},{"damage":0,"enemies":"theJungle:MamaSnecko","floor":24,"turns":5},{"damage":17,"enemies":"theJungle:2_Snecko_Cultists","floor":27,"turns":3},{"damage":0,"enemies":"theJungle:2_Phrogs","floor":28,"turns":4},{"damage":0,"enemies":"theJungle:2_Flameangoes","floor":30,"turns":4},{"damage":14,"enemies":"theJungle:TotemBoss","floor":33,"turns":6},{"damage":0,"enemies":"Orb Walker","floor":35,"turns":3},{"damage":0,"enemies":"3 Darklings","floor":37,"turns":4},{"damage":0,"enemies":"Transient","floor":39,"turns":5},{"damage":0,"enemies":"Giant Head","floor":40,"turns":6},{"damage":35,"enemies":"Nemesis","floor":41,"turns":5},{"damage":0,"enemies":"4 Shapes","floor":44,"turns":4},{"damage":0,"enemies":"Reptomancer","floor":46,"turns":5},{"damage":3,"enemies":"Giant Head","floor":47,"turns":5},{"damage":0,"enemies":"Nemesis","floor":48,"turns":5},{"damage":6,"enemies":"Awakened One","floor":50,"turns":9}],"seed_played":"-7752267633021527176","potions_obtained":[{"floor":1,"key":"Explosive Potion"},{"floor":4,"key":"PotionOfCapacity"},{"floor":17,"key":"FairyPotion"},{"floor":20,"key":"ColorlessPotion"},{"floor":35,"key":"SpeedPotion"},{"floor":41,"key":"FocusPotion"},{"floor":47,"key":"ColorlessPotion"},{"floor":48,"key":"FocusPotion"}],"is_trial":true,"path_per_floor":["M","M","?","M","?","R","E","R","T","R","R","M","$","?","R","B",null,"M","?","M","$","?","R","E","R","T","M","E","R","M","$","R","B",null,"M","$","M","$","M","E","E","R","T","M","R","E","E","E","R","B",null],"character_chosen":"DEFECT","items_purchased":["ClockworkSouvenir","Medical Kit","Bronze Scales","Strawberry"],"campfire_rested":5,"item_purchase_floors":[13,21,31,36],"current_hp_per_floor":[75,75,80,75,59,59,56,56,56,56,80,80,80,80,80,61,85,85,85,85,85,85,85,85,85,85,68,68,68,68,68,85,71,85,85,92,92,92,92,92,57,84,84,84,92,92,89,89,92,86],"gold":329,"neow_bonus":"","is_daily":false,"chose_seed":false,"campfire_upgraded":7,"win_rate":0.0,"timestamp":1610188280,"path_taken":["M","M","?","M","?","R","E","R","T","R","R","M","$","?","R","BOSS","M","?","M","$","?","R","E","R","T","M","E","R","M","$","R","BOSS","M","$","M","$","M","E","E","R","T","M","R","E","E","E","R","BOSS"],"items_purchased_type":["Relic","Relic","Relic","Relic"],"build_version":"2020-12-22","purchased_purges":1,"victory":true,"max_hp_per_floor":[75,75,80,80,80,80,80,80,80,80,80,80,80,80,80,80,85,85,85,85,85,85,85,85,85,85,85,85,85,85,85,85,85,85,85,92,92,92,92,92,92,92,92,92,92,92,92,92,92,92],"card_choices":[{"not_picked":["Auto Shields","Go for the Eyes"],"picked":"Tempest","floor":1},{"not_picked":["JustLucky","Blizzard","Rebound"],"picked":"SKIP","floor":2},{"not_picked":["BowlingBash","Reprogram","Halt"],"picked":"SKIP","floor":4},{"not_picked":["Prostrate","Turbo","Ball Lightning"],"picked":"SKIP","floor":7},{"not_picked":["BattleHymn","DeceiveReality","FlyingSleeves"],"picked":"SKIP","floor":12},{"not_picked":["SandsOfTime+1","Redo","WindmillStrike"],"picked":"SKIP","floor":18},{"not_picked":["ThirdEye","Static Discharge","Coolheaded+1"],"picked":"SKIP","floor":20},{"not_picked":["FTL","Reinforced Body+1","FlyingSleeves"],"picked":"SKIP","floor":24},{"not_picked":["Hello World+1","Worship","Cold Snap+1"],"picked":"SKIP","floor":27},{"not_picked":["Halt","PathToVictory","Brilliance"],"picked":"SKIP","floor":28},{"not_picked":["BowlingBash+1","FTL+1","EmptyFist"],"picked":"SKIP","floor":30},{"not_picked":["BowlingBash"],"picked":"SKIP","floor":35},{"not_picked":["Consume"],"picked":"SKIP","floor":37},{"not_picked":["Coolheaded"],"picked":"SKIP","floor":39},{"not_picked":["Coolheaded"],"picked":"SKIP","floor":39},{"not_picked":["Compile Driver+1"],"picked":"SKIP","floor":40},{"not_picked":["WaveOfTheHand"],"picked":"SKIP","floor":41},{"not_picked":["Ball Lightning"],"picked":"SKIP","floor":44},{"not_picked":["ThirdEye"],"picked":"SKIP","floor":46},{"not_picked":["Stack"],"picked":"SKIP","floor":47},{"not_picked":["Cold Snap+1"],"picked":"SKIP","floor":48}],"player_experience":3259925,"relics_obtained":[{"floor":7,"key":"Anchor"},{"floor":9,"key":"Bottled Tornado"},{"floor":24,"key":"Peace Pipe"},{"floor":26,"key":"Pantograph"},{"floor":28,"key":"Ancient Tea Set"},{"floor":40,"key":"Letter Opener"},{"floor":41,"key":"InkBottle"},{"floor":43,"key":"Dream Catcher"},{"floor":46,"key":"Bottled Flame"},{"floor":47,"key":"Omamori"}],"event_choices":[{"damage_healed":0,"gold_gain":0,"player_choice":"Donut","damage_taken":0,"max_hp_gain":5,"max_hp_loss":0,"event_name":"Big Fish","floor":3,"gold_loss":0},{"damage_healed":0,"gold_gain":0,"player_choice":"Entered Light","damage_taken":16,"max_hp_gain":0,"max_hp_loss":0,"event_name":"Shining Light","floor":5,"gold_loss":0,"cards_upgraded":["Tempest","Evaluate"]},{"damage_healed":0,"gold_gain":0,"player_choice":"Leave","damage_taken":0,"max_hp_gain":0,"max_hp_loss":0,"event_name":"FaceTrader","floor":14,"gold_loss":0},{"damage_healed":0,"gold_gain":0,"player_choice":"Bought 0 Potions","damage_taken":0,"max_hp_gain":0,"max_hp_loss":0,"event_name":"The Woman in Blue","floor":22,"gold_loss":0}],"is_beta":false,"boss_relics":[{"not_picked":["Black Star","FrozenCore"],"picked":"Tiny House"},{"not_picked":["Nuclear Battery","Inserter"],"picked":"Busted Crown"}],"items_purged_floors":[13],"is_endless":false,"potions_floor_spawned":[1,4,20,35,41,47,48],"ascension_level":0}}