{"host":"qhn6g0owdgjb77rz","time":1610167740,"event":{"mods":["BaseMod","BetterRewards","Colored Map","Minty Spire (QoL Compilation)","Relic Sorter","Replay The Spire","StSLib"],"gold_per_floor":[110,125,125,187,2,33,33,64,64,98,116,136,186,256,256,256,256],"floor_reached":16,"playtime":647,"items_purged":[],"score":153,"play_id":"8469bd46-cf69-4eb8-bf44-d83c04db529f","local_time":"20210109134900","is_ascension_mode":true,"campfire_choices":[{"data":"Scrape","floor":7,"key":"SMITH"},{"data":"Hologram","floor":15,"key":"SMITH"}],"circlet_count":0,"master_deck":["Strike_B","Strike_B","Strike_B","Defend_B","Defend_B","Defend_B","Defend_B","Zap","Dualcast","All For One","FTL","Hologram+1","FIFO Queue","Scrape+1","Crystallizer","Cold Snap","Leap","Gash","Aggregate","Streamline"],"relics":["Cracked Core","Calipers","Carrot","SsserpentHead","Runic Capacitor","StrikeDummy","Lantern","White Beast Statue","Ornamental Fan"],"acts_visited":["Exordium"],"potions_floor_usage":[16,16,16],"damage_taken":[{"damage":0.0,"enemies":"Small Slimes","floor":1.0,"turns":2.0},{"damage":0,"enemies":"Cultist","floor":2,"turns":4},{"damage":2,"enemies":"2 Louse","floor":4,"turns":2},{"damage":26,"enemies":"Replay:BlueRogue","floor":6,"turns":7},{"damage":16,"enemies":"Gremlin Nob","floor":8,"turns":3},{"damage":22,"enemies":"Replay:BlueRogue","floor":10,"turns":4},{"damage":0,"enemies":"Lots of Slimes","floor":11,"turns":3},{"damage":0,"enemies":"Looter","floor":12,"turns":2},{"damage":0,"enemies":"Red Slaver","floor":14,"turns":2},{"damage":14,"enemies":"Slime Boss","floor":16,"turns":4}],"seed_played":"-6267824375372543384","potions_obtained":[{"floor":1.0,"key":"ColorlessPotion"},{"floor":10,"key":"AttackPotion"},{"floor":11,"key":"LifebloodPotion"}],"is_trial":false,"path_per_floor":["M","M","?","M","$","E","R","E","T","E","M","M","?","M","R","B"],"character_chosen":"DEFECT","items_purchased":["Carrot","All For One","FTL","Hologram","FocusPotion","Scrape","Runic Capacitor"],"campfire_rested":0,"item_purchase_floors":[0,0,0,0,0,5,5],"current_hp_per_floor":[75,75,75,73,73,47,47,31,31,9,9,9,9,9,9,0,0],"gold":256,"neow_bonus":"","is_daily":false,"chose_seed":false,"campfire_upgraded":2,"win_rate":0.0,"timestamp":1610167740,"path_taken":["M","M","?","?","$","E","R","E","T","E","M","M","?","?","R","BOSS"],"items_purchased_type":["Relic","Card","Card","Card","Potion","Card","Relic"],"build_version":"2020-12-22","purchased_purges":0,"victory":false,"max_hp_per_floor":[75,75,75,75,75,75,75,75,75,75,75,75,75,75,75,75,75],"card_choices":[{"not_picked":["Stack","Barrage","Panic Button"],"picked":"SKIP","floor":1.0},{"not_picked":["Chaos","Sweeping Beam","Rebound"],"picked":"SKIP","floor":2},{"not_picked":["Barrage","Redo"],"picked":"FIFO Queue","floor":4},{"not_picked":["Compile Driver","Chill"],"picked":"Crystallizer","floor":6},{"not_picked":["Turbo","Hologram","Stack"],"picked":"SKIP","floor":8},{"not_picked":["Reinforced Body","Conserve Battery"],"picked":"Cold Snap","floor":10},{"not_picked":["BasicCrystalCard","Static Discharge"],"picked":"Leap","floor":11},{"not_picked":["Steam","Doom and Gloom"],"picked":"Gash","floor":12},{"not_picked":["FIFO Queue","Tempest"],"picked":"Streamline","floor":14}],"player_experience":441017,"relics_obtained":[{"floor":6,"key":"StrikeDummy"},{"floor":8,"key":"Lantern"},{"floor":9,"key":"White Beast Statue"},{"floor":10,"key":"Ornamental Fan"}],"event_choices":[{"damage_healed":0,"gold_gain":0,"player_choice":"Trade","damage_taken":0,"relics_obtained":["SsserpentHead"],"max_hp_gain":0,"max_hp_loss":0,"event_name":"FaceTrader","floor":3,"gold_loss":0},{"damage_healed":0,"gold_gain":0,"cards_transformed":["Strike_B"],"player_choice":"Transformed","damage_taken":0,"max_hp_gain":0,"max_hp_loss":0,"event_name":"Transmorgrifier","floor":13,"gold_loss":0,"cards_obtained":["Aggregate"]}],"is_beta":false,"boss_relics":[],"items_purged_floors":[],"is_endless":false,"potions_floor_spawned":[1,10,11,12,14],"killed_by":"Slime Boss","ascension_level":5}}