{"host":"m5bsg12zcyqnofur","time":1610171790,"event":{"mods":["BaseMod","BetterRewards","Colored Powertips","Downfall","Highlight Path","Minty Spire (QoL Compilation)","Quick Restart","Replay The Spire","Shop Mod","StSLib"],"gold_per_floor":[112,112,123,23,43,77,77,89,142,172,187,217,217,217,217,319,319,332,232,243,342,342,373,373,373,373],"floor_reached":25,"playtime":2030,"items_purged":["Strike_R","Strike_R","Strike_R"],"score":356,"play_id":"8f6e5e1e-6a5a-4ce8-a6a1-a3ba91f764ab","local_time":"20210108235630","is_ascension_mode":true,"campfire_choices":[{"data":"ReplayTheSpireMod:Muscle Training","floor":7,"key":"SMITH"},{"data":"Spot Weakness","floor":15,"key":"SMITH"},{"data":"Demon Form","floor":24,"key":"SMITH"}],"circlet_count":0,"master_deck":["Strike_R","Defend_R","Defend_R","Defend_R","Defend_R","Bash","Seeing Red","Self Repair+1","Beam Cell","Spot Weakness+1","ReplayTheSpireMod:Muscle Training+1","Inflame","Brutality","Dropkick","Demon Form+1","Sword Boomerang"],"relics":["CaptainsWheel","Iron Core","Bottled Flame","Toy Ornithopter","The Courier","Painkiller Herb","Bottled Lightning"],"acts_visited":["Exordium","TheCity"],"potions_floor_usage":[10,16,16,16,23],"damage_taken":[{"damage":0,"enemies":"2 Louse","floor":1,"turns":3},{"damage":10,"enemies":"Small Slimes","floor":3,"turns":4},{"damage":3,"enemies":"Jaw Worm","floor":5,"turns":4},{"damage":4,"enemies":"Replay:BlueRogue","floor":6,"turns":6},{"damage":8,"enemies":"Blue Slaver","floor":8,"turns":3},{"damage":14,"enemies":"Gremlin Nob","floor":10,"turns":3},{"damage":10,"enemies":"2 Fungi Beasts","floor":11,"turns":4},{"damage":18,"enemies":"Lagavulin","floor":12,"turns":5},{"damage":35,"enemies":"Hexaghost","floor":16,"turns":6},{"damage":32,"enemies":"3 Byrds","floor":18,"turns":6},{"damage":15,"enemies":"Shell Parasite","floor":20,"turns":4},{"damage":38,"enemies":"Book of Stabbing","floor":23,"turns":6},{"damage":35,"enemies":"Sentry and Sphere","floor":25,"turns":6}],"seed_played":"-4339657298864234997","potions_obtained":[{"floor":3,"key":"Weak Potion"},{"floor":5,"key":"SkillPotion"},{"floor":8,"key":"champ:CounterPotion"},{"floor":11,"key":"Strength Potion"},{"floor":16,"key":"SpeedPotion"},{"floor":18,"key":"Venom Potion"}],"is_trial":false,"path_per_floor":["M","?","M","$","M","E","R","M","T","E","M","E","?","?","R","B",null,"?","T","?","?","?","E","T","?"],"character_chosen":"IRONCLAD","items_purchased":[],"campfire_rested":0,"item_purchase_floors":[],"current_hp_per_floor":[70,70,70,70,77,80,80,72,72,68,68,60,60,65,65,55,85,63,63,58,58,58,35,35,0,0],"gold":373,"neow_bonus":"","is_daily":false,"chose_seed":false,"campfire_upgraded":3,"win_rate":0.0,"timestamp":1610171790,"path_taken":["M","?","M","$","M","E","R","M","T","E","M","E","?","?","R","BOSS","?","T","?","?","?","E","T","?"],"items_purchased_type":[],"build_version":"2020-12-22","purchased_purges":3,"victory":false,"max_hp_per_floor":[80,80,80,80,80,80,80,80,80,80,80,80,80,85,85,85,85,85,85,85,85,85,85,85,85,85],"card_choices":[{"not_picked":["Perfected Strike","Shrug It Off"],"picked":"Seeing Red","floor":1},{"not_picked":["Thunderclap","Battle Trance"],"picked":"Beam Cell","floor":3},{"not_picked":["Intimidate","ReplayTheSpireMod:GoodbyeWorld"],"picked":"Spot Weakness","floor":5},{"not_picked":["Headbutt","Rebound"],"picked":"ReplayTheSpireMod:Muscle Training","floor":6},{"not_picked":["Flex","Beam Cell"],"picked":"Inflame","floor":8},{"not_picked":["Perfected Strike","Turbo"],"picked":"Brutality","floor":10},{"not_picked":["True Grit","Wild Strike"],"picked":"Dropkick","floor":11},{"not_picked":["Perfected Strike","Rebound","Pommel Strike"],"picked":"SKIP","floor":12},{"not_picked":["Limit Break","Bludgeon"],"picked":"Demon Form","floor":16},{"not_picked":["Anger+1","Clothesline","ReplayTheSpireMod:Limb From Limb"],"picked":"SKIP","floor":18},{"not_picked":["True Grit+1","Iron Wave","Anger"],"picked":"SKIP","floor":20},{"not_picked":["Body Slam+1","Entrench"],"picked":"Sword Boomerang","floor":23}],"player_experience":105702,"relics_obtained":[{"floor":6,"key":"Bottled Flame"},{"floor":10,"key":"Toy Ornithopter"},{"floor":12,"key":"The Courier"},{"floor":23,"key":"Bottled Lightning"}],"event_choices":[{"cards_removed":["Strike_R"],"damage_healed":0,"gold_gain":0,"player_choice":"Forget","damage_taken":0,"max_hp_gain":0,"max_hp_loss":0,"event_name":"Living Wall","floor":13,"gold_loss":0},{"damage_healed":0,"gold_gain":0,"player_choice":"Donut","damage_taken":0,"max_hp_gain":5,"max_hp_loss":0,"event_name":"Big Fish","floor":14,"gold_loss":0},{"damage_healed":0,"gold_gain":99,"player_choice":"Stole From Cult","damage_taken":0,"max_hp_gain":0,"max_hp_loss":0,"event_name":"Nest","floor":21,"gold_loss":0},{"damage_healed":0,"gold_gain":0,"player_choice":"Ignored","damage_taken":0,"max_hp_gain":0,"max_hp_loss":0,"event_name":"Ghosts","floor":22,"gold_loss":0}],"is_beta":false,"boss_relics":[{"not_picked":["ChewingGum","Cursed Key"],"picked":"Painkiller Herb"}],"items_purged_floors":[0,4,19],"is_endless":false,"potions_floor_spawned":[3,5,8,11,12,16,18],"killed_by":"Sentry and Sphere","ascension_level":1}}