{"host":"nn8dnwg7qu5hzjj2","time":1610158362,"event":{"mods":["AchievementEnabler","BaseMod","Better Match","Better Note","Better Sensory Stone","Better Vampires","Card Forge","Colored Map","Colored Powertips","Data Control","Highlight Path","Infinite Spire","Minty Spire (QoL Compilation)","Permanent Neow","Relic Filter","Replay The Spire","Shop Mod","StSLib","Synergy Search","The Jungle","Transform Curses"],"gold_per_floor":[218,231,244,244,260,260,279,294,294,294,308,880,659,672,672,777,777,797,809,809,809,809,809,834,834,857,857,857,857,1057,1086,1086,1185,1185,1197,890,910,923,1000,1096,1096,1185,1185,1185,1278,1394,1394,1529,1529,1726,1726,1853,1989,1767,1900,1425,1425,1425,1527,1527,1642,1642,1642,1642,1710,1710,1913,1913,2054,2136,2286,2451,2620,2818,2818,3019,3069,3310,3549,3819,3562,3562,3562,3892,3892,4164,4164,4164,4210,4497,4822,4822,4870,4870,4644,4954,5290,5290,5644,5644,6128,6128,6539,6982,6982,6982,7006,7491,7491,7183,7229,7229,7715,8229,8777,9363,9363,10072,10072,10744,10744,11453,12208,12208,12208,13014,13014,13064,13064,13064,13926,14840,15818,15,117,117,143,143,143,163,186,232,231,231,231,231,257,284,300,334,334,328,328],"floor_reached":152,"playtime":2431,"items_purged":[],"score":3330,"play_id":"4a5ec7be-d26d-4b88-b262-c4199c2b823d","local_time":"20210108191242","is_ascension_mode":false,"campfire_choices":[{"data":"Strike_R","floor":6,"key":"SMITH"},{"floor":15,"key":"DIG"},{"floor":23,"key":"REST"},{"data":"Warcry","floor":25,"key":"SMITH"},{"data":"Clothesline","floor":27,"key":"SMITH"},{"data":"Impervious","floor":29,"key":"SMITH"},{"data":"Fiend Fire","floor":32,"key":"SMITH"},{"floor":41,"key":"REST"},{"floor":49,"key":"REST"},{"data":"Searing Blow+1","floor":57,"key":"SMITH"},{"floor":63,"key":"REST"},{"floor":66,"key":"REST"},{"floor":75,"key":"REST"},{"floor":83,"key":"DIG"},{"floor":92,"key":"REST"},{"floor":98,"key":"REST"},{"data":"Choke","floor":98,"key":"SMITH"},{"data":"Reboot","floor":100,"key":"SMITH"},{"data":"Compile Driver","floor":109,"key":"SMITH"},{"floor":112,"key":"REST"},{"data":"Darkness","floor":112,"key":"SMITH"},{"data":"Carnage","floor":117,"key":"SMITH"},{"data":"Thunderclap+1","floor":125,"key":"PURGE"},{"floor":127,"key":"REST"},{"data":"Searing Blow+8","floor":127,"key":"SMITH"},{"data":"Searing Blow+9","floor":130,"key":"SMITH"},{"data":"Pot Of Greed","floor":134,"key":"SMITH"},{"floor":151,"key":"DIG"}],"circlet_count":0,"master_deck":["Impervious+1","Searing Blow+10","Exhume+1","Exhume+1","infinitespire:NeuralNetwork+1","infinitespire:Punishment+1","Darkness+1","ReplayTheSpireMod:Chaos Vortex+1","betterMatch:CurseCard","betterMatch:CurseCard","betterMatch:CurseCard","betterMatch:CurseCard","Pot Of Greed","Pot Of Greed+1","J.A.X.+1","betterMatch:CurseCard","Pot Of Greed","Pot Of Greed+1","Pot Of Greed+1","Violence","Clash+1","True Grit+1","infinitespire:Pacifist","Body Slam","Turbo+1","Jack Of All Trades+1","Go for the Eyes+1","Flex","Cleave+1","Dark Shackles","Pot Of Greed","Thinking Ahead","Gash","Fission"],"relics":["Black Blood","Hammer of Thor","Seething Fire","Anvil of the Gods","Onion Ring","Replay:Mystery Machine","Replay:Rubber Ducky","Membership Card","Frozen Egg 2","Toy Ornithopter","Bag of Preparation","Sling","Centennial Puzzle","Nloth\u0027s Gift","MealTicket","Pen Nib","Art of War","Lizard Tail","Guide Book","Strawberry","infinitespire:EvilPickle","infinitespire:Satchel","Matryoshka","Vajra","ReplayTheSpireMod:Ring of Collecting","ReplayTheSpireMod:Ring of Addiction","SacredBark","White Beast Statue","Tiny Chest","Runic Pyramid","Blood Vial","Juzu Bracelet","PrismaticShard","Peace Pipe","Omamori","Ring of Panic","Meat on the Bone","Ancient Tea Set","Busted Crown","infinitespire:Cubic Diamond","Ring of Searing","infinitespire:Eraser","Velvet Choker","ReplayTheSpireMod:Ring of Sloth","Snack Pack","Red Skull","Ring of Greed","Bottled Flame","Blue Doll","MawBank","Oddly Smooth Stone","Replay:Kaleidoscope","Pantograph","Whetstone","Cauldron","Replay:Bandana","SlaversCollar","Smiling Mask","Kintsugi","Ring of Peace","Boot","Ring of Hypnosis","Regal Pillow","ReplayFunnel","infinitespire:Magic Flask","Ring of Misfortune","Quantum Egg","Gremlin Food","King of Hearts","Toolbox","infinitespire:Burning Sword","ReplayTheSpireMod:Ring of Challenge","infinitespire:PuzzleCube","Divine Protection","Pondfish Scales","PreservedInsect","Brimstone","Ring of Fury","Happy Flower","Empty Cage","ReplayTheSpireMod:Ring of Exchange","Grinning Jar","DollysMirror","Kunai","HornCleat","ReplayTheSpireMod:TigerMarble","Orrery","War Paint","Nunchaku","Bronze Scales"],"acts_visited":["Exordium","TheCity","TheBeyond","Exordium","TheCity","TheBeyond","Exordium","TheCity","TheBeyond"],"potions_floor_usage":[101,101,120],"damage_taken":[{"damage":0,"enemies":"Small Slimes","floor":1,"turns":1},{"damage":0,"enemies":"Cultist","floor":2,"turns":1},{"damage":0,"enemies":"Jaw Worm","floor":3,"turns":1},{"damage":0,"enemies":"Gremlin Gang","floor":5,"turns":1},{"damage":0,"enemies":"Exordium Wildlife","floor":7,"turns":1},{"damage":0,"enemies":"Blue Slaver","floor":8,"turns":1},{"damage":0,"enemies":"Lots of Slimes","floor":11,"turns":1},{"damage":0,"enemies":"Looter","floor":14,"turns":1},{"damage":3,"enemies":"Slime Boss","floor":16,"turns":1},{"damage":0,"enemies":"Spheric Guardian","floor":18,"turns":1},{"damage":0,"enemies":"Chosen","floor":19,"turns":1},{"damage":0,"enemies":"Centurion and Healer","floor":21,"turns":1},{"damage":0,"enemies":"Snake Plant","floor":22,"turns":1},{"damage":0,"enemies":"Nightmare","floor":24,"turns":1},{"damage":0,"enemies":"Cultist and Chosen","floor":28,"turns":1},{"damage":0,"enemies":"Slavers","floor":31,"turns":1},{"damage":0,"enemies":"Pondfish","floor":33,"turns":2},{"damage":0,"enemies":"Orb Walker","floor":35,"turns":1},{"damage":0,"enemies":"3 Shapes","floor":37,"turns":1},{"damage":0,"enemies":"Spire Growth","floor":38,"turns":1},{"damage":0,"enemies":"Transient","floor":39,"turns":3},{"damage":0,"enemies":"Nightmare","floor":40,"turns":1},{"damage":0,"enemies":"3 Darklings","floor":42,"turns":1},{"damage":0,"enemies":"Writhing Mass","floor":45,"turns":1},{"damage":0,"enemies":"R_Hoarder","floor":46,"turns":1},{"damage":0,"enemies":"Donu and Deca","floor":50,"turns":1},{"damage":0,"enemies":"Cultist","floor":52,"turns":1},{"damage":0,"enemies":"Small Slimes","floor":53,"turns":1},{"damage":0,"enemies":"2 Louse","floor":55,"turns":1},{"damage":0,"enemies":"2 Fungi Beasts","floor":59,"turns":1},{"damage":0,"enemies":"Lots of Slimes","floor":61,"turns":1},{"damage":12,"enemies":"Fading Forest","floor":67,"turns":3},{"damage":0,"enemies":"Chosen","floor":69,"turns":1},{"damage":0,"enemies":"3 Byrds","floor":71,"turns":1},{"damage":0,"enemies":"Snake Plant","floor":72,"turns":1},{"damage":0,"enemies":"Snecko","floor":73,"turns":1},{"damage":0,"enemies":"Book of Stabbing","floor":74,"turns":1},{"damage":0,"enemies":"Chosen and Byrds","floor":76,"turns":1},{"damage":0,"enemies":"Gremlin Leader","floor":78,"turns":1},{"damage":0,"enemies":"Shelled Parasite and Fungi","floor":79,"turns":1},{"damage":0,"enemies":"Book of Stabbing","floor":80,"turns":1},{"damage":0,"enemies":"Champ","floor":84,"turns":1},{"damage":0,"enemies":"Orb Walker","floor":86,"turns":1},{"damage":0,"enemies":"3 Darklings","floor":90,"turns":1},{"damage":0,"enemies":"R_Hoarder","floor":91,"turns":1},{"damage":0,"enemies":"Mind Bloom Boss Battle","floor":93,"turns":1},{"damage":0,"enemies":"Spire Growth","floor":96,"turns":1},{"damage":0,"enemies":"Writhing Mass","floor":97,"turns":1},{"damage":0,"enemies":"4 Shapes","floor":99,"turns":1},{"damage":6,"enemies":"Replay:Hell Engine","floor":101,"turns":3},{"damage":0,"enemies":"Cultist","floor":103,"turns":1},{"damage":0,"enemies":"Jaw Worm","floor":104,"turns":1},{"damage":0,"enemies":"Nightmare","floor":108,"turns":1},{"damage":0,"enemies":"Small Slimes","floor":113,"turns":1},{"damage":0,"enemies":"3 Louse","floor":114,"turns":1},{"damage":0,"enemies":"Lots of Slimes","floor":115,"turns":1},{"damage":0,"enemies":"Exordium Thugs","floor":116,"turns":1},{"damage":0,"enemies":"Fading Forest","floor":118,"turns":3},{"damage":0,"enemies":"3 Byrds","floor":120,"turns":1},{"damage":0,"enemies":"Chosen","floor":122,"turns":1},{"damage":0,"enemies":"3 Cultists","floor":123,"turns":1},{"damage":0,"enemies":"Shelled Parasite and Fungi","floor":126,"turns":1},{"damage":0,"enemies":"Centurion and Healer","floor":131,"turns":1},{"damage":0,"enemies":"Chosen and Byrds","floor":132,"turns":1},{"damage":0,"enemies":"Cultist and Chosen","floor":133,"turns":1},{"damage":0,"enemies":"Automaton","floor":135,"turns":2},{"damage":0,"enemies":"3 Shapes","floor":137,"turns":1},{"damage":0,"enemies":"3 Darklings","floor":140,"turns":1},{"damage":0,"enemies":"Spire Growth","floor":141,"turns":1},{"damage":0,"enemies":"R_Hoarder","floor":142,"turns":1},{"damage":0,"enemies":"Jaw Worm Horde","floor":143,"turns":1},{"damage":0,"enemies":"Nightmare","floor":147,"turns":1},{"damage":0,"enemies":"4 Shapes","floor":148,"turns":1},{"damage":0,"enemies":"Sphere and 2 Shapes","floor":149,"turns":1},{"damage":0,"enemies":"Transient","floor":150,"turns":1},{"damage":10,"enemies":"Donu and Deca","floor":152,"turns":3}],"seed_played":"-421971820872648311","potions_obtained":[{"floor":3,"key":"BlessingOfTheForge"},{"floor":5,"key":"PowerPotion"},{"floor":8,"key":"Doom Potion"},{"floor":14,"key":"Fire Potion"},{"floor":18,"key":"DuplicationPotion"},{"floor":33,"key":"Doom Potion"},{"floor":35,"key":"infinitespire:BlackPotion"},{"floor":81,"key":"LiquidMemories"},{"floor":81,"key":"Ancient Potion"},{"floor":81,"key":"Fruit Juice"},{"floor":81,"key":"Cursed Concoction"},{"floor":81,"key":"Doom Potion"},{"floor":103,"key":"Block Potion"},{"floor":106,"key":"Doom Potion"},{"floor":120,"key":"Adrenaline Potion"}],"is_trial":false,"path_per_floor":["M","M","M","$","M","R","M","M","T","?","M","$","$","M","R_BF","B",null,"M","M","?","M","M","R","NM","R","T","R","M","R","?","E","R","B",null,"M","$","M","M","M","NM","R","M","T","?","M","E","?","?","R","B",null,"M","M","$","M","?","R","?","M","T","M","AVR","R","?","T","R","B",null,"M","T","M","M","M","E","R","M","T","E","M","E","$","?","R_BF","B",null,"M","AVR","T","T","M","E","R","?","T","$","M","M","R","M","R","B",null,"M","M","?","?","T","NM","R","$","T","R","M","M","M","M","R","B",null,"M","?","M","M","?","R","M","R","T","?","R","M","M","M","R","B",null,"M","T","?","M","M","E","M","AVR","T","?","NM","M","M","M","R_BF","B"],"character_chosen":"IRONCLAD","items_purchased":["Replay:Rubber Ducky","Membership Card","Frozen Egg 2","Toy Ornithopter","Bag of Preparation","Sling","Lizard Tail","Guide Book","Strawberry","Blood Vial","Juzu Bracelet","PrismaticShard","Pantograph","Whetstone","Cauldron","Gremlin Food","King of Hearts","Toolbox","Pondfish Scales","PreservedInsect","Brimstone"],"campfire_rested":10,"item_purchase_floors":[12,12,12,13,13,13,36,36,36,54,54,54,81,81,81,95,95,95,110,110,110],"current_hp_per_floor":[80,80,80,80,80,80,80,80,80,80,80,80,80,80,80,80,80,80,80,80,80,80,80,80,80,80,80,80,80,80,80,80,80,80,80,87,87,87,87,87,87,87,87,76,87,87,87,53,79,87,85,85,85,83,83,83,81,78,81,79,79,79,77,77,77,75,75,75,73,73,73,71,71,71,69,69,69,67,67,67,65,65,65,63,63,63,61,61,61,59,59,59,57,57,57,55,55,55,53,53,53,53,53,53,51,51,51,49,49,49,47,47,47,45,45,45,43,43,43,41,36,46,46,44,44,17,15,15,15,13,13,13,11,11,11,3,3,3,1,1,1,1,1,1,1,1,1,1,1,1,1,0,0],"gold":328,"neow_bonus":"HUNDRED_GOLD","is_daily":false,"chose_seed":false,"campfire_upgraded":14,"win_rate":0.0,"timestamp":1610158362,"path_taken":["M","M","M","$","M","R","M","M","T","?","M","?","$","M","R_BF","BOSS","M","M","?","M","M","R","NM","R","T","R","?","R","?","E","R","BOSS","M","$","M","?","M","NM","R","M","T","?","M","E","?","?","R","BOSS","M","M","$","M","?","R","?","M","T","M","AVR","R","?","?","R","BOSS","M","?","M","M","M","E","R","M","T","E","M","E","$","?","R_BF","BOSS","M","AVR","?","?","M","E","R","?","T","$","M","M","R","M","R","BOSS","M","M","?","?","?","NM","R","$","T","R","M","M","M","M","R","BOSS","M","?","M","M","?","R","M","R","T","?","R","M","M","M","R","BOSS","M","?","?","M","M","E","M","AVR","T","?","NM","M","M","M","R_BF","BOSS"],"items_purchased_type":["Relic","Relic","Relic","Relic","Relic","Relic","Relic","Relic","Relic","Relic","Relic","Relic","Relic","Relic","Relic","Relic","Relic","Relic","Relic","Relic","Relic"],"build_version":"2020-12-22","purchased_purges":0,"victory":false,"max_hp_per_floor":[80,80,80,80,80,80,80,80,80,80,80,80,80,80,80,80,80,80,80,80,80,80,80,80,80,80,80,80,80,80,80,80,80,80,80,87,87,87,87,87,87,87,87,87,87,87,87,87,87,87,85,85,85,83,83,83,81,81,81,79,79,79,77,77,77,75,75,75,73,73,73,71,71,71,69,69,69,67,67,67,65,65,65,63,63,63,61,61,61,59,59,59,57,57,57,55,55,55,53,53,53,53,53,53,51,51,51,49,49,49,47,47,47,45,45,45,43,43,43,41,46,46,46,44,44,17,15,15,15,13,13,13,11,11,11,3,3,3,1,1,1,1,1,1,1,1,1,1,1,1,1,1,1],"card_choices":[{"not_picked":["Cleave","Heavy Blade"],"picked":"Thunderclap","floor":1},{"not_picked":["Sword Boomerang","Dark Embrace"],"picked":"Body Slam","floor":2},{"not_picked":["Clothesline","Flex"],"picked":"Sever Soul","floor":3},{"not_picked":["Wild Strike","Intimidate"],"picked":"Iron Wave","floor":5},{"not_picked":["Blood for Blood","Body Slam"],"picked":"Shrug It Off","floor":7},{"not_picked":["Rupture","infinitespire:OneForAll"],"picked":"Bloodletting","floor":8},{"not_picked":["Second Wind","Body Slam"],"picked":"Clothesline","floor":11},{"not_picked":["Spot Weakness","Intimidate"],"picked":"Warcry","floor":14},{"not_picked":["Bludgeon","Brutality+1"],"picked":"Impervious","floor":16},{"not_picked":["Battle Trance","Iron Wave"],"picked":"Body Slam","floor":18},{"not_picked":["Anger","infinitespire:OneForAll"],"picked":"Pummel","floor":19},{"not_picked":["Clothesline","Battle Trance","Warcry"],"picked":"SKIP","floor":21},{"not_picked":["Intimidate","Bloodletting","Dark Embrace+1"],"picked":"SKIP","floor":22},{"not_picked":["ReplayTheSpireMod:Chaos Vortex","infinitespire:SevenWalls"],"picked":"ReplayTheSpireMod:??????????????????????","floor":24},{"not_picked":["Searing Blow","Evolve+1"],"picked":"Exhume","floor":24},{"not_picked":["Thunderclap","Armaments","Feed"],"picked":"SKIP","floor":28},{"not_picked":["Limit Break","Second Wind"],"picked":"Fiend Fire","floor":31},{"not_picked":["Demon Form+1","Bludgeon"],"picked":"Exhume","floor":33},{"not_picked":["Shrug It Off","Hemokinesis"],"picked":"Iron Wave+1","floor":35},{"not_picked":["Thunderclap","Wild Strike+1"],"picked":"Armaments","floor":37},{"not_picked":["Flex+1","Anger+1"],"picked":"Cleave","floor":38},{"not_picked":["Shrug It Off","Headbutt"],"picked":"Disarm+1","floor":39},{"not_picked":["Armaments","Feed"],"picked":"Second Wind","floor":40},{"not_picked":["Pommel Strike","Warcry"],"picked":"Whirlwind","floor":42},{"not_picked":["Body Slam+1","Whirlwind+1"],"picked":"Dropkick","floor":45},{"not_picked":["Rage+1","Infernal Blade+1"],"picked":"Brutality+1","floor":46},{"not_picked":["Uppercut","Iron Wave+1"],"picked":"Pommel Strike","floor":48},{"not_picked":["Ghostly Armor","Uppercut"],"picked":"Anger","floor":48},{"not_picked":["Corruption+1","Bludgeon"],"picked":"Offering","floor":50},{"not_picked":["Ghostly Armor","Flex"],"picked":"Anger","floor":52},{"not_picked":["Rupture+1","Warcry"],"picked":"Rampage","floor":53},{"not_picked":["Storm+1","Terror"],"picked":"Brilliance","floor":55},{"not_picked":["infinitespire:FinalStrike","infinitespire:Menacing"],"picked":"infinitespire:NeuralNetwork","floor":56},{"not_picked":["Adaptation+1","Escape Plan"],"picked":"Steam","floor":59},{"not_picked":["Perfected Strike","FlyingSleeves"],"picked":"Gash","floor":61},{"not_picked":[],"picked":"Berserk+1","floor":67},{"not_picked":["Leap"],"picked":"SKIP","floor":69},{"not_picked":[],"picked":"Thunderclap+1","floor":71},{"not_picked":[],"picked":"Disarm","floor":72},{"not_picked":[],"picked":"Backflip+1","floor":73},{"not_picked":[],"picked":"Glass Knife","floor":74},{"not_picked":[],"picked":"Dagger Throw","floor":76},{"not_picked":[],"picked":"Die Die Die","floor":78},{"not_picked":[],"picked":"Darkness","floor":79},{"not_picked":[],"picked":"Choke","floor":80},{"not_picked":[],"picked":"Reboot","floor":84},{"not_picked":[],"picked":"Backflip","floor":86},{"not_picked":["infinitespire:SevenWalls","infinitespire:Oblivion"],"picked":"ReplayTheSpireMod:Chaos Vortex","floor":90},{"not_picked":[],"picked":"Carnage","floor":90},{"not_picked":[],"picked":"Crippling Poison+1","floor":91},{"not_picked":[],"picked":"Rip and Tear","floor":93},{"not_picked":[],"picked":"Blur","floor":96},{"not_picked":[],"picked":"Thunderclap+1","floor":97},{"not_picked":[],"picked":"Compile Driver","floor":99},{"not_picked":[],"picked":"Night Terror","floor":101},{"not_picked":[],"picked":"Slice","floor":103},{"not_picked":[],"picked":"Replay:BluntJabs","floor":104},{"not_picked":[],"picked":"Dagger Spray","floor":108},{"not_picked":[],"picked":"Footwork+1","floor":113},{"not_picked":[],"picked":"Fiend Fire","floor":114},{"not_picked":[],"picked":"Prostrate","floor":115},{"not_picked":[],"picked":"Blade Dance","floor":116},{"not_picked":[],"picked":"Brilliance","floor":118},{"not_picked":[],"picked":"Leg Sweep","floor":120},{"not_picked":[],"picked":"Cold Snap+1","floor":122},{"not_picked":[],"picked":"PathToVictory","floor":123},{"not_picked":[],"picked":"Consecrate","floor":126},{"not_picked":[],"picked":"Deflect","floor":131},{"not_picked":[],"picked":"Thunder Strike","floor":132},{"not_picked":[],"picked":"Battle Trance","floor":133},{"not_picked":[],"picked":"Grand Finale","floor":135},{"not_picked":[],"picked":"Violence","floor":137},{"not_picked":[],"picked":"Clash+1","floor":140},{"not_picked":[],"picked":"True Grit+1","floor":141},{"not_picked":[],"picked":"Body Slam","floor":142},{"not_picked":["Shockwave"],"picked":"SKIP","floor":143},{"not_picked":[],"picked":"Turbo+1","floor":144},{"not_picked":[],"picked":"Jack Of All Trades+1","floor":144},{"not_picked":[],"picked":"Go for the Eyes+1","floor":144},{"not_picked":[],"picked":"Flex","floor":144},{"not_picked":[],"picked":"Cleave+1","floor":144},{"not_picked":[],"picked":"Dark Shackles","floor":146},{"not_picked":[],"picked":"Thinking Ahead","floor":146},{"not_picked":["Replay:ManipulateFuture"],"picked":"SKIP","floor":147},{"not_picked":[],"picked":"Gash","floor":148},{"not_picked":[],"picked":"Fission","floor":149},{"not_picked":["Self Repair+1"],"picked":"SKIP","floor":150}],"player_experience":121950,"relics_obtained":[{"floor":9,"key":"Onion Ring"},{"floor":15,"key":"Centennial Puzzle"},{"floor":24,"key":"MealTicket"},{"floor":26,"key":"Pen Nib"},{"floor":31,"key":"Art of War"},{"floor":40,"key":"infinitespire:Satchel"},{"floor":43,"key":"Matryoshka"},{"floor":46,"key":"Vajra"},{"floor":47,"key":"ReplayTheSpireMod:Ring of Collecting"},{"floor":47,"key":"ReplayTheSpireMod:Ring of Addiction"},{"floor":47,"key":"SacredBark"},{"floor":47,"key":"White Beast Statue"},{"floor":48,"key":"Tiny Chest"},{"floor":60,"key":"Omamori"},{"floor":60,"key":"Ring of Panic"},{"floor":60,"key":"Meat on the Bone"},{"floor":65,"key":"Ring of Searing"},{"floor":65,"key":"infinitespire:Eraser"},{"floor":70,"key":"ReplayTheSpireMod:Ring of Sloth"},{"floor":70,"key":"Snack Pack"},{"floor":74,"key":"Red Skull"},{"floor":77,"key":"Ring of Greed"},{"floor":77,"key":"Bottled Flame"},{"floor":77,"key":"Blue Doll"},{"floor":77,"key":"MawBank"},{"floor":78,"key":"Oddly Smooth Stone"},{"floor":80,"key":"Replay:Kaleidoscope"},{"floor":83,"key":"Replay:Bandana"},{"floor":88,"key":"Ring of Peace"},{"floor":88,"key":"Boot"},{"floor":89,"key":"Ring of Hypnosis"},{"floor":89,"key":"Regal Pillow"},{"floor":91,"key":"ReplayFunnel"},{"floor":93,"key":"infinitespire:Magic Flask"},{"floor":94,"key":"Ring of Misfortune"},{"floor":94,"key":"Quantum Egg"},{"floor":107,"key":"ReplayTheSpireMod:Ring of Challenge"},{"floor":107,"key":"infinitespire:PuzzleCube"},{"floor":108,"key":"Divine Protection"},{"floor":111,"key":"Ring of Fury"},{"floor":111,"key":"Happy Flower"},{"floor":128,"key":"ReplayTheSpireMod:Ring of Exchange"},{"floor":128,"key":"Grinning Jar"},{"floor":138,"key":"Kunai"},{"floor":142,"key":"HornCleat"},{"floor":145,"key":"War Paint"},{"floor":147,"key":"Nunchaku"},{"floor":151,"key":"Bronze Scales"}],"event_choices":[{"damage_healed":0,"gold_gain":0,"player_choice":"Gave Potion","damage_taken":0,"relics_obtained":["Replay:Mystery Machine"],"max_hp_gain":0,"max_hp_loss":0,"event_name":"WeMeetAgain","floor":10,"gold_loss":0},{"damage_healed":0,"gold_gain":0,"player_choice":"Traded Relic","damage_taken":0,"relics_obtained":["Nloth\u0027s Gift"],"max_hp_gain":0,"max_hp_loss":0,"event_name":"N\u0027loth","floor":20,"relics_lost":["Astrolabe"],"gold_loss":0},{"damage_healed":0,"gold_gain":200,"player_choice":"Gold","damage_taken":0,"max_hp_gain":0,"max_hp_loss":0,"event_name":"Wheel of Change","floor":30,"gold_loss":0},{"damage_healed":0,"gold_gain":0,"player_choice":"Embrace Madness","damage_taken":11,"max_hp_gain":0,"max_hp_loss":0,"event_name":"Winding Halls","floor":44,"gold_loss":0,"cards_obtained":["Madness","Madness"]},{"damage_healed":0,"gold_gain":0,"player_choice":"Success","damage_taken":3,"relics_obtained":["Peace Pipe"],"max_hp_gain":0,"max_hp_loss":0,"event_name":"Scrap Ooze","floor":58,"gold_loss":0},{"damage_healed":0,"gold_gain":0,"player_choice":"Got Potions","damage_taken":0,"max_hp_gain":0,"max_hp_loss":0,"event_name":"Lab","floor":82,"gold_loss":0},{"damage_healed":0,"gold_gain":0,"player_choice":"Fight","damage_taken":0,"max_hp_gain":0,"max_hp_loss":0,"event_name":"MindBloom","floor":93,"gold_loss":0},{"damage_healed":0,"gold_gain":0,"player_choice":"Got Potions","damage_taken":0,"max_hp_gain":0,"max_hp_loss":0,"event_name":"Lab","floor":106,"gold_loss":0},{"damage_healed":0,"gold_gain":0,"player_choice":"Shed Blood","damage_taken":10,"max_hp_gain":5,"max_hp_loss":0,"event_name":"Forgotten Altar","floor":121,"gold_loss":0},{"cards_removed":["Pain"],"damage_healed":0,"gold_gain":0,"player_choice":"Elegance","damage_taken":0,"max_hp_gain":0,"max_hp_loss":0,"event_name":"Back to Basics","floor":124,"gold_loss":0},{"damage_healed":0,"gold_gain":0,"player_choice":"Obtain J.A.X.","damage_taken":0,"max_hp_gain":0,"max_hp_loss":0,"event_name":"Drug Dealer","floor":129,"gold_loss":0,"cards_obtained":["J.A.X."]},{"damage_healed":0,"gold_gain":0,"player_choice":"Ignored","damage_taken":0,"max_hp_gain":0,"max_hp_loss":0,"event_name":"Mysterious Sphere","floor":139,"gold_loss":0},{"damage_healed":0,"gold_gain":9,"player_choice":"1","damage_taken":0,"max_hp_gain":0,"max_hp_loss":0,"event_name":"betterStone:BetterStone","floor":146,"gold_loss":0}],"is_beta":false,"boss_relics":[{"not_picked":["infinitespire:Cupcake","Replay:Grab Bag"],"picked":"Astrolabe"},{"not_picked":["Velvet Choker","Replay:Ancient Bell"],"picked":"Black Blood"},{"not_picked":["Kintsugi","Abe\u0027s Treasure"],"picked":"Runic Pyramid"},{"not_picked":["Runic Cube","Pandora\u0027s Box"],"picked":"Velvet Choker"},{"not_picked":["Replay:Fungal Core","Painkiller Herb"],"picked":"SlaversCollar"},{"not_picked":["infinitespire:Cupcake","Electric Blood"],"picked":"infinitespire:Burning Sword"},{"not_picked":["Replay:Fungal Core","Fusion Hammer"],"picked":"Empty Cage"},{"not_picked":["Lee\u0027s Waffle","Replay:Grab Bag"],"picked":"DollysMirror"}],"items_purged_floors":[],"is_endless":true,"potions_floor_spawned":[3,5,8,14,16,18,22,31,33,35,40,42,46,50,52,53,55,59,61,67,69,71,72,73,74,76,78,79,80,84,86,90,91,93,96,97,99,101,103,104,108,113,114,115,116,118,120,122,123,126,131,132,133,135,137,140,141,142,143,147,148,149,150],"killed_by":"Donu and Deca","ascension_level":0}}