{"host":"hnrafgucdht3qvsp","time":1610224096,"event":{"mods":["BaseMod","Bestiary","Colored Map","Minty Spire (QoL Compilation)","Relic Stats","StSLib"],"gold_per_floor":[109,129,147,147,163,163,175,203,227,247,100,115,125,158,158,254,254,266,216,226,99,99,99,99,127,127,127,147,158,176,22,22,119,119,139,0,0,13,13,13,38,51,51,51,70,103,54,2,2,2],"floor_reached":51,"playtime":2373,"items_purged":["Strike_G"],"score":911,"play_id":"d42e22c9-9e03-460b-9113-b7a91b19b244","local_time":"20210109152816","is_ascension_mode":true,"campfire_choices":[{"data":"Crippling Poison","floor":6.0,"key":"SMITH"},{"floor":15.0,"key":"REST"},{"data":"Neutralize","floor":23,"key":"SMITH"},{"data":"Burst","floor":32,"key":"SMITH"},{"data":"Bouncing Flask","floor":40,"key":"SMITH"},{"data":"Noxious Fumes","floor":49,"key":"SMITH"}],"circlet_count":0,"master_deck":["Defend_G+1","Defend_G+1","Defend_G+1","Defend_G+1","Defend_G+1","Survivor","Neutralize+1","PiercingWail","Crippling Poison+1","Bane","Footwork","Deadly Poison","Corpse Explosion","Footwork","Backflip","Leg Sweep","Reflex","Bouncing Flask+1","Burst+1","Adrenaline","Noxious Fumes+1"],"relics":["Ring of the Serpent","Torii","Eternal Feather","Omamori","TwistedFunnel","Pen Nib","Philosopher\u0027s Stone","Orichalcum","HornCleat","Red Mask","Singing Bowl","Ancient Tea Set","Bag of Preparation"],"acts_visited":["Exordium","TheCity","TheBeyond"],"potions_floor_usage":[33,41],"damage_taken":[{"damage":1.0,"enemies":"Cultist","floor":1.0,"turns":4.0},{"damage":0.0,"enemies":"2 Louse","floor":2.0,"turns":3.0},{"damage":0.0,"enemies":"Small Slimes","floor":3.0,"turns":3.0},{"damage":2.0,"enemies":"Blue Slaver","floor":5.0,"turns":4.0},{"damage":2.0,"enemies":"Exordium Thugs","floor":7.0,"turns":5.0},{"damage":4.0,"enemies":"3 Sentries","floor":8.0,"turns":11.0},{"damage":3.0,"enemies":"Gremlin Gang","floor":10.0,"turns":3.0},{"damage":0.0,"enemies":"2 Fungi Beasts","floor":12.0,"turns":2.0},{"damage":2.0,"enemies":"Exordium Wildlife","floor":13.0,"turns":3.0},{"damage":33.0,"enemies":"Gremlin Nob","floor":14.0,"turns":5.0},{"damage":21.0,"enemies":"Slime Boss","floor":16.0,"turns":12.0},{"damage":6.0,"enemies":"3 Byrds","floor":18.0,"turns":2.0},{"damage":2.0,"enemies":"Chosen","floor":20.0,"turns":3.0},{"damage":1,"enemies":"Gremlin Leader","floor":25,"turns":6},{"damage":2,"enemies":"Shelled Parasite and Fungi","floor":28,"turns":4},{"damage":0,"enemies":"Chosen and Byrds","floor":29,"turns":6},{"damage":1,"enemies":"Snake Plant","floor":30,"turns":3},{"damage":38,"enemies":"Collector","floor":33,"turns":10},{"damage":0,"enemies":"3 Darklings","floor":35,"turns":3},{"damage":0,"enemies":"3 Shapes","floor":38,"turns":3},{"damage":10,"enemies":"Reptomancer","floor":41,"turns":6},{"damage":9,"enemies":"Transient","floor":42,"turns":5},{"damage":0,"enemies":"3 Darklings","floor":45,"turns":4},{"damage":29,"enemies":"Giant Head","floor":46,"turns":9},{"damage":39,"enemies":"Donu and Deca","floor":50,"turns":10}],"seed_played":"9119925492649265043","potions_obtained":[{"floor":3.0,"key":"PowerPotion"},{"floor":5.0,"key":"Weak Potion"},{"floor":7.0,"key":"SkillPotion"},{"floor":8.0,"key":"EssenceOfSteel"},{"floor":14.0,"key":"BlessingOfTheForge"},{"floor":25,"key":"CunningPotion"},{"floor":45,"key":"EntropicBrew"},{"floor":46,"key":"SteroidPotion"}],"is_trial":false,"path_per_floor":["M","M","M","?","M","R","M","E","T","M","$","M","M","E","R","B",null,"M","?","M","$","?","R","?","E","T","?","M","M","M","$","R","B",null,"M","?","?","M","?","R","E","M","T","$","M","E","$","?","R","B",null],"character_chosen":"THE_SILENT","items_purchased":["TwistedFunnel","Backflip","Burst","BlessingOfTheForge"],"campfire_rested":1,"item_purchase_floors":[11,21,31,47],"current_hp_per_floor":[48,48,48,48,46,46,44,40,40,37,37,37,35,2,32,11,55,49,49,47,47,47,56,56,55,55,55,53,53,52,52,64,26,59,59,59,59,59,59,70,62,55,55,55,55,28,28,28,40,1],"gold":2,"neow_bonus":"ONE_RARE_RELIC","is_daily":false,"chose_seed":false,"campfire_upgraded":5,"win_rate":0.0,"timestamp":1610224096,"path_taken":["M","M","M","?","M","R","M","E","T","M","$","?","M","E","R","BOSS","M","?","?","$","?","R","?","E","T","?","M","M","M","?","R","BOSS","M","?","?","?","?","R","E","M","T","?","M","E","$","?","R","BOSS"],"items_purchased_type":["Relic","Card","Card","Potion"],"build_version":"2020-12-22","purchased_purges":1,"victory":true,"max_hp_per_floor":[70,70,70,70,70,70,70,70,70,70,70,70,70,70,70,70,70,70,70,70,70,70,70,70,70,70,70,70,70,70,70,70,70,70,70,70,70,70,70,70,72,74,74,74,74,76,76,76,76,76],"relic_stats":{"Torii":45,"Singing Bowl":6,"counters":[25,129],"Eternal Feather":53,"Pen Nib":[7],"Bag of Preparation":[2],"Orichalcum":[78],"obtain_stats":[{"TwistedFunnel":11,"Torii":0,"Singing Bowl":41,"Eternal Feather":8,"Pen Nib":14,"Omamori":9,"Bag of Preparation":48,"Orichalcum":25,"Ancient Tea Set":46,"HornCleat":26,"Philosopher\u0027s Stone":17,"Red Mask":36,"Ring of the Serpent":34,"Ring of the Snake":0},{"TwistedFunnel":7,"Torii":0,"Singing Bowl":21,"Eternal Feather":6,"Pen Nib":10,"Omamori":6,"Bag of Preparation":24,"Orichalcum":14,"Ancient Tea Set":24,"HornCleat":14,"Philosopher\u0027s Stone":11,"Red Mask":19,"Ring of the Serpent":18,"Ring of the Snake":0},{"TwistedFunnel":33,"Torii":0,"Singing Bowl":101,"Eternal Feather":30,"Pen Nib":43,"Omamori":30,"Bag of Preparation":119,"Orichalcum":66,"Ancient Tea Set":119,"HornCleat":66,"Philosopher\u0027s Stone":55,"Red Mask":92,"Ring of the Serpent":89,"Ring of the Snake":0}]},"card_choices":[{"not_picked":["Heel Hook","Dodge and Roll"],"picked":"Poisoned Stab","floor":1.0},{"not_picked":["Terror","Cloak And Dagger","Skewer"],"picked":"SKIP","floor":2.0},{"not_picked":["Dodge and Roll","Finisher"],"picked":"PiercingWail","floor":3.0},{"not_picked":["Dagger Spray","Reflex"],"picked":"Crippling Poison","floor":5.0},{"not_picked":["Sucker Punch","Caltrops","Dodge and Roll"],"picked":"SKIP","floor":7.0},{"not_picked":["All Out Attack","Masterful Stab","Finisher"],"picked":"SKIP","floor":8.0},{"not_picked":["A Thousand Cuts","Slice"],"picked":"Bane","floor":10.0},{"not_picked":["PiercingWail","Prepared","Blur"],"picked":"SKIP","floor":12.0},{"not_picked":["Terror","Cloak And Dagger"],"picked":"Footwork","floor":13.0},{"not_picked":["Finisher","Underhanded Strike"],"picked":"Deadly Poison","floor":14.0},{"not_picked":["Envenom","Phantasmal Killer"],"picked":"Corpse Explosion","floor":16.0},{"not_picked":["Dagger Throw","Flying Knee+1"],"picked":"Footwork","floor":18.0},{"not_picked":["Dagger Spray","Deadly Poison","Choke+1"],"picked":"SKIP","floor":20.0},{"not_picked":["Backflip+1","Sucker Punch","PiercingWail"],"picked":"SKIP","floor":25},{"not_picked":["Acrobatics+1","Outmaneuver","Poisoned Stab"],"picked":"SKIP","floor":28},{"not_picked":["Predator","Skewer","Escape Plan+1"],"picked":"SKIP","floor":29},{"not_picked":["Dagger Throw+1","Sucker Punch"],"picked":"Bouncing Flask","floor":30},{"not_picked":["Doppelganger","Storm of Steel"],"picked":"Adrenaline","floor":33},{"not_picked":["Cloak And Dagger","All Out Attack","Prepared+1"],"picked":"SKIP","floor":35},{"not_picked":["Dagger Throw+1","Quick Slash","Flying Knee+1"],"picked":"SKIP","floor":38},{"not_picked":["Accuracy+1","Cloak And Dagger","Endless Agony"],"picked":"Singing Bowl","floor":41},{"not_picked":["Dagger Spray+1","Backflip+1","Infinite Blades"],"picked":"Singing Bowl","floor":42},{"not_picked":["Masterful Stab+1","Burst"],"picked":"Noxious Fumes","floor":45},{"not_picked":["Escape Plan+1","Leg Sweep+1","Heel Hook"],"picked":"Singing Bowl","floor":46}],"player_experience":396466,"relics_obtained":[{"floor":8.0,"key":"Eternal Feather"},{"floor":9.0,"key":"Omamori"},{"floor":14.0,"key":"Pen Nib"},{"floor":25,"key":"Orichalcum"},{"floor":26,"key":"HornCleat"},{"floor":41,"key":"Singing Bowl"},{"floor":46,"key":"Ancient Tea Set"}],"event_choices":[{"cards_removed":["Strike_G"],"damage_healed":0.0,"max_hp_gain":0.0,"max_hp_loss":0.0,"gold_gain":0.0,"event_name":"Purifier","player_choice":"Purged","floor":4.0,"gold_loss":0.0,"damage_taken":0.0},{"damage_healed":0.0,"max_hp_gain":0.0,"max_hp_loss":0.0,"gold_gain":0.0,"event_name":"The Joust","player_choice":"Bet on Murderer","floor":19.0,"gold_loss":50.0,"damage_taken":0.0},{"damage_healed":0,"gold_gain":0,"player_choice":"Simplicity","damage_taken":0,"max_hp_gain":0,"max_hp_loss":0,"event_name":"Back to Basics","floor":22,"gold_loss":0,"cards_upgraded":["Strike_G","Strike_G","Strike_G","Defend_G","Defend_G","Defend_G","Defend_G","Defend_G"]},{"damage_healed":0,"gold_gain":0,"cards_transformed":["Strike_G","Strike_G"],"player_choice":"Became Test Subject","damage_taken":0,"max_hp_gain":0,"max_hp_loss":0,"event_name":"Drug Dealer","floor":24,"gold_loss":0,"cards_obtained":["Leg Sweep","Reflex"]},{"damage_healed":0,"gold_gain":0,"player_choice":"Ignored","damage_taken":0,"max_hp_gain":0,"max_hp_loss":0,"event_name":"The Mausoleum","floor":27,"gold_loss":0},{"damage_healed":0,"gold_gain":0,"player_choice":"Paid","damage_taken":0,"relics_obtained":["Red Mask"],"max_hp_gain":0,"max_hp_loss":0,"event_name":"Tomb of Lord Red Mask","floor":36,"gold_loss":139},{"cards_removed":["Strike_G"],"damage_healed":0,"gold_gain":0,"player_choice":"Purged","damage_taken":0,"max_hp_gain":0,"max_hp_loss":0,"event_name":"Purifier","floor":37,"gold_loss":0},{"cards_removed":["Poisoned Stab"],"damage_healed":0,"gold_gain":0,"player_choice":"Removed Attack","damage_taken":0,"max_hp_gain":0,"max_hp_loss":0,"event_name":"Falling","floor":39,"gold_loss":0},{"damage_healed":0,"gold_gain":0,"player_choice":"Paid Gold","damage_taken":0,"relics_obtained":["Bag of Preparation"],"max_hp_gain":0,"max_hp_loss":0,"event_name":"WeMeetAgain","floor":48,"gold_loss":52}],"is_beta":false,"boss_relics":[{"not_picked":["Fusion Hammer","HoveringKite"],"picked":"Philosopher\u0027s Stone"},{"not_picked":["Coffee Dripper","WristBlade"],"picked":"Ring of the Serpent"}],"items_purged_floors":[21],"is_endless":false,"potions_floor_spawned":[3,5,7,8,14,25,45,46],"ascension_level":5}}