{"host":"cudglqt97a2fwbb6","time":1610182739,"event":{"mods":["2.2 Compatiblity","Abigail Mod","Act Like it!","Aspiration","BaseMod","BetterRewards","Colored Powertips","Downfall","Energized Spire","Gensokyo","GifTheSpireLib","HololiveMod","Infinite Spire","Jorbs\u0027s Wanderer Trilogy","KinomotoSakuraMod(????)","Koishi","KomeijiMod","Marisa????????","Minty Spire (QoL Compilation)","Relic Stats","Replay The Spire","StSLib","Stuff the Spire","The Administrix","The Animator","The Servant 0.9.4"],"gold_per_floor":[113,126,126,142,67,67,87,87,87,105,105,139,156,190,190,265,265,280,293,293,303,316,316,316,316,343,12,212,212,244,562,562,839,839,856,875,894,356,369,404,404,434,434,450,480,480,480,494,494,494,494,494,494,26,57,57],"floor_reached":57,"playtime":7204,"items_purged":["Pain","Defend_S+1","Ricochet"],"score":3988,"play_id":"d302e010-0b65-4697-a102-b1880ebccf49","local_time":"20210109095859","is_ascension_mode":true,"campfire_choices":[{"floor":6,"key":"REST"},{"data":"Barrier","floor":8,"key":"SMITH"},{"data":"Hightail","floor":15,"key":"SMITH"},{"data":"Deny","floor":23,"key":"SMITH"},{"data":"RealityMarble","floor":32,"key":"SMITH"},{"data":"MoonPhase","floor":46,"key":"SMITH"},{"floor":49,"key":"RECALL"},{"data":"MoonPhase","floor":53,"key":"SMITH"}],"circlet_count":0,"master_deck":["AscendersBane","KidneyShot","Exchange+1","MoonPhase+1","BottledTime+1","Potential","MoonPhase+1","RealityMarble+1","FloweringNight","Barrier+1","Sabotage","DualDimension","Hightail+1","FlawlessForm","SpecialFormula","Deny+1","Potential","AbeCurse","Replace","ShatteredReality","Hightail","infinitespire:NeuralNetwork","Replace","SoulSculpture","Gouge","Comet","Manipulate","Foresight+1","MoonPhase+1","Sunlight+1","Spin","Gensokyo:UnhurriedMind+1","Unruled","Rearm","ForgedInTime+1","Gouge","TimeWarp","MurderousAura+1","expansioncontent:Corrupt+1","TimeWarp+1"],"relics":["Uniform","Unceasing Top","Ice Cream","Gremlin Horn","Chemical X","Replay:PocketPolymizer","ClockworkSouvenir","Torii","StuffTheSpire:SapphireSignet","StoneCalendar","WarpedTongs","Lizard Tail","GremlinMask","Garlic","infinitespire:Cupcake","Abe\u0027s Treasure","StuffTheSpire:GrapeVine","Frozen Eye","Bag of Preparation","Replay:Grab Bag","Sozu","Replay:Bronze Core","aspiration:PoetsPen_weak","Du-Vu Doll","Golden Egg","Ancient Tea Set","aspiration:Lifesprig","Centennial Puzzle","KyoryuNoHagoromo","aspiration:HummingbirdHeart"],"acts_visited":["Exordium","Gensokyo:Gensokyoer","Gensokyo:Gensokyoest","TheEnding"],"potions_floor_usage":[13,13,30,45],"damage_taken":[{"damage":1,"enemies":"Jaw Worm","floor":1,"turns":6},{"damage":0,"enemies":"Cultist","floor":2,"turns":5},{"damage":2,"enemies":"Small Slimes","floor":4,"turns":3},{"damage":1,"enemies":"Blue Slaver","floor":7,"turns":4},{"damage":1,"enemies":"3 Louse","floor":10,"turns":4},{"damage":0,"enemies":"Lagavulin","floor":12,"turns":7},{"damage":1,"enemies":"Gremlin Gang","floor":13,"turns":6},{"damage":0,"enemies":"Replay:BlueRogue","floor":14,"turns":7},{"damage":0,"enemies":"Hexaghost","floor":16,"turns":12},{"damage":2,"enemies":"Gensokyo:3_Dogs","floor":18,"turns":7},{"damage":0,"enemies":"Gensokyo:CosmicMonolith","floor":19,"turns":7},{"damage":0,"enemies":"Gensokyo:Swordslinger","floor":21,"turns":5},{"damage":0,"enemies":"Gensokyo:3_Gloops","floor":22,"turns":5},{"damage":0,"enemies":"Nightmare","floor":30,"turns":11},{"damage":0,"enemies":"Gensokyo:Monolith_and_Dog","floor":31,"turns":5},{"damage":0,"enemies":"Gensokyo:Eternal_Rivals","floor":33,"turns":7},{"damage":0,"enemies":"Gensokyo:3_Bats","floor":35,"turns":4},{"damage":0,"enemies":"Gensokyo:3_Boulders","floor":36,"turns":4},{"damage":0,"enemies":"Gensokyo:Sharpion","floor":37,"turns":4},{"damage":0,"enemies":"Gensokyo:4_Bats","floor":39,"turns":3},{"damage":11,"enemies":"Gensokyo:Marisa","floor":40,"turns":3},{"damage":0,"enemies":"Gensokyo:Marisa","floor":41,"turns":5},{"damage":0,"enemies":"Gensokyo:Kasen","floor":42,"turns":3},{"damage":0,"enemies":"Gensokyo:3_Boulders","floor":44,"turns":4},{"damage":0,"enemies":"Gensokyo:Doremy","floor":45,"turns":4},{"damage":0,"enemies":"Gensokyo:Rafflesia","floor":48,"turns":3},{"damage":0,"enemies":"Gensokyo:Yuyuko","floor":50,"turns":2},{"damage":0,"enemies":"Gensokyo:Scarlet_Devils","floor":51,"turns":4},{"damage":0,"enemies":"Shield and Spear","floor":55,"turns":4},{"damage":2,"enemies":"The Heart","floor":56,"turns":6}],"seed_played":"8307743320936515871","potions_obtained":[{"floor":4,"key":"Adrenaline Potion"},{"floor":7,"key":"Adrenaline Potion"},{"floor":10,"key":"Energy Potion"},{"floor":22,"key":"LiquidMemories"},{"floor":30,"key":"Swift Potion"}],"is_trial":false,"path_per_floor":["M","M","?","M","$","R","M","R","T","M","?","E","M","E","R","B",null,"M","M","AVR","M","M","R","?","?","T","COS","?","?","NM","M","R","B",null,"M","M","M","$","M","E","?","E","T","M","E","R","?","M","R","B","B",null,"R","$","E","B",null],"character_chosen":"THE_SERVANT","items_purchased":["MoonPhase","Ice Cream","Gremlin Horn","Chemical X","ClockworkSouvenir","StuffTheSpire:SapphireSignet","BottledTime+1","Golden Egg","Sunlight","MurderousAura","expansioncontent:Corrupt"],"campfire_rested":1,"item_purchase_floors":[0,0,0,0,0,0,0,38,38,54,54],"current_hp_per_floor":[17,17,17,17,17,35,34,34,34,33,33,33,42,59,59,67,67,67,67,67,67,67,67,67,67,67,67,45,45,67,67,67,67,67,67,67,67,67,67,63,63,67,67,67,67,67,34,40,40,40,57,65,65,65,67,67],"gold":57,"neow_bonus":"","is_daily":false,"chose_seed":false,"campfire_upgraded":6,"win_rate":0.0,"timestamp":1610182739,"path_taken":["M","M","?","?","?","R","M","R","T","M","?","E","M","E","R","BOSS","M","M","AVR","M","M","R","?","?","T","COS","?","?","NM","M","R","BOSS","M","M","M","$","M","E","?","E","T","M","E","R","?","M","R","BOSS","BOSS","R","$","E","BOSS"],"items_purchased_type":["Card","Relic","Relic","Relic","Relic","Relic","Card","Relic","Card","Card","Card"],"build_version":"2020-12-22","purchased_purges":3,"victory":true,"max_hp_per_floor":[60,60,60,60,60,60,60,60,60,60,60,60,60,67,67,67,67,67,67,67,67,67,67,67,67,67,67,67,67,67,67,67,67,67,67,67,67,67,67,67,67,67,67,67,67,67,67,67,67,67,67,67,67,67,67,67],"relic_stats":{"Sozu":4,"Lizard Tail":0,"Centennial Puzzle":[3],"Gremlin Horn":[38,45],"Torii":129,"counters":[437,2117],"StoneCalendar":[113],"Bag of Preparation":[91],"Chemical X":[196],"obtain_stats":[{"ThirstyCross":2,"Replay:Accelerometer":12,"ShirouKen":6,"Gensokyo:UndefinedDarkness":19,"aspiration:PoetsPen_weak":34,"Sling":0,"Ring of Searing":3,"Blood Vial":8,"StuffTheSpire:SapphireSignet":9,"Replay:Bronze Core":17,"HandDrill":42,"Replay:Bottled Flurry":9,"Replay:Bottled Steam":21,"Blue Candle":29,"BreadOfAWashokuLover":43,"Eternal Feather":0,"StuffTheSpire:Wildfire":40,"Pen Nib":23,"infinitespire:Magic Flask":34,"Akabeko":31,"infinitespire:Lychee Nut":0,"Bird Faced Urn":0,"MysterySword":34,"Snecko Eye":34,"aspiration:ServantSkillbook":17,"MiniHakkero":0,"Unceasing Top":13,"Regal Pillow":42,"Torii":9,"Singing Bowl":6,"GremlinMask":11,"StuffTheSpire:GrapeVine":45,"Ancient Tea Set":26,"Smiling Mask":43,"Pet Ghost":25,"StuffTheSpire:Gunfinga":26,"KSMOD_DarknessWand":34,"aspiration:AnachronicSnailShell":0,"HandmadeGrimoire":34,"energizedSpire:HugeHouse":17,"Chemical X":0,"Replay:Bottled Eggs":26,"InkBottle":43,"aspiration:ChemicalBlood":25,"Potion Belt":26,"Gensokyo:DirgeOfMelancholy":22,"Golden Idol":3,"Circlet":0,"Gensokyo:MosesMiracle":25,"PreservedInsect":26,"infinitespire:Lucky Rock":38,"Ring of Greed":47,"Replay:Arrowhead":0,"StuffTheSpire:Mouthbags":12,"ExperimentalFamiliar":17,"Ornamental Fan":11,"Gensokyo:DayTheSeaSplit":20,"Ring of Misfortune":47,"Durian":0,"Art of War":31,"Garlic":12,"infinitespire:Midas Blood":10,"Ice Cream":26,"Divine Protection":10,"Calipers":0,"Gremlin Horn":35,"Sozu":37,"Centennial Puzzle":45,"Prayer Wheel":25,"RampagingMagicTools":17,"Girya":0,"ReplayTheSpireMod:CursedCoin":0,"StuffTheSpire:ForceGauntlet":40,"Replay:Grab Bag":34,"stsjorbsmod:GrimoireRelic":19,"Ring of Chaos":45,"aspiration:HiddenCompartment":25,"WarpedTongs":3,"Du-Vu Doll":0,"OrangePellets":37,"NitorisBag":46,"Onion Ring":8,"infinitespire:EmpoweringShard":29,"StuffTheSpire:PointBlank":13,"KSMOD_TouyasBicycle":6,"aspiration:HatOfInfinitePower":27,"Mirror":46,"ReplayTheSpireMod:DimensionalGlitch":34,"StuffTheSpire:OldFever":40,"Pocketwatch":24,"Gensokyo:DemonMask":27,"aspiration:TomeofQuesting":23,"Gensokyo:SpiderMask":20,"Replay:Mystery Machine":13,"aspiration:StickyExplosives_weak":42,"Dream Catcher":45,"Nunchaku":29,"Chameleon Ring":7,"aspiration:DefectSkillbook":17,"KSMOD_SealedWand":0,"Red Mask":39,"Replay:Bottled Snecko":0,"SimpleLauncher":0,"Guide Book":0,"infinitespire:FocusingShard":24,"Gensokyo:ConquerorOfFear":21,"Medical Kit":0,"Mercury Hourglass":10,"ShroomBag":48,"Pondfish Scales":0,"infinitespire:Satchel":37,"StuffTheSpire:CocoNut":27,"Bag of Marbles":26,"Membership Card":0,"FossilizedHelix":7,"Golden Egg":48,"infinitespire:BottledMercury":11,"StuffTheSpire:Barrel":42,"Ginger":31,"Boot":43,"Old Coin":44,"Replay:Ringing Soul":29,"Sundial":28,"MealTicket":47,"Kunai":16,"Replay:Wax Seal":38,"StuffTheSpire:NeowsTribute":9,"Pear":3,"GoodDreamPillow":19,"KSMOD_SealedBook":0,"ReplayTheSpireMod:Ring of Addiction":3,"HoshigumaDish":8,"Replay:Ancient Bell":34,"aspiration:FrozenJewel":0,"energizedSpire:MagnifyingGlass":17,"OldScarf":0,"infinitespire:PuzzleCube":45,"Abe\u0027s Treasure":34,"infinitespire:Cupcake":17,"AmplifyWand":24,"Lantern":7,"aspiration:Lifesprig":20,"Painkiller Herb":29,"StoneCalendar":41,"Blue Doll":12,"StuffTheSpire:EmeraldSignet":28,"Replay:Multitool":30,"Bag of Preparation":40,"SproutingBranch":0,"Cursed Key":34,"Gensokyo:LunaticRedEyes":10,"Replay:Rubber Ducky":9,"BranchBurnRelic":7,"Shovel":46,"Matryoshka":22,"Ring of Peace":12,"Gensokyo:OccultBall":13,"StuffTheSpire:TintedRock":0,"StuffTheSpire:Expresso":0,"StuffTheSpire:Saxophone":0,"Thread and Needle":29,"Frozen Egg 2":24,"KyoryuNoHagoromo":41,"MawBank":47,"energizedSpire:DeadBattery":17,"aspiration:PocketMushroom":11,"Busted Crown":17,"ThirstyCrossSpe":22,"Orrery":20,"Bottled Lightning":28,"ReplayTheSpireMod:Lightbulb":24,"Toy Ornithopter":6,"Koishi:ImaginaryFriend":36,"StuffTheSpire:BlackoutCurse":25,"CeramicFish":41,"Vajra":30,"Uniform":29,"Lizard Tail":0,"HornCleat":10,"Strawberry":40,"Toxic Egg 2":20,"Ring of Hypnosis":12,"Happy Flower":46,"aspiration:Nostalgia":19,"Dead Branch":0,"Astrolabe":28,"Oddly Smooth Stone":9,"Letter Opener":46,"Replay:Kaleidoscope":47,"aspiration:SeaSaltIceCream":0,"War Paint":24,"Question Card":47,"Bottled Flame":48,"Replay:Baseball":39,"ReplayTheSpireMod:Shallot":43,"Shuriken":47,"energizedSpire:NeverEndingSparkler":34,"Bronze Scales":36,"Molten Egg 2":45,"StuffTheSpire:DarkSteelAnvil":33,"Simple Rune":0,"ReplayTheSpireMod:TigerMarble":24,"Grinning Jar":27,"CatCart":44,"Meat on the Bone":39,"Darkstone Periapt":31,"ReplayFunnel":11,"ReplayTheSpireMod:Ring of Exchange":29,"Replay:PocketPolymizer":40,"Snecko Heart":17,"SacredBark":3,"Gensokyo:MarisaIngredientList":4,"Gensokyo:NagashiBinaDoll":11,"Incense Burner":42,"ClockworkSouvenir":0,"ReplayTheSpireMod:EnergyBall":34,"Frozen Eye":24,"StuffTheSpire:Experiment12":42,"Replay:Bandana":31,"energizedSpire:CursedPentagram":17,"Mummified Hand":18,"StuffTheSpire:HeavyRock":43,"Pantograph":44,"Gambling Chip":31,"Tiny Chest":22,"Gensokyo:SongOfSouls":25,"StuffTheSpire:Tea":34,"Gremlin Food":13,"BargainBundle":0,"Replay:Towering Pillar of Hats":36,"infinitespire:CursedDice":49,"Quantum Egg":26,"aspiration:HummingbirdHeart":43,"aspiration:SecretTechniqueScroll":34,"Orichalcum":45,"White Beast Statue":31,"Peace Pipe":0,"Anchor":14,"CaptainsWheel":25,"Hololive_LightStick":38,"infinitespire:WardingShard":0,"ChewingGum":34,"Ring of Fury":19,"Coffee Dripper":17,"TungstenRod":41,"aspiration:MarisaSkillbook":34},{"ThirstyCross":378,"Replay:Accelerometer":249,"ShirouKen":59,"Gensokyo:UndefinedDarkness":34,"aspiration:PoetsPen_weak":423,"Sling":134,"Ring of Searing":26,"Blood Vial":60,"StuffTheSpire:SapphireSignet":86,"Replay:Bronze Core":386,"HandDrill":129,"Replay:Bottled Flurry":357,"Replay:Bottled Steam":308,"Blue Candle":13,"BreadOfAWashokuLover":46,"Eternal Feather":53,"StuffTheSpire:Wildfire":400,"Pen Nib":146,"infinitespire:Magic Flask":99,"Akabeko":204,"infinitespire:Lychee Nut":159,"Bird Faced Urn":109,"MysterySword":395,"Snecko Eye":151,"aspiration:ServantSkillbook":195,"MiniHakkero":0,"Unceasing Top":116,"Regal Pillow":104,"Torii":60,"Singing Bowl":219,"GremlinMask":412,"StuffTheSpire:GrapeVine":106,"Ancient Tea Set":12,"Smiling Mask":345,"Pet Ghost":173,"StuffTheSpire:Gunfinga":173,"KSMOD_DarknessWand":15,"aspiration:AnachronicSnailShell":134,"HandmadeGrimoire":99,"energizedSpire:HugeHouse":225,"Chemical X":377,"Replay:Bottled Eggs":37,"InkBottle":156,"aspiration:ChemicalBlood":256,"Potion Belt":68,"Gensokyo:DirgeOfMelancholy":10,"Golden Idol":160,"Circlet":0,"Gensokyo:MosesMiracle":122,"PreservedInsect":147,"infinitespire:Lucky Rock":152,"Ring of Greed":404,"Replay:Arrowhead":351,"StuffTheSpire:Mouthbags":31,"ExperimentalFamiliar":118,"Ornamental Fan":140,"Gensokyo:DayTheSeaSplit":119,"Ring of Misfortune":404,"Durian":81,"Art of War":125,"Garlic":413,"infinitespire:Midas Blood":139,"Ice Cream":334,"Divine Protection":358,"Calipers":159,"Gremlin Horn":73,"Sozu":127,"Centennial Puzzle":432,"Prayer Wheel":12,"RampagingMagicTools":33,"Girya":0,"ReplayTheSpireMod:CursedCoin":109,"StuffTheSpire:ForceGauntlet":294,"Replay:Grab Bag":423,"stsjorbsmod:GrimoireRelic":8,"Ring of Chaos":319,"aspiration:HiddenCompartment":256,"WarpedTongs":409,"Du-Vu Doll":0,"OrangePellets":42,"NitorisBag":131,"Onion Ring":5,"infinitespire:EmpoweringShard":259,"StuffTheSpire:PointBlank":359,"KSMOD_TouyasBicycle":4,"aspiration:HatOfInfinitePower":38,"Mirror":131,"ReplayTheSpireMod:DimensionalGlitch":339,"StuffTheSpire:OldFever":210,"Pocketwatch":199,"Gensokyo:DemonMask":12,"aspiration:TomeofQuesting":94,"Gensokyo:SpiderMask":332,"Replay:Mystery Machine":223,"aspiration:StickyExplosives_weak":129,"Dream Catcher":48,"Nunchaku":98,"Chameleon Ring":163,"aspiration:DefectSkillbook":330,"KSMOD_SealedWand":0,"Red Mask":154,"Replay:Bottled Snecko":323,"SimpleLauncher":215,"Guide Book":297,"infinitespire:FocusingShard":67,"Gensokyo:ConquerorOfFear":35,"Medical Kit":134,"Mercury Hourglass":61,"ShroomBag":133,"Pondfish Scales":81,"infinitespire:Satchel":42,"StuffTheSpire:CocoNut":201,"Bag of Marbles":309,"Membership Card":0,"FossilizedHelix":138,"Golden Egg":133,"infinitespire:BottledMercury":303,"StuffTheSpire:Barrel":183,"Ginger":232,"Boot":239,"Old Coin":403,"Replay:Ringing Soul":124,"Sundial":69,"MealTicket":23,"Kunai":63,"Replay:Wax Seal":152,"StuffTheSpire:NeowsTribute":5,"Pear":2,"GoodDreamPillow":92,"KSMOD_SealedBook":0,"ReplayTheSpireMod:Ring of Addiction":188,"HoshigumaDish":86,"Replay:Ancient Bell":99,"aspiration:FrozenJewel":159,"energizedSpire:MagnifyingGlass":91,"OldScarf":323,"infinitespire:PuzzleCube":78,"Abe\u0027s Treasure":126,"infinitespire:Cupcake":416,"AmplifyWand":67,"Lantern":29,"aspiration:Lifesprig":34,"Painkiller Herb":38,"StoneCalendar":76,"Blue Doll":384,"StuffTheSpire:EmeraldSignet":69,"Replay:Multitool":13,"Bag of Preparation":44,"SproutingBranch":215,"Cursed Key":178,"Gensokyo:LunaticRedEyes":5,"Replay:Rubber Ducky":29,"BranchBurnRelic":4,"Shovel":50,"Matryoshka":66,"Ring of Peace":5,"Gensokyo:OccultBall":304,"StuffTheSpire:TintedRock":134,"StuffTheSpire:Expresso":25,"StuffTheSpire:Saxophone":109,"Thread and Needle":259,"Frozen Egg 2":284,"KyoryuNoHagoromo":20,"MawBank":51,"energizedSpire:DeadBattery":142,"aspiration:PocketMushroom":222,"Busted Crown":251,"ThirstyCrossSpe":308,"Orrery":92,"Bottled Lightning":148,"ReplayTheSpireMod:Lightbulb":67,"Toy Ornithopter":85,"Koishi:ImaginaryFriend":291,"StuffTheSpire:BlackoutCurse":309,"CeramicFish":372,"Vajra":231,"Uniform":337,"Lizard Tail":53,"HornCleat":61,"Strawberry":20,"Toxic Egg 2":362,"Ring of Hypnosis":5,"Happy Flower":212,"aspiration:Nostalgia":8,"Dead Branch":0,"Astrolabe":286,"Oddly Smooth Stone":327,"Letter Opener":50,"Replay:Kaleidoscope":185,"aspiration:SeaSaltIceCream":215,"War Paint":121,"Question Card":375,"Bottled Flame":80,"Replay:Baseball":154,"ReplayTheSpireMod:Shallot":77,"Shuriken":51,"energizedSpire:NeverEndingSparkler":261,"Bronze Scales":73,"Molten Egg 2":22,"StuffTheSpire:DarkSteelAnvil":151,"Simple Rune":187,"ReplayTheSpireMod:TigerMarble":11,"Grinning Jar":96,"CatCart":105,"Meat on the Bone":75,"Darkstone Periapt":312,"ReplayFunnel":328,"ReplayTheSpireMod:Ring of Exchange":69,"Replay:PocketPolymizer":155,"Snecko Heart":168,"SacredBark":188,"Gensokyo:MarisaIngredientList":136,"Gensokyo:NagashiBinaDoll":30,"Incense Burner":46,"ClockworkSouvenir":407,"ReplayTheSpireMod:EnergyBall":72,"Frozen Eye":10,"StuffTheSpire:Experiment12":318,"Replay:Bandana":125,"energizedSpire:CursedPentagram":7,"Mummified Hand":64,"StuffTheSpire:HeavyRock":21,"Pantograph":78,"Gambling Chip":289,"Tiny Chest":171,"Gensokyo:SongOfSouls":37,"StuffTheSpire:Tea":313,"Gremlin Food":140,"BargainBundle":187,"Replay:Towering Pillar of Hats":263,"infinitespire:CursedDice":108,"Quantum Egg":95,"aspiration:HummingbirdHeart":266,"aspiration:SecretTechniqueScroll":290,"Orichalcum":78,"White Beast Statue":260,"Peace Pipe":0,"Anchor":6,"CaptainsWheel":12,"Hololive_LightStick":264,"infinitespire:WardingShard":109,"ChewingGum":41,"Ring of Fury":119,"Coffee Dripper":63,"TungstenRod":129,"aspiration:MarisaSkillbook":369},{"ThirstyCross":1804,"Replay:Accelerometer":1218,"ShirouKen":272,"Gensokyo:UndefinedDarkness":171,"aspiration:PoetsPen_weak":2064,"Sling":662,"Ring of Searing":143,"Blood Vial":283,"StuffTheSpire:SapphireSignet":442,"Replay:Bronze Core":1842,"HandDrill":636,"Replay:Bottled Flurry":1698,"Replay:Bottled Steam":1474,"Blue Candle":74,"BreadOfAWashokuLover":217,"Eternal Feather":246,"StuffTheSpire:Wildfire":1899,"Pen Nib":717,"infinitespire:Magic Flask":502,"Akabeko":1023,"infinitespire:Lychee Nut":802,"Bird Faced Urn":544,"MysterySword":1882,"Snecko Eye":750,"aspiration:ServantSkillbook":995,"MiniHakkero":0,"Unceasing Top":562,"Regal Pillow":520,"Torii":283,"Singing Bowl":1066,"GremlinMask":1985,"StuffTheSpire:GrapeVine":532,"Ancient Tea Set":69,"Smiling Mask":1635,"Pet Ghost":884,"StuffTheSpire:Gunfinga":884,"KSMOD_DarknessWand":84,"aspiration:AnachronicSnailShell":662,"HandmadeGrimoire":502,"energizedSpire:HugeHouse":1095,"Chemical X":1799,"Replay:Bottled Eggs":180,"InkBottle":787,"aspiration:ChemicalBlood":1255,"Potion Belt":335,"Gensokyo:DirgeOfMelancholy":52,"Golden Idol":806,"Circlet":0,"Gensokyo:MosesMiracle":590,"PreservedInsect":725,"infinitespire:Lucky Rock":756,"Ring of Greed":1916,"Replay:Arrowhead":1664,"StuffTheSpire:Mouthbags":160,"ExperimentalFamiliar":576,"Ornamental Fan":687,"Gensokyo:DayTheSeaSplit":578,"Ring of Misfortune":1916,"Durian":419,"Art of War":609,"Garlic":1992,"infinitespire:Midas Blood":686,"Ice Cream":1595,"Divine Protection":1704,"Calipers":802,"Gremlin Horn":365,"Sozu":623,"Centennial Puzzle":2098,"Prayer Wheel":69,"RampagingMagicTools":168,"Girya":0,"ReplayTheSpireMod:CursedCoin":544,"StuffTheSpire:ForceGauntlet":1412,"Replay:Grab Bag":2064,"stsjorbsmod:GrimoireRelic":43,"Ring of Chaos":1528,"aspiration:HiddenCompartment":1255,"WarpedTongs":1974,"Du-Vu Doll":0,"OrangePellets":200,"NitorisBag":641,"Onion Ring":22,"infinitespire:EmpoweringShard":1270,"StuffTheSpire:PointBlank":1705,"KSMOD_TouyasBicycle":16,"aspiration:HatOfInfinitePower":183,"Mirror":641,"ReplayTheSpireMod:DimensionalGlitch":1611,"StuffTheSpire:OldFever":1042,"Pocketwatch":1009,"Gensokyo:DemonMask":69,"aspiration:TomeofQuesting":478,"Gensokyo:SpiderMask":1589,"Replay:Mystery Machine":1083,"aspiration:StickyExplosives_weak":636,"Dream Catcher":225,"Nunchaku":497,"Chameleon Ring":821,"aspiration:DefectSkillbook":1585,"KSMOD_SealedWand":0,"Red Mask":773,"Replay:Bottled Snecko":1549,"SimpleLauncher":1054,"Guide Book":1421,"infinitespire:FocusingShard":328,"Gensokyo:ConquerorOfFear":175,"Medical Kit":662,"Mercury Hourglass":286,"ShroomBag":654,"Pondfish Scales":419,"infinitespire:Satchel":200,"StuffTheSpire:CocoNut":1015,"Bag of Marbles":1478,"Membership Card":0,"FossilizedHelix":682,"Golden Egg":654,"infinitespire:BottledMercury":1447,"StuffTheSpire:Barrel":931,"Ginger":1128,"Boot":1160,"Old Coin":1910,"Replay:Ringing Soul":602,"Sundial":337,"MealTicket":126,"Kunai":299,"Replay:Wax Seal":756,"StuffTheSpire:NeowsTribute":22,"Pear":9,"GoodDreamPillow":468,"KSMOD_SealedBook":0,"ReplayTheSpireMod:Ring of Addiction":965,"HoshigumaDish":442,"Replay:Ancient Bell":502,"aspiration:FrozenJewel":802,"energizedSpire:MagnifyingGlass":462,"OldScarf":1549,"infinitespire:PuzzleCube":395,"Abe\u0027s Treasure":619,"infinitespire:Cupcake":2017,"AmplifyWand":323,"Lantern":152,"aspiration:Lifesprig":171,"Painkiller Herb":183,"StoneCalendar":385,"Blue Doll":1827,"StuffTheSpire:EmeraldSignet":342,"Replay:Multitool":74,"Bag of Preparation":210,"SproutingBranch":1054,"Cursed Key":906,"Gensokyo:LunaticRedEyes":22,"Replay:Rubber Ducky":152,"BranchBurnRelic":16,"Shovel":234,"Matryoshka":322,"Ring of Peace":22,"Gensokyo:OccultBall":1450,"StuffTheSpire:TintedRock":662,"StuffTheSpire:Expresso":139,"StuffTheSpire:Saxophone":544,"Thread and Needle":1270,"Frozen Egg 2":1365,"KyoryuNoHagoromo":107,"MawBank":238,"energizedSpire:DeadBattery":700,"aspiration:PocketMushroom":1078,"Busted Crown":1235,"ThirstyCrossSpe":1474,"Orrery":468,"Bottled Lightning":733,"ReplayTheSpireMod:Lightbulb":328,"Toy Ornithopter":437,"Koishi:ImaginaryFriend":1399,"StuffTheSpire:BlackoutCurse":1478,"CeramicFish":1769,"Vajra":1124,"Uniform":1602,"Lizard Tail":246,"HornCleat":292,"Strawberry":107,"Toxic Egg 2":1725,"Ring of Hypnosis":22,"Happy Flower":1046,"aspiration:Nostalgia":43,"Dead Branch":0,"Astrolabe":1374,"Oddly Smooth Stone":1570,"Letter Opener":231,"Replay:Kaleidoscope":944,"aspiration:SeaSaltIceCream":1054,"War Paint":586,"Question Card":1780,"Bottled Flame":408,"Replay:Baseball":773,"ReplayTheSpireMod:Shallot":388,"Shuriken":237,"energizedSpire:NeverEndingSparkler":1278,"Bronze Scales":367,"Molten Egg 2":121,"StuffTheSpire:DarkSteelAnvil":750,"Simple Rune":961,"ReplayTheSpireMod:TigerMarble":57,"Grinning Jar":487,"CatCart":527,"Meat on the Bone":378,"Darkstone Periapt":1490,"ReplayFunnel":1576,"ReplayTheSpireMod:Ring of Exchange":342,"Replay:PocketPolymizer":784,"Snecko Heart":854,"SacredBark":965,"Gensokyo:MarisaIngredientList":670,"Gensokyo:NagashiBinaDoll":154,"Incense Burner":217,"ClockworkSouvenir":1963,"ReplayTheSpireMod:EnergyBall":364,"Frozen Eye":52,"StuffTheSpire:Experiment12":1523,"Replay:Bandana":609,"energizedSpire:CursedPentagram":41,"Mummified Hand":309,"StuffTheSpire:HeavyRock":115,"Pantograph":395,"Gambling Chip":1391,"Tiny Chest":871,"Gensokyo:SongOfSouls":180,"StuffTheSpire:Tea":1499,"Gremlin Food":688,"BargainBundle":961,"Replay:Towering Pillar of Hats":1286,"infinitespire:CursedDice":538,"Quantum Egg":483,"aspiration:HummingbirdHeart":1298,"aspiration:SecretTechniqueScroll":1398,"Orichalcum":395,"White Beast Statue":1274,"Peace Pipe":0,"Anchor":31,"CaptainsWheel":69,"Hololive_LightStick":1289,"infinitespire:WardingShard":544,"ChewingGum":196,"Ring of Fury":578,"Coffee Dripper":305,"TungstenRod":636,"aspiration:MarisaSkillbook":1762}],"Unceasing Top":[18],"WarpedTongs":[142]},"card_choices":[{"not_picked":["BottledTime","Starlight"],"picked":"FastForward","floor":1},{"not_picked":["Rewind","Defy"],"picked":"Potential","floor":2},{"not_picked":["Rewind","BestPractice"],"picked":"MoonPhase","floor":4},{"not_picked":["TimeWarp","Spin"],"picked":"FloweringNight","floor":7},{"not_picked":["Moonlight","WasteNot"],"picked":"Sabotage","floor":10},{"not_picked":["Rewind","Replace"],"picked":"DualDimension","floor":12},{"not_picked":["Rearm","TimeWarp"],"picked":"Hightail","floor":13},{"not_picked":["Spin","TimeWarp"],"picked":"FlawlessForm","floor":14},{"not_picked":["SilverMatrix","FloweringNight"],"picked":"Deny","floor":16},{"not_picked":["Defy","Starlight","Rearm"],"picked":"SKIP","floor":18},{"not_picked":["GearUp","BestPractice"],"picked":"Potential","floor":19},{"not_picked":["Rewind","Starlight","Defy"],"picked":"SKIP","floor":21},{"not_picked":["TimeWarp","Rearm"],"picked":"Replace","floor":22},{"not_picked":["StuffTheSpire:Brawn","StuffTheSpire:CelestialWarden"],"picked":"StuffTheSpire:Perfection","floor":24},{"not_picked":["infinitespire:Starlight","infinitespire:SealOfDarkness+"],"picked":"infinitespire:NeuralNetwork","floor":30},{"not_picked":["Orbit","Alleviate"],"picked":"Replace","floor":30},{"not_picked":["Deny","TrueSight"],"picked":"SoulSculpture","floor":31},{"not_picked":["Revamp+1","Potential"],"picked":"Gouge","floor":31},{"not_picked":["TrueSight","ForgedInTime"],"picked":"SilverMatrix","floor":33},{"not_picked":["Replace","Potential"],"picked":"Manipulate","floor":35},{"not_picked":["Rearm","BottledTime"],"picked":"Foresight+1","floor":36},{"not_picked":["Potential","ShatteredReality+1"],"picked":"MoonPhase+1","floor":37},{"not_picked":["DancingSilver","Replace","FastForward"],"picked":"SKIP","floor":39},{"not_picked":["Starlight","Ricochet"],"picked":"Spin","floor":40},{"not_picked":["Gensokyo:UnlikelyAid+1","Gensokyo:LifeSpringInfinity+1"],"picked":"Gensokyo:UnhurriedMind+1","floor":41},{"not_picked":["Defy","Moondial+1"],"picked":"Unruled","floor":42},{"not_picked":["TrueSight","Foresight+1","Defy"],"picked":"SKIP","floor":44},{"not_picked":["Dilation","Potential"],"picked":"Rearm","floor":45},{"not_picked":["ShatteredReality","Orbit"],"picked":"Gouge","floor":48},{"not_picked":["Rewind+1","Starlight+1"],"picked":"TimeWarp+1","floor":55}],"player_experience":979047,"relics_obtained":[{"floor":9,"key":"Lizard Tail"},{"floor":12,"key":"Garlic"},{"floor":14,"key":"Strawberry"},{"floor":26,"key":"StuffTheSpire:GrapeVine"},{"floor":30,"key":"Bag of Preparation"},{"floor":40,"key":"Ancient Tea Set"},{"floor":42,"key":"aspiration:Lifesprig"},{"floor":45,"key":"Centennial Puzzle"},{"floor":55,"key":"aspiration:HummingbirdHeart"}],"event_choices":[{"damage_healed":0,"gold_gain":0,"player_choice":"Rummage","damage_taken":0,"relics_obtained":["WarpedTongs"],"max_hp_gain":0,"max_hp_loss":0,"event_name":"Accursed Blacksmith","floor":3,"gold_loss":0,"cards_obtained":["Pain"]},{"damage_healed":0,"gold_gain":0,"player_choice":"Trade","damage_taken":0,"relics_obtained":["GremlinMask"],"max_hp_gain":0,"max_hp_loss":0,"event_name":"FaceTrader","floor":11,"gold_loss":0}],"is_beta":false,"boss_relics":[{"not_picked":["Replay:Ancient Bell","aspiration:MarisaSkillbook"],"picked":"infinitespire:Cupcake"},{"not_picked":["ReplayTheSpireMod:SealedPack","energizedSpire:EnergizedDie"],"picked":"Replay:Grab Bag"},{"not_picked":["energizedSpire:StickyHand","ReplayTheSpireMod:Onyx Gauntlets"],"picked":"Sozu"},{"not_picked":["energizedSpire:MagnifyingGlass","energizedSpire:HugeHouse"],"picked":"Replay:Bronze Core"},{"not_picked":["Snecko Heart","aspiration:RunicSpoon"],"picked":"aspiration:PoetsPen_weak"}],"items_purged_floors":[5,38,54],"is_endless":false,"potions_floor_spawned":[4,7,10,12,22,30,35,40,48,55],"ascension_level":20}}