{"host":"y3h3n3f7seyagppx","time":1610230075,"event":{"mods":["AlwaysNeverKeys","BaseMod","Better Vampires","Colored Powertips","DeckTracker","Emptier Cage","Minty Spire (QoL Compilation)","Permanent Neow","Quick Restart","Rare Cards Sparkle","Relic Sorter","Relic Stats","StSLib","Transform Curses"],"gold_per_floor":[114,124,49,49,69,100,100,0,51,83,83,116,116,132,132,211,211,225,243,243,243],"floor_reached":20,"playtime":17089,"items_purged":["Strike_R","Strike_R"],"score":384,"play_id":"5a32fc73-c2ed-49de-a48a-218eed7e33c9","local_time":"20210109170755","is_ascension_mode":true,"campfire_choices":[{"data":"Carnage","floor":7,"key":"SMITH"},{"data":"Inflame","floor":11,"key":"SMITH"},{"data":"Metallicize","floor":13,"key":"SMITH"},{"data":"Dropkick","floor":15,"key":"SMITH"}],"circlet_count":0,"master_deck":["AscendersBane","Strike_R","Strike_R","Defend_R","Defend_R","Defend_R+1","Defend_R","Bash","Carnage+1","Shockwave+1","Inflame+1","Dropkick+1","Metallicize+1","Corruption","Offering","Power Through+1"],"relics":["Burning Blood","War Paint","Tiny Chest","Regal Pillow","Omamori","Happy Flower","Calling Bell","Dream Catcher","Molten Egg 2","Calipers"],"acts_visited":["Exordium","TheCity"],"potions_floor_usage":[20],"damage_taken":[{"damage":14,"enemies":"2 Louse","floor":1,"turns":3},{"damage":1,"enemies":"Cultist","floor":2,"turns":3},{"damage":4,"enemies":"Small Slimes","floor":5,"turns":4},{"damage":12,"enemies":"Lagavulin","floor":6,"turns":7},{"damage":24,"enemies":"Gremlin Nob","floor":10,"turns":4},{"damage":10,"enemies":"Lagavulin","floor":12,"turns":8},{"damage":4,"enemies":"Looter","floor":14,"turns":3},{"damage":15,"enemies":"Hexaghost","floor":16,"turns":9},{"damage":23,"enemies":"Shell Parasite","floor":18,"turns":5},{"damage":29,"enemies":"Chosen","floor":19,"turns":4},{"damage":26,"enemies":"Sentry and Sphere","floor":20,"turns":5}],"seed_played":"7100936453653218167","potions_obtained":[{"floor":1,"key":"ElixirPotion"},{"floor":2,"key":"Fire Potion"},{"floor":10,"key":"SteroidPotion"}],"is_trial":false,"path_per_floor":["M","M","$","?","M","E","R","$","T","E","R","E","R","M","R","B",null,"M","M","M"],"character_chosen":"IRONCLAD","items_purchased":[],"campfire_rested":0,"item_purchase_floors":[],"current_hp_per_floor":[60,65,65,65,67,61,61,61,61,43,43,39,39,41,41,32,64,47,24,0,0],"gold":243,"neow_bonus":"REMOVE_CARD","is_daily":false,"chose_seed":false,"campfire_upgraded":4,"win_rate":0.0,"timestamp":1610230075,"path_taken":["M","M","$","?","M","E","R","?","T","E","R","E","R","M","R","BOSS","M","?","M"],"items_purchased_type":[],"build_version":"2020-12-22","purchased_purges":2,"victory":false,"max_hp_per_floor":[75,75,75,75,75,75,75,75,75,75,75,75,75,75,75,75,75,75,75,75,75],"relic_stats":{"Regal Pillow":0,"Dream Catcher":0,"Happy Flower":[8],"counters":[11,55],"Tiny Chest":0,"War Paint":["Shockwave","Defend_R"],"obtain_stats":[{"Calling Bell":17,"Regal Pillow":9,"Dream Catcher":17,"Calipers":17,"Happy Flower":12,"Tiny Chest":6,"Molten Egg 2":17,"Omamori":10,"War Paint":4,"Burning Blood":0},{"Calling Bell":8,"Regal Pillow":4,"Dream Catcher":8,"Calipers":8,"Happy Flower":6,"Tiny Chest":4,"Molten Egg 2":8,"Omamori":5,"War Paint":2,"Burning Blood":0},{"Calling Bell":41,"Regal Pillow":17,"Dream Catcher":41,"Calipers":41,"Happy Flower":29,"Tiny Chest":17,"Molten Egg 2":41,"Omamori":21,"War Paint":6,"Burning Blood":0}],"Burning Blood":60},"card_choices":[{"not_picked":["Pommel Strike","Heavy Blade"],"picked":"Carnage","floor":1},{"not_picked":["Shrug It Off","Pommel Strike"],"picked":"Shockwave","floor":2},{"not_picked":["Dark Embrace","Pommel Strike"],"picked":"Inflame","floor":5},{"not_picked":["Body Slam","Whirlwind"],"picked":"Dropkick","floor":6},{"not_picked":["Pommel Strike","Havoc","Hemokinesis"],"picked":"SKIP","floor":10},{"not_picked":["Perfected Strike","Havoc"],"picked":"Metallicize","floor":12},{"not_picked":["Burning Pact","Anger"],"picked":"Corruption","floor":14},{"not_picked":["Juggernaut","Double Tap"],"picked":"Offering","floor":16},{"not_picked":["Cleave+1","Rage","Havoc"],"picked":"SKIP","floor":18},{"not_picked":["Cleave+1","Twin Strike+1"],"picked":"Power Through+1","floor":19}],"player_experience":20545883,"relics_obtained":[{"floor":6,"key":"Tiny Chest"},{"floor":9,"key":"Regal Pillow"},{"floor":10,"key":"Omamori"},{"floor":12,"key":"Happy Flower"},{"floor":17,"key":"Dream Catcher"},{"floor":17,"key":"Molten Egg 2"},{"floor":17,"key":"Calipers"}],"event_choices":[{"damage_healed":0,"gold_gain":0,"player_choice":"Gave Potion","damage_taken":0,"relics_obtained":["War Paint"],"max_hp_gain":0,"max_hp_loss":0,"event_name":"WeMeetAgain","floor":4,"gold_loss":0}],"is_beta":false,"boss_relics":[{"not_picked":["Astrolabe","SacredBark"],"picked":"Calling Bell"}],"items_purged_floors":[3,8],"is_endless":false,"potions_floor_spawned":[1,2,10],"killed_by":"Sentry and Sphere","ascension_level":20}}