{"host":"roqztpbdbchtekes","time":1610194213,"event":{"mods":["A Magickal Journey","AchievementEnabler","BaseMod","Better Note","Better Third Choice","BetterRewards","Block Reminder","Colored Map","Colored Powertips","Curses Come First","DeckTracker","Minty Spire (QoL Compilation)","Relic Stats","Spicy Shops","StSLib"],"gold_per_floor":[110,122,122,122,297,335,361,361,412,437,34,53,69,82,82,202,202,227,242,242,242,267,305,305,321,621,665,681,700,76,97,97,220,220,244,264,288,0,0,35,55,99,99,99,123,166,166,229,229,229,229,229,104,147,147],"floor_reached":56,"playtime":3387,"items_purged":["Strike_R","Doubt","Defend_R","Strike_R","Strike_R+1"],"score":1996,"play_id":"d0944f18-c39e-4f31-b4c4-506a8a38785d","local_time":"20210109131013","is_ascension_mode":true,"campfire_choices":[{"data":"Dark Embrace","floor":8,"key":"SMITH"},{"data":"Inflame","floor":15,"key":"SMITH"},{"data":"Strike_R","floor":24,"key":"SMITH"},{"data":"Heavy Blade","floor":32,"key":"SMITH"},{"data":"Strike_R","floor":47,"key":"SMITH"},{"floor":49,"key":"RECALL"},{"floor":52,"key":"REST"}],"circlet_count":0,"master_deck":["Strike_R+1","Strike_R+1","Defend_R+1","Defend_R+1","Bash+1","Offering+1","Burning Pact+1","Dark Embrace+1","Flex+1","Inflame+1","Shrug It Off+1","Exhume+1","Limit Break+1","True Grit+1","Whirlwind+1","Clothesline+1","Heavy Blade+1","Clash+1","Flex+1","Violence+1","Double Tap+1","Disarm+1","Intimidate+1"],"relics":["Burning Blood","Toxic Egg 2","War Paint","Toolbox","Golden Idol","Charon\u0027s Ashes","Odd Mushroom","Akabeko","Red Skull","Chemical X","Sozu","Kunai","Toy Ornithopter","Old Coin","HornCleat","Vajra","Black Star","Red Mask","Strawberry","Nunchaku","Boot","Turnip","Smiling Mask","Ice Cream","Magic Flower","Bag of Marbles","Blood Vial","Du-Vu Doll"],"acts_visited":["Exordium","TheCity","TheBeyond","TheEnding"],"potions_floor_usage":[6,7,18,18,27],"damage_taken":[{"damage":2,"enemies":"Jaw Worm","floor":1,"turns":7},{"damage":6,"enemies":"2 Louse","floor":2,"turns":2},{"damage":12,"enemies":"Lagavulin","floor":6,"turns":5},{"damage":8,"enemies":"The Mushroom Lair","floor":7,"turns":3},{"damage":0,"enemies":"Small Slimes","floor":10,"turns":2},{"damage":0,"enemies":"Blue Slaver","floor":12,"turns":1},{"damage":6,"enemies":"Looter","floor":13,"turns":1},{"damage":0,"enemies":"Exordium Thugs","floor":14,"turns":3},{"damage":12,"enemies":"Slime Boss","floor":16,"turns":3},{"damage":10,"enemies":"Shell Parasite","floor":18,"turns":3},{"damage":25,"enemies":"Spheric Guardian","floor":19,"turns":4},{"damage":0,"enemies":"Shelled Parasite and Fungi","floor":22,"turns":1},{"damage":12,"enemies":"Gremlin Leader","floor":23,"turns":3},{"damage":0,"enemies":"3 Cultists","floor":25,"turns":2},{"damage":0,"enemies":"Book of Stabbing","floor":27,"turns":2},{"damage":14,"enemies":"Centurion and Healer","floor":28,"turns":2},{"damage":0,"enemies":"Sentry and Sphere","floor":29,"turns":3},{"damage":10,"enemies":"Chosen and Byrds","floor":31,"turns":2},{"damage":16,"enemies":"Collector","floor":33,"turns":3},{"damage":0,"enemies":"3 Darklings","floor":35,"turns":3},{"damage":11,"enemies":"3 Shapes","floor":36,"turns":2},{"damage":6,"enemies":"Writhing Mass","floor":37,"turns":2},{"damage":6,"enemies":"Giant Head","floor":40,"turns":3},{"damage":0,"enemies":"Maw","floor":41,"turns":5},{"damage":12,"enemies":"Reptomancer","floor":42,"turns":1},{"damage":9,"enemies":"Spire Growth","floor":45,"turns":2},{"damage":6,"enemies":"Giant Head","floor":46,"turns":3},{"damage":6,"enemies":"Mind Bloom Boss Battle","floor":48,"turns":3},{"damage":15,"enemies":"Donu and Deca","floor":50,"turns":3},{"damage":6,"enemies":"Shield and Spear","floor":54,"turns":2},{"damage":30,"enemies":"The Heart","floor":55,"turns":5}],"seed_played":"9150905764096058542","potions_obtained":[{"floor":1,"key":"CultistPotion"},{"floor":2,"key":"Explosive Potion"},{"floor":13,"key":"ColorlessPotion"},{"floor":14,"key":"SteroidPotion"},{"floor":16,"key":"DistilledChaos"}],"is_trial":false,"path_per_floor":["M","M","?","?","?","E","?","R","T","M","$","M","M","M","R","B",null,"M","M","?","T","M","E","R","M","T","E","M","M","$","M","R","B",null,"M","M","M","?","?","E","M","E","T","?","M","E","R","?","R","B",null,"R","$","E","B",null],"character_chosen":"IRONCLAD","items_purchased":["Toxic Egg 2","War Paint","Offering+1","Toolbox","Red Skull","Chemical X","Vajra","Violence+1","Bag of Marbles"],"campfire_rested":1,"item_purchase_floors":[0,0,0,0,11,11,30,30,53],"current_hp_per_floor":[60,60,44,24,24,18,16,16,16,22,22,28,28,34,34,28,80,76,57,57,57,63,57,57,63,63,74,66,72,72,68,68,58,80,80,75,75,75,75,82,87,81,81,81,78,78,78,78,78,72,83,83,83,83,62],"gold":147,"neow_bonus":"","is_daily":false,"chose_seed":false,"campfire_upgraded":5,"win_rate":0.0,"timestamp":1610194213,"path_taken":["M","M","?","?","?","E","?","R","T","M","$","M","M","?","R","BOSS","M","M","?","?","M","E","R","M","T","E","?","M","$","M","R","BOSS","M","M","M","?","?","E","?","E","T","?","M","E","R","?","R","BOSS","R","$","E","BOSS"],"items_purchased_type":["Relic","Relic","Card","Relic","Relic","Relic","Relic","Card","Relic"],"build_version":"2020-12-22","purchased_purges":5,"victory":true,"max_hp_per_floor":[80,80,80,80,80,80,80,80,80,80,80,80,80,80,80,80,80,80,80,80,80,80,80,80,80,80,80,80,80,80,80,80,80,80,80,80,80,80,80,87,87,87,87,83,83,83,83,83,83,83,83,83,83,83,83],"relic_stats":{"counters":[56,160],"Golden Idol":242,"Magic Flower":[6],"Charon\u0027s Ashes":[467],"War Paint":["Madness","Havoc","Defend_R","Defend_R"],"Boot":[0],"Smiling Mask":125,"Burning Blood":316,"Sozu":9,"Blood Vial":17,"Nunchaku":[23],"Turnip":[2],"Black Star":4,"Chemical X":[28],"Kunai":[10],"obtain_stats":[{"Ice Cream":46,"Lantern":10,"Calipers":53,"Vajra":30,"Magic Flower":48,"Boot":42,"Smiling Mask":46,"Burning Blood":0,"Old Coin":26,"Blood Vial":24,"Sozu":17,"Nunchaku":5,"Centennial Puzzle":26,"HornCleat":27,"Strawberry":4,"Toolbox":0,"Red Mask":38,"Chemical X":11,"Kunai":21,"Toxic Egg 2":0,"InkBottle":54,"Red Skull":11,"NeowsBlessing":0,"Golden Idol":4,"betterThird:NestCultRelic":28,"Charon\u0027s Ashes":6,"War Paint":43,"Odd Mushroom":7,"MawBank":9,"Akabeko":9,"WarpedTongs":20,"Du-Vu Doll":25,"Ornamental Fan":6,"Shuriken":47,"MutagenicStrength":19,"Pandora\u0027s Box":34,"Turnip":42,"Coffee Dripper":17,"Black Star":34,"Bag of Marbles":53,"Unceasing Top":8,"Toy Ornithopter":23},{"Ice Cream":52,"Lantern":4,"Calipers":23,"Vajra":42,"Magic Flower":53,"Boot":50,"Smiling Mask":52,"Burning Blood":0,"Old Coin":39,"Blood Vial":9,"Sozu":34,"Nunchaku":1,"Centennial Puzzle":10,"HornCleat":40,"Strawberry":1,"Toolbox":25,"Red Mask":47,"Chemical X":30,"Kunai":36,"Toxic Egg 2":25,"InkBottle":24,"Red Skull":30,"NeowsBlessing":0,"Golden Idol":27,"betterThird:NestCultRelic":11,"Charon\u0027s Ashes":28,"War Paint":18,"Odd Mushroom":29,"MawBank":3,"Akabeko":29,"WarpedTongs":8,"Du-Vu Doll":10,"Ornamental Fan":2,"Shuriken":21,"MutagenicStrength":8,"Pandora\u0027s Box":14,"Turnip":50,"Coffee Dripper":7,"Black Star":44,"Bag of Marbles":54,"Unceasing Top":3,"Toy Ornithopter":38},{"Ice Cream":147,"Lantern":13,"Calipers":69,"Vajra":121,"Magic Flower":150,"Boot":142,"Smiling Mask":147,"Burning Blood":0,"Old Coin":114,"Blood Vial":31,"Sozu":101,"Nunchaku":1,"Centennial Puzzle":33,"HornCleat":116,"Strawberry":1,"Toolbox":74,"Red Mask":133,"Chemical X":93,"Kunai":108,"Toxic Egg 2":74,"InkBottle":71,"Red Skull":93,"NeowsBlessing":0,"Golden Idol":83,"betterThird:NestCultRelic":36,"Charon\u0027s Ashes":88,"War Paint":54,"Odd Mushroom":91,"MawBank":3,"Akabeko":91,"WarpedTongs":28,"Du-Vu Doll":33,"Ornamental Fan":2,"Shuriken":63,"MutagenicStrength":28,"Pandora\u0027s Box":45,"Turnip":142,"Coffee Dripper":25,"Black Star":126,"Bag of Marbles":153,"Unceasing Top":3,"Toy Ornithopter":112}],"Toy Ornithopter":5},"card_choices":[{"not_picked":["Feel No Pain","Perfected Strike"],"picked":"Burning Pact+1","floor":1},{"not_picked":["Armaments+1","Hemokinesis","Thunderclap"],"picked":"SKIP","floor":2},{"not_picked":["Fire Breathing","Sever Soul"],"picked":"Dark Embrace","floor":6},{"not_picked":["Warcry+1","Seeing Red+1"],"picked":"Flex+1","floor":7},{"not_picked":["Clothesline","Rupture","Anger"],"picked":"SKIP","floor":10},{"not_picked":["Brutality","Clash"],"picked":"Inflame","floor":12},{"not_picked":["Spot Weakness+1","Feel No Pain"],"picked":"Shrug It Off+1","floor":13},{"not_picked":["Wild Strike","Clash"],"picked":"Exhume+1","floor":14},{"not_picked":["Corruption","Brutality"],"picked":"Limit Break+1","floor":16},{"not_picked":["Warcry+1","Carnage+1"],"picked":"True Grit+1","floor":18},{"not_picked":["Armaments+1","Cleave+1"],"picked":"Whirlwind+1","floor":19},{"not_picked":["Combust","Havoc+1","Anger"],"picked":"SKIP","floor":22},{"not_picked":["Bludgeon","Blood for Blood"],"picked":"Clothesline+1","floor":23},{"not_picked":["Pummel","Clash+1"],"picked":"Heavy Blade","floor":25},{"not_picked":["Dropkick","Second Wind+1"],"picked":"Clash+1","floor":27},{"not_picked":["Entrench+1","Feel No Pain+1"],"picked":"Flex+1","floor":28},{"not_picked":["Clothesline","Searing Blow","Cleave"],"picked":"SKIP","floor":29},{"not_picked":["Flame Barrier+1","Wild Strike","Dual Wield+1"],"picked":"SKIP","floor":31},{"not_picked":["Berserk","Limit Break+1"],"picked":"Double Tap+1","floor":33},{"not_picked":["Clash+1","Shrug It Off+1"],"picked":"Disarm+1","floor":35},{"not_picked":["Clothesline+1","Hemokinesis"],"picked":"Intimidate+1","floor":36},{"not_picked":["True Grit+1","Body Slam+1","Anger+1"],"picked":"SKIP","floor":37},{"not_picked":["Cleave","Iron Wave+1","Dropkick"],"picked":"SKIP","floor":40},{"not_picked":["Twin Strike","Impervious+1","Headbutt"],"picked":"SKIP","floor":41},{"not_picked":["Rage+1","Sword Boomerang","Iron Wave"],"picked":"SKIP","floor":42},{"not_picked":["Combust","Bloodletting+1","Headbutt"],"picked":"SKIP","floor":45},{"not_picked":["Flame Barrier+1","Combust+1","Ghostly Armor+1"],"picked":"SKIP","floor":46},{"not_picked":["Limit Break+1","Armaments+1","Rupture+1"],"picked":"SKIP","floor":54}],"player_experience":273357,"relics_obtained":[{"floor":6,"key":"Charon\u0027s Ashes"},{"floor":7,"key":"Odd Mushroom"},{"floor":9,"key":"Akabeko"},{"floor":21,"key":"Kunai"},{"floor":23,"key":"Toy Ornithopter"},{"floor":26,"key":"Old Coin"},{"floor":27,"key":"HornCleat"},{"floor":40,"key":"Strawberry"},{"floor":40,"key":"Nunchaku"},{"floor":42,"key":"Boot"},{"floor":42,"key":"Turnip"},{"floor":46,"key":"Smiling Mask"},{"floor":46,"key":"Ice Cream"},{"floor":48,"key":"Magic Flower"},{"floor":54,"key":"Blood Vial"},{"floor":54,"key":"Du-Vu Doll"}],"event_choices":[{"damage_healed":60,"gold_gain":0,"player_choice":"Upgrade","damage_taken":16,"max_hp_gain":0,"max_hp_loss":80,"event_name":"betterThird:BetterShining","floor":3,"gold_loss":0,"cards_upgraded":["Strike_R","Bash"]},{"damage_healed":0,"gold_gain":0,"player_choice":"Take Damage","damage_taken":20,"relics_obtained":["Golden Idol"],"max_hp_gain":0,"max_hp_loss":0,"event_name":"Golden Idol","floor":4,"gold_loss":0},{"damage_healed":0,"gold_gain":175,"player_choice":"AGREE","damage_taken":122,"max_hp_gain":0,"max_hp_loss":0,"event_name":"betterThird:BetterSerpent","floor":5,"gold_loss":0},{"damage_healed":0,"gold_gain":0,"player_choice":"Fought Mushrooms","damage_taken":0,"max_hp_gain":0,"max_hp_loss":0,"event_name":"Mushrooms","floor":7,"gold_loss":0},{"damage_healed":0,"gold_gain":0,"player_choice":"Ignored","damage_taken":0,"max_hp_gain":0,"max_hp_loss":0,"event_name":"Ghosts","floor":20,"gold_loss":0},{"damage_healed":0,"gold_gain":0,"player_choice":"Paid","damage_taken":0,"relics_obtained":["Red Mask"],"max_hp_gain":0,"max_hp_loss":0,"event_name":"Tomb of Lord Red Mask","floor":38,"gold_loss":288},{"cards_removed":["Defend_R"],"damage_healed":0,"gold_gain":0,"player_choice":"Offered Basic","damage_taken":0,"max_hp_gain":0,"max_hp_loss":0,"event_name":"Bonfire Elementals","floor":39,"gold_loss":0},{"damage_healed":0,"gold_gain":0,"player_choice":"Max HP","damage_taken":0,"max_hp_gain":0,"max_hp_loss":4,"event_name":"Winding Halls","floor":44,"gold_loss":0},{"damage_healed":0,"gold_gain":0,"player_choice":"Fight","damage_taken":0,"max_hp_gain":0,"max_hp_loss":0,"event_name":"MindBloom","floor":48,"gold_loss":0}],"is_beta":false,"boss_relics":[{"not_picked":["Calling Bell","Fusion Hammer"],"picked":"Sozu"},{"not_picked":["Tiny House","Cursed Key"],"picked":"Black Star"}],"items_purged_floors":[0,11,30,30,53],"is_endless":false,"potions_floor_spawned":[1,2,13,14,16,18,19,25,28,29,37,41,42,45],"ascension_level":3}}