{"host":"i9h64q9gphvrup4n","time":1610223396,"event":{"mods":["2.2 Compatiblity","AchievementEnabler","Aspiration","Astrologer","Bard","BaseMod","Beaked The Cultist","BetterRewards","Colored Powertips","Conspire","Downfall","Gremlin Mod","Hermit","Hubris","Infinite Spire","Jorbs\u0027s Wanderer Trilogy","Minty Spire (QoL Compilation)","Replay The Spire","Shop Mod","StSLib","SuperFastMode","The Blackbeard","The Bladedancer","The Bug Knight","The Construct","The Cursed","The Disciple","The Hierophant","The Jungle","The Necromancer","The Runesmith","The Wild Card","slay the spire mod where everything is the same but ironclad has a cowboy hat","vexMod"],"gold_per_floor":[116,136,149,374,374,374,402,402,402,402,416,416,254,279,279,380,380,394,41,41,41,54,81,81,110,161,172,192,219,236,246,246,413,413,456,511,511,611,611,611,611,611],"floor_reached":40,"playtime":1813,"items_purged":[],"score":840,"play_id":"e4126ae6-50a3-4ab3-a882-c8593659ede0","local_time":"20210109141636","is_ascension_mode":true,"campfire_choices":[{"data":"blackbeard:InfiniteBarrage","floor":6,"key":"SMITH"},{"floor":8,"key":"RECALL"},{"data":"blackbeard:CaptainsHat","floor":10,"key":"SMITH"},{"floor":15,"key":"REST"},{"data":"blackbeard:Rum","floor":24,"key":"SMITH"},{"floor":32,"key":"REST"}],"circlet_count":0,"master_deck":["blackbeard:BlackbeardStrike","blackbeard:BlackbeardStrike","blackbeard:BlackbeardStrike","blackbeard:IntimidatingStrike","blackbeard:BlackbeardDefend","blackbeard:BlackbeardDefend","blackbeard:BlackbeardDefend","blackbeard:Cutlass","blackbeard:RearmingStrike","blackbeard:InfiniteBarrage+1","blackbeard:CaptainsHat+1","blackbeard:CannonballSupply","blackbeard:Sharpening","blackbeard:FinalBarrage+1","blackbeard:Rum+1","blackbeard:Dagger","blackbeard:DoubleCannonball","blackbeard:BeatUp","blackbeard:FinalBarrage","blackbeard:Fencing+1","blackbeard:GoldenCannonball","blackbeard:PirateEarring","blackbeard:RearmingStrike+1","blackbeard:Rum+1","blackbeard:Sharpening","blackbeard:DoubleCannonball","blackbeard:Dagger","blackbeard:GoldenCannonball+1","blackbeard:Toast","blackbeard:GoldenCannonball","blackbeard:GoldenRain","blackbeard:WeaponProficiency","blackbeard:RearmingStrike","infinitespire:Fortify","blackbeard:RemoveScurvy"],"relics":["blackbeard:LoadTheCannons","aspiration:Nostalgia","stsjorbsmod:GrimoireRelic","construct:FoamFinger","ReplayFunnel","infinitespire:WardingShard","Mercury Hourglass","Replay:Bronze Core","infinitespire:BottledMercury","Anchor","Replay:Baseball","aspiration:DSix","Nunchaku","hubris:MobiusCoin","infinitespire:EvilPickle","Philosopher\u0027s Stone","conspire:GlowingRock","construct:BoolHorns","hubris:Icosahedron"],"acts_visited":["Exordium","TheCity","TheBeyond"],"potions_floor_usage":[16,23,38,40],"damage_taken":[{"damage":0,"enemies":"Small Slimes","floor":1,"turns":4},{"damage":0,"enemies":"2 Louse","floor":2,"turns":3},{"damage":1,"enemies":"Cultist","floor":3,"turns":4},{"damage":20,"enemies":"Gremlin Nob","floor":7,"turns":4},{"damage":10,"enemies":"3 Louse","floor":11,"turns":2},{"damage":19,"enemies":"3 Sentries","floor":14,"turns":5},{"damage":11,"enemies":"Fading Forest","floor":16,"turns":11},{"damage":0,"enemies":"Chosen","floor":18,"turns":3},{"damage":0,"enemies":"Spheric Guardian","floor":22,"turns":1},{"damage":17,"enemies":"Slavers","floor":23,"turns":4},{"damage":10,"enemies":"Book of Stabbing","floor":25,"turns":4},{"damage":0,"enemies":"Centurion and Healer","floor":27,"turns":3},{"damage":0,"enemies":"Snake Plant","floor":28,"turns":2},{"damage":0,"enemies":"Replay:Snechameleon","floor":29,"turns":4},{"damage":0,"enemies":"3 Cultists","floor":30,"turns":3},{"damage":2,"enemies":"Shelled Parasite and Fungi","floor":31,"turns":3},{"damage":0,"enemies":"Pondfish","floor":33,"turns":5},{"damage":0,"enemies":"3 Darklings","floor":35,"turns":3},{"damage":24,"enemies":"2 Orb Walkers","floor":36,"turns":4},{"damage":18,"enemies":"infinitespire:Three Voidlings","floor":38,"turns":3},{"damage":18,"enemies":"Nightmare_Alpha","floor":38,"turns":9},{"damage":24,"enemies":"Giant Head","floor":40,"turns":5}],"seed_played":"-7610701043617951720","potions_obtained":[{"floor":1,"key":"Venom Potion"},{"floor":7,"key":"champ:CounterPotion"},{"floor":14,"key":"blackbeard:UpgradePotion"},{"floor":18,"key":"Block Potion"},{"floor":25,"key":"hexamod:EctoCoolerPotion"},{"floor":29,"key":"Ancient Potion"},{"floor":33,"key":"Strength Potion"},{"floor":38,"key":"champ:CounterPotion"}],"is_trial":false,"path_per_floor":["M","M","M","?","?","R","E","R","T","R","M","?","$","E","R","B",null,"M","$","?","?","M","E","R","E","T","M","M","E","M","M","R","B",null,"M","?","?","?","?","E"],"character_chosen":"BLACKBEARD_CLASS","items_purchased":["blackbeard:Rum","blackbeard:Dagger","blackbeard:DoubleCannonball","infinitespire:BottledMercury","blackbeard:GoldenCannonball","blackbeard:PirateEarring"],"campfire_rested":2,"item_purchase_floors":[13,13,13,19,19,19],"current_hp_per_floor":[75,75,74,74,74,74,54,54,54,54,44,44,44,25,47,46,75,75,75,68,68,68,51,51,41,41,41,41,41,41,39,61,61,75,75,51,51,15,15,0,0,0],"gold":611,"neow_bonus":"NOSTALGIA","is_daily":false,"chose_seed":false,"campfire_upgraded":3,"win_rate":0.0,"timestamp":1610223396,"path_taken":["M","M","M","?","?","R","E","R","T","R","M","?","$","E","R","BOSS","M","$","?","?","?","E","R","E","T","M","M","E","M","M","R","BOSS","M","?","?","?","?","E"],"items_purchased_type":["Card","Card","Card","Relic","Card","Card"],"build_version":"2020-12-22","purchased_purges":0,"victory":false,"max_hp_per_floor":[75,75,75,75,75,75,75,75,75,75,75,75,75,75,75,75,75,75,75,75,75,75,75,75,75,75,75,75,75,75,75,75,75,75,75,75,75,75,75,75,75,75],"card_choices":[{"not_picked":["blackbeard:GoldenDefense","blackbeard:SmithingHammer"],"picked":"blackbeard:RearmingStrike","floor":1},{"not_picked":["blackbeard:WeaponProficiency","blackbeard:GoldenStrike"],"picked":"blackbeard:InfiniteBarrage","floor":2},{"not_picked":["blackbeard:Sword","blackbeard:Sharpening"],"picked":"blackbeard:CaptainsHat","floor":3},{"not_picked":["blackbeard:DeadlyArsenal","blackbeard:Lifeboat"],"picked":"blackbeard:CannonballSupply","floor":7},{"not_picked":["blackbeard:Sword","blackbeard:BlindAttacks"],"picked":"blackbeard:Sharpening","floor":11},{"not_picked":["blackbeard:BlindAttacks","blackbeard:ArmorUp"],"picked":"blackbeard:BeatUp","floor":14},{"not_picked":["blackbeard:Parrot","blackbeard:Murder"],"picked":"blackbeard:FinalBarrage","floor":16},{"not_picked":["blackbeard:DoubleCannonball","blackbeard:TacticalRetreat+1"],"picked":"blackbeard:Fencing+1","floor":18},{"not_picked":["blackbeard:PiratesWill","blackbeard:Sharpening"],"picked":"blackbeard:RearmingStrike+1","floor":22},{"not_picked":["blackbeard:PirateEarring","blackbeard:Recklessness"],"picked":"blackbeard:Rum+1","floor":23},{"not_picked":["blackbeard:Provisioning","blackbeard:CloakAndCannonball+1"],"picked":"blackbeard:Sharpening","floor":25},{"not_picked":["blackbeard:ChaoticDefense","blackbeard:DangerousBlow"],"picked":"blackbeard:DoubleCannonball","floor":27},{"not_picked":["blackbeard:PirateHook","blackbeard:GoldenDefense"],"picked":"blackbeard:Dagger","floor":28},{"not_picked":["blackbeard:SmithingHammer+1","blackbeard:Intoxication"],"picked":"blackbeard:GoldenCannonball+1","floor":29},{"not_picked":["blackbeard:GoldenDefense","blackbeard:CloakAndCannonball"],"picked":"blackbeard:Toast","floor":30},{"not_picked":["blackbeard:Scrap+1","blackbeard:Upgrade+1"],"picked":"blackbeard:GoldenCannonball","floor":31},{"not_picked":["blackbeard:BountyHunter","blackbeard:BoostMorale"],"picked":"blackbeard:GoldenRain","floor":33},{"not_picked":["blackbeard:Boarding","blackbeard:AgileStrike+1"],"picked":"blackbeard:WeaponProficiency","floor":35},{"not_picked":["blackbeard:Eyepatch","blackbeard:PiratesWill+1"],"picked":"blackbeard:RearmingStrike","floor":36},{"not_picked":["ReplayTheSpireMod:??????????????????????","hubris:Fate"],"picked":"infinitespire:Fortify","floor":38},{"not_picked":["blackbeard:GoldenStrike","blackbeard:Dagger"],"picked":"blackbeard:RemoveScurvy","floor":38}],"player_experience":710430,"relics_obtained":[{"floor":7,"key":"ReplayFunnel"},{"floor":9,"key":"infinitespire:WardingShard"},{"floor":14,"key":"Mercury Hourglass"},{"floor":23,"key":"Replay:Baseball"},{"floor":25,"key":"aspiration:DSix"},{"floor":26,"key":"Nunchaku"},{"floor":29,"key":"hubris:MobiusCoin"},{"floor":36,"key":"conspire:GlowingRock"},{"floor":38,"key":"construct:BoolHorns"}],"event_choices":[{"damage_healed":0,"gold_gain":225,"player_choice":"YARR","damage_taken":0,"relics_obtained":["construct:FoamFinger"],"max_hp_gain":0,"max_hp_loss":0,"event_name":"blackbeard:Ssssserpent","floor":4,"gold_loss":0},{"damage_healed":0,"gold_gain":0,"player_choice":"Anchor","damage_taken":0,"relics_obtained":["Anchor"],"max_hp_gain":0,"max_hp_loss":0,"event_name":"blackbeard:ShipwreckEvent","floor":20,"gold_loss":0},{"cards_removed":["blackbeard:BlackbeardStrike"],"damage_healed":0,"gold_gain":0,"player_choice":"Purged","damage_taken":0,"max_hp_gain":0,"max_hp_loss":0,"event_name":"Purifier","floor":21,"gold_loss":0},{"damage_healed":0,"gold_gain":0,"player_choice":"Fight","damage_taken":0,"max_hp_gain":0,"max_hp_loss":0,"event_name":"Mysterious Sphere","floor":36,"gold_loss":0}],"is_beta":false,"boss_relics":[{"not_picked":["infinitespire:Cupcake","hubris:BlackHole"],"picked":"Replay:Bronze Core"},{"not_picked":["vexMod:MysteryBossChallenge","Coffee Dripper"],"picked":"Philosopher\u0027s Stone"}],"items_purged_floors":[],"is_endless":false,"potions_floor_spawned":[1,7,14,18,25,29,31,33,35,38],"killed_by":"Giant Head","ascension_level":1}}