{"host":"7r6bd5ce6zscnmwq","time":1610190737,"event":{"mods":["BaseMod","Better Altar","Better Match","Better Note","Better Sensory Stone","Better Skull","Better Third Choice","Better Vampires","Block Reminder","Colored Powertips","Displayed Cursed Tome","Minty Spire (QoL Compilation)","Permanent Neow","Quick Restart","Shop Mod","Spicy Shops","StSLib","The Dragon Tamer","The Marked"],"gold_per_floor":[111,52,64,80,80,109,123,123,123,123,142,174,174,187,187,292,292,305,29,29,29,45,45,61,94,119,130,141,41,41,70,70,165,165,180,101,117,128,143,143,158,158,158,170,170,80,97,21,21,21,21,21],"floor_reached":50,"playtime":6427,"items_purged":["DTMod:Strike","DTMod:TargetDefense"],"score":546,"play_id":"86d09eb4-022b-4a48-ac73-b68ffd7292d1","local_time":"20210109201217","is_ascension_mode":false,"metric_token":1235,"campfire_choices":[{"data":"DTMod:SwitchingTactic","floor":8.0,"key":"SMITH"},{"data":"DTMod:CleansingStrike","floor":13.0,"key":"SMITH"},{"data":"DTMod:DoubleHit","floor":15.0,"key":"SMITH"},{"data":"DTMod:HeatWave","floor":23.0,"key":"SMITH"},{"data":"DTMod:TriAttack","floor":30.0,"key":"SMITH"},{"data":"DTMod:DragonDance","floor":32.0,"key":"SMITH"},{"floor":40.0,"key":"RECALL"},{"floor":45.0,"key":"REST"},{"data":"DTMod:WarmUp","floor":49,"key":"SMITH"}],"dtmod_dragon_data":[9,50,1,2,8,12],"circlet_count":0,"master_deck":["DTMod:DoubleHit+1","DTMod:TargetDefense","DTMod:TargetDefense","DTMod:SwitchingTactic+1","Dramatic Entrance","DTMod:CleansingStrike+1","Pain","DTMod:FlameSlash","DTMod:DragonDance+1","DTMod:Dissolve","DTMod:TauntingStrike","DTMod:LightShield","DTMod:TriAttack+1","DTMod:BlazingStrike","DTMod:HeatWave+1","Bite","Bite","DTMod:BlazingStrike+1","DTMod:BurningEnergy","DTMod:HeadStart","DTMod:MagicField+1","DTMod:EchoTactic+1","CurseOfTheBell","DTMod:Shift","DTMod:DarkBreath","Parasite","DTMod:WarmUp+1"],"relics":["DTMod:MagicStone","Akabeko","Blue Candle","FossilizedHelix","WingedGreaves","Medical Kit","Ancient Tea Set","Letter Opener","Calling Bell","MealTicket","Gremlin Horn","Calipers","Shuriken"],"acts_visited":["Exordium","TheCity","TheBeyond"],"potions_floor_usage":[50,50,50,50],"damage_taken":[{"damage":0.0,"enemies":"Small Slimes","floor":1.0,"turns":2.0},{"damage":0.0,"enemies":"Cultist","floor":3.0,"turns":2.0},{"damage":0.0,"enemies":"2 Louse","floor":4.0,"turns":1.0},{"damage":0.0,"enemies":"3 Sentries","floor":6.0,"turns":4.0},{"damage":0.0,"enemies":"Exordium Wildlife","floor":7.0,"turns":2.0},{"damage":0.0,"enemies":"Red Slaver","floor":11.0,"turns":3.0},{"damage":2.0,"enemies":"Lagavulin","floor":12.0,"turns":7.0},{"damage":1.0,"enemies":"Blue Slaver","floor":14.0,"turns":2.0},{"damage":8.0,"enemies":"Hexaghost","floor":16.0,"turns":14.0},{"damage":0.0,"enemies":"Shell Parasite","floor":18.0,"turns":5.0},{"damage":3.0,"enemies":"3 Byrds","floor":22.0,"turns":5.0},{"damage":0.0,"enemies":"Snake Plant","floor":24.0,"turns":4.0},{"damage":0.0,"enemies":"Slavers","floor":25.0,"turns":4.0},{"damage":6.0,"enemies":"Shelled Parasite and Fungi","floor":27.0,"turns":6.0},{"damage":0.0,"enemies":"Chosen and Byrds","floor":28.0,"turns":3.0},{"damage":4.0,"enemies":"Book of Stabbing","floor":31.0,"turns":7.0},{"damage":42.0,"enemies":"Collector","floor":33.0,"turns":8.0},{"damage":0.0,"enemies":"3 Darklings","floor":35.0,"turns":5.0},{"damage":8.0,"enemies":"3 Shapes","floor":37.0,"turns":5.0},{"damage":0.0,"enemies":"Writhing Mass","floor":38.0,"turns":7.0},{"damage":0.0,"enemies":"3 Darklings","floor":39.0,"turns":5.0},{"damage":20.0,"enemies":"Transient","floor":41.0,"turns":5.0},{"damage":15.0,"enemies":"Sphere and 2 Shapes","floor":44.0,"turns":4.0},{"damage":0,"enemies":"Jaw Worm Horde","floor":47,"turns":3},{"damage":41,"enemies":"Awakened One","floor":50,"turns":12}],"seed_played":"267803788482193044","potions_obtained":[{"floor":3.0,"key":"BlessingOfTheForge"},{"floor":4.0,"key":"SpeedPotion"},{"floor":6.0,"key":"Dexterity Potion"},{"floor":16.0,"key":"Swift Potion"},{"floor":18.0,"key":"FairyPotion"},{"floor":31.0,"key":"FearPotion"},{"floor":33.0,"key":"Regen Potion"},{"floor":38.0,"key":"Weak Potion"},{"floor":39.0,"key":"SpeedPotion"},{"floor":44.0,"key":"EntropicBrew"}],"is_trial":false,"path_per_floor":["M","$","M","M","?","E","M","R","T","?","M","E","R","M","R","B",null,"M","$","?","?","M","R","M","E","T","M","M","$","R","E","R","B",null,"M","$","M","M","M","R","M","?","T","M","R","?","M","$","R","B"],"character_chosen":"THE_DT","items_purchased":["Akabeko","Medical Kit","DTMod:HeatWave","DTMod:Shift","DTMod:WarmUp"],"campfire_rested":1,"item_purchase_floors":[2,19,19,36,48],"current_hp_per_floor":[45,45,45,45,38,38,38,38,38,40,40,38,38,37,37,29,45,45,45,45,39,39,39,39,39,39,33,39,39,39,37,37,5,39,39,39,33,39,39,39,19,19,19,17,28,28,35,39,39,0,0,0],"gold":21,"neow_bonus":"RANDOM_COLORLESS","is_daily":false,"chose_seed":false,"campfire_upgraded":7,"win_rate":0.0,"timestamp":1610190737,"path_taken":["M","$","M","M","?","E","M","R","T","?","?","E","R","M","R","BOSS","M","$","?","?","?","R","M","E","T","M","M","$","R","E","R","BOSS","M","$","M","M","M","R","M","?","T","M","R","?","M","$","R","BOSS"],"items_purchased_type":["Relic","Relic","Card","Card","Card"],"build_version":"2020-12-22","purchased_purges":2,"victory":false,"max_hp_per_floor":[45,45,45,45,45,45,45,45,45,45,45,45,45,45,45,45,45,45,45,45,39,39,39,39,39,39,39,39,39,39,39,39,39,39,39,39,39,39,39,39,39,39,39,39,39,39,39,39,39,39,39,39],"card_choices":[{"not_picked":["Jack Of All Trades","Madness"],"picked":"Dramatic Entrance","floor":0.0},{"not_picked":["DTMod:CrossStep","DTMod:BurningForce"],"picked":"DTMod:CleansingStrike","floor":1.0},{"not_picked":["DTMod:ForkedFire","DTMod:BurningEnergy"],"picked":"DTMod:FlameSlash","floor":3.0},{"not_picked":["DTMod:QuickFly","DTMod:GhostSkin","DTMod:CalculatedDefense"],"picked":"SKIP","floor":4.0},{"not_picked":["DTMod:QuickFly","DTMod:Punisher"],"picked":"DTMod:DragonDance","floor":6.0},{"not_picked":["DTMod:Feint","DTMod:Cover","DTMod:CleansingStrike"],"picked":"SKIP","floor":7.0},{"not_picked":["DTMod:Weaken","DTMod:Training"],"picked":"DTMod:Dissolve","floor":11.0},{"not_picked":["DTMod:Threaten","DTMod:FlameSlash"],"picked":"DTMod:TauntingStrike","floor":12.0},{"not_picked":["DTMod:Feint","DTMod:BuildUp"],"picked":"DTMod:LightShield","floor":14.0},{"not_picked":["DTMod:ExcessFootwork","DTMod:Safeguard"],"picked":"DTMod:TriAttack","floor":16.0},{"not_picked":["DTMod:BuildUp+1","DTMod:Observe"],"picked":"DTMod:BlazingStrike","floor":18.0},{"not_picked":["DTMod:CleansingStrike","DTMod:InvisibleFlame"],"picked":"DTMod:BlazingStrike+1","floor":22.0},{"not_picked":["DTMod:HeatWave","DTMod:QuickFly"],"picked":"DTMod:BurningEnergy","floor":24.0},{"not_picked":["DTMod:BurningEnergy+1","DTMod:PurifyingFlame+1"],"picked":"DTMod:HeadStart","floor":25.0},{"not_picked":["DTMod:MasterPlan","DTMod:RecklessFlurry+1"],"picked":"DTMod:MagicField+1","floor":27.0},{"not_picked":["DTMod:CleansingStrike","DTMod:Feint","DTMod:ComboAttack"],"picked":"SKIP","floor":28.0},{"not_picked":["DTMod:RecklessFlurry","DTMod:Punisher","DTMod:ComboAttack"],"picked":"SKIP","floor":31.0},{"not_picked":["DTMod:HeadStart","DTMod:SealedStrike"],"picked":"DTMod:EchoTactic","floor":33.0},{"not_picked":["DTMod:LowKick+1","DTMod:InvisibleFlame+1","DTMod:BlazingStrike"],"picked":"SKIP","floor":35.0},{"not_picked":["DTMod:BreakAttack","DTMod:RecklessFlurry"],"picked":"DTMod:DarkBreath","floor":37.0},{"not_picked":["DTMod:Training+1","DTMod:HeatWave","DTMod:BreakAttack+1"],"picked":"SKIP","floor":38.0},{"not_picked":["DTMod:LowKick+1","DTMod:HeatWave+1","DTMod:Overwhelm+1"],"picked":"SKIP","floor":39.0},{"not_picked":["DTMod:SneakAttack","DTMod:TriAttack","DTMod:MasterPlan"],"picked":"SKIP","floor":41.0},{"not_picked":["DTMod:LastStand","DTMod:QuickFly+1","DTMod:Shift+1"],"picked":"SKIP","floor":44.0},{"not_picked":["DTMod:MagicField","DTMod:BreakAttack+1","DTMod:CleansingStrike"],"picked":"SKIP","floor":47}],"player_experience":631811,"relics_obtained":[{"floor":6.0,"key":"Blue Candle"},{"floor":9.0,"key":"FossilizedHelix"},{"floor":12.0,"key":"WingedGreaves"},{"floor":25.0,"key":"Ancient Tea Set"},{"floor":31.0,"key":"Letter Opener"},{"floor":34.0,"key":"MealTicket"},{"floor":34.0,"key":"Gremlin Horn"},{"floor":34.0,"key":"Calipers"},{"floor":43.0,"key":"Shuriken"}],"event_choices":[{"cards_removed":["DTMod:Strike"],"damage_healed":0.0,"max_hp_gain":0.0,"max_hp_loss":0.0,"gold_gain":0.0,"event_name":"Golden Wing","player_choice":"Card Removal","floor":5.0,"gold_loss":0.0,"damage_taken":7.0},{"damage_healed":2.0,"max_hp_gain":0.0,"max_hp_loss":0.0,"gold_gain":0.0,"event_name":"betterSkull:BetterSkull","player_choice":"LEAVE ","floor":10.0,"gold_loss":0.0,"damage_taken":0.0,"cards_upgraded":[],"relics_obtained":[]},{"cards_removed":["DTMod:LightShield"],"damage_healed":0.0,"max_hp_gain":0.0,"max_hp_loss":0.0,"gold_gain":0.0,"event_name":"betterNote:BetterNote","player_choice":"Give","floor":20.0,"gold_loss":0.0,"damage_taken":0.0,"cards_obtained":["None"]},{"damage_healed":0.0,"max_hp_gain":0.0,"max_hp_loss":6.0,"gold_gain":0.0,"event_name":"Vampires","player_choice":"Became a vampire","floor":21.0,"gold_loss":0.0,"damage_taken":0.0,"cards_obtained":["Bite","Bite"]},{"damage_healed":0.0,"max_hp_gain":0.0,"max_hp_loss":0.0,"gold_gain":0.0,"event_name":"The Moai Head","player_choice":"Ignored","floor":42.0,"gold_loss":0.0,"damage_taken":0.0},{"cards_removed":["DTMod:TargetDefense"],"damage_healed":0.0,"max_hp_gain":0.0,"max_hp_loss":0.0,"gold_gain":0.0,"event_name":"Designer","player_choice":"Upgrade and Remove","floor":46.0,"gold_loss":90.0,"damage_taken":0.0,"cards_upgraded":["DTMod:EchoTactic"]}],"is_beta":false,"boss_relics":[{"not_picked":["Runic Dome","SlaversCollar"],"picked":"DTMod:MagicStone"},{"not_picked":["Philosopher\u0027s Stone","Empty Cage"],"picked":"Calling Bell"}],"items_purged_floors":[19,29],"is_endless":false,"potions_floor_spawned":[3,4,6,16,18,22,31,33,38,39,44],"killed_by":"Awakened One","ascension_level":0}}