{"host":"nuc2w1a7ik2yhkv2","time":1610190087,"event":{"mods":["Act Like it!","BaseMod","Gensokyo","Marisa£®ÏF”Í°°ƒß¿Ì…≥£©","Minty Spire (QoL Compilation)","Quick Restart","Rare Cards Sparkle","StSLib"],"gold_per_floor":[111,111,40,40,40,66,77,96,96,396,609,609,66,66,66,143,143,156,156,69,169,187,187,187,187],"floor_reached":24,"playtime":1054,"items_purged":["Pain"],"score":374,"play_id":"203c4432-910e-419d-bbbb-58ed2ba23ed6","local_time":"20210109190127","is_ascension_mode":true,"campfire_choices":[{"floor":12.0,"key":"REST"},{"floor":15.0,"key":"REST"},{"floor":23,"key":"REST"}],"circlet_count":0,"master_deck":["AscendersBane","Strike_P","Strike_P+1","Strike_P","Strike_P+1","Defend_P","Defend_P","Defend_P","Eruption","Vigilance","Collect","Consecrate","Evaluate","ThirdEye","Tantrum","Halt","Wireheading","Panacea","SpiritShield","ConjureBlade","Halt"],"relics":["HolyWater","NeowsBlessing","Gensokyo:CelestialsFlawlessClothing","Gensokyo:NagashiBinaDoll","Gensokyo:LunaticRedEyes","Matryoshka","Omamori","Damaru","Whetstone","Blue Candle","Old Coin","Bag of Marbles","Gensokyo:PortableGap","Ice Cream","Incense Burner"],"acts_visited":["Exordium","Gensokyo:Gensokyo"],"potions_floor_usage":[22,22],"damage_taken":[{"damage":0.0,"enemies":"Gensokyo:2_Kodama","floor":1.0,"turns":1.0},{"damage":6.0,"enemies":"Gensokyo:Aya","floor":6.0,"turns":3.0},{"damage":0.0,"enemies":"Gensokyo:Python","floor":7.0,"turns":1.0},{"damage":12.0,"enemies":"Gensokyo:3_Fairies","floor":8.0,"turns":5.0},{"damage":16.0,"enemies":"Gensokyo:LivingMonolith","floor":11.0,"turns":4.0},{"damage":29.0,"enemies":"Gensokyo:Kokoro","floor":16.0,"turns":10.0},{"damage":10.0,"enemies":"Gensokyo:AngelMirror","floor":18.0,"turns":5.0},{"damage":10.0,"enemies":"Gensokyo:AngelMirror","floor":21.0,"turns":5.0},{"damage":9,"enemies":"Gensokyo:3_Dogs","floor":22,"turns":5},{"damage":137,"enemies":"Gensokyo:Reisen","floor":24,"turns":6}],"seed_played":"1390217605671643790","potions_obtained":[{"floor":6.0,"key":"Swift Potion"},{"floor":7.0,"key":"PowerPotion"},{"floor":21.0,"key":"DistilledChaos"}],"is_trial":false,"path_per_floor":["M","?","COS","?","?","E","M","M","T","T","M","R","$","?","R","B",null,"M","?","$","?","M","R","E"],"character_chosen":"WATCHER","items_purchased":["Tantrum","Bag of Marbles","Halt","Wireheading","Panacea","ConjureBlade"],"campfire_rested":3,"item_purchase_floors":[13,13,13,13,13,20],"current_hp_per_floor":[61,41,41,41,41,35,35,23,23,23,7,27,27,27,44,15,47,37,37,37,27,18,35,0,0],"gold":187,"neow_bonus":"THREE_ENEMY_KILL","is_daily":false,"chose_seed":false,"campfire_upgraded":0,"win_rate":0.0,"timestamp":1610190087,"path_taken":["M","?","COS","?","?","E","?","M","T","?","M","R","$","?","R","BOSS","M","?","$","?","?","R","E"],"items_purchased_type":["Card","Relic","Card","Card","Card","Card"],"build_version":"2020-12-22","purchased_purges":1,"victory":false,"max_hp_per_floor":[68,68,68,68,68,68,68,68,68,68,68,68,68,58,58,58,58,58,58,58,58,58,58,58,58],"card_choices":[{"not_picked":["FlyingSleeves","Meditate"],"picked":"Collect","floor":1.0},{"not_picked":["JustLucky","Prostrate"],"picked":"Consecrate","floor":6.0},{"not_picked":["MentalFortress","ThirdEye"],"picked":"Evaluate","floor":7.0},{"not_picked":["CarveReality","FollowUp","EmptyBody"],"picked":"SKIP","floor":8.0},{"not_picked":["Worship","Evaluate"],"picked":"ThirdEye","floor":11.0},{"not_picked":["Blasphemy","MasterReality"],"picked":"SpiritShield","floor":16.0},{"not_picked":["ThirdEye","FollowUp","EmptyBody"],"picked":"SKIP","floor":18.0},{"not_picked":["Prostrate+1","Tantrum"],"picked":"Halt","floor":21.0},{"not_picked":["Consecrate","PathToVictory","Conclude"],"picked":"SKIP","floor":22}],"player_experience":1024355,"relics_obtained":[{"floor":6.0,"key":"Matryoshka"},{"floor":9.0,"key":"Damaru"},{"floor":9.0,"key":"Whetstone"},{"floor":10.0,"key":"Blue Candle"},{"floor":10.0,"key":"Old Coin"},{"floor":21.0,"key":"Ice Cream"},{"floor":21.0,"key":"Incense Burner"}],"event_choices":[],"is_beta":false,"boss_relics":[{"not_picked":["Philosopher\u0027s Stone","Empty Cage"],"picked":"HolyWater"}],"items_purged_floors":[13],"is_endless":false,"potions_floor_spawned":[6,7,21],"killed_by":"Gensokyo:Reisen","ascension_level":20}}