{"host":"r40cn8c2kv7g6k3i","time":1610205453,"event":{"mods":["Act Like it!","BaseMod","Colored Powertips","Downfall","Gensokyo","Hallownest","KinomotoSakuraMod(ƒæ÷Æ±æ”£)","Marisa£®ÏF”Í°°ƒß¿Ì…≥£©","Minty Spire (QoL Compilation)","Onozuka Komachi Mod","Prisma Mod","Reimu£®≤©¿ˆ¡È√Œ£©","Remilia£®¿Ÿ√◊¿Ú—«£©","Replay The Spire","Shop Mod","Spicy Shops","StSLib","The Alterego","The Bug Knight","The Servant 0.9.4","UnlockEverythingMod","WarShipGirlsR/’ΩΩ¢…Ÿ≈ÆR mod","Youmu£®ªÍ∆«—˝√Œ£©","Yuri Mod"],"gold_per_floor":[119,119,119,135,135,135,164,184,209,243,243,64,64,74,74,151,151,363,382,398,3,0,29,29,42,67,14,33,343,343,343,343,543,543],"floor_reached":33,"playtime":2982,"items_purged":[],"score":585,"play_id":"a440e8de-2840-4a52-a359-6adf67aae3ed","local_time":"20210109231733","is_ascension_mode":true,"campfire_choices":[{"data":"Gensokyo:CrescentMoonSlash","floor":6,"key":"SMITH"},{"data":"Cloak And Dagger","floor":11,"key":"SMITH"},{"floor":13,"key":"REST"},{"data":"Prepared","floor":15,"key":"SMITH"},{"floor":24,"key":"REST"},{"floor":32,"key":"REST"}],"circlet_count":0,"master_deck":["AscendersBane","Strike_G","Strike_G","Strike_G","Strike_G","Strike_G","Defend_G","Defend_G","Defend_G","Defend_G","Defend_G","Neutralize","Underhanded Strike","Gensokyo:CrescentMoonSlash+1","Accuracy","Amnesia","Hidden Blade","Prepared+1","Cloak And Dagger+1","PiercingWail","Adrenaline","Infinite Blades","ReplayTheSpireMod:Scrap Shanks","Eviscerate+1","Prepared+1","Outmaneuver","Blade Dance","Concentrate"],"relics":["Ring of the Serpent","NeowsBlessing","Gensokyo:Justice","Ring of Peace","Ring of Panic","Pen Nib","Regal Pillow","Oddly Smooth Stone","Singing Bowl","Pet Ghost","Frozen Eye","Ancient Tea Set","Gensokyo:ChorusOfJoy"],"acts_visited":["Gensokyo:Gensokyo","Gensokyo:Gensokyoer"],"potions_floor_usage":[16,23,33],"damage_taken":[{"damage":0,"enemies":"Gensokyo:3_Fairies","floor":1,"turns":1},{"damage":0,"enemies":"Gensokyo:2_Kodama","floor":4,"turns":1},{"damage":0,"enemies":"Gensokyo:Aya","floor":7,"turns":1},{"damage":4,"enemies":"Gensokyo:Gryphon","floor":8,"turns":3},{"damage":9,"enemies":"Gensokyo:Cirno","floor":10,"turns":5},{"damage":10,"enemies":"Gensokyo:2_Rabbits","floor":14,"turns":7},{"damage":20,"enemies":"Gensokyo:Yukari","floor":16,"turns":8},{"damage":7,"enemies":"Gensokyo:Chomper","floor":18,"turns":5},{"damage":0,"enemies":"Gensokyo:CosmicMonolith","floor":19,"turns":4},{"damage":18,"enemies":"Gensokyo:Swordslinger","floor":20,"turns":4},{"damage":41,"enemies":"Gensokyo:Tenshi","floor":23,"turns":6},{"damage":5,"enemies":"Gensokyo:Slime_Group","floor":25,"turns":4},{"damage":0,"enemies":"Gensokyo:3_Gloops","floor":28,"turns":3},{"damage":22,"enemies":"Gensokyo:Swordslinger","floor":29,"turns":5},{"damage":64,"enemies":"Gensokyo:Eternal_Rivals","floor":33,"turns":8}],"seed_played":"-1022642272824410267","potions_obtained":[{"floor":4,"key":"Elixir"},{"floor":7,"key":"Elixir"},{"floor":16,"key":"Poison Potion"},{"floor":28,"key":"Poison Potion"}],"is_trial":false,"path_per_floor":["M","?","?","M","?","R","E","M","T","E","R","COS","R","M","R","B",null,"M","M","M","$","?","E","R","M","T","COS","M","M","?","?","R","B"],"character_chosen":"THE_SILENT","items_purchased":["Eviscerate+1","Pet Ghost","Frozen Eye"],"campfire_rested":3,"item_purchase_floors":[21,21,21],"current_hp_per_floor":[59,46,46,46,46,46,46,42,42,33,33,33,66,56,56,36,59,54,54,50,50,54,13,49,44,44,44,46,24,24,24,61,0,0],"gold":543,"neow_bonus":"THREE_ENEMY_KILL","is_daily":false,"chose_seed":false,"campfire_upgraded":3,"win_rate":0.0,"timestamp":1610205453,"path_taken":["M","?","?","M","?","R","E","M","T","E","R","COS","R","M","R","BOSS","M","M","M","$","?","E","R","M","T","COS","M","M","?","?","R","BOSS"],"items_purchased_type":["Card","Relic","Relic"],"build_version":"2020-12-22","purchased_purges":0,"victory":false,"max_hp_per_floor":[66,66,66,66,66,66,66,66,66,66,66,66,66,66,66,66,66,68,68,68,68,72,72,72,72,72,72,74,74,74,74,74,74,74],"card_choices":[{"not_picked":["Bouncing Flask","Toxin Wave"],"picked":"Underhanded Strike","floor":1},{"not_picked":["Deflect","Slice"],"picked":"Accuracy","floor":4},{"not_picked":["Sucker Punch","After Image"],"picked":"Hidden Blade","floor":7},{"not_picked":["PiercingWail","Flechettes"],"picked":"Prepared","floor":8},{"not_picked":["Caltrops","Prepared"],"picked":"Cloak And Dagger","floor":10},{"not_picked":["Catalyst","Quick Slash"],"picked":"PiercingWail","floor":14},{"not_picked":["ReplayTheSpireMod:From All Sides","Glass Knife"],"picked":"Adrenaline","floor":16},{"not_picked":["Prepared","Hidden Blade","Cloak And Dagger"],"picked":"Singing Bowl","floor":18},{"not_picked":["Deflect","Outmaneuver"],"picked":"Infinite Blades","floor":19},{"not_picked":["ReplayTheSpireMod:Shiv Toss","Dodge and Roll"],"picked":"ReplayTheSpireMod:Scrap Shanks","floor":20},{"not_picked":["Poisoned Stab"],"picked":"Singing Bowl","floor":22},{"not_picked":["Night Terror"],"picked":"Singing Bowl","floor":22},{"not_picked":["Outmaneuver","Distraction"],"picked":"Prepared+1","floor":23},{"not_picked":["Reflex","PiercingWail"],"picked":"Outmaneuver","floor":25},{"not_picked":["Hidden Blade","Fluid Movement","Crippling Poison"],"picked":"Singing Bowl","floor":28},{"not_picked":["Heel Hook","Sucker Punch"],"picked":"Blade Dance","floor":29}],"player_experience":147489,"relics_obtained":[{"floor":5,"key":"Ring of Peace"},{"floor":5,"key":"Ring of Panic"},{"floor":7,"key":"Pen Nib"},{"floor":9,"key":"Regal Pillow"},{"floor":10,"key":"Oddly Smooth Stone"},{"floor":23,"key":"Ancient Tea Set"}],"event_choices":[],"is_beta":false,"boss_relics":[{"not_picked":["Replay:Drink Me","Ectoplasm"],"picked":"Ring of the Serpent"}],"items_purged_floors":[],"is_endless":false,"potions_floor_spawned":[4,7,14,16,20,28],"killed_by":"Gensokyo:Eternal_Rivals","ascension_level":20}}