{"host":"2se5dq1do2gp0x9k","time":1610214084,"event":{"mods":["AchievementEnabler","BaseMod","Block Reminder","Colored Map","Colored Powertips","Minty Spire (QoL Compilation)","Relic Stats","StSLib","SuperFastMode"],"gold_per_floor":[119,119,119,137,152,152,152],"floor_reached":6,"playtime":94,"items_purged":[],"score":63,"play_id":"e6ea9f23-c8c7-4f2c-b9b3-24d37b3fd046","local_time":"20210109094124","is_ascension_mode":true,"campfire_choices":[],"circlet_count":0,"master_deck":["AscendersBane","Strike_P","Strike_P","Strike_P","Strike_P","Defend_P","Defend_P+1","Defend_P","Defend_P","Eruption+1","Vigilance","EmptyFist","EmptyFist","FlurryOfBlows"],"relics":["PureWater","NeowsBlessing"],"acts_visited":["Exordium"],"potions_floor_usage":[],"damage_taken":[{"damage":0,"enemies":"Small Slimes","floor":1,"turns":1},{"damage":0,"enemies":"2 Louse","floor":4,"turns":1},{"damage":0,"enemies":"Jaw Worm","floor":5,"turns":1},{"damage":57,"enemies":"Lagavulin","floor":6,"turns":7}],"seed_played":"1437809844970938676","potions_obtained":[],"is_trial":false,"path_per_floor":["M","?","?","M","M","E"],"character_chosen":"WATCHER","items_purchased":[],"campfire_rested":0,"item_purchase_floors":[],"current_hp_per_floor":[61,61,41,41,41,0,0],"gold":152,"neow_bonus":"THREE_ENEMY_KILL","is_daily":false,"chose_seed":false,"campfire_upgraded":0,"win_rate":0.0,"timestamp":1610214084,"path_taken":["M","?","?","M","?","E"],"items_purchased_type":[],"build_version":"2020-12-22","purchased_purges":0,"victory":false,"max_hp_per_floor":[68,68,68,68,68,68,68],"relic_stats":{"counters":[4,10],"obtain_stats":[{"NeowsBlessing":0,"PureWater":0},{"NeowsBlessing":0,"PureWater":0},{"NeowsBlessing":0,"PureWater":0}]},"card_choices":[{"not_picked":["Crescendo","Protect"],"picked":"EmptyFist","floor":1},{"not_picked":["WaveOfTheHand","JustLucky"],"picked":"EmptyFist","floor":4},{"not_picked":["FollowUp","Prostrate"],"picked":"FlurryOfBlows","floor":5}],"player_experience":3817666,"relics_obtained":[],"event_choices":[{"damage_healed":0,"gold_gain":0,"player_choice":"Leave","damage_taken":0,"max_hp_gain":0,"max_hp_loss":0,"event_name":"The Cleric","floor":2,"gold_loss":0},{"damage_healed":0,"gold_gain":0,"player_choice":"Entered Light","damage_taken":20,"max_hp_gain":0,"max_hp_loss":0,"event_name":"Shining Light","floor":3,"gold_loss":0,"cards_upgraded":["Eruption","Defend_P"]}],"is_beta":false,"boss_relics":[],"items_purged_floors":[],"is_endless":false,"potions_floor_spawned":[],"killed_by":"Lagavulin","ascension_level":15}}