{"host":"6jrnojxwearbrjzo","time":1610211174,"event":{"mods":["BaseMod","Colored Map","Minty Spire (QoL Compilation)","Replay The Spire","Shop Mod","Spicy Shops","StSLib","The Cursed","The Servant 0.9.4","vexMod"],"gold_per_floor":[116,291,49,68,68,68,100,111,134,8,8,8],"floor_reached":11,"playtime":292,"items_purged":["Doubt"],"score":75,"play_id":"5f40b332-41d9-4d2f-b71b-42a7b32f4898","local_time":"20210110005254","is_ascension_mode":true,"campfire_choices":[{"data":"Cleave","floor":6,"key":"SMITH"}],"circlet_count":0,"master_deck":["Strike_R","Strike_R","Strike_R","Strike_R","Defend_R","Defend_R","Defend_R","Defend_R","Bash","Cleave+1","Flex","Shrug It Off","True Grit","Pommel Strike","Shrug It Off","ReplayTheSpireMod:Strike From Hell+1","Seeing Red"],"relics":["vexMod:MegatonBomb","vexMod:GhostlyGear","Regal Pillow","Blue Doll"],"acts_visited":["Exordium"],"potions_floor_usage":[],"damage_taken":[{"damage":3,"enemies":"Cultist","floor":1,"turns":3},{"damage":7,"enemies":"2 Louse","floor":4,"turns":2},{"damage":34,"enemies":"3 Sentries","floor":7,"turns":8},{"damage":15,"enemies":"Jaw Worm","floor":8,"turns":4},{"damage":29,"enemies":"Lagavulin","floor":11,"turns":3}],"seed_played":"3077935453823031936","potions_obtained":[{"floor":4,"key":"Elixir"},{"floor":8,"key":"SneckoOil"}],"is_trial":false,"path_per_floor":["M","?","$","M","?","R","E","M","T","$","E"],"character_chosen":"IRONCLAD","items_purchased":["vexMod:GhostlyGear","Flex","Shrug It Off","ReplayTheSpireMod:Strike From Hell+1","Seeing Red"],"campfire_rested":0,"item_purchase_floors":[3,3,10,10,10],"current_hp_per_floor":[77,77,77,70,70,70,36,21,21,21,0,0],"gold":8,"neow_bonus":"BOSS_RELIC","is_daily":false,"chose_seed":false,"campfire_upgraded":1,"win_rate":0.0,"timestamp":1610211174,"path_taken":["M","?","$","M","?","R","E","M","T","$","E"],"items_purchased_type":["Relic","Card","Card","Card","Card"],"build_version":"2020-12-22","purchased_purges":1,"victory":false,"max_hp_per_floor":[80,80,80,80,80,80,80,80,80,80,80,80],"card_choices":[{"not_picked":["Perfected Strike","ReplayTheSpireMod:Stacked"],"picked":"Cleave","floor":1},{"not_picked":["Entrench","Ghostly Armor"],"picked":"Shrug It Off","floor":4},{"not_picked":["Iron Wave","Sword Boomerang"],"picked":"True Grit","floor":7},{"not_picked":["Hemokinesis","Metallicize"],"picked":"Pommel Strike","floor":8}],"player_experience":40282,"relics_obtained":[{"floor":7,"key":"Regal Pillow"},{"floor":9,"key":"Blue Doll"}],"event_choices":[{"damage_healed":0,"gold_gain":175,"player_choice":"AGREE","damage_taken":0,"max_hp_gain":0,"max_hp_loss":0,"event_name":"Liars Game","floor":2,"gold_loss":0,"cards_obtained":["Doubt"]}],"is_beta":false,"boss_relics":[],"items_purged_floors":[3],"is_endless":false,"potions_floor_spawned":[4,8],"killed_by":"Lagavulin","ascension_level":1}}