{"host":"9d9dhukr2jywmy0f","time":1610194472,"event":{"mods":["2.2 Compatiblity","Alarm Clock","BaseMod","Bestiary","Block Reminder","Colored Map","Colored Powertips","Curses Come First","DeckTracker","Energized Spire","Highlight Path","Key Reminder","Minty Spire (QoL Compilation)","Quick Restart","Rare Cards Sparkle","Relic Sorter","Relic Stats","Spire Birthday Party","StSLib","SuperFastMode","Synergy Search","Unceasing Turn Reminder","Unknown Chances"],"gold_per_floor":[115,115,140,140,24,24,58,58,58,94,114,114,14,30,30,119,119,139,139,14,49,63,81,81,119,119,119,119,144,69,69,69],"floor_reached":31,"playtime":1124,"items_purged":["Strike_P","Strike_P","SignatureMove+1"],"score":672,"play_id":"fb5d1f19-1c7e-487b-a77d-4d232854b57d","local_time":"20210109201432","is_ascension_mode":true,"campfire_choices":[{"data":"Eruption","floor":6.0,"key":"SMITH"},{"data":"SignatureMove","floor":12.0,"key":"SMITH"},{"data":"BowlingBash","floor":15.0,"key":"SMITH"},{"data":"LessonLearned","floor":24.0,"key":"SMITH"},{"data":"FlurryOfBlows","floor":27.0,"key":"SMITH"}],"circlet_count":0,"master_deck":["AscendersBane","Strike_P","Strike_P","Defend_P","Defend_P+1","Defend_P","Eruption+1","Vigilance+1","CrushJoints+1","BowlingBash+1","Prostrate","LessonLearned+1","FlurryOfBlows+1","Indignation+1","Prostrate+1","FearNoEvil","Prostrate"],"relics":["PureWater","NeowsBlessing","Golden Idol","Bird Faced Urn","keyreminder:keyreminder","Yang","HornCleat","energizedSpire:NeverEndingSparkler","Red Mask","Pantograph"],"acts_visited":["Exordium","TheCity"],"potions_floor_usage":[31],"damage_taken":[{"damage":0.0,"enemies":"Jaw Worm","floor":1.0,"turns":1.0},{"damage":0.0,"enemies":"2 Louse","floor":3.0,"turns":1.0},{"damage":0.0,"enemies":"Gremlin Nob","floor":7.0,"turns":1.0},{"damage":5.0,"enemies":"Lagavulin","floor":10.0,"turns":3.0},{"damage":0.0,"enemies":"Small Slimes","floor":11.0,"turns":2.0},{"damage":0.0,"enemies":"Blue Slaver","floor":14.0,"turns":1.0},{"damage":0.0,"enemies":"Slime Boss","floor":16.0,"turns":4.0},{"damage":19.0,"enemies":"Shell Parasite","floor":18.0,"turns":4.0},{"damage":1.0,"enemies":"Masked Bandits","floor":21.0,"turns":5.0},{"damage":0.0,"enemies":"Chosen","floor":22.0,"turns":2.0},{"damage":4.0,"enemies":"Centurion and Healer","floor":23.0,"turns":6.0},{"damage":8.0,"enemies":"Gremlin Leader","floor":25.0,"turns":4.0},{"damage":21.0,"enemies":"Colosseum Slavers","floor":28.0,"turns":6.0},{"damage":0.0,"enemies":"3 Cultists","floor":29.0,"turns":5.0},{"damage":0,"enemies":"Snake Plant","floor":31,"turns":1}],"seed_played":"8680348895139003384","potions_obtained":[{"floor":7.0,"key":"ColorlessPotion"},{"floor":10.0,"key":"Explosive Potion"},{"floor":14.0,"key":"FearPotion"},{"floor":21.0,"key":"EssenceOfSteel"},{"floor":29.0,"key":"Dexterity Potion"}],"is_trial":false,"path_per_floor":["M","?","M","?","$","R","E","?","T","E","M","R","$","M","R","B",null,"M","?","$","?","M","M","R","E","T","R","?","M","?","M"],"character_chosen":"WATCHER","items_purchased":["SignatureMove"],"campfire_rested":0,"item_purchase_floors":[5],"current_hp_per_floor":[61,61,61,42,42,42,42,42,42,37,37,37,37,37,37,37,56,37,37,37,36,36,32,32,24,24,24,3,3,3,3,3],"gold":69,"neow_bonus":"THREE_ENEMY_KILL","is_daily":false,"chose_seed":false,"campfire_upgraded":5,"win_rate":0.0,"timestamp":1610194472,"path_taken":["M","?","M","?","$","R","E","?","T","E","M","R","$","M","R","BOSS","M","?","$","?","M","M","R","E","T","R","?","?","?","M"],"items_purchased_type":["Card"],"build_version":"2020-11-30","purchased_purges":3,"victory":false,"max_hp_per_floor":[68,62,62,62,62,62,62,62,62,62,62,62,62,62,62,62,62,62,62,62,62,62,62,62,62,62,62,62,62,62,62,62],"relic_stats":{"counters":[15,46],"Golden Idol":75,"Bird Faced Urn":[0],"Pantograph":0,"Yang":[101],"obtain_stats":[{"keyreminder:keyreminder":7,"HornCleat":10,"NeowsBlessing":0,"Golden Idol":2,"energizedSpire:NeverEndingSparkler":17,"Bird Faced Urn":7,"Pantograph":25,"Yang":9,"Red Mask":21,"PureWater":0},{"keyreminder:keyreminder":3,"HornCleat":4,"NeowsBlessing":0,"Golden Idol":1,"energizedSpire:NeverEndingSparkler":7,"Bird Faced Urn":3,"Pantograph":12,"Yang":3,"Red Mask":9,"PureWater":0},{"keyreminder:keyreminder":3,"HornCleat":6,"NeowsBlessing":0,"Golden Idol":1,"energizedSpire:NeverEndingSparkler":13,"Bird Faced Urn":3,"Pantograph":34,"Yang":3,"Red Mask":22,"PureWater":0}]},"card_choices":[{"not_picked":["ThirdEye","PathToVictory","SashWhip"],"picked":"SKIP","floor":1.0},{"not_picked":["WaveOfTheHand","SashWhip"],"picked":"CrushJoints","floor":3.0},{"not_picked":["Study","Alpha"],"picked":"BowlingBash","floor":7.0},{"not_picked":["Wallop","Perseverance"],"picked":"Prostrate","floor":10.0},{"not_picked":["LikeWater","SashWhip","CutThroughFate"],"picked":"SKIP","floor":11.0},{"not_picked":["ClearTheMind","BowlingBash","FollowUp"],"picked":"SKIP","floor":14.0},{"not_picked":["ConjureBlade","DeusExMachina"],"picked":"LessonLearned","floor":16.0},{"not_picked":["Crescendo","Consecrate","JustLucky+1"],"picked":"SKIP","floor":18.0},{"not_picked":["Protect","Study"],"picked":"Indignation","floor":21.0},{"not_picked":["Worship","Crescendo"],"picked":"Prostrate","floor":22.0},{"not_picked":["JustLucky","InnerPeace"],"picked":"FearNoEvil","floor":23.0},{"not_picked":["Nirvana","Swivel"],"picked":"Prostrate","floor":25.0},{"not_picked":["EmptyFist","CutThroughFate+1","FlyingSleeves"],"picked":"SKIP","floor":29.0}],"player_experience":792837,"relics_obtained":[{"floor":7.0,"key":"Bird Faced Urn"},{"floor":9.0,"key":"Yang"},{"floor":10.0,"key":"HornCleat"},{"floor":21.0,"key":"Red Mask"},{"floor":25.0,"key":"Pantograph"}],"event_choices":[{"damage_healed":0.0,"max_hp_gain":0.0,"max_hp_loss":6.0,"gold_gain":0.0,"event_name":"Golden Idol","player_choice":"Lose Max HP","floor":2.0,"gold_loss":0.0,"damage_taken":0.0,"relics_obtained":["Golden Idol"]},{"damage_healed":0.0,"max_hp_gain":0.0,"max_hp_loss":0.0,"gold_gain":0.0,"event_name":"Shining Light","player_choice":"Entered Light","floor":4.0,"gold_loss":0.0,"damage_taken":19.0,"cards_upgraded":["Defend_P","CrushJoints"]},{"damage_healed":0.0,"max_hp_gain":0.0,"max_hp_loss":0.0,"gold_gain":0.0,"event_name":"Liars Game","player_choice":"Ignored","floor":8.0,"gold_loss":0.0,"damage_taken":0.0},{"damage_healed":0.0,"max_hp_gain":0.0,"max_hp_loss":0.0,"gold_gain":0.0,"event_name":"The Library","player_choice":"Read","floor":19.0,"gold_loss":0.0,"damage_taken":0.0,"cards_obtained":["FlurryOfBlows"]},{"damage_healed":0.0,"max_hp_gain":0.0,"max_hp_loss":0.0,"gold_gain":0.0,"event_name":"Masked Bandits","player_choice":"Fought Bandits","floor":21.0,"gold_loss":0.0,"damage_taken":0.0},{"damage_healed":0.0,"max_hp_gain":0.0,"max_hp_loss":0.0,"gold_gain":0.0,"event_name":"Colosseum","player_choice":"Fight","floor":28.0,"gold_loss":0.0,"damage_taken":0.0},{"damage_healed":0.0,"max_hp_gain":0.0,"max_hp_loss":0.0,"gold_gain":0.0,"event_name":"Colosseum","player_choice":"Fled From Nobs","floor":28.0,"gold_loss":0.0,"damage_taken":0.0},{"cards_removed":["Defend_P"],"damage_healed":0.0,"max_hp_gain":0.0,"max_hp_loss":0.0,"gold_gain":0.0,"event_name":"Beggar","player_choice":"Gave Gold","floor":30.0,"gold_loss":75.0,"damage_taken":0.0}],"is_beta":false,"boss_relics":[{"not_picked":["energizedSpire:RedRose","energizedSpire:MagnifyingGlass"],"picked":"energizedSpire:NeverEndingSparkler"}],"items_purged_floors":[5,13,20],"is_endless":false,"potions_floor_spawned":[7,10,14,21,28,29],"killed_by":"Snake Plant","ascension_level":20}}