{"host":"avq773cl9g5msfol","time":1610224217,"event":{"mods":["100% Spire Juice","AchievementEnabler","Act Like it!","Ascension Unlocker","Aspiration","Astrologer","Bard","Bartender","BaseMod","Better Altar","Better Third Choice","BetterRewards","CapriCore","ChefMod","Colored Map","Colored Powertips","Conspire","Dio Mod","Downfall","Elementarium","Energized Spire","Gensokyo","GifTheSpireLib","GungeonMod","Hallownest","Hermit","Highlight Path","Hubris","Humility","Infinite Spire","Jorbs\u0027s Wanderer Trilogy","Koishi","Magitek Elite","Marisa????????","Marked Mod","Menagerie","Minty Spire (QoL Compilation)","Pale of the Ancients","Potionbrewer","Quarter Circle Forward PUNCH!","Rare Cards Sparkle","Reimu??????","Relic Stats","Remilia??????","Replay The Spire","SacredBarkPlus","Shade Mod","Somnambulant","Spicy Shops","StSLib","Synergy Search","The Administrix","The Blue Laboratory","The Bug Knight","The Construct","The Cursed","The Disciple","The Dragon Tamer","The Exalted","The Hayseed","The Hierophant","The Immortal","The Judge","The Marked","The Mystic","The Problem Sleuth","The Runesmith","The Senshi","The Vixen","The Wild Card","TheArtist","TheFirefly","Wandering Minibosses","vexMod"],"gold_per_floor":[121,121,121,180,191,224,224,258,283,283,293,293,327,337,337,409,409,419,254,254,254,254,283,283,312,312,312,342,392,403,403,403,476,476,500,522,546,577,600,104,116,159,198,210,232,273,285,328,340,352,364,386,413,425,515,527,558,570,659,671,683],"floor_reached":62,"playtime":4384,"items_purged":["AdministrixMod:CenturiesAscent+1","infinitespire:Pacifist","Lust_TH"],"score":4390,"play_id":"12736eb9-4c53-4419-b041-60a9e55743b3","local_time":"20210110033017","is_ascension_mode":true,"campfire_choices":[{"data":"AdministrixMod:BlueCloak","floor":7,"key":"SMITH"},{"data":"AdministrixMod:TouchOfCinnabar","floor":10,"key":"SMITH"},{"data":"AdministrixMod:SeventeenArticleLaser","floor":15,"key":"SMITH"},{"floor":24,"key":"REST"},{"data":"AdministrixMod:SipOfSparks","floor":32,"key":"SMITH"},{"data":"Replay:Hysterical Blindness","floor":49,"key":"PURGE"},{"floor":56,"key":"RECALL"},{"floor":58,"key":"REST"}],"circlet_count":0,"master_deck":["AscendersBane","AdministrixMod:RedCloak+1","AdministrixMod:BlueCloak+1","AdministrixMod:HiddenPower+1","AdministrixMod:FiendishCrimson+1","AdministrixMod:CenturiesAscent+1","AdministrixMod:BegetEternity+1","AdministrixMod:ChooseYourEnd+1","AdministrixMod:RisingSunPrince+1","AdministrixMod:Schism+1","AdministrixMod:NoblePath+1","AdministrixMod:PlateOfAntiquity+1","AdministrixMod:ExtolVirtue+1","AdministrixMod:DreamsMausoleum+1","Replay:SS_hec_1+1","AdministrixMod:ArmillarySphere+1","AdministrixMod:BegetEternity+1","AdministrixMod:NewbornDivinity+1","AdministrixMod:GirlsDoItBetter+1","AdministrixMod:CosmosControl+1","AdministrixMod:PassageOfAges+1","AdministrixMod:TouchOfCinnabar+1","AdministrixMod:HaveItAll+1","AdministrixMod:TouchOfCinnabar+1","AdministrixMod:BrewingCloister+1","AdministrixMod:SeventeenArticleLaser+1","AdministrixMod:AmassedMasks+1","AdministrixMod:BloodBargain+1","AdministrixMod:WifeLightning+1","AdministrixMod:Mastermind+1","AdministrixMod:SipOfSparks+1","AdministrixMod:DeathByGlamour+1","Gensokyo:SpontaneousHumanCombustion+1","AdministrixMod:BattleforgedBonds+1","AdministrixMod:BattleforgedBonds+1"],"relics":["AdministrixMod:ConductorRitualBaton","Golden Egg","Quantum Egg","HollowMod:JonisBlessing","DemoMod:Bottle","infinitespire:ShieldingShard","Calipers","FossilizedHelix","AdministrixMod:DragonsEyeCharm","Vajra","hubris:SlimyHat","AdministrixMod:CrackedTaijitu","qcfpunch:Wrestler\u0027s_Cloak","AdministrixMod:PrescriptionBottle","Juzu Bracelet","White_Cape","Hallownest:DreamNailRelic","Runesmith:Nanobots","Mirror","Guardian:PocketSentry","DemoMod:GlassGuonStoneRelic","qcfpunch:Army_Boots","energizedSpire:CursedPentagram","ReplayTheSpireMod:Lightbulb","conspire:Boomerang","The Courier","Ring of Peace","ReplayTheSpireMod:Ring of Exchange","SacredBark","MawBank","ScarletDevilRocket","wanderingMiniBosses:AbyssPearl","SlaversCollar","qcfpunch:Red_Headband","aspiration:TomeofQuesting","aspiration:DSix","Bronze Scales","DemoMod:BlueGuonStone","paleoftheancients:Timepiece","paleoftheancients:KeyRelic","paleoftheancients:SoulOfTheShowman","aspiration:HummingbirdHeart","hubris:CrystalStatue"],"acts_visited":["Hallownest:Greenpath","TheCity","Gensokyo:Gensokyoest","paleoftheancients:PaleOfTheAncients"],"potions_floor_usage":[6,6,14,16,25,25,28,33,36,36,37,37,37,37,37,37,38,38,39,50,51,52,53,53,61,61,61,61,61,61,61,61],"damage_taken":[{"damage":0,"enemies":"2_ Uuma","floor":1,"turns":3},{"damage":0,"enemies":"Hallownest:2_Baldur","floor":5,"turns":2},{"damage":0,"enemies":"Hallownest:eliteCrystalGuardian","floor":6,"turns":4},{"damage":0,"enemies":"Hallownest:eliteVengeflyKing","floor":8,"turns":4},{"damage":0,"enemies":"Hallownest:monsterHuskWarrior","floor":11,"turns":1},{"damage":0,"enemies":"Hallownest:eliteMossKnight","floor":13,"turns":2},{"damage":0,"enemies":"Hallownest:monsterAspidMother","floor":14,"turns":2},{"damage":0,"enemies":"Hallownest:BossHornet","floor":16,"turns":9},{"damage":0,"enemies":"conspire:FuzzyDice","floor":18,"turns":3},{"damage":0,"enemies":"conspire:Head Lice","floor":23,"turns":4},{"damage":0,"enemies":"Replay:Snechameleon","floor":25,"turns":7},{"damage":0,"enemies":"HollowMod:Nosk","floor":28,"turns":5},{"damage":0,"enemies":"Snake Plant","floor":30,"turns":4},{"damage":0,"enemies":"conspire:MysteriousRune","floor":33,"turns":5},{"damage":0,"enemies":"Gensokyo:3_Boulders","floor":35,"turns":2},{"damage":0,"enemies":"Gensokyo:AncientGuardian","floor":36,"turns":13},{"damage":0,"enemies":"Gensokyo:AtlasGolem","floor":37,"turns":7},{"damage":0,"enemies":"Gensokyo:3_Boulders","floor":38,"turns":5},{"damage":0,"enemies":"Gensokyo:4_Bats","floor":39,"turns":3},{"damage":0,"enemies":"Gensokyo:Marisa","floor":42,"turns":3},{"damage":0,"enemies":"Gensokyo:SeedOfUnknown","floor":45,"turns":4},{"damage":0,"enemies":"Gensokyo:Doremy","floor":46,"turns":4},{"damage":0,"enemies":"Gensokyo:Marisa","floor":48,"turns":5},{"damage":0,"enemies":"Gensokyo:Yuyuko","floor":50,"turns":6},{"damage":0,"enemies":"Gensokyo:Shinki","floor":51,"turns":6},{"damage":0,"enemies":"Gensokyo:Shinki","floor":52,"turns":5},{"damage":0,"enemies":"Gensokyo:Shinki","floor":53,"turns":7},{"damage":0,"enemies":"Gensokyo:Shinki","floor":57,"turns":7},{"damage":0,"enemies":"paleoftheancients:N","floor":61,"turns":9}],"seed_played":"-651706372296053267","potions_obtained":[{"floor":8,"key":"blueLaboratory:BubblePotion"},{"floor":33,"key":"LifebloodPotion"},{"floor":37,"key":"champ:CounterPotion"},{"floor":46,"key":"potionbrewer:CleansingPotion"},{"floor":57,"key":"Explosive Potion"}],"is_trial":false,"path_per_floor":["M","?","?","?","M","E","R","E","T","R","M","?","?","M","R","B",null,"M","$","?","?","T","E","R","E","T","?","E","?","M","AVR","R","B",null,"M","M","M","M","M","COS","?","E","T","AVR","M","E","?","E","R_BF","B","B","M","M","?","T","R","M","R","T","?","B",null],"character_chosen":"TheAdministrix","items_purchased":["HollowMod:JonisBlessing","blueLaboratory:FruitPunch","AdministrixMod:NoblePath","AdministrixMod:PlateOfAntiquity","AdministrixMod:ExtolVirtue","DemoMod:Bottle","infinitespire:ShieldingShard","Calipers","FossilizedHelix","AdministrixMod:DreamsMausoleum","AdministrixMod:DragonsEyeCharm","Replay:SS_hec_1","AdministrixMod:ArmillarySphere","AdministrixMod:BegetEternity","AdministrixMod:NewbornDivinity","Vajra","hubris:SlimyHat","AdministrixMod:CrackedTaijitu","qcfpunch:Wrestler\u0027s_Cloak","GamblersBrew","AdministrixMod:GirlsDoItBetter","AdministrixMod:CosmosControl","AdministrixMod:PassageOfAges","AdministrixMod:PrescriptionBottle","Juzu Bracelet","Swift Potion","White_Cape","AdministrixMod:TouchOfCinnabar","AdministrixMod:WifeLightning"],"campfire_rested":2,"item_purchase_floors":[0,0,0,0,0,0,0,0,0,0,0,0,0,0,0,0,0,0,0,0,0,0,0,0,0,0,0,0,19],"current_hp_per_floor":[55,55,55,55,55,55,55,55,55,55,55,58,58,58,58,58,63,63,63,63,63,63,63,65,65,65,65,65,65,65,65,65,65,65,65,65,65,65,65,65,65,65,65,65,65,65,68,68,68,68,68,68,68,68,68,68,68,68,68,68,68],"gold":695,"neow_bonus":"","is_daily":false,"chose_seed":false,"campfire_upgraded":4,"win_rate":0.0,"timestamp":1610224217,"path_taken":["M","?","?","?","M","E","R","E","T","R","M","?","?","M","R","BOSS","M","$","?","?","?","E","R","E","T","?","E","?","M","AVR","R","BOSS","M","M","M","M","M","COS","?","E","T","AVR","M","E","?","E","R_BF","BOSS","BOSS","M","M","?","T","R","M","R","T","?","BOSS"],"items_purchased_type":["Relic","Potion","Card","Card","Card","Relic","Relic","Relic","Relic","Card","Relic","Card","Card","Card","Card","Relic","Relic","Relic","Relic","Potion","Card","Card","Card","Relic","Relic","Potion","Relic","Card","Card"],"build_version":"2020-12-22","purchased_purges":3,"victory":true,"max_hp_per_floor":[61,61,61,61,61,65,65,65,65,65,65,65,65,65,65,65,65,65,65,65,65,65,65,65,65,65,65,65,65,65,65,65,65,65,65,65,65,65,65,65,65,65,65,65,65,65,68,68,68,68,68,68,68,68,68,68,68,68,68,68,72],"relic_stats":{"counters":[107,405],"Bronze Scales":[439],"Juzu Bracelet":3,"MawBank":828,"obtain_stats":[{"Golden Egg":0,"infinitespire:BottledMercury":43,"vexMod:MemoryStick":43,"ScarletDevilRocket":34,"wanderingMiniBosses:OtherGremlinHorn":31,"vexMod:RockOfEvil":34,"Replay:Wanted Poster":34,"Replay:Ringing Soul":26,"conspire:GlowingRock":6,"infinitespire:ShieldingShard":0,"vexMod:EndlessSickness":17,"DemoMod:MeltedRock":14,"DemoMod:LamentConfigurum":20,"qcfpunch:Red_Cyclone_Teachings":26,"aspiration:DSix":44,"construct:RocketBooster":24,"Gensokyo:TheCrow":41,"HollowMod:JonisBlessing":0,"Pen Nib":27,"Guardian:PocketSentry":11,"aspiration:FrozenJewel":0,"infinitespire:EvilPickle":37,"SlaversCollar":40,"Elementarium:ElementariumTrophy":33,"qcfpunch:Broken_Tusk":46,"Pandora\u0027s Box":0,"energizedSpire:MagnifyingGlass":28,"paleoftheancients:SoulOfTheShowman":53,"Lantern":0,"StoneCalendar":40,"AdministrixMod:CrackedTaijitu":0,"wanderingMiniBosses:AbyssPearl":37,"Mythril_Glove":38,"hubris:EmptyBottle":0,"White_Cape":0,"qcfpunch:Crimson_Sash":4,"Ring of Peace":27,"AntiCross":6,"hubris:CuriousFeather":0,"WingedGreaves":2,"DemoMod:GnawedKey":0,"qcfpunch:Cattail":44,"InkBottle":28,"AdministrixMod:DragonsEyeCharm":0,"Potion Belt":0,"Lee\u0027s Waffle":0,"Runesmith:Nanobots":6,"hubris:64BitClover":9,"Guardian:GemstoneGun":0,"PreservedInsect":0,"The Courier":26,"Protect_Vest":49,"infinitespire:CheckeredPen":6,"infinitespire:Lucky Rock":6,"MawBank":10,"PureWhite:ReiMu":26,"AdministrixMod:PrescriptionBottle":0,"ReplayTheSpireMod:Lightbulb":23,"DemoMod:GreenGuonStone":0,"DemoMod:BlueGuonStone":48,"hubris:CrystalStatue":0,"Calipers":0,"Menagerie:HuntersKnife":5,"Vajra":0,"DemoMod:GlassGuonStoneRelic":11,"AdministrixMod:ConductorRitualBaton":0,"DemoMod:RiddleOfLead":34,"vexMod:RetaliationKit":31,"Girya":9,"paleoftheancients:KeyRelic":51,"Choco_Feather":8,"Dead Branch":0,"Oddly Smooth Stone":28,"wanderingMiniBosses:MasterThiefsPresence":22,"conspire:Boomerang":25,"aspiration:SeaSaltIceCream":4,"War Paint":29,"paleoftheancients:Timepiece":51,"OrangePellets":42,"Bottled Flame":13,"ReplayTheSpireMod:Shallot":4,"Bronze Scales":46,"ReplayTheSpireMod:TigerMarble":9,"Mirror":40,"hermit:Momento":0,"ReplayTheSpireMod:Ring of Exchange":27,"SacredBark":34,"conspire:SpecialSausage":3,"aspiration:TomeofQuesting":43,"Juzu Bracelet":0,"Hallownest:DreamNailRelic":3,"hubris:SlimyHat":0,"Replay:Mystery Machine":13,"DemoMod:WhiteGuonStone":0,"conspire:TopHat":26,"ClockworkSouvenir":0,"DemoMod:SevenLeafClover":0,"Frozen Eye":29,"energizedSpire:CursedPentagram":17,"qcfpunch:Wrestler\u0027s_Cloak":0,"Cracked Core":0,"Hallownest:SalubrasBlessingRelic":10,"qcfpunch:Army_Boots":13,"ReplayTheSpireMod:Ninjato":3,"infinitespire:CursedDice":43,"aspiration:RunicSpoon":0,"Quantum Egg":2,"aspiration:HummingbirdHeart":55,"aspiration:SecretTechniqueScroll":17,"infinitespire:WardingShard":6,"vexMod:HeadHunter":0,"LetterFromLob":1,"qcfpunch:Red_Headband":24,"Membership Card":0,"DemoMod:Bottle":0,"DemoMod:VorpalBullet":24,"FossilizedHelix":0},{"Golden Egg":0,"infinitespire:BottledMercury":21,"vexMod:MemoryStick":72,"ScarletDevilRocket":92,"wanderingMiniBosses:OtherGremlinHorn":35,"vexMod:RockOfEvil":36,"Replay:Wanted Poster":17,"Replay:Ringing Soul":11,"conspire:GlowingRock":2,"infinitespire:ShieldingShard":78,"vexMod:EndlessSickness":60,"DemoMod:MeltedRock":29,"DemoMod:LamentConfigurum":61,"qcfpunch:Red_Cyclone_Teachings":32,"aspiration:DSix":98,"construct:RocketBooster":32,"Gensokyo:TheCrow":72,"HollowMod:JonisBlessing":78,"Pen Nib":64,"Guardian:PocketSentry":27,"aspiration:FrozenJewel":43,"infinitespire:EvilPickle":71,"SlaversCollar":97,"Elementarium:ElementariumTrophy":36,"qcfpunch:Broken_Tusk":40,"Pandora\u0027s Box":24,"energizedSpire:MagnifyingGlass":64,"paleoftheancients:SoulOfTheShowman":105,"Lantern":43,"StoneCalendar":20,"AdministrixMod:CrackedTaijitu":78,"wanderingMiniBosses:AbyssPearl":95,"Mythril_Glove":19,"hubris:EmptyBottle":24,"White_Cape":43,"qcfpunch:Crimson_Sash":25,"Ring of Peace":89,"AntiCross":2,"hubris:CuriousFeather":24,"WingedGreaves":25,"DemoMod:GnawedKey":43,"qcfpunch:Cattail":72,"InkBottle":64,"AdministrixMod:DragonsEyeCharm":78,"Potion Belt":43,"Lee\u0027s Waffle":43,"Runesmith:Nanobots":81,"hubris:64BitClover":53,"Guardian:GemstoneGun":43,"PreservedInsect":24,"The Courier":89,"Protect_Vest":41,"infinitespire:CheckeredPen":26,"infinitespire:Lucky Rock":52,"MawBank":57,"PureWhite:ReiMu":11,"AdministrixMod:PrescriptionBottle":78,"ReplayTheSpireMod:Lightbulb":88,"DemoMod:GreenGuonStone":43,"DemoMod:BlueGuonStone":101,"hubris:CrystalStatue":43,"Calipers":78,"Menagerie:HuntersKnife":45,"Vajra":78,"DemoMod:GlassGuonStoneRelic":4,"AdministrixMod:ConductorRitualBaton":53,"DemoMod:RiddleOfLead":68,"vexMod:RetaliationKit":16,"Girya":3,"paleoftheancients:KeyRelic":103,"Choco_Feather":3,"Dead Branch":53,"Oddly Smooth Stone":33,"wanderingMiniBosses:MasterThiefsPresence":10,"conspire:Boomerang":89,"aspiration:SeaSaltIceCream":25,"War Paint":14,"paleoftheancients:Timepiece":103,"OrangePellets":39,"Bottled Flame":28,"ReplayTheSpireMod:Shallot":25,"Bronze Scales":100,"ReplayTheSpireMod:TigerMarble":26,"Mirror":39,"hermit:Momento":0,"ReplayTheSpireMod:Ring of Exchange":89,"SacredBark":92,"conspire:SpecialSausage":50,"aspiration:TomeofQuesting":98,"Juzu Bracelet":0,"Hallownest:DreamNailRelic":1,"hubris:SlimyHat":78,"Replay:Mystery Machine":28,"DemoMod:WhiteGuonStone":53,"conspire:TopHat":63,"ClockworkSouvenir":24,"DemoMod:SevenLeafClover":0,"Frozen Eye":13,"energizedSpire:CursedPentagram":86,"qcfpunch:Wrestler\u0027s_Cloak":78,"Cracked Core":43,"Hallownest:SalubrasBlessingRelic":3,"qcfpunch:Army_Boots":84,"ReplayTheSpireMod:Ninjato":50,"infinitespire:CursedDice":21,"aspiration:RunicSpoon":0,"Quantum Egg":1,"aspiration:HummingbirdHeart":105,"aspiration:SecretTechniqueScroll":6,"infinitespire:WardingShard":46,"vexMod:HeadHunter":0,"LetterFromLob":44,"qcfpunch:Red_Headband":62,"Membership Card":24,"DemoMod:Bottle":78,"DemoMod:VorpalBullet":11,"FossilizedHelix":78},{"Golden Egg":0,"infinitespire:BottledMercury":74,"vexMod:MemoryStick":236,"ScarletDevilRocket":319,"wanderingMiniBosses:OtherGremlinHorn":115,"vexMod:RockOfEvil":123,"Replay:Wanted Poster":52,"Replay:Ringing Soul":34,"conspire:GlowingRock":6,"infinitespire:ShieldingShard":264,"vexMod:EndlessSickness":194,"DemoMod:MeltedRock":94,"DemoMod:LamentConfigurum":198,"qcfpunch:Red_Cyclone_Teachings":104,"aspiration:DSix":352,"construct:RocketBooster":104,"Gensokyo:TheCrow":236,"HollowMod:JonisBlessing":264,"Pen Nib":209,"Guardian:PocketSentry":89,"aspiration:FrozenJewel":147,"infinitespire:EvilPickle":234,"SlaversCollar":349,"Elementarium:ElementariumTrophy":123,"qcfpunch:Broken_Tusk":130,"Pandora\u0027s Box":83,"energizedSpire:MagnifyingGlass":209,"paleoftheancients:SoulOfTheShowman":389,"Lantern":147,"StoneCalendar":71,"AdministrixMod:CrackedTaijitu":264,"wanderingMiniBosses:AbyssPearl":341,"Mythril_Glove":60,"hubris:EmptyBottle":83,"White_Cape":147,"qcfpunch:Crimson_Sash":85,"Ring of Peace":305,"AntiCross":6,"hubris:CuriousFeather":83,"WingedGreaves":85,"DemoMod:GnawedKey":147,"qcfpunch:Cattail":236,"InkBottle":209,"AdministrixMod:DragonsEyeCharm":264,"Potion Belt":147,"Lee\u0027s Waffle":147,"Runesmith:Nanobots":273,"hubris:64BitClover":171,"Guardian:GemstoneGun":147,"PreservedInsect":83,"The Courier":305,"Protect_Vest":131,"infinitespire:CheckeredPen":87,"infinitespire:Lucky Rock":169,"MawBank":182,"PureWhite:ReiMu":34,"AdministrixMod:PrescriptionBottle":264,"ReplayTheSpireMod:Lightbulb":298,"DemoMod:GreenGuonStone":147,"DemoMod:BlueGuonStone":365,"hubris:CrystalStatue":147,"Calipers":264,"Menagerie:HuntersKnife":152,"Vajra":264,"DemoMod:GlassGuonStoneRelic":10,"AdministrixMod:ConductorRitualBaton":171,"DemoMod:RiddleOfLead":226,"vexMod:RetaliationKit":45,"Girya":9,"paleoftheancients:KeyRelic":377,"Choco_Feather":9,"Dead Branch":171,"Oddly Smooth Stone":107,"wanderingMiniBosses:MasterThiefsPresence":29,"conspire:Boomerang":305,"aspiration:SeaSaltIceCream":85,"War Paint":39,"paleoftheancients:Timepiece":377,"OrangePellets":127,"Bottled Flame":92,"ReplayTheSpireMod:Shallot":85,"Bronze Scales":360,"ReplayTheSpireMod:TigerMarble":87,"Mirror":127,"hermit:Momento":0,"ReplayTheSpireMod:Ring of Exchange":305,"SacredBark":319,"conspire:SpecialSausage":167,"aspiration:TomeofQuesting":352,"Juzu Bracelet":0,"Hallownest:DreamNailRelic":1,"hubris:SlimyHat":264,"Replay:Mystery Machine":92,"DemoMod:WhiteGuonStone":171,"conspire:TopHat":204,"ClockworkSouvenir":83,"DemoMod:SevenLeafClover":0,"Frozen Eye":37,"energizedSpire:CursedPentagram":291,"qcfpunch:Wrestler\u0027s_Cloak":264,"Cracked Core":147,"Hallownest:SalubrasBlessingRelic":9,"qcfpunch:Army_Boots":280,"ReplayTheSpireMod:Ninjato":167,"infinitespire:CursedDice":74,"aspiration:RunicSpoon":0,"Quantum Egg":1,"aspiration:HummingbirdHeart":389,"aspiration:SecretTechniqueScroll":16,"infinitespire:WardingShard":157,"vexMod:HeadHunter":0,"LetterFromLob":150,"qcfpunch:Red_Headband":202,"Membership Card":83,"DemoMod:Bottle":264,"DemoMod:VorpalBullet":34,"FossilizedHelix":264}]},"card_choices":[{"not_picked":["AdministrixMod:CrackingPangu","AdministrixMod:CenturiesAscent","AdministrixMod:PassageOfAges"],"picked":"SKIP","floor":1},{"not_picked":["AdministrixMod:Transition","AdministrixMod:GirlsDoItBetter","AdministrixMod:FuneraryRites"],"picked":"SKIP","floor":5},{"not_picked":["AdministrixMod:ExtolVirtue","AdministrixMod:PassageOfAges"],"picked":"AdministrixMod:HaveItAll","floor":6},{"not_picked":["AdministrixMod:NoblePath","AdministrixMod:NewbornDivinity"],"picked":"AdministrixMod:TouchOfCinnabar","floor":8},{"not_picked":["AdministrixMod:TouchOfCinnabar","AdministrixMod:NoblePath","AdministrixMod:SealAway"],"picked":"SKIP","floor":11},{"not_picked":["AdministrixMod:ExtolVirtue","AdministrixMod:TrickOfTheLight"],"picked":"AdministrixMod:BrewingCloister","floor":13},{"not_picked":["AdministrixMod:Transition","AdministrixMod:ArmillarySphere"],"picked":"AdministrixMod:SeventeenArticleLaser","floor":14},{"not_picked":["AdministrixMod:NewbornDivinity","AdministrixMod:BrewingCloister"],"picked":"AdministrixMod:AmassedMasks","floor":16},{"not_picked":["AdministrixMod:SealAway","AdministrixMod:ImmortalGrace"],"picked":"AdministrixMod:BloodBargain","floor":18},{"not_picked":["AdministrixMod:RebukeDesires","AdministrixMod:ExtolVirtue","AdministrixMod:BloodBargain"],"picked":"SKIP","floor":23},{"not_picked":["AdministrixMod:CenturiesAscent","AdministrixMod:RegentEdict"],"picked":"AdministrixMod:Mastermind","floor":25},{"not_picked":["AdministrixMod:ImmortalPurity","AdministrixMod:SyncreticSurge"],"picked":"AdministrixMod:SipOfSparks","floor":28},{"not_picked":["AdministrixMod:BloodBargain","AdministrixMod:Katabasis","AdministrixMod:QuietConspiracy"],"picked":"SKIP","floor":30},{"not_picked":["AdministrixMod:GirlsDoItBetter","AdministrixMod:HopeInTheDark"],"picked":"AdministrixMod:DeathByGlamour","floor":33},{"not_picked":["AdministrixMod:ArmillarySphere","AdministrixMod:CrackingPangu","AdministrixMod:SeventeenArticleLaser"],"picked":"SKIP","floor":35},{"not_picked":["AdministrixMod:TouchOfCinnabar+1","AdministrixMod:CenturiesAscent","AdministrixMod:HiddenPower"],"picked":"SKIP","floor":36},{"not_picked":["AdministrixMod:CastOffRegrets+1","AdministrixMod:DreamsMausoleum","AdministrixMod:BloodBargain"],"picked":"SKIP","floor":37},{"not_picked":["AdministrixMod:ChooseYourEnd","AdministrixMod:ImmortalGrace","AdministrixMod:QuietConspiracy+1"],"picked":"SKIP","floor":38},{"not_picked":["AdministrixMod:NoblePath","AdministrixMod:FiendishCrimson+1","AdministrixMod:LightOfYourLife"],"picked":"SKIP","floor":39},{"not_picked":["AdministrixMod:TrickOfTheLight","AdministrixMod:Katabasis"],"picked":"AdministrixMod:BattleforgedBonds","floor":42},{"not_picked":["AdministrixMod:RegentEdict","AdministrixMod:Transition","AdministrixMod:TrickOfTheLight+1"],"picked":"SKIP","floor":45},{"not_picked":["AdministrixMod:SipOfSparks","AdministrixMod:FiendishCrimson"],"picked":"AdministrixMod:BattleforgedBonds","floor":46},{"not_picked":["AdministrixMod:LightOfYourLife","AdministrixMod:ShadowPlay","AdministrixMod:FeastOfDew"],"picked":"SKIP","floor":48},{"not_picked":["AdministrixMod:BloodBargain","AdministrixMod:Transcension","AdministrixMod:RegentEdict+1"],"picked":"SKIP","floor":52},{"not_picked":["AdministrixMod:JustRewards","AdministrixMod:SealAway+1","AdministrixMod:PlateOfAntiquity"],"picked":"SKIP","floor":53},{"not_picked":["AdministrixMod:BegetEternity+1","AdministrixMod:SealAway+1","AdministrixMod:UnstableVigor"],"picked":"SKIP","floor":57}],"player_experience":1307517,"relics_obtained":[{"floor":6,"key":"Runesmith:Nanobots"},{"floor":8,"key":"Mirror"},{"floor":9,"key":"Guardian:PocketSentry"},{"floor":13,"key":"qcfpunch:Army_Boots"},{"floor":23,"key":"ReplayTheSpireMod:Lightbulb"},{"floor":25,"key":"conspire:Boomerang"},{"floor":26,"key":"The Courier"},{"floor":27,"key":"Ring of Peace"},{"floor":27,"key":"ReplayTheSpireMod:Ring of Exchange"},{"floor":37,"key":"wanderingMiniBosses:AbyssPearl"},{"floor":42,"key":"qcfpunch:Red_Headband"},{"floor":43,"key":"aspiration:TomeofQuesting"},{"floor":46,"key":"Bronze Scales"},{"floor":48,"key":"DemoMod:BlueGuonStone"},{"floor":53,"key":"paleoftheancients:SoulOfTheShowman"},{"floor":55,"key":"aspiration:HummingbirdHeart"},{"floor":57,"key":"paleoftheancients:SoulOfTheHexaghost"},{"floor":59,"key":"hubris:CrystalStatue"}],"event_choices":[{"damage_healed":0,"gold_gain":50,"player_choice":"Steal","damage_taken":0,"max_hp_gain":0,"max_hp_loss":0,"event_name":"betterThird:BetterNest","floor":29,"gold_loss":0},{"damage_healed":0,"gold_gain":0,"player_choice":"Ignored","damage_taken":0,"max_hp_gain":0,"max_hp_loss":0,"event_name":"Upgrade Shrine","floor":54,"gold_loss":0}],"is_beta":false,"boss_relics":[{"not_picked":["Tiny House","ReplayTheSpireMod:SealedPack"],"picked":"energizedSpire:CursedPentagram"},{"not_picked":["vexMod:RockOfEvil","vexMod:Spyglass"],"picked":"SacredBark"}],"items_purged_floors":[0,31,44],"is_endless":false,"potions_floor_spawned":[5,8,11,13,23,25,33,37,39,45,46,48,52,57],"ascension_level":20}}