{"host":"ekyl8r8j8fco3zlk","time":1610179090,"event":{"mods":["ATMod(∞¢Ë™Mod)","Act Like it!","Arknights The Spire","BaseMod","CapriCore","Decade(Õı–°√˜)","Friendly Minions","Gensokyo","Hallownest","Lobotomy","LobotomyExtend","Luminous","Marisa£®ÏF”Í°°ƒß¿Ì…≥£©","Minty Spire (QoL Compilation)","READ ME - Guardian Mod","Rare Cards Sparkle","Reimu£®≤©¿ˆ¡È√Œ£©","StSLib","The Alterego","The Bug Knight","The Immortal","The Jungle","Waifu the Spire","WarShipGirlsR/’ΩΩ¢…Ÿ≈ÆR mod","°æ“≈ŒÔø®≈∆°øREMEMod"],"gold_per_floor":[213,168,181,196,196,39,54,54,54,54,82,82,93,103,103,205,205,224,224,237,256,270,301,317,344,420,420,420],"floor_reached":27,"playtime":1099,"items_purged":[],"score":332,"play_id":"9b77e1ae-080e-469e-b77d-9129fa0a0436","local_time":"20210109155810","is_ascension_mode":false,"campfire_choices":[{"floor":15.0,"key":"REST"}],"circlet_count":0,"master_deck":["LongBird","SpecialBullet","SpecialBullet","SpecialBullet","SpecialBullet","SpecialBullet","SpecialBullet","SpecialBullet","SpecialBullet","InformationCode","CentralCode","ExtractionCode","AT_ChampionStep","LittleHelper","WristCuter","Beak","RedShoes","UniverseFragment","BlackSwan_ego","GreedKing","Logging","DespairKnight","LaLuna","AT_EmpoweredMortalDraw+1","MeltingLove","GreenStem+1","Apotheosis+1","TrainingCode","Ecstasy+1","SpiderBud","Gaze+1","Diffraction+1","QueenOfHatred","Reverberation+1","SwordSharpenedByTears+1","CENSORED_ego+1","BlueScar+1","Bloodbath"],"relics":["CogitoBucket","AT_ATBox","REME_ComplimentaryCards","LetterFromLob","RuthlessExorcism:ReiMu","REME_IWantAll","Ice Cream","HellTrain","AT_MortalBlade","AspirationHeart","Centennial Puzzle","Bird Faced Urn","Toxic Egg 2","Justitia_r"],"acts_visited":["Exordium","TheCity"],"potions_floor_usage":[27],"damage_taken":[{"damage":9.0,"enemies":"Cultist","floor":1.0,"turns":4.0},{"damage":0.0,"enemies":"Small Slimes","floor":3.0,"turns":3.0},{"damage":14.0,"enemies":"Jaw Worm","floor":4.0,"turns":2.0},{"damage":25.0,"enemies":"Large Slime","floor":7.0,"turns":5.0},{"damage":12.0,"enemies":"3 Sentries","floor":11.0,"turns":6.0},{"damage":7.0,"enemies":"3 Louse","floor":13.0,"turns":4.0},{"damage":1.0,"enemies":"Exordium Wildlife","floor":14.0,"turns":4.0},{"damage":1.0,"enemies":"Slime Boss","floor":16.0,"turns":3.0},{"damage":20.0,"enemies":"3 Byrds","floor":18.0,"turns":3.0},{"damage":1.0,"enemies":"Shell Parasite","floor":20.0,"turns":3.0},{"damage":28.0,"enemies":"Centurion and Healer","floor":21.0,"turns":4.0},{"damage":0.0,"enemies":"3 Cultists","floor":22.0,"turns":4.0},{"damage":18.0,"enemies":"Gremlin Leader","floor":23.0,"turns":5.0},{"damage":0.0,"enemies":"Snecko","floor":24.0,"turns":3.0},{"damage":12.0,"enemies":"Slavers","floor":25.0,"turns":3.0},{"damage":24,"enemies":"Cultist and Chosen","floor":27,"turns":2}],"seed_played":"4186972736143076379","potions_obtained":[{"floor":3.0,"key":"FearPotion"},{"floor":11.0,"key":"SteroidPotion"},{"floor":13.0,"key":"SkillPotion"},{"floor":16.0,"key":"DistilledChaos"},{"floor":20.0,"key":"SpeedPotion"},{"floor":21.0,"key":"SteroidPotion"},{"floor":22.0,"key":"Energy Potion"},{"floor":24.0,"key":"SpeedPotion"}],"is_trial":false,"path_per_floor":["M","$","M","M","M","$","M","R","T","R","E","R","M","M","R","B",null,"M","?","M","M","M","E","M","E","T","M"],"character_chosen":"Angela","items_purchased":["Beak","RuthlessExorcism:ReiMu"],"campfire_rested":1,"item_purchase_floors":[2,6],"current_hp_per_floor":[61,61,61,47,47,47,22,22,22,22,10,10,3,2,23,22,70,50,50,49,31,31,13,13,19,19,0,0],"gold":420,"neow_bonus":"HUNDRED_GOLD","is_daily":false,"chose_seed":false,"campfire_upgraded":0,"win_rate":0.0,"timestamp":1610179090,"path_taken":["M","$","M","M","M","$","?","R","T","R","E","R","M","M","R","BOSS","M","?","M","M","M","E","M","E","T","M"],"items_purchased_type":["Card","Relic"],"build_version":"2020-12-22","purchased_purges":0,"victory":false,"max_hp_per_floor":[70,70,70,70,70,70,70,70,70,70,70,70,70,70,70,70,70,70,70,70,80,80,80,80,80,80,80,80],"card_choices":[{"not_picked":["CherryBlossoms","CrumblingArmor"],"picked":"LittleHelper","floor":1.0},{"not_picked":["Reverberation"],"picked":"WristCuter","floor":1.0},{"not_picked":["Penitence","Loneliness"],"picked":"SKIP","floor":1.0},{"not_picked":["PunishingBird","BlackSwan"],"picked":"RedShoes","floor":3.0},{"not_picked":["Beak","Noise"],"picked":"SKIP","floor":3.0},{"not_picked":["Bloodbath","SnowQueen"],"picked":"UniverseFragment","floor":4.0},{"not_picked":["Wingbeat"],"picked":"BlackSwan_ego","floor":4.0},{"not_picked":["OldLady","Funeral"],"picked":"GreedKing","floor":7.0},{"not_picked":["CherryBlossom"],"picked":"Logging","floor":7.0},{"not_picked":["RedEyes","CherryBlossom"],"picked":"SKIP","floor":7.0},{"not_picked":["Noise","RedEyes"],"picked":"SKIP","floor":11.0},{"not_picked":["MeatLantern","Yin"],"picked":"DespairKnight","floor":13.0},{"not_picked":["BlackSwan_ego","Tough","Lantern"],"picked":"SKIP","floor":13.0},{"not_picked":["Porccubus","QueenBee"],"picked":"LongBird","floor":14.0},{"not_picked":["SomewhereSpear","Loneliness","FrostShard"],"picked":"SKIP","floor":14.0},{"not_picked":["SpiderBud","ShyLook"],"picked":"LaLuna","floor":16.0},{"not_picked":["Laetitia","ShyLook","FairyFestival"],"picked":"Singing Bowl","floor":18.0},{"not_picked":["PunishingBird","MeatLantern"],"picked":"MeltingLove","floor":18.0},{"not_picked":["WristCuter+1","Noise+1"],"picked":"GreenStem+1","floor":18.0},{"not_picked":["Wellcheers","MeatLantern","QueenBee"],"picked":"Singing Bowl","floor":20.0},{"not_picked":["FourthMatchFlame+1","Noise+1","Amita+1"],"picked":"SKIP","floor":20.0},{"not_picked":["SomewhereSpear+1","RedEyes+1"],"picked":"Ecstasy+1","floor":21.0},{"not_picked":["GalaxyChild","WhitesApple"],"picked":"SpiderBud","floor":21.0},{"not_picked":["Logging+1","RapturousDream+1"],"picked":"Gaze+1","floor":21.0},{"not_picked":["GrinderMk4+1","Soda+1"],"picked":"Diffraction+1","floor":22.0},{"not_picked":["BlackSwan","ShyLook"],"picked":"QueenOfHatred","floor":22.0},{"not_picked":["Wingbeat+1","Harmony+1"],"picked":"Reverberation+1","floor":22.0},{"not_picked":["WallGazer","Laetitia","Scorched"],"picked":"Singing Bowl","floor":23.0},{"not_picked":["CherryBlossom+1","DaCapo+1"],"picked":"SwordSharpenedByTears+1","floor":23.0},{"not_picked":["Porccubus","SingingMachine"],"picked":"Woodsman","floor":24.0},{"not_picked":["RedEyes+1","GreenStem+1"],"picked":"CENSORED_ego+1","floor":24.0},{"not_picked":["SwordSharpenedByTears+1","WristCuter+1","ScreamingWedge+1"],"picked":"SKIP","floor":24.0},{"not_picked":["CUTE+1","Soda+1"],"picked":"BlueScar+1","floor":25.0},{"not_picked":["WhiteNight","OSAHOGD"],"picked":"Bloodbath","floor":25.0},{"not_picked":["RapturousDream+1","Ecstasy+1","GreenStem+1"],"picked":"SKIP","floor":25.0}],"player_experience":683446,"relics_obtained":[{"floor":1.0,"key":"LetterFromLob"},{"floor":9.0,"key":"REME_IWantAll"},{"floor":11.0,"key":"Ice Cream"},{"floor":23.0,"key":"Centennial Puzzle"},{"floor":25.0,"key":"Bird Faced Urn"},{"floor":26.0,"key":"Toxic Egg 2"}],"event_choices":[],"is_beta":false,"boss_relics":[{"not_picked":["Calling Bell","Tiny House"],"picked":"AT_MortalBlade"}],"items_purged_floors":[],"is_endless":false,"potions_floor_spawned":[3,11,13,16,20,21,22,24],"killed_by":"Cultist and Chosen","ascension_level":0}}