{"host":"8fnghcq8tvbg6z9e","time":1610164074,"event":{"mods":["BaseMod","Downfall","Minty Spire (QoL Compilation)","Quick Restart","Replay The Spire","Spicy Shops","StSLib"],"gold_per_floor":[116,116,148,148,167,167,198,198,198,198,233,253,269,286,286,389,389,400,415,430,444,444,444,473,492,492,72,104,122,140,140,140,140],"floor_reached":32,"playtime":1636,"items_purged":["Hallucinations"],"score":369,"play_id":"0dabb7ff-18d1-4a55-8c28-7a3cddc74315","local_time":"20210109114754","is_ascension_mode":false,"campfire_choices":[{"data":"Body Slam","floor":6,"key":"SMITH"},{"data":"Uppercut","floor":8,"key":"SMITH"},{"floor":10,"key":"RECALL"},{"floor":15,"key":"DIG"},{"data":"Corruption","floor":23,"key":"SMITH"}],"circlet_count":0,"master_deck":["Strike_R","Strike_R","Strike_R","Strike_R","Strike_R","Defend_R","Defend_R","Defend_R","Bash","Body Slam+1","Reaper+1","Power Through","Uppercut+1","Corruption+1","Double Tap","Pain"],"relics":["Burning Blood","NeowsBlessing","Incense Burner","Mercury Hourglass","Strawberry","Velvet Choker","ReplayTheSpireMod:Ring of Challenge","ReplayTheSpireMod:Ring of Exchange","Singing Bowl","Bottled Tornado","Matryoshka","Snack Pack","HornCleat","Golden Egg","BranchBurnRelic"],"acts_visited":["Exordium","TheCity"],"potions_floor_usage":[11,21,24,24,28],"damage_taken":[{"damage":0,"enemies":"Jaw Worm","floor":1,"turns":1},{"damage":0,"enemies":"Small Slimes","floor":5,"turns":1},{"damage":0,"enemies":"3 Sentries","floor":7,"turns":1},{"damage":0,"enemies":"Gremlin Nob","floor":11,"turns":3},{"damage":5,"enemies":"2 Louse","floor":12,"turns":2},{"damage":14,"enemies":"Exordium Thugs","floor":13,"turns":4},{"damage":0,"enemies":"Lots of Slimes","floor":14,"turns":3},{"damage":35,"enemies":"Slime Boss","floor":16,"turns":10},{"damage":10,"enemies":"2 Thieves","floor":18,"turns":4},{"damage":14,"enemies":"3 Byrds","floor":19,"turns":4},{"damage":22,"enemies":"Shelled Parasite and Fungi","floor":20,"turns":7},{"damage":24,"enemies":"Cultist and Chosen","floor":21,"turns":6},{"damage":16,"enemies":"Book of Stabbing","floor":24,"turns":6},{"damage":27,"enemies":"3 Cultists","floor":25,"turns":5},{"damage":18,"enemies":"Gremlin Leader","floor":28,"turns":5},{"damage":19,"enemies":"Snecko","floor":29,"turns":4},{"damage":21,"enemies":"Chosen and Byrds","floor":30,"turns":5}],"seed_played":"6677862358140739445","potions_obtained":[{"floor":3,"key":"CultistPotion"},{"floor":3,"key":"GamblersBrew"},{"floor":3,"key":"FairyPotion"},{"floor":4,"key":"CultistPotion"},{"floor":7,"key":"EntropicBrew"},{"floor":12,"key":"BloodPotion"},{"floor":25,"key":"PowerPotion"},{"floor":29,"key":"Adrenaline Potion"}],"is_trial":false,"path_per_floor":["M","?","?","?","M","R","E","R","T","R","E","M","M","M","R","B",null,"M","M","M","M","?","R","E","M","T","$","E","M","M","T","R"],"character_chosen":"IRONCLAD","items_purchased":["Bottled Tornado","Matryoshka"],"campfire_rested":0,"item_purchase_floors":[27,27],"current_hp_per_floor":[80,80,80,80,80,80,80,80,80,80,80,80,73,80,87,68,87,83,86,70,79,79,79,71,67,67,67,79,77,75,75,75,75],"gold":140,"neow_bonus":"THREE_ENEMY_KILL","is_daily":false,"chose_seed":false,"campfire_upgraded":3,"win_rate":0.0,"timestamp":1610164074,"path_taken":["M","?","?","?","?","R","E","R","T","R","E","M","M","M","R","BOSS","M","M","M","?","?","R","E","M","T","$","E","M","M","?","R"],"items_purchased_type":["Relic","Relic"],"build_version":"2020-12-22","purchased_purges":1,"victory":false,"max_hp_per_floor":[80,80,80,80,80,80,80,80,80,80,80,80,80,80,87,87,87,87,87,87,87,87,87,89,89,89,89,91,93,95,95,95,95],"card_choices":[{"not_picked":["Run Through","Warcry"],"picked":"Body Slam","floor":1},{"not_picked":["Clothesline","Havoc"],"picked":"Power Through","floor":3},{"not_picked":["Cleave","ReplayTheSpireMod:Limb From Limb","Pommel Strike"],"picked":"SKIP","floor":5},{"not_picked":["Armaments","Dark Embrace"],"picked":"Uppercut","floor":7},{"not_picked":["Cleave","Armaments","Combust"],"picked":"SKIP","floor":11},{"not_picked":["Seeing Red","Cleave","Rampage"],"picked":"SKIP","floor":12},{"not_picked":["Carnage","Clothesline","Cleave"],"picked":"SKIP","floor":13},{"not_picked":["Metallicize","Wild Strike","Cleave"],"picked":"SKIP","floor":14},{"not_picked":["Replay:Many Hands","Juggernaut"],"picked":"Corruption","floor":16},{"not_picked":["Headbutt","Armaments","Rupture"],"picked":"SKIP","floor":18},{"not_picked":["Clothesline","Replay:Undeath\u0027s Touch+1","Life Link+1"],"picked":"SKIP","floor":19},{"not_picked":["Reckless Charge","Combust","Cleave+1"],"picked":"SKIP","floor":20},{"not_picked":["Disarm+1","Shrug It Off","Rage+1"],"picked":"SKIP","floor":21},{"not_picked":["Defy Death","Run Through","Feel No Pain"],"picked":"Singing Bowl","floor":24},{"not_picked":["Havoc","Run Through+1"],"picked":"Double Tap","floor":25},{"not_picked":["Metallicize","Cleave+1","Combust"],"picked":"Singing Bowl","floor":28},{"not_picked":["Sword Boomerang","Replay:Undeath\u0027s Touch+1","Perfected Strike+1"],"picked":"Singing Bowl","floor":29},{"not_picked":["Run Through","Anger","Havoc"],"picked":"Singing Bowl","floor":30}],"player_experience":134030,"relics_obtained":[{"floor":7,"key":"Incense Burner"},{"floor":9,"key":"Mercury Hourglass"},{"floor":11,"key":"Dead Branch"},{"floor":15,"key":"Strawberry"},{"floor":22,"key":"ReplayTheSpireMod:Ring of Challenge"},{"floor":22,"key":"ReplayTheSpireMod:Ring of Exchange"},{"floor":24,"key":"Singing Bowl"},{"floor":28,"key":"Snack Pack"},{"floor":31,"key":"HornCleat"},{"floor":31,"key":"Golden Egg"}],"event_choices":[{"damage_healed":0,"gold_gain":0,"player_choice":"Got Potions","damage_taken":0,"max_hp_gain":0,"max_hp_loss":0,"event_name":"Lab","floor":4,"gold_loss":0}],"is_beta":false,"boss_relics":[{"not_picked":["Busted Crown","Replay:Grab Bag"],"picked":"Velvet Choker"}],"items_purged_floors":[27],"is_endless":false,"potions_floor_spawned":[5,7,12,13,19,20,25,29],"ascension_level":0}}