{"host":"w9yruvs4bqht6bhw","time":1610225109,"event":{"mods":["BaseMod","Colored Powertips","Minty Spire (QoL Compilation)"],"gold_per_floor":[116,41,56,73,85,85,14,48,48,48,59,71,71,130,130,227,227,242,242,255,180,200,200,20,63,90,90,16,59,100,119,119,119,119],"floor_reached":33,"playtime":1089,"items_purged":["Doubt"],"score":351,"play_id":"9a9ffb0c-4d93-4272-8cef-ac86733cddfb","local_time":"20210109154509","is_ascension_mode":true,"campfire_choices":[{"data":"Apotheosis","floor":6,"key":"SMITH"},{"floor":10,"key":"REST"},{"floor":15,"key":"REST"},{"floor":23,"key":"REST"},{"floor":27,"key":"REST"},{"floor":32,"key":"REST"}],"circlet_count":0,"master_deck":["Strike_R","Strike_R","Strike_R","Strike_R","Strike_R","Defend_R","Defend_R","Defend_R","Defend_R","Apotheosis+1","Headbutt","Body Slam","Rampage","Uppercut","Thunderclap","Barricade","Seeing Red","HandOfGreed","Seeing Red+1","Shrug It Off"],"relics":["Black Blood","Matryoshka","Eternal Feather","Mercury Hourglass","Pear","Orichalcum","Red Skull"],"acts_visited":["Exordium","TheCity"],"potions_floor_usage":[8,8,14,14,18,25,30,30],"damage_taken":[{"damage":0,"enemies":"2 Louse","floor":1,"turns":3},{"damage":7,"enemies":"Jaw Worm","floor":3,"turns":4},{"damage":0,"enemies":"Cultist","floor":4,"turns":3},{"damage":9,"enemies":"3 Louse","floor":5,"turns":4},{"damage":32,"enemies":"3 Sentries","floor":8,"turns":7},{"damage":9,"enemies":"Looter","floor":11,"turns":3},{"damage":12,"enemies":"Exordium Wildlife","floor":12,"turns":2},{"damage":16,"enemies":"Lagavulin Event","floor":14,"turns":4},{"damage":58,"enemies":"Hexaghost","floor":16,"turns":8},{"damage":29,"enemies":"Shell Parasite","floor":18,"turns":5},{"damage":21,"enemies":"Spheric Guardian","floor":20,"turns":5},{"damage":52,"enemies":"Centurion and Healer","floor":22,"turns":8},{"damage":42,"enemies":"Snake Plant","floor":25,"turns":6},{"damage":7,"enemies":"Snecko","floor":29,"turns":4},{"damage":15,"enemies":"3 Cultists","floor":30,"turns":5},{"damage":24,"enemies":"Snake Plant","floor":31,"turns":4},{"damage":94,"enemies":"Automaton","floor":33,"turns":8}],"seed_played":"6162426547001564044","potions_obtained":[{"floor":1,"key":"BlessingOfTheForge"},{"floor":5,"key":"Swift Potion"},{"floor":11,"key":"GamblersBrew"},{"floor":12,"key":"GamblersBrew"},{"floor":16,"key":"DistilledChaos"},{"floor":18,"key":"Energy Potion"},{"floor":29,"key":"Energy Potion"}],"is_trial":false,"path_per_floor":["M","$","M","M","M","R","$","E","T","R","M","M","?","?","R","B",null,"M","?","M","?","M","R","$","M","T","R","$","M","M","M","R","B"],"character_chosen":"IRONCLAD","items_purchased":["Rampage","HandOfGreed","EssenceOfSteel"],"campfire_rested":5,"item_purchase_floors":[7,24,28],"current_hp_per_floor":[78,78,77,80,77,77,77,51,51,80,77,71,71,71,90,38,77,60,65,56,56,16,52,52,22,22,58,58,63,60,48,87,0,0],"gold":119,"neow_bonus":"RANDOM_COLORLESS_2","is_daily":false,"chose_seed":false,"campfire_upgraded":1,"win_rate":0.0,"timestamp":1610225109,"path_taken":["M","$","M","M","M","R","$","E","T","R","M","M","?","?","R","BOSS","M","?","?","?","M","R","$","M","T","R","$","M","M","M","R","BOSS"],"items_purchased_type":["Card","Card","Potion"],"build_version":"2020-12-22","purchased_purges":1,"victory":false,"max_hp_per_floor":[80,80,80,80,80,80,80,80,80,80,80,80,80,90,90,90,90,90,90,90,90,90,90,90,90,90,90,90,90,90,90,90,90,90],"card_choices":[{"not_picked":["The Bomb","Thinking Ahead"],"picked":"Apotheosis","floor":0},{"not_picked":["Perfected Strike","Anger"],"picked":"Headbutt","floor":1},{"not_picked":["Sword Boomerang","Sever Soul","Shockwave"],"picked":"SKIP","floor":3},{"not_picked":["Perfected Strike","Shockwave"],"picked":"Body Slam","floor":4},{"not_picked":["Berserk","Reckless Charge"],"picked":"Twin Strike","floor":5},{"not_picked":["Headbutt","Fire Breathing"],"picked":"Uppercut","floor":8},{"not_picked":["Flex","True Grit","Pummel"],"picked":"SKIP","floor":11},{"not_picked":["Armaments","Fiend Fire"],"picked":"Anger","floor":12},{"not_picked":["Bloodletting","Heavy Blade"],"picked":"Thunderclap","floor":14},{"not_picked":["Feed","Fiend Fire"],"picked":"Barricade","floor":16},{"not_picked":["Flex+1","Bloodletting+1","Dropkick"],"picked":"SKIP","floor":18},{"not_picked":["Thunderclap","Body Slam"],"picked":"Seeing Red","floor":20},{"not_picked":["Warcry","Sword Boomerang","Pommel Strike"],"picked":"SKIP","floor":22},{"not_picked":["Entrench+1","Twin Strike"],"picked":"Seeing Red+1","floor":25},{"not_picked":["Thunderclap","Armaments+1","Headbutt"],"picked":"SKIP","floor":29},{"not_picked":["Blood for Blood","Second Wind"],"picked":"Shrug It Off","floor":30},{"not_picked":["Thunderclap","Reaper","Sword Boomerang"],"picked":"SKIP","floor":31}],"player_experience":357729,"relics_obtained":[{"floor":8,"key":"Matryoshka"},{"floor":9,"key":"Eternal Feather"},{"floor":9,"key":"Mercury Hourglass"},{"floor":14,"key":"Pear"},{"floor":26,"key":"Orichalcum"},{"floor":26,"key":"Red Skull"}],"event_choices":[{"cards_removed":["Bash"],"damage_healed":0,"gold_gain":0,"player_choice":"Forget","damage_taken":0,"max_hp_gain":0,"max_hp_loss":0,"event_name":"Living Wall","floor":13,"gold_loss":0},{"damage_healed":0,"gold_gain":0,"player_choice":"Searched \u00271\u0027 times","damage_taken":0,"max_hp_gain":0,"max_hp_loss":0,"event_name":"Dead Adventurer","floor":14,"gold_loss":0},{"cards_removed":["Twin Strike"],"damage_healed":5,"gold_gain":0,"player_choice":"Offered Common","damage_taken":0,"max_hp_gain":0,"max_hp_loss":0,"event_name":"Bonfire Elementals","floor":19,"gold_loss":0},{"cards_removed":["Twin Strike"],"damage_healed":5,"gold_gain":0,"player_choice":"Offered Special","damage_taken":0,"max_hp_gain":0,"max_hp_loss":0,"event_name":"Bonfire Elementals","floor":19,"gold_loss":0},{"cards_removed":["Anger"],"damage_healed":0,"gold_gain":0,"player_choice":"Gave Gold","damage_taken":0,"max_hp_gain":0,"max_hp_loss":0,"event_name":"Beggar","floor":21,"gold_loss":75}],"is_beta":false,"boss_relics":[{"not_picked":["Runic Pyramid","Busted Crown"],"picked":"Black Blood"}],"items_purged_floors":[2],"is_endless":false,"potions_floor_spawned":[1,5,11,12,16,18,29],"killed_by":"Automaton","ascension_level":8}}