{"host":"xje8igj95tvh9ehd","time":1610192792,"event":{"mods":["BaseMod","Colored Map","Colored Powertips","Downfall","Infinite Spire","Marisa£®ÏF”Í°°ƒß¿Ì…≥£©","Minty Spire (QoL Compilation)","Replay The Spire","StSLib","SuperFastMode","The Bug Knight","The Construct","The Runesmith","The Servant 0.9.4","[IsaacMod]“‘»ˆº‚À˛"],"gold_per_floor":[115,115,0,13,32,32,32,64,64,78,78,90,90,103,103,201,201,212,212,64,19,19],"floor_reached":21,"playtime":684,"items_purged":["Strike_R"],"score":179,"play_id":"70aaa344-6b39-445e-869b-73b2e2e68e3b","local_time":"20210109194632","is_ascension_mode":false,"campfire_choices":[{"data":"Infernal Blade","floor":6,"key":"SMITH"},{"data":"Eruption","floor":11,"key":"SMITH"},{"data":"ForeignInfluence","floor":13,"key":"SMITH"},{"floor":15,"key":"REST"}],"circlet_count":0,"master_deck":["Strike_R","Strike_R","Strike_R","Strike_R","Defend_R","Defend_R","Defend_R","Defend_R","Massacre","Dual Wield","Infernal Blade+1","Flex","Eruption+1","Warcry","Flex","ForeignInfluence+1","Cleave","Double Tap","Warcry+1","Replay:Many Hands"],"relics":["HushsDoor","KeepersGift","Replay:M_SmolderingBlood","Blood Vial","infinitespire:WardingShard","ReplayTheSpireMod:DimensionalGlitch","Paper Frog"],"acts_visited":["Exordium","TheCity"],"potions_floor_usage":[16,16,16,21],"damage_taken":[{"damage":0,"enemies":"Small Slimes","floor":1,"turns":3},{"damage":15,"enemies":"Cultist","floor":4,"turns":4},{"damage":6,"enemies":"Jaw Worm","floor":5,"turns":3},{"damage":28,"enemies":"Gremlin Nob","floor":8,"turns":3},{"damage":6,"enemies":"3 Louse","floor":10,"turns":2},{"damage":14,"enemies":"Blue Slaver","floor":12,"turns":2},{"damage":16,"enemies":"Large Slime","floor":14,"turns":4},{"damage":18,"enemies":"The Guardian","floor":16,"turns":3},{"damage":38,"enemies":"3 Byrds","floor":18,"turns":4},{"damage":53,"enemies":"2 Thieves","floor":21,"turns":2}],"seed_played":"-5706501411944053911","potions_obtained":[{"floor":4,"key":"AttackPotion"},{"floor":5,"key":"SkillPotion"},{"floor":12,"key":"Strength Potion"},{"floor":18,"key":"Energy Potion"}],"is_trial":false,"path_per_floor":["M","?","$","M","M","R","?","E","T","M","R","M","R","M","R","B",null,"M","?","$","M"],"character_chosen":"IRONCLAD","items_purchased":["Dual Wield","Replay:Many Hands"],"campfire_rested":1,"item_purchase_floors":[3,20],"current_hp_per_floor":[88,88,88,79,79,79,79,51,51,47,47,35,35,21,47,31,88,50,50,50,0,0],"gold":19,"neow_bonus":"TEN_PERCENT_HP_BONUS","is_daily":false,"chose_seed":false,"campfire_upgraded":3,"win_rate":0.0,"timestamp":1610192792,"path_taken":["M","?","$","M","?","R","?","E","T","M","R","M","R","M","R","BOSS","M","?","?","?"],"items_purchased_type":["Card","Card"],"build_version":"2020-12-22","purchased_purges":1,"victory":false,"max_hp_per_floor":[88,88,88,88,88,88,88,88,88,88,88,88,88,88,88,88,88,88,88,88,88,88],"card_choices":[{"not_picked":["Replay:Undeath\u0027s Touch","Perfected Strike"],"picked":"Massacre","floor":1},{"not_picked":["Clash","Cleave"],"picked":"Infernal Blade","floor":4},{"not_picked":["Headbutt","Abandon"],"picked":"Flex","floor":5},{"not_picked":["Sever Soul","Rage"],"picked":"Warcry","floor":8},{"not_picked":["FollowUp","Rampage"],"picked":"Flex","floor":10},{"not_picked":["Sword Boomerang","Clothesline"],"picked":"ForeignInfluence","floor":12},{"not_picked":["Anger","Iron Wave"],"picked":"Cleave","floor":14},{"not_picked":["Bludgeon","Impervious"],"picked":"Double Tap","floor":16},{"not_picked":["Shrug It Off","Clothesline"],"picked":"Warcry+1","floor":18}],"player_experience":41376,"relics_obtained":[{"floor":8,"key":"Blood Vial"},{"floor":9,"key":"infinitespire:WardingShard"}],"event_choices":[{"damage_healed":0,"gold_gain":0,"player_choice":"Ignored","damage_taken":0,"max_hp_gain":0,"max_hp_loss":0,"event_name":"Shining Light","floor":2,"gold_loss":0}],"is_beta":false,"boss_relics":[{"not_picked":["Replay:Bronze Core","construct:ClawGrip"],"picked":"ReplayTheSpireMod:DimensionalGlitch"},{"not_picked":[]}],"items_purged_floors":[3],"is_endless":false,"potions_floor_spawned":[4,5,12,14,18],"killed_by":"2 Thieves","ascension_level":0}}