{"host":"ir5pice08mj32vzj","time":1610212766,"event":{"mods":["Act Like it!","BaseMod","Downfall","Friendly Minions","Gensokyo","Highlight Path","HololiveMod","Minty Spire (QoL Compilation)","Prisma Mod","Replay The Spire","StSLib","The Animator","The Construct","The Jungle","Waifu the Spire","vexMod"],"gold_per_floor":[114,114,14,14,24,53,72,85,155,10,22,49,49,60,60,161,161,177,177,25,39,51,76,76,326,349,43,58,78,78,78,78,173,223,262,279,329,346,362,362,3,3,52,75,110,110,157,177,0,0,0],"floor_reached":50,"playtime":5213,"items_purged":["PrismaMod:MiyuCommonAttack"],"score":744,"play_id":"0c22fbe4-484e-4a18-8a02-fd3001e1b940","local_time":"20210110011926","is_ascension_mode":false,"campfire_choices":[{"data":"PrismaMod:MiyuUncommonDexBuff","floor":15.0,"key":"SMITH"},{"floor":24.0,"key":"REST"},{"floor":32.0,"key":"REST"},{"floor":40,"key":"REST"},{"floor":42,"key":"REST"},{"floor":46,"key":"REST"}],"circlet_count":0,"master_deck":["PrismaMod:MiyuCommonDefend","PrismaMod:MiyuCommonDefend","PrismaMod:MiyuCommonDefend+1","PrismaMod:MiyuCommonDefend","PrismaMod:MiyuCommonDefend","PrismaMod:MiyuCommonAttack+1","PrismaMod:MiyuCommonAttack","PrismaMod:MiyuCommonAttack","PrismaMod:MiyuCommonAttack","PrismaMod:MiyuCheapChannelAttack","PrismaMod:MiyuCheapChannelDefend","PrismaMod:MiyuOrbIncreasePerm","PrismaMod:MiyuCheapDexBuff+1","PrismaMod:MiyuCheapDefend1","PrismaMod:MiyuCheapPlate","PrismaMod:MiyuAttackChannelVul+1","PrismaMod:MiyuChannelDefendEvoke+1","PrismaMod:MiyuUncommonPlate+1","PrismaMod:MiyuOrbIncreasePerm+1","PrismaMod:MiyuDefendChannelDefend+1","PrismaMod:MiyuUncommonDexBuff+1","PrismaMod:MiyuCheapChannelWeak","PrismaMod:MiyuChannelAttackEvoke+1","CurseOfTheBell","PrismaMod:MiyuUncommonAOEAttack+1","Gensokyo:Apocalypse","PrismaMod:MiyuCheapChannelRandom+1","PrismaMod:MiyuUncommonStrBuff+1","PrismaMod:MiyuCarnivalDefend+1","PrismaMod:MiyuAttackChannelVul+1","PrismaMod:MiyuCheapEvoke+1","Night Terror+1","PrismaMod:MiyuChannelAttackEvoke+1","PrismaMod:MiyuCheapChannelRandom+1","PrismaMod:MiyuUncommonAOEAttack+1","PrismaMod:MiyuCheapAttack1+1","PrismaMod:MiyuUberAttack+1","PrismaMod:MiyuUncommonStrBuff+1","PrismaMod:MiyuDefenseAbsorbMinor+1","PrismaMod:MiyuUberAOEAttack+1","PrismaMod:MiyuEvokeAll+1"],"relics":["PrismaMod:PrismaSapphire","NeowsBlessing","Mango","Golden Egg","Smiling Mask","Pear","Orrery","Bag of Marbles","Calling Bell","Mirror","Pondfish Scales","Potion Belt","vexMod:MemoryStick","Hololive_LightStick","Pet Ghost","Tiny House","Gambling Chip","Orichalcum","Gremlin Food","Blood Vial","MealTicket","Mango","Red Mask"],"acts_visited":["TheBeyond"],"potions_floor_usage":[35,35,50,50,50],"damage_taken":[{"damage":0.0,"enemies":"Gensokyo:Gryphon","floor":1.0,"turns":1.0},{"damage":0.0,"enemies":"Gensokyo:3_Fairies","floor":5.0,"turns":2.0},{"damage":0.0,"enemies":"Gensokyo:Mamizou","floor":6.0,"turns":3.0},{"damage":0.0,"enemies":"Gensokyo:2_Kodama","floor":7.0,"turns":5.0},{"damage":3.0,"enemies":"Gensokyo:Kitsune","floor":8.0,"turns":4.0},{"damage":4.0,"enemies":"Gensokyo:CorruptedTreant","floor":11.0,"turns":3.0},{"damage":0.0,"enemies":"Gensokyo:VengefulSpirit","floor":14.0,"turns":4.0},{"damage":0.0,"enemies":"Gensokyo:Kokoro","floor":16.0,"turns":13.0},{"damage":8.0,"enemies":"Gensokyo:CosmicMonolith","floor":18.0,"turns":6.0},{"damage":0.0,"enemies":"Gensokyo:Chomper","floor":21.0,"turns":6.0},{"damage":8.0,"enemies":"Gensokyo:Swordslinger","floor":22.0,"turns":6.0},{"damage":25.0,"enemies":"Gensokyo:Tenshi","floor":23.0,"turns":6.0},{"damage":7.0,"enemies":"Gensokyo:Slime_Group","floor":28.0,"turns":6.0},{"damage":0.0,"enemies":"Gensokyo:Wraith","floor":29.0,"turns":3.0},{"damage":0.0,"enemies":"Gensokyo:Eiki","floor":33.0,"turns":13.0},{"damage":41,"enemies":"3 Darklings","floor":35,"turns":5},{"damage":19,"enemies":"3 Shapes","floor":36,"turns":2},{"damage":14,"enemies":"Mind Bloom Boss Battle","floor":37,"turns":4},{"damage":0,"enemies":"Jaw Worm Horde","floor":38,"turns":2},{"damage":12,"enemies":"Spire Growth","floor":39,"turns":7},{"damage":8,"enemies":"3 Darklings","floor":44,"turns":5},{"damage":13,"enemies":"Giant Head","floor":45,"turns":8},{"damage":62,"enemies":"2 Orb Walkers","floor":47,"turns":7},{"damage":0,"enemies":"Jaw Worm Horde","floor":48,"turns":2},{"damage":210,"enemies":"Replay:Hell Engine","floor":50,"turns":6}],"seed_played":"8586510385050844089","potions_obtained":[{"floor":5.0,"key":"Block Potion"},{"floor":7.0,"key":"Explosive Potion"},{"floor":8.0,"key":"hexamod:EctoCoolerPotion"},{"floor":14.0,"key":"Dexterity Potion"},{"floor":21.0,"key":"LifebloodPotion"},{"floor":29.0,"key":"FearPotion"},{"floor":33.0,"key":"ColorlessPotion"},{"floor":34,"key":"SkillPotion"},{"floor":37,"key":"Venom Potion"},{"floor":38,"key":"Fire Potion"},{"floor":44,"key":"Milkshake"},{"floor":45,"key":"LiquidMemories"}],"is_trial":false,"path_per_floor":["M","?","?","$","M","E","M","M","T","$","M","T","?","M","R","B",null,"M","?","$","M","M","E","R","?","T","$","M","M","?","?","R","B",null,"M","M","?","M","M","R","$","R","T","M","E","R","?","M","R","B"],"character_chosen":"MIYU","items_purchased":["Orrery","PrismaMod:MiyuCheapChannelRandom","PrismaMod:MiyuUncommonStrBuff","Hololive_LightStick","Pet Ghost","Orichalcum","Gremlin Food"],"campfire_rested":5,"item_purchase_floors":[10,20,20,27,27,41,41],"current_hp_per_floor":[75,68,68,68,68,68,68,65,75,75,71,71,80,80,80,80,99,91,90,90,90,82,57,84,84,84,84,77,77,77,68,90,90,95,54,35,21,21,13,41,41,69,69,67,60,88,46,48,48,0,0],"gold":0,"neow_bonus":"THREE_ENEMY_KILL","is_daily":false,"chose_seed":false,"campfire_upgraded":1,"win_rate":0.0,"timestamp":1610212766,"path_taken":["M","?","?","$","?","E","?","M","T","$","M","?","?","?","R","BOSS","M","?","$","?","M","E","R","?","T","$","M","M","?","?","R","BOSS","M","?","?","M","M","R","?","R","T","M","E","R","?","M","R","BOSS"],"items_purchased_type":["Relic","Card","Card","Relic","Relic","Relic","Relic"],"build_version":"2020-12-22","purchased_purges":1,"victory":false,"max_hp_per_floor":[75,89,89,89,89,89,89,89,99,99,99,99,99,99,99,99,99,99,90,90,90,90,90,90,90,90,90,90,90,90,90,90,90,95,95,95,95,95,95,95,95,95,95,95,95,95,109,109,109,109,109],"card_choices":[{"not_picked":["PrismaMod:MiyuCheapChannelVul","PrismaMod:MiyuCarnivalAttack"],"picked":"PrismaMod:MiyuOrbIncreasePerm","floor":1.0},{"not_picked":["PrismaMod:MiyuOrbIncreasePerm","PrismaMod:MiyuCheapAttack2"],"picked":"PrismaMod:MiyuCheapDexBuff","floor":5.0},{"not_picked":["PrismaMod:MiyuDefenseRemoval","PrismaMod:MiyuChristmas"],"picked":"PrismaMod:MiyuCheapDefend1","floor":6.0},{"not_picked":["PrismaMod:MiyuCheapChannelWeak","PrismaMod:MiyuCheapAttack2"],"picked":"PrismaMod:MiyuCheapPlate","floor":7.0},{"not_picked":["PrismaMod:MiyuEvokeBuffDex","PrismaMod:MiyuCommonAOEAttack"],"picked":"PrismaMod:MiyuUberAOEAttack","floor":8.0},{"not_picked":["PrismaMod:MiyuDefenseRemoval","PrismaMod:MiyuCarnivalAttack"],"picked":"PrismaMod:MiyuAttackChannelVul","floor":10.0},{"not_picked":["PrismaMod:MiyuUberAttack","PrismaMod:MiyuCheapDexBuff"],"picked":"PrismaMod:MiyuChannelDefendEvoke","floor":10.0},{"not_picked":["PrismaMod:MiyuCommonAOEAttack","PrismaMod:MiyuCheapDefend1"],"picked":"PrismaMod:MiyuUncommonPlate","floor":10.0},{"not_picked":["PrismaMod:MiyuCommonAOEAttack","PrismaMod:MiyuDefenseExplosion"],"picked":"PrismaMod:MiyuOrbIncreasePerm","floor":10.0},{"not_picked":["PrismaMod:MiyuCheapEvoke","PrismaMod:MiyuMaid"],"picked":"PrismaMod:MiyuDefendChannelDefend","floor":10.0},{"not_picked":["PrismaMod:MiyuCheapDefend1","PrismaMod:MiyuAttackChannelAttack"],"picked":"PrismaMod:MiyuUncommonDexBuff","floor":11.0},{"not_picked":["PrismaMod:MiyuCheapAttack1","PrismaMod:MiyuUncommonPlate"],"picked":"PrismaMod:MiyuCheapChannelWeak","floor":14.0},{"not_picked":["PrismaMod:MiyuEvokeAllAttack","PrismaMod:MiyuBride"],"picked":"PrismaMod:MiyuChannelAttackEvoke","floor":16.0},{"not_picked":["PrismaMod:MiyuUncommonAttack","PrismaMod:MiyuCheapDefend1"],"picked":"PrismaMod:MiyuUncommonAOEAttack+1","floor":18.0},{"not_picked":["Gensokyo:MonkeysPaw","Gensokyo:EightFeetTall"],"picked":"Gensokyo:Apocalypse","floor":19.0},{"not_picked":["PrismaMod:MiyuCheapEvoke","PrismaMod:MiyuCheapPlate"],"picked":"PrismaMod:MiyuCarnivalDefend","floor":21.0},{"not_picked":["PrismaMod:MiyuEvokeCheapAttack","PrismaMod:MiyuCheapChannelDefend+1"],"picked":"PrismaMod:MiyuAttackChannelVul+1","floor":22.0},{"not_picked":["PrismaMod:MiyuUncommonDefend","PrismaMod:MiyuUberDefend"],"picked":"PrismaMod:MiyuCheapEvoke+1","floor":23.0},{"not_picked":["PrismaMod:MiyuDefenseExplosion","PrismaMod:MiyuCheapChannelDefend","PrismaMod:MiyuUberAOEAttack"],"picked":"SKIP","floor":28.0},{"not_picked":["PrismaMod:MiyuEvokeBuffDex+1","PrismaMod:MiyuMaid","PrismaMod:MiyuCheapPlate"],"picked":"SKIP","floor":29.0},{"not_picked":["PrismaMod:MiyuCarnivalDefend","PrismaMod:MiyuBride"],"picked":"PrismaMod:MiyuChannelAttackEvoke","floor":33.0},{"not_picked":["PrismaMod:MiyuUberAOEAttack","PrismaMod:MiyuCommonAOEAttack"],"picked":"PrismaMod:MiyuCheapChannelRandom+1","floor":34},{"not_picked":["PrismaMod:MiyuCheapChannelVul+1","PrismaMod:MiyuUncommonAttack"],"picked":"PrismaMod:MiyuUncommonAOEAttack+1","floor":35},{"not_picked":["PrismaMod:MiyuCheapPlate+1","PrismaMod:MiyuCheapChannelVul+1"],"picked":"PrismaMod:MiyuCheapAttack1+1","floor":36},{"not_picked":["PrismaMod:MiyuUncommonAttack","PrismaMod:MiyuCheapChannelWeak+1"],"picked":"PrismaMod:MiyuUberAttack+1","floor":37},{"not_picked":["PrismaMod:MiyuUncommonDefend","PrismaMod:MiyuEvokeBuffDex+1","PrismaMod:MiyuOrbIncreasePerm+1"],"picked":"SKIP","floor":38},{"not_picked":["PrismaMod:MiyuDevil","PrismaMod:MiyuCheapChannelAttack"],"picked":"PrismaMod:MiyuUncommonStrBuff+1","floor":39},{"not_picked":["PrismaMod:MiyuEvokeBuffStr","PrismaMod:MiyuEvokeCheapAttack+1"],"picked":"PrismaMod:MiyuDefenseAbsorbMinor","floor":44},{"not_picked":["PrismaMod:MiyuCheapChannelWeak","PrismaMod:MiyuUncommonDefend+1"],"picked":"PrismaMod:MiyuUberAOEAttack+1","floor":45},{"not_picked":["PrismaMod:MiyuCarnivalAttack","PrismaMod:MiyuChristmas"],"picked":"PrismaMod:MiyuEvokeAll+1","floor":47},{"not_picked":["PrismaMod:MiyuUncommonStrBuff","PrismaMod:MiyuEvokeCheapAttack+1","PrismaMod:MiyuEvokeBuffDex+1"],"picked":"SKIP","floor":48}],"player_experience":161151,"relics_obtained":[{"floor":6.0,"key":"Smiling Mask"},{"floor":9.0,"key":"Pear"},{"floor":12.0,"key":"Bag of Marbles"},{"floor":17.0,"key":"Omamori"},{"floor":17.0,"key":"Mirror"},{"floor":17.0,"key":"Pondfish Scales"},{"floor":23.0,"key":"Potion Belt"},{"floor":26.0,"key":"vexMod:MemoryStick"},{"floor":37,"key":"Gambling Chip"},{"floor":43,"key":"Blood Vial"},{"floor":45,"key":"MealTicket"},{"floor":47,"key":"Mango"}],"event_choices":[{"damage_healed":0,"gold_gain":0,"player_choice":"Fight","damage_taken":0,"max_hp_gain":0,"max_hp_loss":0,"event_name":"MindBloom","floor":37,"gold_loss":0},{"damage_healed":0,"gold_gain":0,"player_choice":"Fight","damage_taken":0,"max_hp_gain":0,"max_hp_loss":0,"event_name":"Mysterious Sphere","floor":47,"gold_loss":0},{"damage_healed":0,"gold_gain":0,"player_choice":"Paid","damage_taken":0,"relics_obtained":["Red Mask"],"max_hp_gain":0,"max_hp_loss":0,"event_name":"Tomb of Lord Red Mask","floor":49,"gold_loss":177}],"is_beta":false,"boss_relics":[{"not_picked":["Empty Cage","vexMod:ImprovementManual"],"picked":"Calling Bell"},{"not_picked":["Painkiller Herb","Runic Pyramid"],"picked":"Tiny House"}],"items_purged_floors":[41],"is_endless":false,"potions_floor_spawned":[5,7,8,14,21,29,33,37,38,44,45],"killed_by":"Replay:Hell Engine","ascension_level":0}}