{"host":"ufl0k2so27eic2iy","time":1610193019,"event":{"mods":["BaseMod","Minty Spire (QoL Compilation)","StSLib","The Animator"],"gold_per_floor":[111,133,133,133,154,154,198,198,198,198,198],"floor_reached":10,"playtime":342,"items_purged":[],"score":116,"play_id":"73ee344e-5906-48a2-908d-3b8864b9fad3","local_time":"20210109115019","is_ascension_mode":true,"campfire_choices":[{"data":"animator:Tyuule","floor":6,"key":"SMITH"}],"circlet_count":0,"master_deck":["AscendersBane","animator:Strike_GATE","animator:Defend_GATE","animator:Strike","animator:Strike","animator:Defend","animator:Defend","animator:Defend","animator:TukaLunaMarceau","animator:Kuribayashi","animator:MamiTomoe","animator:Tyuule+1","animator:Bozes","animator:Priestess"],"relics":["animator:LivingPicture","animator:TheMissingPiece","Happy Flower","Golden Idol","Anchor","Juzu Bracelet"],"acts_visited":["Exordium"],"potions_floor_usage":[7],"damage_taken":[{"damage":0,"enemies":"Small Slimes","floor":1,"turns":3},{"damage":1,"enemies":"Jaw Worm","floor":2,"turns":3},{"damage":0,"enemies":"2 Louse","floor":5,"turns":3},{"damage":28,"enemies":"3 Sentries","floor":7,"turns":11},{"damage":9,"enemies":"Lagavulin","floor":10,"turns":5}],"seed_played":"-1832892289886621325","potions_obtained":[{"floor":1,"key":"EssenceOfSteel"},{"floor":5,"key":"GamblersBrew"}],"is_trial":false,"path_per_floor":["M","M","?","?","M","R","E","?","T","E"],"character_chosen":"THE_ANIMATOR","items_purchased":[],"campfire_rested":0,"item_purchase_floors":[],"current_hp_per_floor":[54,53,53,53,54,54,26,19,19,10,10],"gold":198,"neow_bonus":"RANDOM_COMMON_RELIC","is_daily":false,"chose_seed":false,"campfire_upgraded":1,"win_rate":0.0,"timestamp":1610193019,"path_taken":["M","M","?","?","M","R","E","?","T","E"],"items_purchased_type":[],"build_version":"2020-12-22","purchased_purges":0,"victory":false,"max_hp_per_floor":[60,60,54,54,55,55,55,55,55,55,55],"card_choices":[{"not_picked":["animator:Tet","animator:SakuraMatou"],"picked":"animator:MamiTomoe","floor":1},{"not_picked":["animator:LizardPriest","animator:ShinjiMatou"],"picked":"animator:Tyuule","floor":2},{"not_picked":["animator:RoyMustang","animator:Pride"],"picked":"animator:Bozes","floor":5},{"not_picked":["animator:CowGirl","animator:DwarfShaman"],"picked":"animator:Priestess","floor":7}],"player_experience":2425635,"relics_obtained":[{"floor":7,"key":"Anchor"},{"floor":9,"key":"Juzu Bracelet"}],"event_choices":[{"damage_healed":0,"gold_gain":0,"player_choice":"Lose Max HP","damage_taken":0,"relics_obtained":["Golden Idol"],"max_hp_gain":0,"max_hp_loss":6,"event_name":"Golden Idol","floor":3,"gold_loss":0},{"damage_healed":0,"gold_gain":0,"player_choice":"Ignored","damage_taken":0,"max_hp_gain":0,"max_hp_loss":0,"event_name":"Shining Light","floor":4,"gold_loss":0},{"cards_removed":["animator:Strike"],"damage_healed":0,"gold_gain":0,"player_choice":"Card Removal","damage_taken":7,"max_hp_gain":0,"max_hp_loss":0,"event_name":"Golden Wing","floor":8,"gold_loss":0}],"is_beta":false,"boss_relics":[],"items_purged_floors":[],"is_endless":false,"potions_floor_spawned":[1,5],"killed_by":"Lagavulin","ascension_level":15}}