{"host":"7k2a2omxz3voj5ax","time":1610218443,"event":{"mods":["BaseMod","Marisa£¨ìFÓê¡¡Ä§ÀíÉ³£©","Minty Spire (QoL Compilation)","Quick Restart","Spicy Shops","StSLib","Starting Relic: Pandora\u0027s Box","óô»ðÖ¸ÄÏ"],"gold_per_floor":[109,2493,2418,2434,2445,2479,1481,1510,1510,1530,979,1014,1083,1102,1057,1129,1129,1148,1148,898,918,930,960,960,979,979,999,1024,1041,1053,1082,876,964,964,979,1025,1049,1062,1087,1119,1119,1149,1175,858,893,911,911,911,911,911,911,911,825,651,681,681],"floor_reached":57,"playtime":2668,"items_purged":["MasterSpark","GrandCross","NonDirectionalLaser","Pain","MagicChant","SprinkleStarSeal","PowerUp"],"score":3869,"play_id":"65aecc67-da61-4e8e-8ae8-b88db374d0c5","local_time":"20210110035403","is_ascension_mode":true,"campfire_choices":[{"data":"Deep Breath","floor":24.0,"key":"SMITH"},{"data":"Dual Wield","floor":47.0,"key":"SMITH"},{"floor":49.0,"key":"RECALL"}],"circlet_count":0,"master_deck":["AscendersBane","OortCloud","MillisecondPulsars","6A+1","MagicAbsorber+1","PowerUp","Skim+1","Deep Breath+1","PowerUp","Madness","After Image","Dual Wield+1","Singularity+1"],"relics":["MiniHakkero","NeowsBlessing","Thread and Needle","TheAbacus","Potion Belt","Orichalcum","Anchor","PrismaticShard","Akabeko","Bottled Tornado","Ancient Tea Set","Girya","Membership Card","SimpleLauncher","Ice Cream","Calipers","Old Coin","Omamori","Runic Dome","DollysMirror","CeramicFish","AmplifyWand","Eternal Feather","Question Card","Medical Kit","War Paint","Coffee Dripper","Ginger","Lizard Tail","Singing Bowl","Art of War","Frozen Egg 2","Prayer Wheel","Smiling Mask","Bag of Preparation","Sundial","Whetstone","Du-Vu Doll"],"acts_visited":["Exordium","TheCity","TheBeyond","TheEnding"],"potions_floor_usage":[56,56,56],"damage_taken":[{"damage":0.0,"enemies":"Jaw Worm","floor":1.0,"turns":1.0},{"damage":0.0,"enemies":"Small Slimes","floor":4.0,"turns":1.0},{"damage":0.0,"enemies":"Cultist","floor":5.0,"turns":1.0},{"damage":0.0,"enemies":"Gremlin Nob","floor":6.0,"turns":5.0},{"damage":0.0,"enemies":"Lagavulin","floor":8.0,"turns":4.0},{"damage":0.0,"enemies":"Gremlin Gang","floor":10.0,"turns":3.0},{"damage":0.0,"enemies":"3 Sentries","floor":12.0,"turns":5.0},{"damage":4.0,"enemies":"The Mushroom Lair","floor":13.0,"turns":3.0},{"damage":0.0,"enemies":"Exordium Wildlife","floor":14.0,"turns":2.0},{"damage":0.0,"enemies":"The Guardian","floor":16.0,"turns":4.0},{"damage":1.0,"enemies":"Shell Parasite","floor":18.0,"turns":3.0},{"damage":0.0,"enemies":"2 Thieves","floor":21.0,"turns":3.0},{"damage":0.0,"enemies":"Centurion and Healer","floor":22.0,"turns":4.0},{"damage":0.0,"enemies":"Book of Stabbing","floor":23.0,"turns":3.0},{"damage":0.0,"enemies":"Cultist and Chosen","floor":25.0,"turns":5.0},{"damage":0.0,"enemies":"Sentry and Sphere","floor":27.0,"turns":3.0},{"damage":0.0,"enemies":"Gremlin Leader","floor":28.0,"turns":3.0},{"damage":0.0,"enemies":"Snake Plant","floor":29.0,"turns":2.0},{"damage":0.0,"enemies":"Cultist and Chosen","floor":30.0,"turns":4.0},{"damage":0.0,"enemies":"Slavers","floor":31.0,"turns":3.0},{"damage":0.0,"enemies":"Automaton","floor":33.0,"turns":3.0},{"damage":0.0,"enemies":"3 Darklings","floor":35.0,"turns":3.0},{"damage":0.0,"enemies":"2 Orb Walkers","floor":36.0,"turns":3.0},{"damage":0.0,"enemies":"3 Shapes","floor":37.0,"turns":4.0},{"damage":0.0,"enemies":"3 Darklings","floor":38.0,"turns":4.0},{"damage":0.0,"enemies":"Reptomancer","floor":40.0,"turns":3.0},{"damage":0.0,"enemies":"Giant Head","floor":42.0,"turns":2.0},{"damage":0.0,"enemies":"Nemesis","floor":45.0,"turns":3.0},{"damage":0.0,"enemies":"Transient","floor":46.0,"turns":4.0},{"damage":0.0,"enemies":"Awakened One","floor":50.0,"turns":3.0},{"damage":0.0,"enemies":"Donu and Deca","floor":51.0,"turns":6.0},{"damage":0.0,"enemies":"Shield and Spear","floor":55.0,"turns":3.0},{"damage":11,"enemies":"The Heart","floor":56,"turns":7}],"seed_played":"4446524977646280961","potions_obtained":[{"floor":1.0,"key":"LiquidMemories"},{"floor":6.0,"key":"SpeedPotion"},{"floor":8.0,"key":"Weak Potion"},{"floor":13.0,"key":"Strength Potion"},{"floor":36.0,"key":"Strength Potion"},{"floor":46.0,"key":"Block Potion"}],"is_trial":false,"path_per_floor":["M","$","?","M","M","E","$","E","T","M","R","E","?","M","R","B",null,"M","?","$","M","M","E","R","M","T","M","E","M","M","E","R","B",null,"M","?","M","M","T","E","R","E","T","$","E","M","R","?","R","B","B",null,"R","$","E","B",null],"character_chosen":"MARISA","items_purchased":["MillisecondPulsars","Thread and Needle","TheAbacus","Potion Belt","Orichalcum","6A","PowerUp","PrismaticShard","Akabeko","Bottled Tornado","Ancient Tea Set","Membership Card","SimpleLauncher","Ice Cream","Old Coin","Omamori","Deep Breath","DollysMirror","Medical Kit","War Paint","Madness","Frozen Egg 2","Singularity+1","Prayer Wheel","Bag of Preparation","Sundial","Whetstone"],"campfire_rested":0,"item_purchase_floors":[2,2,2,2,2,2,7,7,7,7,7,11,11,11,15,15,20,20,32,32,32,44,44,44,53,54,54],"current_hp_per_floor":[63,63,63,63,63,63,63,63,63,63,63,63,59,59,59,59,67,66,70,70,70,70,70,70,70,70,70,70,70,70,70,70,70,70,70,70,70,70,70,70,70,72,72,72,74,78,78,78,78,78,78,78,78,78,80,69],"gold":681,"neow_bonus":"THREE_ENEMY_KILL","is_daily":false,"chose_seed":false,"campfire_upgraded":2,"win_rate":0.0,"timestamp":1610218443,"path_taken":["M","$","?","M","M","E","$","E","T","M","R","E","?","M","R","BOSS","M","?","$","?","?","E","R","M","T","M","E","M","M","E","R","BOSS","M","?","M","M","?","E","R","E","T","?","E","?","R","?","R","BOSS","BOSS","R","$","E","BOSS"],"items_purchased_type":["Card","Relic","Relic","Relic","Relic","Card","Card","Relic","Relic","Relic","Relic","Relic","Relic","Relic","Relic","Relic","Card","Relic","Relic","Relic","Card","Relic","Card","Relic","Relic","Relic","Relic"],"build_version":"2020-12-22","purchased_purges":7,"victory":true,"max_hp_per_floor":[70,70,70,70,70,70,70,70,70,70,70,70,70,70,70,70,70,70,70,70,70,70,70,70,70,70,70,70,70,70,70,70,70,70,70,70,70,70,70,70,70,72,72,72,74,78,78,78,78,78,78,78,78,78,80,80],"card_choices":[{"not_picked":["DeepEcoloBomb","NonDirectionalLaser","MysteriousBeam"],"picked":"SKIP","floor":1.0},{"not_picked":["GalacticHalo","Occultation","WitchLeyline"],"picked":"SKIP","floor":4.0},{"not_picked":["ShootingEcho","6A","Occultation"],"picked":"SKIP","floor":5.0},{"not_picked":["MeteoricShower","Acceleration"],"picked":"MagicAbsorber","floor":6.0},{"not_picked":["Coolheaded","Brilliance","Cloak And Dagger"],"picked":"SKIP","floor":8.0},{"not_picked":["Scrape","Thunderclap","UnstableBomb"],"picked":"SKIP","floor":10.0},{"not_picked":["Flash of Steel","JustLucky","Finisher"],"picked":"SKIP","floor":12.0},{"not_picked":["Clothesline","Clash"],"picked":"Skim","floor":13.0},{"not_picked":["Beam Cell","StarBarrage","Crippling Poison"],"picked":"SKIP","floor":14.0},{"not_picked":["WitchLeyline","Crescendo","Steam"],"picked":"SKIP","floor":18.0},{"not_picked":["Flex","Rebound","Searing Blow"],"picked":"SKIP","floor":21.0},{"not_picked":["AsteroidBelt","Flex","Underhanded Strike"],"picked":"SKIP","floor":22.0},{"not_picked":["DarkSpark","FTL","Ghostly Armor"],"picked":"SKIP","floor":23.0},{"not_picked":["DoubleSpark","Feel No Pain","Predator"],"picked":"SKIP","floor":25.0},{"not_picked":["Acceleration","Bludgeon","Sentinel"],"picked":"SKIP","floor":27.0},{"not_picked":["Forethought","GalacticHalo","Purity"],"picked":"SKIP","floor":28.0},{"not_picked":["EnergyRecoil+1","All Out Attack+1","Choke"],"picked":"SKIP","floor":29.0},{"not_picked":["Deadly Poison+1","Flex","Swivel"],"picked":"SKIP","floor":30.0},{"not_picked":["Evolve","Shockwave","PathToVictory"],"picked":"SKIP","floor":31.0},{"not_picked":["MaximisePower","Demon Form","Double Tap"],"picked":"After Image","floor":33.0},{"not_picked":["Thunderclap","Cleave","All Out Attack","CrushJoints"],"picked":"SKIP","floor":35.0},{"not_picked":["Clash","JA","CrushJoints"],"picked":"Dual Wield","floor":37.0},{"not_picked":["Lockon","Acceleration+1","Wild Strike","Sanctity+1"],"picked":"SKIP","floor":38.0},{"not_picked":["GrandCross","Reckless Charge","Skim","DeepEcoloBomb"],"picked":"SKIP","floor":40.0},{"not_picked":["DragonMeteor","Redo+1","DC","Outmaneuver"],"picked":"Singing Bowl","floor":42.0},{"not_picked":["Mind Blast","WitchOfGreed+1","DragonMeteor","Wild Strike+1"],"picked":"Singing Bowl","floor":45.0},{"not_picked":["Flame Barrier","Malaise","DarkMatter","Scrape"],"picked":"Singing Bowl","floor":46.0},{"not_picked":["Sword Boomerang","Slice","Hello World+1","FlurryOfBlows"],"picked":"Singing Bowl","floor":46.0},{"not_picked":["Second Wind","Wild Strike","Clash","Envenom+1"],"picked":"Singing Bowl","floor":55.0}],"player_experience":433279,"relics_obtained":[{"floor":6.0,"key":"Anchor"},{"floor":8.0,"key":"Girya"},{"floor":12.0,"key":"Calipers"},{"floor":23.0,"key":"CeramicFish"},{"floor":26.0,"key":"AmplifyWand"},{"floor":28.0,"key":"Eternal Feather"},{"floor":31.0,"key":"Question Card"},{"floor":36.0,"key":"Ginger"},{"floor":40.0,"key":"Lizard Tail"},{"floor":42.0,"key":"Singing Bowl"},{"floor":43.0,"key":"Art of War"},{"floor":45.0,"key":"Smiling Mask"},{"floor":55.0,"key":"Du-Vu Doll"}],"event_choices":[{"cards_removed":["UpSweep"],"damage_healed":0.0,"max_hp_gain":0.0,"max_hp_loss":0.0,"gold_gain":0.0,"event_name":"The Cleric","player_choice":"Card Removal","floor":3.0,"gold_loss":75.0,"damage_taken":0.0},{"damage_healed":0.0,"max_hp_gain":0.0,"max_hp_loss":0.0,"gold_gain":0.0,"event_name":"Mushrooms_MRS","player_choice":"Fought Mushrooms","floor":13.0,"gold_loss":0.0,"damage_taken":0.0},{"damage_healed":0.0,"max_hp_gain":0.0,"max_hp_loss":0.0,"gold_gain":0.0,"event_name":"Mushrooms_MRS","player_choice":"Fought Mushrooms","floor":13.0,"gold_loss":0.0,"damage_taken":0.0},{"cards_removed":["NonDirectionalLaser"],"damage_healed":5.0,"max_hp_gain":0.0,"max_hp_loss":0.0,"gold_gain":0.0,"event_name":"Bonfire Elementals","player_choice":"Offered Common","floor":19.0,"gold_loss":0.0,"damage_taken":0.0},{"cards_removed":["NonDirectionalLaser"],"damage_healed":5.0,"max_hp_gain":0.0,"max_hp_loss":0.0,"gold_gain":0.0,"event_name":"Bonfire Elementals","player_choice":"Offered Special","floor":19.0,"gold_loss":0.0,"damage_taken":0.0},{"damage_healed":0.0,"max_hp_gain":0.0,"max_hp_loss":0.0,"gold_gain":0.0,"event_name":"Mysterious Sphere","player_choice":"Fight","floor":36.0,"gold_loss":0.0,"damage_taken":0.0},{"cards_removed":["OortCloud"],"damage_healed":0.0,"max_hp_gain":0.0,"max_hp_loss":0.0,"gold_gain":0.0,"event_name":"Falling","player_choice":"Removed Power","floor":48.0,"gold_loss":0.0,"damage_taken":0.0}],"is_beta":false,"boss_relics":[{"not_picked":["Pandora\u0027s Box","Philosopher\u0027s Stone"],"picked":"Runic Dome"},{"not_picked":["Fusion Hammer","Tiny House"],"picked":"Coffee Dripper"}],"items_purged_floors":[2,2,7,11,11,15,20],"is_endless":false,"potions_floor_spawned":[1,6,8,13,13,22,25,27,28,29,35,36,45,46],"ascension_level":20}}