{"host":"aaqofma31c3gm2hj","time":1610201435,"event":{"mods":["BaseMod","Minty Spire (QoL Compilation)","Replay The Spire","Spicy Shops","StSLib"],"gold_per_floor":[112,112,37,37,51,82,82,95,95,95,107,141,141,153,153,230,230,244,244,244,244],"floor_reached":20,"playtime":490,"items_purged":["Languid"],"score":414,"play_id":"f405967f-117e-404b-be97-7dc15e4e3f86","local_time":"20210109221035","is_ascension_mode":true,"campfire_choices":[{"data":"Searing Blow","floor":7.0,"key":"SMITH"},{"data":"Armaments","floor":15.0,"key":"SMITH"}],"circlet_count":0,"master_deck":["AscendersBane","Strike_R","Strike_R+1","Strike_R","Defend_R","Defend_R","Defend_R","Defend_R","Bash","Searing Blow+1","Berserk+1","Armaments+1","Rupture","Brutality","Pommel Strike+1","Ghostly","Ghostly","Ghostly"],"relics":["Burning Blood","NeowsBlessing","ReplayTheSpireMod:Ring of Collecting","Ring of Searing","Molten Egg 2","ReplayTheSpireMod:Ring of Addiction","SacredBark","Toy Ornithopter","Dream Catcher","Replay:Multitool","Replay:Grab Bag","Philosopher\u0027s Stone","Runic Dome","Black Star"],"acts_visited":["Exordium","TheCity"],"potions_floor_usage":[20],"damage_taken":[{"damage":0.0,"enemies":"2 Louse","floor":1.0,"turns":1.0},{"damage":0.0,"enemies":"Cultist","floor":5.0,"turns":1.0},{"damage":0.0,"enemies":"Lagavulin","floor":6.0,"turns":1.0},{"damage":20.0,"enemies":"Small Slimes","floor":8.0,"turns":3.0},{"damage":1.0,"enemies":"2 Fungi Beasts","floor":11.0,"turns":4.0},{"damage":30.0,"enemies":"3 Sentries","floor":12.0,"turns":9.0},{"damage":5.0,"enemies":"Gremlin Gang","floor":14.0,"turns":5.0},{"damage":18.0,"enemies":"The Guardian","floor":16.0,"turns":5.0},{"damage":51,"enemies":"Spheric Guardian","floor":18,"turns":6},{"damage":21,"enemies":"Chosen","floor":20,"turns":3}],"seed_played":"6486460136010095381","potions_obtained":[{"floor":1.0,"key":"Weak Potion"},{"floor":9.0,"key":"SkillPotion"},{"floor":12.0,"key":"PowerPotion"},{"floor":18,"key":"SteroidPotion"}],"is_trial":false,"path_per_floor":["M","?","$","?","M","E","R","M","T","?","M","E","?","M","R","B",null,"M","?","M"],"character_chosen":"IRONCLAD","items_purchased":[],"campfire_rested":0,"item_purchase_floors":[],"current_hp_per_floor":[74,74,74,74,75,75,75,61,61,38,48,24,24,25,25,18,61,16,16,0,0],"gold":244,"neow_bonus":"THREE_ENEMY_KILL","is_daily":false,"chose_seed":false,"campfire_upgraded":2,"win_rate":0.0,"timestamp":1610201435,"path_taken":["M","?","$","?","M","E","R","?","T","?","M","E","?","?","R","BOSS","M","?","M"],"items_purchased_type":[],"build_version":"2020-12-22","purchased_purges":1,"victory":false,"max_hp_per_floor":[75,75,75,75,75,75,75,75,75,75,75,75,75,75,75,75,75,75,37,37,37],"card_choices":[{"not_picked":["True Grit","Sentinel"],"picked":"Searing Blow","floor":1.0},{"not_picked":["Sword Boomerang","Thunderclap"],"picked":"Berserk","floor":5.0},{"not_picked":["Warcry","Blood for Blood+1","Life Link"],"picked":"SKIP","floor":6.0},{"not_picked":["Heavy Blade+1","Spot Weakness","Anger+1"],"picked":"SKIP","floor":8.0},{"not_picked":["Hemokinesis+1","True Grit"],"picked":"Armaments","floor":11.0},{"not_picked":["Rampage+1","Warcry"],"picked":"Rupture","floor":12.0},{"not_picked":["Fire Breathing","Rage","Disarm"],"picked":"SKIP","floor":14.0},{"not_picked":["Eclipse","Impervious"],"picked":"Brutality","floor":16.0},{"not_picked":["Clothesline+1","Searing Blow+1"],"picked":"Pommel Strike+1","floor":18}],"player_experience":573655,"relics_obtained":[{"floor":2.0,"key":"ReplayTheSpireMod:Ring of Collecting"},{"floor":2.0,"key":"Ring of Searing"},{"floor":6.0,"key":"Molten Egg 2"},{"floor":9.0,"key":"ReplayTheSpireMod:Ring of Addiction"},{"floor":9.0,"key":"SacredBark"},{"floor":9.0,"key":"Toy Ornithopter"},{"floor":9.0,"key":"Dream Catcher"},{"floor":12.0,"key":"Replay:Multitool"}],"event_choices":[{"cards_removed":["Strike_R"],"damage_healed":0.0,"max_hp_gain":0.0,"max_hp_loss":0.0,"gold_gain":0.0,"event_name":"Purifier","player_choice":"Purged","floor":4.0,"gold_loss":0.0,"damage_taken":0.0},{"damage_healed":0.0,"max_hp_gain":0.0,"max_hp_loss":0.0,"gold_gain":0.0,"event_name":"Shining Light","player_choice":"Entered Light","floor":10.0,"gold_loss":0.0,"damage_taken":23.0,"cards_upgraded":["Berserk","Strike_R"]},{"cards_removed":["Strike_R"],"damage_healed":0.0,"max_hp_gain":0.0,"max_hp_loss":0.0,"gold_gain":0.0,"event_name":"Purifier","player_choice":"Purged","floor":13.0,"gold_loss":0.0,"damage_taken":0.0},{"damage_healed":0,"gold_gain":0,"player_choice":"Became a Ghost","damage_taken":0,"max_hp_gain":0,"max_hp_loss":38,"event_name":"Ghosts","floor":19,"gold_loss":0,"cards_obtained":["Ghostly","Ghostly","Ghostly"]}],"is_beta":false,"boss_relics":[{"not_picked":["Abe\u0027s Treasure","Empty Cage"],"picked":"Replay:Grab Bag"},{"not_picked":["Velvet Choker","ChewingGum"],"picked":"Philosopher\u0027s Stone"},{"not_picked":["Busted Crown","Cursed Key"],"picked":"Runic Dome"},{"not_picked":["Snecko Eye","Kintsugi"],"picked":"Black Star"}],"items_purged_floors":[3],"is_endless":false,"potions_floor_spawned":[1,12,14,18],"killed_by":"Chosen","ascension_level":20}}