{"host":"52jmisti11ysmja4","time":1610230723,"event":{"mods":["Aspiration","BaseMod","Better Third Choice","Minty Spire (QoL Compilation)","Remove Card Discount Mod","StSLib"],"gold_per_floor":[110,39,58,75,225,225,251,251,276,276,308,326,351,369,369,443,443,453,238,238,257,271,302,302,302],"floor_reached":24,"playtime":853,"items_purged":["Defend_G","Defend_G","Defend_G","Defend_G","Defend_G","Strike_G","Strike_G","Strike_G","Strike_G","Strike_G"],"score":425,"play_id":"f1e2cc50-88b0-4b41-9b30-4628e38cf443","local_time":"20210109141843","is_ascension_mode":true,"campfire_choices":[{"data":"Blade Dance","floor":6,"key":"SMITH"},{"data":"Dagger Spray","floor":10,"key":"SMITH"},{"floor":15,"key":"REST"}],"circlet_count":0,"master_deck":["AscendersBane","Survivor","Neutralize","Dagger Spray+1","Flying Knee","Endless Agony","Blade Dance+1","Poisoned Stab","Accuracy","Endless Agony","Adrenaline","Deflect","Finisher","Slice","Flying Knee","Storm of Steel"],"relics":["Ring of the Snake","NeowsBlessing","Pear","Bronze Scales","aspiration:DSix","aspiration:VileToxins","Sozu","Membership Card","Toy Ornithopter"],"acts_visited":["Exordium","TheCity"],"potions_floor_usage":[7,11,16,16],"damage_taken":[{"damage":0,"enemies":"Cultist","floor":1,"turns":1},{"damage":0,"enemies":"2 Louse","floor":3,"turns":1},{"damage":0,"enemies":"Small Slimes","floor":4,"turns":1},{"damage":10,"enemies":"Gremlin Nob","floor":7,"turns":3},{"damage":15,"enemies":"Lagavulin","floor":11,"turns":3},{"damage":13,"enemies":"Blue Slaver","floor":12,"turns":2},{"damage":12,"enemies":"3 Sentries","floor":13,"turns":3},{"damage":0,"enemies":"Lots of Slimes","floor":14,"turns":1},{"damage":35,"enemies":"The Guardian","floor":16,"turns":5},{"damage":8,"enemies":"2 Thieves","floor":18,"turns":2},{"damage":0,"enemies":"3 Byrds","floor":21,"turns":2},{"damage":20,"enemies":"Centurion and Healer","floor":22,"turns":2},{"damage":13,"enemies":"Book of Stabbing","floor":23,"turns":3},{"damage":20,"enemies":"Snake Plant","floor":24,"turns":1}],"seed_played":"-5906269051244328537","potions_obtained":[{"floor":4,"key":"Strength Potion"},{"floor":7,"key":"Strength Potion"},{"floor":11,"key":"EssenceOfSteel"},{"floor":14,"key":"LiquidMemories"}],"is_trial":false,"path_per_floor":["M","$","M","M","?","R","E","?","T","R","E","M","E","M","R","B",null,"M","$","?","M","M","E","M"],"character_chosen":"THE_SILENT","items_purchased":["Flying Knee","Membership Card","Finisher"],"campfire_rested":1,"item_purchase_floors":[2,19,19],"current_hp_per_floor":[59,59,59,59,59,59,59,59,59,59,44,31,19,19,41,6,59,51,51,51,51,31,18,0,0],"gold":302,"neow_bonus":"THREE_ENEMY_KILL","is_daily":false,"chose_seed":false,"campfire_upgraded":2,"win_rate":0.0,"timestamp":1610230723,"path_taken":["M","?","M","M","?","R","E","?","T","R","E","M","E","M","R","BOSS","M","$","?","M","M","E","M"],"items_purchased_type":["Card","Relic","Card"],"build_version":"2020-12-22","purchased_purges":10,"victory":false,"max_hp_per_floor":[66,66,66,66,66,66,76,76,76,76,76,76,76,76,76,76,76,76,76,76,76,76,76,76,76],"card_choices":[{"not_picked":["Prepared","Riddle With Holes"],"picked":"Dagger Spray","floor":1},{"not_picked":["Underhanded Strike","Concentrate"],"picked":"Endless Agony","floor":3},{"not_picked":["Quick Slash","Footwork"],"picked":"Blade Dance","floor":4},{"not_picked":["Underhanded Strike","PiercingWail"],"picked":"Poisoned Stab","floor":7},{"not_picked":["Terror","Dodge and Roll","Deadly Poison"],"picked":"SKIP","floor":11},{"not_picked":["Tactician","Dagger Throw"],"picked":"Accuracy","floor":12},{"not_picked":["Sucker Punch","Escape Plan"],"picked":"Endless Agony","floor":13},{"not_picked":["Outmaneuver","Eviscerate","Dagger Throw"],"picked":"SKIP","floor":14},{"not_picked":["Die Die Die","aspiration:Lunge"],"picked":"Adrenaline","floor":16},{"not_picked":["Deadly Poison","Dodge and Roll"],"picked":"Deflect","floor":18},{"not_picked":["Sucker Punch","Deadly Poison"],"picked":"Slice","floor":21},{"not_picked":["Dagger Throw","Dagger Spray"],"picked":"Flying Knee","floor":22},{"not_picked":["Deadly Poison","Quick Slash"],"picked":"Storm of Steel","floor":23}],"player_experience":471724,"relics_obtained":[{"floor":7,"key":"Pear"},{"floor":9,"key":"Bronze Scales"},{"floor":11,"key":"aspiration:DSix"},{"floor":13,"key":"aspiration:VileToxins"},{"floor":23,"key":"Toy Ornithopter"}],"event_choices":[{"damage_healed":0,"gold_gain":150,"player_choice":"AGREE","damage_taken":75,"max_hp_gain":0,"max_hp_loss":0,"event_name":"betterThird:BetterSerpent","floor":5,"gold_loss":0},{"cards_removed":["Doubt"],"damage_healed":0,"gold_gain":0,"player_choice":"Forget","damage_taken":0,"max_hp_gain":0,"max_hp_loss":0,"event_name":"Living Wall","floor":8,"gold_loss":0},{"damage_healed":0,"gold_gain":0,"player_choice":"Got Potions","damage_taken":0,"max_hp_gain":0,"max_hp_loss":0,"event_name":"Lab","floor":20,"gold_loss":0}],"is_beta":false,"boss_relics":[{"not_picked":["Calling Bell","HoveringKite"],"picked":"Sozu"}],"items_purged_floors":[2,2,2,2,2,2,2,2,19,19],"is_endless":false,"potions_floor_spawned":[4,7,11,14,21,22,23],"killed_by":"Snake Plant","ascension_level":16}}