{"host":"egwexuw5uvnxf11j","time":1610167784,"event":{"mods":["2.2 Compatiblity","Aspiration","BaseMod","Better Altar","Better Note","Better Sensory Stone","Better Third Choice","Displayed Cursed Tome","Downfall","Hermit","Key Reminder","Koishi","Marisa????????","Minty Spire (QoL Compilation)","Quick Restart","Shade Mod","Spicy Shops","StSLib","The Construct","The Cursed","The Hierophant","The Runesmith","The Senshi","The Servant 0.9.4","Transform Curses"],"gold_per_floor":[117,82,82,45,56,56,90,90,90,105,125,138,156,226,226,324,324,337,349,365,67,67,67,67,67,67],"floor_reached":25,"playtime":973,"items_purged":["Decay"],"score":244,"play_id":"1efe89cc-dbf5-45be-9150-b714d1920174","local_time":"20210108234944","is_ascension_mode":true,"campfire_choices":[{"data":"Luminosity","floor":6,"key":"SMITH"},{"floor":8,"key":"REST"},{"floor":15,"key":"REST"},{"floor":23,"key":"REST"}],"circlet_count":0,"master_deck":["Strike_S","Strike_S","Strike_S","Strike_S","Defend_S","Defend_S","Defend_S","Defend_S","KidneyShot","Exchange","Ricochet","Luminosity+1","ShatteredReality","MurderousAura","Spin","ShiftingGears","Potential","Sunlight","MurderousAura","Gouge","Defy","Misdirection","StarChef","Deadline"],"relics":["Uniform","aspiration:Nostalgia","Runesmith:BrokenRuby","Runesmith:AutoHammer","keyreminder:keyreminder","Pen Nib","aspiration:MobileForge","Bag of Marbles"],"acts_visited":["Exordium","TheCity"],"potions_floor_usage":[16,16,20,20,20,25],"damage_taken":[{"damage":6,"enemies":"2 Louse","floor":1,"turns":2},{"damage":6,"enemies":"Small Slimes","floor":5,"turns":4},{"damage":21,"enemies":"Gremlin Nob","floor":7,"turns":4},{"damage":0,"enemies":"Cultist","floor":10,"turns":4},{"damage":0,"enemies":"3 Louse","floor":11,"turns":2},{"damage":18,"enemies":"Looter","floor":12,"turns":3},{"damage":0,"enemies":"2 Fungi Beasts","floor":13,"turns":1},{"damage":29,"enemies":"Hexaghost","floor":16,"turns":8},{"damage":27,"enemies":"Shell Parasite","floor":18,"turns":5},{"damage":21,"enemies":"Spheric Guardian","floor":19,"turns":4},{"damage":16,"enemies":"Snecko","floor":20,"turns":5},{"damage":41,"enemies":"Book of Stabbing","floor":25,"turns":4}],"seed_played":"-5532214425814552856","potions_obtained":[{"floor":7,"key":"SpeedPotion"},{"floor":10,"key":"DuplicationPotion"},{"floor":13,"key":"SkillPotion"},{"floor":16,"key":"Swift Potion"},{"floor":18,"key":"BlessingOfTheForge"},{"floor":20,"key":"DistilledChaos"}],"is_trial":false,"path_per_floor":["M","?","?","$","M","R","E","R","T","M","M","M","M","?","R","B",null,"M","M","M","$","?","R","?","E"],"character_chosen":"THE_SERVANT","items_purchased":["Luminosity","StarChef","Bag of Marbles","Deadline"],"campfire_rested":3,"item_purchase_floors":[4,21,21,21],"current_hp_per_floor":[59,65,65,65,59,59,38,57,57,57,57,39,39,39,58,29,65,38,17,1,1,22,41,41,0,0],"gold":67,"neow_bonus":"NOSTALGIA","is_daily":false,"chose_seed":false,"campfire_upgraded":1,"win_rate":0.0,"timestamp":1610167784,"path_taken":["M","?","?","$","M","R","E","R","T","?","M","M","M","?","R","BOSS","M","M","M","$","?","R","?","E"],"items_purchased_type":["Card","Card","Relic","Card"],"build_version":"2020-12-22","purchased_purges":1,"victory":false,"max_hp_per_floor":[65,65,65,65,65,65,65,65,65,65,65,65,65,65,65,65,65,65,65,65,65,65,65,65,65,65],"card_choices":[{"not_picked":["FastForward","Defy"],"picked":"Ricochet","floor":1},{"not_picked":["Alleviate","Defy"],"picked":"ShatteredReality","floor":5},{"not_picked":["Read","KillingDoll"],"picked":"MurderousAura","floor":7},{"not_picked":["DoubleEdge","ShatteredReality"],"picked":"Spin","floor":10},{"not_picked":["Unruled","TimeWarp"],"picked":"ShiftingGears","floor":11},{"not_picked":["Revamp","Foresight"],"picked":"Potential","floor":12},{"not_picked":["Spin","Starlight"],"picked":"Sunlight","floor":13},{"not_picked":["Duplication","FloweringNight"],"picked":"MurderousAura","floor":16},{"not_picked":["Ricochet+1","BottledTime+1"],"picked":"Gouge","floor":18},{"not_picked":["ShatteredReality","Shuttle"],"picked":"Defy","floor":19},{"not_picked":["Potential","Defy"],"picked":"Misdirection","floor":20}],"player_experience":2175818,"relics_obtained":[{"floor":7,"key":"Runesmith:AutoHammer"},{"floor":9,"key":"Pen Nib"}],"event_choices":[{"damage_healed":16,"gold_gain":0,"player_choice":"Healed","damage_taken":0,"max_hp_gain":0,"max_hp_loss":0,"event_name":"The Cleric","floor":2,"gold_loss":35},{"damage_healed":0,"gold_gain":0,"player_choice":"Cursed","damage_taken":0,"max_hp_gain":0,"max_hp_loss":0,"event_name":"Wheel of Change","floor":3,"gold_loss":0,"cards_obtained":["Decay"]},{"damage_healed":0,"gold_gain":70,"player_choice":"Gained Gold","damage_taken":0,"max_hp_gain":0,"max_hp_loss":0,"event_name":"Golden Wing","floor":14,"gold_loss":0},{"damage_healed":21,"gold_gain":0,"player_choice":"Heal","damage_taken":0,"max_hp_gain":0,"max_hp_loss":0,"event_name":"The Library","floor":22,"gold_loss":0},{"damage_healed":0,"gold_gain":0,"player_choice":"Ignored","damage_taken":0,"max_hp_gain":0,"max_hp_loss":0,"event_name":"Ghosts","floor":24,"gold_loss":0}],"is_beta":false,"boss_relics":[{"not_picked":["Empty Cage","MysterySword"],"picked":"aspiration:MobileForge"}],"items_purged_floors":[21],"is_endless":false,"potions_floor_spawned":[7,10,13,16,18,20],"killed_by":"Book of Stabbing","ascension_level":4}}