{"host":"c3lc60y5x60jlt1y","time":1610211266,"event":{"mods":["AchievementEnabler","BaseMod","Bestiary","Colored Map","Minty Spire (QoL Compilation)","Quick Restart","StSLib","ojb\u0027s Info Mod"],"gold_per_floor":[111,111,111,131,35,35,60,79,79,110,120,142,142,190,190,291,291,304,304,21,21,67,94,94,125,200,234,234,244,244,254,254,359,359,371,31,31,49,49,49,49,59,59,86,99,99,99,129,129,129],"floor_reached":51,"playtime":3205,"items_purged":["Strike_B","Strike_B"],"score":919,"play_id":"15987f35-bb73-4a4a-a5b9-abb0ffe7469d","local_time":"20210109185426","is_ascension_mode":true,"campfire_choices":[{"data":"Storm","floor":6,"key":"SMITH"},{"data":"Defragment","floor":15,"key":"SMITH"},{"data":"Ghostly","floor":24,"key":"SMITH"},{"floor":28,"key":"DIG"},{"data":"Storm","floor":30,"key":"SMITH"},{"floor":32,"key":"DIG"},{"floor":41,"key":"RECALL"},{"data":"Capacitor","floor":47,"key":"SMITH"},{"data":"Capacitor","floor":49,"key":"SMITH"}],"circlet_count":0,"master_deck":["Defend_B","Defend_B+1","Zap+1","Dualcast+1","Ball Lightning","Storm+1","Defragment+1","Hello World","Tempest","Self Repair+1","Thunder Strike+1","Glacier","Ghostly","Ghostly","Ghostly","Ghostly","Ghostly+1","Ball Lightning+1","Force Field+1","Ball Lightning+1","Storm+1","BootSequence+1","Electrodynamics","Ball Lightning+1","Panache","Storm","Self Repair","Biased Cognition","Beam Cell+1","Capacitor+1","Capacitor+1"],"relics":["Cracked Core","NeowsBlessing","Shovel","Nunchaku","Emotion Chip","Incense Burner","Odd Mushroom","Akabeko","Philosopher\u0027s Stone","Potion Belt","War Paint","Darkstone Periapt","Bag of Preparation","Sundial","Pantograph","Boot","Symbiotic Virus","Inserter","Mummified Hand","Whetstone","Molten Egg 2"],"acts_visited":["Exordium","TheCity","TheBeyond"],"potions_floor_usage":[10,12,18,50,50],"damage_taken":[{"damage":0,"enemies":"Jaw Worm","floor":1,"turns":1},{"damage":0,"enemies":"Small Slimes","floor":4,"turns":1},{"damage":0,"enemies":"Lagavulin","floor":7,"turns":1},{"damage":6,"enemies":"2 Louse","floor":8,"turns":2},{"damage":12,"enemies":"3 Sentries","floor":10,"turns":5},{"damage":3,"enemies":"2 Fungi Beasts","floor":11,"turns":3},{"damage":4,"enemies":"The Mushroom Lair","floor":12,"turns":3},{"damage":21,"enemies":"The Guardian","floor":16,"turns":9},{"damage":33,"enemies":"3 Byrds","floor":18,"turns":2},{"damage":3,"enemies":"Slavers","floor":23,"turns":5},{"damage":9,"enemies":"Book of Stabbing","floor":25,"turns":4},{"damage":0,"enemies":"Gremlin Leader","floor":27,"turns":6},{"damage":2,"enemies":"2 Thieves","floor":29,"turns":3},{"damage":2,"enemies":"Chosen and Byrds","floor":31,"turns":3},{"damage":3,"enemies":"Champ","floor":33,"turns":8},{"damage":10,"enemies":"3 Darklings","floor":35,"turns":6},{"damage":1,"enemies":"Orb Walker","floor":38,"turns":3},{"damage":2,"enemies":"Spire Growth","floor":42,"turns":3},{"damage":1,"enemies":"Reptomancer","floor":44,"turns":3},{"damage":5,"enemies":"4 Shapes","floor":45,"turns":2},{"damage":2,"enemies":"Nemesis","floor":48,"turns":4},{"damage":1,"enemies":"Awakened One","floor":50,"turns":6}],"seed_played":"-3922006105673851188","potions_obtained":[{"floor":7,"key":"DuplicationPotion"},{"floor":8,"key":"Ancient Potion"},{"floor":10,"key":"SkillPotion"},{"floor":16,"key":"LiquidBronze"},{"floor":18,"key":"Weak Potion"},{"floor":31,"key":"Weak Potion"},{"floor":38,"key":"SpeedPotion"},{"floor":42,"key":"FocusPotion"}],"is_trial":false,"path_per_floor":["M","?","?","M","$","R","E","M","T","E","M","?","?","T","R","B",null,"M","?","$","?","T","E","R","E","T","E","R","M","R","M","R","B",null,"M","$","?","M","?","?","R","M","T","E","M","?","R","E","R","B",null],"character_chosen":"DEFECT","items_purchased":["FairyPotion","Potion Belt","Ball Lightning","Panache","Storm"],"campfire_rested":0,"item_purchase_floors":[5,20,20,36,36],"current_hp_per_floor":[75,75,72,72,72,72,72,66,66,54,51,47,32,32,32,21,75,42,37,37,37,37,37,37,37,37,37,37,37,37,35,35,37,37,37,37,37,37,37,37,37,37,37,37,32,32,32,37,37,37],"gold":129,"neow_bonus":"THREE_ENEMY_KILL","is_daily":false,"chose_seed":false,"campfire_upgraded":6,"win_rate":0.0,"timestamp":1610211266,"path_taken":["M","?","?","M","$","R","E","M","T","E","M","?","?","?","R","BOSS","M","?","$","?","?","E","R","E","T","E","R","M","R","M","R","BOSS","M","$","?","?","?","?","R","M","T","E","?","?","R","E","R","BOSS"],"items_purchased_type":["Potion","Relic","Card","Card","Card"],"build_version":"2020-12-22","purchased_purges":2,"victory":true,"max_hp_per_floor":[75,75,75,75,75,75,75,75,75,75,75,75,75,75,75,75,75,75,37,37,37,37,37,37,37,37,37,37,37,37,37,37,37,37,37,37,37,37,37,37,37,37,37,37,37,37,37,37,37,37],"card_choices":[{"not_picked":["Go for the Eyes","Cold Snap"],"picked":"Ball Lightning","floor":1},{"not_picked":["Hello World","Glacier"],"picked":"Storm","floor":4},{"not_picked":["Skim","Fusion"],"picked":"Defragment","floor":7},{"not_picked":["Aggregate","Consume"],"picked":"Hello World","floor":8},{"not_picked":["Rip and Tear","Conserve Battery"],"picked":"Tempest","floor":10},{"not_picked":["Redo","Hologram","Compile Driver"],"picked":"SKIP","floor":11},{"not_picked":["Aggregate","Redo"],"picked":"Self Repair","floor":12},{"not_picked":["Hyperbeam","Multi-Cast"],"picked":"Thunder Strike","floor":16},{"not_picked":["Turbo","Steam+1"],"picked":"Glacier","floor":18},{"not_picked":["Turbo","Glacier"],"picked":"Force Field+1","floor":23},{"not_picked":["Go for the Eyes+1","Barrage"],"picked":"Ball Lightning+1","floor":25},{"not_picked":["Redo+1","Compile Driver","Consume"],"picked":"SKIP","floor":27},{"not_picked":["Ball Lightning","Beam Cell+1"],"picked":"Storm","floor":29},{"not_picked":["Undo","FTL"],"picked":"BootSequence+1","floor":31},{"not_picked":["Machine Learning","Amplify"],"picked":"Electrodynamics","floor":33},{"not_picked":["Go for the Eyes+1","Turbo"],"picked":"Ball Lightning+1","floor":35},{"not_picked":["Gash+1","BootSequence+1","Streamline"],"picked":"SKIP","floor":38},{"not_picked":["Glacier","Leap"],"picked":"Biased Cognition","floor":42},{"not_picked":["Compile Driver+1","Sunder+1"],"picked":"Beam Cell+1","floor":44},{"not_picked":["Conserve Battery","Leap+1"],"picked":"Capacitor","floor":45},{"not_picked":["Scrape+1","Hello World"],"picked":"Capacitor","floor":48}],"player_experience":7754999,"relics_obtained":[{"floor":7,"key":"Nunchaku"},{"floor":9,"key":"Emotion Chip"},{"floor":10,"key":"Incense Burner"},{"floor":12,"key":"Odd Mushroom"},{"floor":14,"key":"Akabeko"},{"floor":22,"key":"War Paint"},{"floor":23,"key":"Darkstone Periapt"},{"floor":25,"key":"Bag of Preparation"},{"floor":26,"key":"Sundial"},{"floor":27,"key":"Pantograph"},{"floor":28,"key":"Boot"},{"floor":32,"key":"Symbiotic Virus"},{"floor":43,"key":"Mummified Hand"},{"floor":44,"key":"Whetstone"},{"floor":48,"key":"Molten Egg 2"}],"event_choices":[{"cards_removed":["Strike_B"],"damage_healed":0,"gold_gain":0,"player_choice":"Forget","damage_taken":0,"max_hp_gain":0,"max_hp_loss":0,"event_name":"Living Wall","floor":2,"gold_loss":0},{"damage_healed":0,"gold_gain":0,"player_choice":"Success","damage_taken":3,"relics_obtained":["Shovel"],"max_hp_gain":0,"max_hp_loss":0,"event_name":"Scrap Ooze","floor":3,"gold_loss":0},{"damage_healed":0,"gold_gain":0,"player_choice":"Fought Mushrooms","damage_taken":0,"max_hp_gain":0,"max_hp_loss":0,"event_name":"Mushrooms","floor":12,"gold_loss":0},{"damage_healed":0,"gold_gain":0,"player_choice":"Entered Light","damage_taken":15,"max_hp_gain":0,"max_hp_loss":0,"event_name":"Shining Light","floor":13,"gold_loss":0,"cards_upgraded":["Self Repair","Defend_B"]},{"damage_healed":0,"gold_gain":0,"player_choice":"Became a Ghost","damage_taken":0,"max_hp_gain":0,"max_hp_loss":38,"event_name":"Ghosts","floor":19,"gold_loss":0,"cards_obtained":["Ghostly","Ghostly","Ghostly","Ghostly","Ghostly"]},{"damage_healed":12,"gold_gain":0,"player_choice":"Heal","damage_taken":0,"max_hp_gain":0,"max_hp_loss":0,"event_name":"The Library","floor":21,"gold_loss":0},{"damage_healed":0,"gold_gain":0,"cards_transformed":["Strike_B"],"player_choice":"Transformed","damage_taken":0,"max_hp_gain":0,"max_hp_loss":0,"event_name":"Transmorgrifier","floor":37,"gold_loss":0,"cards_obtained":["Self Repair"]},{"cards_removed":["Defend_B"],"damage_healed":0,"gold_gain":0,"player_choice":"Removed Skill","damage_taken":0,"max_hp_gain":0,"max_hp_loss":0,"event_name":"Falling","floor":39,"gold_loss":0},{"damage_healed":0,"gold_gain":0,"player_choice":"Ignored","damage_taken":0,"max_hp_gain":0,"max_hp_loss":0,"event_name":"WeMeetAgain","floor":40,"gold_loss":0},{"cards_removed":["Defend_B"],"damage_healed":0,"gold_gain":0,"player_choice":"Purged","damage_taken":0,"max_hp_gain":0,"max_hp_loss":0,"event_name":"Purifier","floor":46,"gold_loss":0}],"is_beta":false,"boss_relics":[{"not_picked":["Astrolabe","Nuclear Battery"],"picked":"Philosopher\u0027s Stone"},{"not_picked":["SlaversCollar","Calling Bell"],"picked":"Inserter"}],"items_purged_floors":[20,36],"is_endless":false,"potions_floor_spawned":[7,8,10,16,18,31,38,42],"ascension_level":2}}