{"host":"h4390p13uu6iw1q5","time":1610175591,"event":{"mods":["BaseMod","Colored Map","Minty Spire (QoL Compilation)"],"gold_per_floor":[114,114,129,129,304,342,342,361,411,449,520,520,74,112,112,237,237,256,256,275,275,300,338,357,107,107,145,164,14,52,96,96,221,221,240,259,259,109,128,128,0,38,88,126,126,226,245,245,245,245],"floor_reached":51,"playtime":9440,"items_purged":["Grand Finale","Doubt"],"score":1029,"play_id":"b411172f-92bc-40df-8bb0-bd93ac480d1c","local_time":"20210109015951","daily_mods":["Shiny","Green Cards","Terminal"],"is_ascension_mode":false,"campfire_choices":[{"data":"LessonLearned","floor":7,"key":"SMITH"},{"data":"Distraction","floor":15,"key":"SMITH"},{"data":"Adrenaline","floor":32,"key":"SMITH"},{"data":"Burst","floor":40,"key":"SMITH"},{"data":"Wraith Form v2","floor":45,"key":"SMITH"},{"data":"Wish","floor":49,"key":"SMITH"}],"circlet_count":0,"master_deck":["Venomology","Corpse Explosion","Malaise","Phantasmal Killer","Die Die Die","Adrenaline+1","Envenom","Doppelganger","Burst+1","Wraith Form v2+1","Tools of the Trade","Night Terror","Unload","After Image+1","Bullet Time","Storm of Steel","Glass Knife","A Thousand Cuts","Judgement","ConjureBlade","MasterReality+1","Brilliance","Devotion","Blasphemy+1","Ragnarok","LessonLearned+1","Scrawl+1","Vault+1","Alpha","Wish+1","Omniscience","Establishment","SpiritShield+1","DevaForm","DeusExMachina","Distraction+1","Calculated Gamble+1","Adrenaline","SpiritShield","Prepared+1","Madness","Madness"],"relics":["PureWater","Bird Faced Urn","Golden Idol","Letter Opener","Juzu Bracelet","Bronze Scales","Calipers","Unceasing Top","Snecko Eye","MutagenicStrength","MealTicket","White Beast Statue","ClockworkSouvenir","Gambling Chip","Mango","War Paint","FossilizedHelix","Busted Crown","Oddly Smooth Stone","Red Mask","Toxic Egg 2","Lantern","Bag of Preparation"],"acts_visited":["Exordium","TheCity","TheBeyond"],"potions_floor_usage":[6,14,16,16,18,18,18,18,20,20,20,20,20,20,20,30,30,33,36,42,47,47,47,50,50,50,50,50,50],"damage_taken":[{"damage":0,"enemies":"Small Slimes","floor":1,"turns":2},{"damage":0,"enemies":"2 Louse","floor":3,"turns":2},{"damage":7,"enemies":"3 Sentries","floor":6,"turns":6},{"damage":0,"enemies":"Jaw Worm","floor":8,"turns":3},{"damage":13,"enemies":"Gremlin Nob","floor":10,"turns":4},{"damage":0,"enemies":"3 Sentries","floor":14,"turns":7},{"damage":2,"enemies":"The Guardian","floor":16,"turns":9},{"damage":0,"enemies":"Spheric Guardian","floor":18,"turns":4},{"damage":5,"enemies":"Shell Parasite","floor":20,"turns":3},{"damage":10,"enemies":"Book of Stabbing","floor":23,"turns":6},{"damage":0,"enemies":"Shelled Parasite and Fungi","floor":24,"turns":4},{"damage":13,"enemies":"Gremlin Leader","floor":27,"turns":4},{"damage":0,"enemies":"3 Cultists","floor":28,"turns":3},{"damage":0,"enemies":"Book of Stabbing","floor":30,"turns":3},{"damage":0,"enemies":"Centurion and Healer","floor":31,"turns":4},{"damage":0,"enemies":"Automaton","floor":33,"turns":8},{"damage":0,"enemies":"Orb Walker","floor":35,"turns":5},{"damage":0,"enemies":"3 Darklings","floor":36,"turns":4},{"damage":0,"enemies":"Writhing Mass","floor":39,"turns":5},{"damage":0,"enemies":"Reptomancer","floor":42,"turns":7},{"damage":0,"enemies":"Nemesis","floor":44,"turns":6},{"damage":0,"enemies":"4 Shapes","floor":47,"turns":3},{"damage":0,"enemies":"Donu and Deca","floor":50,"turns":4}],"seed_played":"579003938715623652","potions_obtained":[{"floor":3,"key":"ColorlessPotion"},{"floor":10,"key":"DuplicationPotion"},{"floor":12,"key":"LiquidBronze"},{"floor":12,"key":"Fire Potion"},{"floor":14,"key":"LiquidMemories"},{"floor":16,"key":"Swift Potion"},{"floor":24,"key":"SkillPotion"},{"floor":27,"key":"Fire Potion"},{"floor":30,"key":"LiquidBronze"},{"floor":33,"key":"Block Potion"},{"floor":42,"key":"Block Potion"},{"floor":47,"key":"Explosive Potion"}],"is_trial":false,"path_per_floor":["M","?","M","?","?","E","R","M","T","E","?","?","$","E","R","B",null,"M","?","M","?","T","E","M","$","T","E","M","$","E","M","R","B",null,"M","M","?","$","M","R","?","E","T","E","R","?","M","?","R","B",null],"character_chosen":"WATCHER","items_purchased":["Calipers","Calculated Gamble","ClockworkSouvenir","War Paint","Oddly Smooth Stone"],"campfire_rested":0,"item_purchase_floors":[13,13,25,29,38],"current_hp_per_floor":[70,45,49,49,49,60,59,58,57,44,44,44,44,52,51,50,49,48,47,44,44,44,43,42,41,40,53,52,51,50,49,48,47,46,45,44,38,42,41,40,39,38,37,36,35,34,33,32,31,30],"gold":245,"neow_bonus":"","is_daily":true,"chose_seed":false,"campfire_upgraded":6,"win_rate":0.0,"timestamp":1610175591,"path_taken":["M","?","M","?","?","E","R","M","T","E","?","?","$","E","R","BOSS","M","?","M","?","?","E","M","$","T","E","M","$","E","M","R","BOSS","M","M","?","$","M","R","?","E","T","E","R","?","M","?","R","BOSS"],"items_purchased_type":["Relic","Card","Relic","Relic","Relic"],"build_version":"2020-12-22","purchased_purges":2,"victory":true,"max_hp_per_floor":[70,69,68,62,61,60,59,58,57,56,55,54,53,52,51,50,49,48,47,46,45,44,43,42,41,40,53,52,51,50,49,48,47,46,45,44,43,42,41,40,39,38,37,36,35,34,33,32,31,30],"card_choices":[{"not_picked":["Quick Slash","Fasting2","Prepared"],"picked":"SKIP","floor":1},{"not_picked":["Blade Dance","Outmaneuver","SandsOfTime"],"picked":"SKIP","floor":3},{"not_picked":["Prepared","Quick Slash","Sucker Punch"],"picked":"SKIP","floor":6},{"not_picked":["Wireheading","Adaptation","CutThroughFate"],"picked":"SKIP","floor":8},{"not_picked":["Unload","ClearTheMind"],"picked":"Distraction","floor":10},{"not_picked":["Dagger Throw","Slice","Prepared"],"picked":"SKIP","floor":14},{"not_picked":["Storm of Steel","A Thousand Cuts"],"picked":"Adrenaline","floor":16},{"not_picked":["WheelKick","EmptyBody+1","Predator"],"picked":"SKIP","floor":18},{"not_picked":["Conclude","Halt","ThirdEye+1"],"picked":"SKIP","floor":20},{"not_picked":["EmptyMind","Sucker Punch","Bane+1"],"picked":"SKIP","floor":23},{"not_picked":["Dash","Conclude","Deflect"],"picked":"SKIP","floor":24},{"not_picked":["Evaluate","BowlingBash","Crescendo"],"picked":"SKIP","floor":27},{"not_picked":["Predator","SashWhip+1","Choke"],"picked":"SKIP","floor":28},{"not_picked":["Halt","Judgement","Tantrum"],"picked":"SKIP","floor":30},{"not_picked":["BowlingBash","Skewer","Halt+1"],"picked":"SKIP","floor":31},{"not_picked":["Vault","Alpha"],"picked":"SpiritShield","floor":33},{"not_picked":["Pray"],"picked":"SKIP","floor":35},{"not_picked":[],"picked":"Prepared+1","floor":36},{"not_picked":["Outmaneuver+1"],"picked":"SKIP","floor":39},{"not_picked":["PathToVictory+1"],"picked":"SKIP","floor":42},{"not_picked":["Prostrate+1"],"picked":"SKIP","floor":44},{"not_picked":["Underhanded Strike"],"picked":"SKIP","floor":47}],"player_experience":2412478,"relics_obtained":[{"floor":6,"key":"Letter Opener"},{"floor":9,"key":"Juzu Bracelet"},{"floor":10,"key":"Bronze Scales"},{"floor":14,"key":"Unceasing Top"},{"floor":22,"key":"MealTicket"},{"floor":23,"key":"White Beast Statue"},{"floor":26,"key":"Gambling Chip"},{"floor":27,"key":"Mango"},{"floor":30,"key":"FossilizedHelix"},{"floor":42,"key":"Toxic Egg 2"},{"floor":43,"key":"Lantern"},{"floor":44,"key":"Bag of Preparation"}],"event_choices":[{"damage_healed":0,"gold_gain":0,"player_choice":"Success","damage_taken":25,"relics_obtained":["Bird Faced Urn"],"max_hp_gain":0,"max_hp_loss":0,"event_name":"Scrap Ooze","floor":2,"gold_loss":0},{"damage_healed":0,"gold_gain":0,"player_choice":"Lose Max HP","damage_taken":0,"relics_obtained":["Golden Idol"],"max_hp_gain":0,"max_hp_loss":5,"event_name":"Golden Idol","floor":4,"gold_loss":0},{"damage_healed":0,"gold_gain":175,"player_choice":"AGREE","damage_taken":0,"max_hp_gain":0,"max_hp_loss":0,"event_name":"Liars Game","floor":5,"gold_loss":0,"cards_obtained":["Doubt"]},{"damage_healed":0,"gold_gain":71,"player_choice":"Gained Gold","damage_taken":0,"max_hp_gain":0,"max_hp_loss":0,"event_name":"Golden Wing","floor":11,"gold_loss":0},{"damage_healed":0,"gold_gain":0,"player_choice":"Got Potions","damage_taken":0,"max_hp_gain":0,"max_hp_loss":0,"event_name":"Lab","floor":12,"gold_loss":0},{"damage_healed":0,"gold_gain":0,"player_choice":"Ignored","damage_taken":0,"max_hp_gain":0,"max_hp_loss":0,"event_name":"Ghosts","floor":19,"gold_loss":0},{"damage_healed":0,"gold_gain":0,"player_choice":"Inject Mutagens","damage_taken":0,"relics_obtained":["MutagenicStrength"],"max_hp_gain":0,"max_hp_loss":0,"event_name":"Drug Dealer","floor":21,"gold_loss":0},{"damage_healed":0,"gold_gain":0,"player_choice":"Embrace Madness","damage_taken":6,"max_hp_gain":0,"max_hp_loss":0,"event_name":"Winding Halls","floor":37,"gold_loss":0,"cards_obtained":["Madness","Madness"]},{"damage_healed":0,"gold_gain":0,"player_choice":"Paid","damage_taken":0,"relics_obtained":["Red Mask"],"max_hp_gain":0,"max_hp_loss":0,"event_name":"Tomb of Lord Red Mask","floor":41,"gold_loss":128},{"damage_healed":0,"gold_gain":100,"player_choice":"Pray","damage_taken":0,"max_hp_gain":0,"max_hp_loss":0,"event_name":"Golden Shrine","floor":46,"gold_loss":0},{"damage_healed":0,"gold_gain":0,"player_choice":"0 cards matched","damage_taken":0,"max_hp_gain":0,"max_hp_loss":0,"event_name":"Match and Keep!","floor":48,"gold_loss":0,"cards_obtained":[]}],"is_beta":false,"boss_relics":[{"not_picked":["VioletLotus","Black Star"],"picked":"Snecko Eye"},{"not_picked":["HolyWater","Runic Pyramid"],"picked":"Busted Crown"}],"items_purged_floors":[13,25],"is_endless":false,"potions_floor_spawned":[3,10,14,16,24,27,28,30,31,33,35,36,39,42,44,47],"ascension_level":0}}