{"host":"19t2eyow02s954g8","time":1610216371,"event":{"mods":["BaseMod","Colored Map","DeckTracker","Minty Spire (QoL Compilation)","StSLib","SuperFastMode"],"gold_per_floor":[111,386,73,87,105,135,135,153,179,179,192,192,220,239,239,316,316,328,24,36,62,62,62,88,48,125,137,153,186,197,221,221,221,221],"floor_reached":33,"playtime":1342,"items_purged":["Regret","Strike_G"],"score":594,"play_id":"edfc2b29-1e25-46ee-81be-8246e7794d24","local_time":"20210110031931","is_ascension_mode":true,"campfire_choices":[{"data":"Neutralize","floor":7,"key":"SMITH"},{"data":"Blade Dance","floor":10,"key":"SMITH"},{"data":"Cloak And Dagger","floor":12,"key":"SMITH"},{"data":"Finisher","floor":15,"key":"SMITH"},{"data":"Apotheosis","floor":23,"key":"SMITH"},{"data":"Accuracy","floor":32,"key":"SMITH"}],"circlet_count":0,"master_deck":["AscendersBane","Strike_G","Defend_G","Defend_G","Defend_G","Defend_G","Defend_G","Survivor","Neutralize+1","Dagger Spray","Tactician","Blade Dance+1","Malaise","Terror","PiercingWail","Cloak And Dagger+1","Outmaneuver","Finisher+1","Venomology","Bane+1","Prepared+1","Catalyst+1","Acrobatics","Apotheosis+1","Noxious Fumes","Ghostly","Ghostly","Ghostly","Tactician+1","Accuracy+1","Crippling Poison+1"],"relics":["Ring of the Snake","NeowsBlessing","Chemical X","Snake Skull","Toy Ornithopter","Centennial Puzzle","Astrolabe","Bottled Tornado","Calipers","Smiling Mask"],"acts_visited":["Exordium","TheCity"],"potions_floor_usage":[6,13,13,16,16,18,24,28,28,28,29,29,33],"damage_taken":[{"damage":0,"enemies":"Jaw Worm","floor":1,"turns":1},{"damage":0,"enemies":"Cultist","floor":4,"turns":1},{"damage":0,"enemies":"Small Slimes","floor":5,"turns":1},{"damage":9,"enemies":"Lagavulin","floor":6,"turns":9},{"damage":0,"enemies":"Exordium Wildlife","floor":8,"turns":4},{"damage":2,"enemies":"Blue Slaver","floor":11,"turns":5},{"damage":16,"enemies":"3 Sentries","floor":13,"turns":10},{"damage":5,"enemies":"Looter","floor":14,"turns":3},{"damage":57,"enemies":"Slime Boss","floor":16,"turns":12},{"damage":7,"enemies":"Shell Parasite","floor":18,"turns":4},{"damage":5,"enemies":"Chosen","floor":20,"turns":5},{"damage":5,"enemies":"Book of Stabbing","floor":24,"turns":7},{"damage":3,"enemies":"Snake Plant","floor":27,"turns":5},{"damage":17,"enemies":"Shelled Parasite and Fungi","floor":28,"turns":6},{"damage":5,"enemies":"Gremlin Leader","floor":29,"turns":8},{"damage":6,"enemies":"Snecko","floor":30,"turns":10},{"damage":35,"enemies":"Automaton","floor":33,"turns":6}],"seed_played":"-258841045744457748","potions_obtained":[{"floor":1,"key":"Strength Potion"},{"floor":5,"key":"Regen Potion"},{"floor":8,"key":"AttackPotion"},{"floor":13,"key":"Swift Potion"},{"floor":14,"key":"EssenceOfSteel"},{"floor":27,"key":"Ancient Potion"},{"floor":28,"key":"Dexterity Potion"}],"is_trial":false,"path_per_floor":["M","?","$","M","M","E","R","M","T","R","M","R","E","M","R","B",null,"M","$","M","T","?","R","E","$","T","M","M","E","M","T","R","B"],"character_chosen":"THE_SILENT","items_purchased":["Tactician","Chemical X","Apotheosis","Accuracy"],"campfire_rested":0,"item_purchase_floors":[3,3,19,25],"current_hp_per_floor":[59,59,59,59,59,50,50,50,50,50,48,48,56,51,51,4,51,49,49,44,44,33,33,28,28,28,25,16,21,15,15,15,0,0],"gold":221,"neow_bonus":"THREE_ENEMY_KILL","is_daily":false,"chose_seed":false,"campfire_upgraded":6,"win_rate":0.0,"timestamp":1610216371,"path_taken":["M","?","$","M","?","E","R","?","T","R","M","R","E","M","R","BOSS","M","$","M","?","?","R","E","?","T","M","M","E","M","?","R","BOSS"],"items_purchased_type":["Card","Relic","Card","Card"],"build_version":"2020-12-22","purchased_purges":2,"victory":false,"max_hp_per_floor":[66,66,66,66,66,66,66,66,66,66,66,66,66,66,66,66,66,66,66,66,66,33,33,33,33,33,33,33,33,33,33,33,33,33],"card_choices":[{"not_picked":["Expertise","Deadly Poison"],"picked":"Dagger Spray","floor":1},{"not_picked":["Underhanded Strike","Distraction"],"picked":"Blade Dance","floor":4},{"not_picked":["Crippling Poison","Deflect"],"picked":"Malaise","floor":5},{"not_picked":["Burst","Quick Slash"],"picked":"Terror","floor":6},{"not_picked":["Escape Plan","Prepared"],"picked":"PiercingWail","floor":8},{"not_picked":["Escape Plan","Deflect"],"picked":"Cloak And Dagger","floor":11},{"not_picked":["Slice","All Out Attack"],"picked":"Outmaneuver","floor":13},{"not_picked":["PiercingWail","Doppelganger"],"picked":"Finisher","floor":14},{"not_picked":["A Thousand Cuts","Burst"],"picked":"Venomology","floor":16},{"not_picked":["PiercingWail","Flying Knee"],"picked":"Acrobatics","floor":18},{"not_picked":["Expertise","Dodge and Roll"],"picked":"Noxious Fumes","floor":20},{"not_picked":["Flechettes","Cloak And Dagger"],"picked":"Tactician+1","floor":24},{"not_picked":["Riddle With Holes","Endless Agony","Slice"],"picked":"SKIP","floor":27},{"not_picked":["Underhanded Strike","Slice","Bane"],"picked":"SKIP","floor":28},{"not_picked":["Prepared","Blade Dance"],"picked":"Crippling Poison+1","floor":29},{"not_picked":["Blur","Flying Knee","Quick Slash"],"picked":"SKIP","floor":30}],"player_experience":4236001,"relics_obtained":[{"floor":6,"key":"Snake Skull"},{"floor":9,"key":"Toy Ornithopter"},{"floor":13,"key":"Centennial Puzzle"},{"floor":26,"key":"Bottled Tornado"},{"floor":29,"key":"Calipers"},{"floor":31,"key":"Smiling Mask"}],"event_choices":[{"damage_healed":0,"gold_gain":275,"player_choice":"Desecrate","damage_taken":0,"max_hp_gain":0,"max_hp_loss":0,"event_name":"Golden Shrine","floor":2,"gold_loss":0,"cards_obtained":["Regret"]},{"damage_healed":0,"gold_gain":0,"player_choice":"Became a Ghost","damage_taken":0,"max_hp_gain":0,"max_hp_loss":33,"event_name":"Ghosts","floor":22,"gold_loss":0,"cards_obtained":["Ghostly","Ghostly","Ghostly"]}],"is_beta":false,"boss_relics":[{"not_picked":["Busted Crown","Philosopher\u0027s Stone"],"picked":"Astrolabe"}],"items_purged_floors":[3,19],"is_endless":false,"potions_floor_spawned":[1,5,8,11,13,14,27,28],"killed_by":"Automaton","ascension_level":20}}