{"host":"y89x8uui45kcjy42","time":1610199411,"event":{"mods":["2.2 Compatiblity","BaseMod","CapriCore","Colored Map","Colored Powertips","Custom Start","Friendly Minions","Keyboard Shortcuts","Minty Spire (QoL Compilation)","Relic Stats","Slay the Relics Exporter","StSLib","SuperFastMode","Uncapped"],"gold_per_floor":[118,78,92,102,82,116,116,145,145,145,145,145,157,157,157,234,234,247,257,4,23,23,23,49,49,49,69,98,48,103,113,113,186,186,199,157,113,113,129,129,176,176,176],"floor_reached":42,"playtime":1464,"items_purged":["Defend_P"],"score":1034,"play_id":"348ca479-cebb-48d1-bf7e-0b0d0c914326","local_time":"20210109223651","is_ascension_mode":true,"campfire_choices":[{"data":"Eruption","floor":7,"key":"SMITH"},{"data":"Master of Strategy","floor":10,"key":"SMITH"},{"data":"MentalFortress","floor":12,"key":"SMITH"},{"data":"DeceiveReality","floor":15,"key":"SMITH"},{"data":"Wallop","floor":23,"key":"SMITH"},{"floor":25,"key":"RECALL"},{"data":"MentalFortress","floor":32,"key":"SMITH"},{"data":"Madness","floor":40,"key":"SMITH"}],"circlet_count":0,"master_deck":["Eruption+1","Vigilance+1","EmptyBody+1","Study+1","MentalFortress+1","DeceiveReality+1","Master of Strategy+1","Wallop+1","BattleHymn","MasterReality+1","Establishment","Adaptation+1","MentalFortress+1","Madness+1","DevaForm","Collect+1","TalkToTheHand","MentalFortress"],"relics":["PureWater","Lee\u0027s Waffle","WingedGreaves","Gambling Chip","Bottled Lightning","Ornamental Fan","Coffee Dripper","Membership Card","War Paint","Bottled Tornado","Peace Pipe","Darkstone Periapt","Mango","VioletLotus","Ring of the Serpent","Ring of the Serpent","Turnip","TeardropLocket","Lizard Tail"],"acts_visited":["Exordium","TheCity","TheBeyond"],"potions_floor_usage":[6,6,18,24,24,24,24,24,27,39],"damage_taken":[{"damage":14,"enemies":"2 Louse","floor":1,"turns":3},{"damage":5,"enemies":"Cultist","floor":3,"turns":5},{"damage":28,"enemies":"Small Slimes","floor":4,"turns":3},{"damage":0,"enemies":"Lagavulin","floor":6,"turns":5},{"damage":34,"enemies":"3 Sentries","floor":8,"turns":6},{"damage":38,"enemies":"Gremlin Gang","floor":13,"turns":6},{"damage":15,"enemies":"Hexaghost","floor":16,"turns":8},{"damage":0,"enemies":"Chosen","floor":18,"turns":3},{"damage":0,"enemies":"Spheric Guardian","floor":19,"turns":3},{"damage":6,"enemies":"Snake Plant","floor":21,"turns":3},{"damage":52,"enemies":"Slavers","floor":24,"turns":5},{"damage":5,"enemies":"Shelled Parasite and Fungi","floor":27,"turns":3},{"damage":0,"enemies":"Book of Stabbing","floor":28,"turns":5},{"damage":3,"enemies":"Cultist and Chosen","floor":31,"turns":6},{"damage":18,"enemies":"Champ","floor":33,"turns":8},{"damage":4,"enemies":"Orb Walker","floor":35,"turns":5},{"damage":34,"enemies":"3 Shapes","floor":39,"turns":4},{"damage":25,"enemies":"2 Orb Walkers","floor":41,"turns":6},{"damage":0,"enemies":"Giant Head","floor":42,"turns":3}],"seed_played":"-5859045468027084558","potions_obtained":[{"floor":2,"key":"ColorlessPotion"},{"floor":2,"key":"FearPotion"},{"floor":8,"key":"BottledMiracle"},{"floor":13,"key":"EntropicBrew"},{"floor":19,"key":"EntropicBrew"},{"floor":24,"key":"FearPotion"},{"floor":33,"key":"ColorlessPotion"},{"floor":35,"key":"FairyPotion"},{"floor":41,"key":"Fire Potion"}],"is_trial":false,"path_per_floor":["M","?","M","M","$","E","R","E","T","R","T","R","M","$","R","B",null,"M","M","$","M","?","R","E","R","T","M","E","?","$","M","R","B",null,"M","$","$","?","M","R","?","E"],"character_chosen":"WATCHER","items_purchased":["Lee\u0027s Waffle","Master of Strategy","Membership Card","War Paint","MentalFortress","Mango","Madness","TalkToTheHand","MentalFortress"],"campfire_rested":0,"item_purchase_floors":[5,5,20,20,30,30,30,36,37],"current_hp_per_floor":[47,47,42,14,75,75,75,41,41,41,41,41,3,3,3,60,71,71,71,71,65,65,65,13,13,13,8,8,8,22,19,19,1,67,63,63,63,63,29,29,4,4,4],"gold":176,"neow_bonus":"THREE_CARDS","is_daily":false,"chose_seed":false,"campfire_upgraded":7,"win_rate":0.0,"timestamp":1610199411,"path_taken":["M","?","?","M","$","E","R","E","T","R","?","R","M","?","R","BOSS","M","?","$","M","?","R","E","R","T","?","E","?","$","M","R","BOSS","M","?","$","?","?","R","?","E"],"items_purchased_type":["Relic","Card","Relic","Relic","Card","Relic","Card","Card","Card"],"build_version":"2020-12-22","purchased_purges":1,"victory":false,"max_hp_per_floor":[68,68,68,68,75,75,75,75,75,75,75,75,75,75,75,75,75,75,75,75,75,75,75,75,75,75,75,75,75,89,89,89,89,89,89,89,89,89,89,89,89,89,89],"relic_stats":{"Peace Pipe":0,"Darkstone Periapt":0,"Lee\u0027s Waffle":61,"Lizard Tail":0,"counters":[19,90],"Ornamental Fan":[92],"Gambling Chip":[17],"VioletLotus":[9],"Turnip":[0],"War Paint":["Vigilance","EmptyBody"],"obtain_stats":[{"Darkstone Periapt":28,"Lee\u0027s Waffle":5,"Mango":30,"TeardropLocket":37,"War Paint":20,"Bottled Tornado":24,"Peace Pipe":26,"Lizard Tail":41,"Ornamental Fan":11,"Gambling Chip":6,"WingedGreaves":5,"VioletLotus":34,"Turnip":37,"Coffee Dripper":17,"Bottled Lightning":8,"Membership Card":20,"PureWater":0,"Ring of the Serpent":37},{"Darkstone Periapt":13,"Lee\u0027s Waffle":3,"Mango":13,"TeardropLocket":16,"War Paint":9,"Bottled Tornado":11,"Peace Pipe":11,"Lizard Tail":18,"Ornamental Fan":5,"Gambling Chip":4,"WingedGreaves":3,"VioletLotus":15,"Turnip":16,"Coffee Dripper":7,"Bottled Lightning":5,"Membership Card":9,"PureWater":0,"Ring of the Serpent":16},{"Darkstone Periapt":58,"Lee\u0027s Waffle":11,"Mango":58,"TeardropLocket":77,"War Paint":42,"Bottled Tornado":50,"Peace Pipe":50,"Lizard Tail":87,"Ornamental Fan":22,"Gambling Chip":16,"WingedGreaves":11,"VioletLotus":72,"Turnip":77,"Coffee Dripper":36,"Bottled Lightning":22,"Membership Card":42,"PureWater":0,"Ring of the Serpent":77}]},"card_choices":[{"not_picked":["Prostrate","ClearTheMind"],"picked":"EmptyBody","floor":0},{"not_picked":["FlurryOfBlows","FlyingSleeves"],"picked":"MentalFortress","floor":1},{"not_picked":["Worship","ThirdEye","Evaluate"],"picked":"SKIP","floor":3},{"not_picked":["Sanctity","Consecrate"],"picked":"DeceiveReality","floor":4},{"not_picked":["Crescendo","EmptyMind"],"picked":"Wallop","floor":6},{"not_picked":["Nirvana","EmptyMind"],"picked":"BattleHymn","floor":8},{"not_picked":["Worship","Conclude","ClearTheMind"],"picked":"SKIP","floor":13},{"not_picked":["Worship","Conclude","ClearTheMind"],"picked":"SKIP","floor":13},{"not_picked":["SpiritShield","Blasphemy"],"picked":"Establishment","floor":16},{"not_picked":["FlurryOfBlows","Evaluate","CrushJoints+1"],"picked":"SKIP","floor":18},{"not_picked":["BowlingBash","CrushJoints","ForeignInfluence"],"picked":"SKIP","floor":19},{"not_picked":["Prostrate","Consecrate","EmptyMind"],"picked":"SKIP","floor":21},{"not_picked":["ClearTheMind","Meditate","Sanctity"],"picked":"SKIP","floor":24},{"not_picked":["Halt","CutThroughFate+1"],"picked":"Adaptation+1","floor":27},{"not_picked":["Wallop","EmptyBody","CutThroughFate"],"picked":"SKIP","floor":28},{"not_picked":["Protect","Evaluate","SashWhip"],"picked":"SKIP","floor":31},{"not_picked":["Omniscience","Establishment"],"picked":"DevaForm","floor":33},{"not_picked":["ThirdEye","EmptyFist"],"picked":"Collect+1","floor":35},{"not_picked":["JustLucky","ClearTheMind","Evaluate+1"],"picked":"SKIP","floor":39}],"player_experience":584780,"relics_obtained":[{"floor":6,"key":"Gambling Chip"},{"floor":8,"key":"Bottled Lightning"},{"floor":11,"key":"Ornamental Fan"},{"floor":24,"key":"Bottled Tornado"},{"floor":26,"key":"Peace Pipe"},{"floor":28,"key":"Darkstone Periapt"},{"floor":41,"key":"Lizard Tail"}],"event_choices":[{"damage_healed":0,"gold_gain":0,"player_choice":"Bought 3 Potions","damage_taken":0,"max_hp_gain":0,"max_hp_loss":0,"event_name":"The Woman in Blue","floor":2,"gold_loss":0},{"damage_healed":0,"gold_gain":0,"player_choice":"Ignored","damage_taken":0,"max_hp_gain":0,"max_hp_loss":0,"event_name":"Purifier","floor":22,"gold_loss":0},{"damage_healed":0,"gold_gain":0,"player_choice":"Bet on Murderer","damage_taken":0,"max_hp_gain":0,"max_hp_loss":0,"event_name":"The Joust","floor":29,"gold_loss":50},{"damage_healed":0,"gold_gain":0,"player_choice":"Ignored","damage_taken":0,"max_hp_gain":0,"max_hp_loss":0,"event_name":"SecretPortal","floor":38,"gold_loss":0},{"damage_healed":0,"gold_gain":0,"player_choice":"Fight","damage_taken":0,"max_hp_gain":0,"max_hp_loss":0,"event_name":"Mysterious Sphere","floor":41,"gold_loss":0}],"is_beta":false,"boss_relics":[{"not_picked":["Astrolabe","Empty Cage","Calling Bell"]},{"not_picked":["Philosopher\u0027s Stone","Fusion Hammer"],"picked":"VioletLotus"}],"items_purged_floors":[5],"is_endless":false,"potions_floor_spawned":[8,13,16,19,24,33,35,41],"killed_by":"Giant Head","ascension_level":20}}