{"host":"c97twqu0op5dg8i4","time":1610224620,"event":{"mods":["BaseMod","Minty Spire (QoL Compilation)"],"gold_per_floor":[114,75,75,94,94,94,112,145,145,145,70,95,95,95,95,225,225,240,240,65,88,88,88,129,129,129],"floor_reached":25,"playtime":1156,"items_purged":["Strike_G","Defend_G"],"score":300,"play_id":"4d1bde94-6f64-4743-beb1-2fb1ab9aacda","local_time":"20210109153700","is_ascension_mode":true,"campfire_choices":[{"data":"Flash of Steel","floor":6,"key":"SMITH"},{"data":"Backflip","floor":10,"key":"SMITH"},{"data":"Footwork","floor":13,"key":"SMITH"},{"floor":15,"key":"REST"},{"floor":23,"key":"REST"}],"circlet_count":0,"master_deck":["Strike_G","Strike_G","Defend_G","Defend_G","Defend_G","Survivor","Neutralize","Flash of Steel+1","Noxious Fumes+1","Blur","Backflip+1","Acrobatics","Bouncing Flask","Footwork+1","After Image","Corpse Explosion+1","Finisher+1","A Thousand Cuts+1","Deadly Poison","Corpse Explosion","Deflect"],"relics":["Ring of the Snake","Unceasing Top","Bottled Lightning","Meat on the Bone","Golden Idol","Astrolabe","NlothsMask","Lantern"],"acts_visited":["Exordium","TheCity"],"potions_floor_usage":[12,18,24],"damage_taken":[{"damage":2,"enemies":"Cultist","floor":1,"turns":5},{"damage":0,"enemies":"Small Slimes","floor":4,"turns":4},{"damage":0,"enemies":"2 Louse","floor":7,"turns":3},{"damage":19,"enemies":"3 Sentries","floor":8,"turns":7},{"damage":24,"enemies":"Gremlin Nob","floor":12,"turns":4},{"damage":13,"enemies":"The Guardian","floor":16,"turns":9},{"damage":11,"enemies":"3 Byrds","floor":18,"turns":3},{"damage":9,"enemies":"Shell Parasite","floor":21,"turns":6},{"damage":66,"enemies":"Gremlin Leader","floor":24,"turns":8},{"damage":23,"enemies":"Sentry and Sphere","floor":25,"turns":4}],"seed_played":"-8280337498148932004","potions_obtained":[{"floor":4,"key":"DuplicationPotion"},{"floor":7,"key":"GamblersBrew"},{"floor":16,"key":"DistilledChaos"},{"floor":18,"key":"GhostInAJar"}],"is_trial":false,"path_per_floor":["M","$","?","M","?","R","M","E","T","R","$","E","R","?","R","B",null,"M","?","$","M","?","R","E","M"],"character_chosen":"THE_SILENT","items_purchased":["Blur","Corpse Explosion"],"campfire_rested":2,"item_purchase_floors":[2,20],"current_hp_per_floor":[68,68,73,73,73,73,73,54,54,54,54,30,30,30,50,37,69,58,46,46,49,49,71,17,0,0],"gold":129,"neow_bonus":"RANDOM_COLORLESS","is_daily":false,"chose_seed":false,"campfire_upgraded":3,"win_rate":0.0,"timestamp":1610224620,"path_taken":["M","?","?","M","?","R","M","E","T","R","$","E","R","?","R","BOSS","M","?","$","M","?","R","E","?"],"items_purchased_type":["Card","Card"],"build_version":"2020-12-22","purchased_purges":2,"victory":false,"max_hp_per_floor":[70,70,75,75,75,75,75,75,75,75,75,75,75,69,69,69,69,69,74,74,74,74,74,74,74,74],"card_choices":[{"not_picked":["Blind","Finesse"],"picked":"Flash of Steel","floor":0},{"not_picked":["Cloak And Dagger","Infinite Blades"],"picked":"Noxious Fumes","floor":1},{"not_picked":["Dodge and Roll","Flying Knee"],"picked":"Backflip","floor":4},{"not_picked":["Endless Agony","Prepared"],"picked":"Acrobatics","floor":7},{"not_picked":["Backstab","Escape Plan"],"picked":"Bouncing Flask","floor":8},{"not_picked":["Masterful Stab","Blade Dance"],"picked":"Footwork","floor":12},{"not_picked":["Bullet Time","Venomology"],"picked":"After Image","floor":16},{"not_picked":["Blade Dance","Bane+1"],"picked":"Deadly Poison","floor":18},{"not_picked":["Terror","Sucker Punch+1"],"picked":"Deflect","floor":21},{"not_picked":["Concentrate","Choke+1","Prepared"],"picked":"SKIP","floor":24}],"player_experience":271062,"relics_obtained":[{"floor":8,"key":"Unceasing Top"},{"floor":9,"key":"Bottled Lightning"},{"floor":12,"key":"Meat on the Bone"},{"floor":24,"key":"Lantern"}],"event_choices":[{"damage_healed":0,"gold_gain":0,"player_choice":"Donut","damage_taken":0,"max_hp_gain":5,"max_hp_loss":0,"event_name":"Big Fish","floor":3,"gold_loss":0},{"damage_healed":0,"gold_gain":0,"player_choice":"Grow","damage_taken":0,"max_hp_gain":0,"max_hp_loss":0,"event_name":"Living Wall","floor":5,"gold_loss":0,"cards_upgraded":["Noxious Fumes"]},{"damage_healed":0,"gold_gain":0,"player_choice":"Lose Max HP","damage_taken":0,"relics_obtained":["Golden Idol"],"max_hp_gain":0,"max_hp_loss":6,"event_name":"Golden Idol","floor":14,"gold_loss":0},{"damage_healed":0,"gold_gain":0,"player_choice":"Shed Blood","damage_taken":17,"max_hp_gain":5,"max_hp_loss":0,"event_name":"Forgotten Altar","floor":19,"gold_loss":0},{"damage_healed":0,"gold_gain":0,"player_choice":"Trade","damage_taken":0,"relics_obtained":["NlothsMask"],"max_hp_gain":0,"max_hp_loss":0,"event_name":"FaceTrader","floor":22,"gold_loss":0}],"is_beta":false,"boss_relics":[{"not_picked":["Empty Cage","Ring of the Serpent"],"picked":"Astrolabe"}],"items_purged_floors":[11,20],"is_endless":false,"potions_floor_spawned":[4,7,16,18],"killed_by":"Sentry and Sphere","ascension_level":4}}