{"host":"wk46m6kgjezp23jj","time":1610233204,"event":{"mods":["AchievementEnabler","BaseMod","Beaked The Cultist","Bestiary","Colored Map","Colored Powertips","Downfall","Hermit","Minty Spire (QoL Compilation)","Replay The Spire","StSLib","The Bladedancer","The Construct","The Cursed","The Marked","The Servant 0.9.4"],"gold_per_floor":[19,19,107,121,7,34,34,34,34,109,121,131,131,150,150,254,254,254,254],"floor_reached":18,"playtime":2259,"items_purged":[],"score":160,"play_id":"0be4d621-e5e1-4321-a4de-01960aaf81c3","local_time":"20210109180004","is_ascension_mode":false,"campfire_choices":[{"floor":7.0,"key":"REST"},{"floor":13.0,"key":"REST"},{"data":"SilverBlades","floor":15.0,"key":"SMITH"}],"circlet_count":0,"master_deck":["Strike_S","Strike_S","Strike_S","Defend_S","Defend_S","Defend_S","Exchange","Desolation","Replace","Alleviate","Survivor","TheWorld","Defy","Acrobatics","SilverBlades+1","Revamp","SpecialFormula","Revamp","LightFlow","FanOfKnives","SoulSculpture"],"relics":["m_SnakeCloak","Pet Ghost","PreservedInsect","Ring of Hypnosis","Ring of Panic","Gremlin Horn","Ring of Chaos"],"acts_visited":["Exordium","TheCity"],"potions_floor_usage":[],"damage_taken":[{"damage":12.0,"enemies":"Jaw Worm","floor":1.0,"turns":5.0},{"damage":0.0,"enemies":"2 Louse","floor":4.0,"turns":4.0},{"damage":32.0,"enemies":"Gremlin Nob","floor":6.0,"turns":5.0},{"damage":0.0,"enemies":"Cultist","floor":11.0,"turns":5.0},{"damage":0.0,"enemies":"Red Slaver","floor":12.0,"turns":4.0},{"damage":0.0,"enemies":"Exordium Wildlife","floor":14.0,"turns":4.0},{"damage":14.0,"enemies":"Fading Forest","floor":16.0,"turns":11.0},{"damage":0,"enemies":"3 Byrds","floor":18,"turns":1}],"seed_played":"3264975608317880240","potions_obtained":[{"floor":4.0,"key":"Fire Potion"},{"floor":6.0,"key":"AttackPotion"},{"floor":11.0,"key":"Fire Potion"}],"is_trial":false,"path_per_floor":["M","?","?","M","$","E","R","?","T","?","M","M","R","M","R","B",null,"M"],"character_chosen":"THE_SERVANT","items_purchased":["SilverBlades","Revamp"],"campfire_rested":2,"item_purchase_floors":[5,5],"current_hp_per_floor":[53,53,53,53,53,21,40,40,40,40,45,50,65,65,65,64,65,65,65],"gold":254,"neow_bonus":"TRANSFORM_TWO_CARDS","is_daily":false,"chose_seed":false,"campfire_upgraded":1,"win_rate":0.0,"timestamp":1610233204,"path_taken":["M","?","?","?","?","E","R","?","T","?","?","M","R","M","R","BOSS","M"],"items_purchased_type":["Card","Card"],"build_version":"2020-12-22","purchased_purges":0,"victory":false,"max_hp_per_floor":[65,65,65,65,65,65,65,65,65,65,65,65,65,65,65,65,65,65,65],"card_choices":[{"not_picked":["Potential","BottledTime"],"picked":"Alleviate","floor":1.0},{"not_picked":["TimeWarp","BottledTime"],"picked":"TheWorld","floor":3.0},{"not_picked":["Unruled","Shuttle"],"picked":"Defy","floor":3.0},{"not_picked":["Barrier","Spin"],"picked":"Acrobatics","floor":4.0},{"not_picked":["Spin","Rewind"],"picked":"SpecialFormula","floor":6.0},{"not_picked":["Masterful Stab","BottledTime"],"picked":"Revamp","floor":11.0},{"not_picked":["Dagger Throw","SurpressingFire"],"picked":"LightFlow","floor":12.0},{"not_picked":["Hightail","Replace"],"picked":"FanOfKnives","floor":14.0},{"not_picked":["Solidify","Storm of Steel"],"picked":"SoulSculpture","floor":16.0}],"player_experience":18100,"relics_obtained":[{"floor":3.0,"key":"Pet Ghost"},{"floor":6.0,"key":"PreservedInsect"},{"floor":8.0,"key":"Ring of Hypnosis"},{"floor":8.0,"key":"Ring of Panic"},{"floor":9.0,"key":"Gremlin Horn"}],"event_choices":[{"damage_healed":0.0,"max_hp_gain":0.0,"max_hp_loss":0.0,"gold_gain":75.0,"event_name":"Golden Wing","player_choice":"Gained Gold","floor":10.0,"gold_loss":0.0,"damage_taken":0.0}],"is_beta":false,"boss_relics":[{"not_picked":["Honey Jar","Snecko Eye"],"picked":"Ring of Chaos"}],"items_purged_floors":[],"is_endless":false,"potions_floor_spawned":[4,6,11],"killed_by":"3 Byrds","ascension_level":0}}