{"host":"684z1xpuwaoqmmh1","time":1610205655,"event":{"mods":["BaseMod","Downfall","Hermit","Jorbs\u0027s Wanderer Trilogy","Marisa????????","Minty Spire (QoL Compilation)","StSLib","The Hierophant","The Mystic"],"gold_per_floor":[99,118,118,118,28,28,28,38,65,65,83,146,71,121,137,215,215,215,234,249,267,4,54,54,54,84,234,234,234,234,234],"floor_reached":29,"playtime":1353,"items_purged":["hexamod:Defend"],"score":505,"play_id":"ada5bafc-dae5-4376-bed6-0598bd5462f9","local_time":"20210109172055","is_ascension_mode":true,"campfire_choices":[{"data":"hexamod:Float","floor":1.0,"key":"SMITH"},{"floor":6.0,"key":"RECALL"},{"data":"hexamod:VolcanoVisage","floor":13.0,"key":"SMITH"},{"data":"hexamod:RetreatToShadows","floor":18.0,"key":"SMITH"},{"data":"hexamod:PowerFromBeyond","floor":25.0,"key":"SMITH"},{"data":"1","floor":28,"key":"LIFT"}],"circlet_count":0,"master_deck":["AscendersBane","hexamod:Strike+1","hexamod:Strike+1","hexamod:Strike+1","hexamod:Strike+1","hexamod:Defend+1","hexamod:Defend+1","hexamod:Defend+1","hexamod:Sear","hexamod:Float+1","hexamod:Hexaguard","hexamod:FirstSeal","hexamod:VolcanoVisage+1","hexamod:RetreatToShadows+1","hexamod:ThermalTransfer","hexamod:SpectersWail","hexamod:NightmareGuise","hexamod:FastForward","hexamod:VolcanoVisage+1","hexamod:HauntingEcho+1","hexamod:ShieldOfDarkness","hexamod:PowerFromBeyond+1","hexamod:FourthSeal","hexamod:RadiantFlame+1"],"relics":["hexamod:SpiritBrand","hexamod:BolsterEngine","Frozen Egg 2","Bottled Tornado","SsserpentHead","downfall:HeartBlessingRed","Philosopher\u0027s Stone","Blood Vial","Pear","Girya"],"acts_visited":["Exordium","TheCity"],"potions_floor_usage":[26,29],"damage_taken":[{"damage":2.0,"enemies":"2 Louse","floor":2.0,"turns":3.0},{"damage":0.0,"enemies":"downfall:FleeingMerchant","floor":5.0,"turns":4.0},{"damage":1.0,"enemies":"Jaw Worm","floor":8.0,"turns":3.0},{"damage":6.0,"enemies":"Gremlin Nob","floor":9.0,"turns":4.0},{"damage":0.0,"enemies":"Cultist","floor":11.0,"turns":3.0},{"damage":0.0,"enemies":"Large Slime","floor":12.0,"turns":6.0},{"damage":0.0,"enemies":"Gremlin Gang","floor":15.0,"turns":3.0},{"damage":14.0,"enemies":"downfall:Watcher","floor":16.0,"turns":9.0},{"damage":11.0,"enemies":"Shell Parasite","floor":19.0,"turns":5.0},{"damage":18.0,"enemies":"Snake Plant","floor":20.0,"turns":4.0},{"damage":5.0,"enemies":"Centurion and Healer","floor":21.0,"turns":5.0},{"damage":3.0,"enemies":"downfall:FleeingMerchant","floor":22.0,"turns":4.0},{"damage":20,"enemies":"Book of Stabbing","floor":26,"turns":7},{"damage":67,"enemies":"Gremlin Leader","floor":29,"turns":6}],"seed_played":"-2504543208622597575","potions_obtained":[{"floor":4.0,"key":"Dexterity Potion"},{"floor":4.0,"key":"Explosive Potion"},{"floor":11.0,"key":"BlessingOfTheForge"},{"floor":15.0,"key":"AttackPotion"},{"floor":16.0,"key":"ColorlessPotion"},{"floor":19.0,"key":"champ:CounterPotion"},{"floor":26,"key":"Dexterity Potion"}],"is_trial":false,"path_per_floor":["R","M","?","?","$","R","T","M","E","?","M","M","R","?","M","B",null,"R","M","M","M","$","?","T","R","E","?","R","E"],"character_chosen":"THE_SPIRIT","items_purchased":["hexamod:FourthSeal","Blood Vial"],"campfire_rested":0,"item_purchase_floors":[22,22],"current_hp_per_floor":[57,55,48,48,55,55,55,61,62,62,63,63,63,63,63,56,61,61,57,46,48,52,52,62,62,51,51,51,0,0,0],"gold":234,"neow_bonus":"RANDOM_COMMON_RELIC","is_daily":false,"chose_seed":false,"campfire_upgraded":4,"win_rate":0.0,"timestamp":1610205655,"path_taken":["R","M","?","?","$","R","T","?","E","?","M","?","R","?","M","BOSS","R","M","M","M","$","?","T","R","E","?","R","E"],"items_purchased_type":["Card","Relic"],"build_version":"2020-12-22","purchased_purges":1,"victory":false,"max_hp_per_floor":[63,63,63,63,63,63,63,63,63,63,63,63,63,63,63,63,63,63,63,63,63,63,63,73,73,73,73,73,73,73,73],"card_choices":[{"not_picked":["hexamod:NightmareGuise","hexamod:ThermalTransfer"],"picked":"hexamod:Hexaguard","floor":2.0},{"not_picked":["hexamod:BacktrackSmack","hexamod:ExtraCrispy"],"picked":"hexamod:VolcanoVisage","floor":5.0},{"not_picked":["hexamod:SpectralSpark","hexamod:SkipABeat"],"picked":"hexamod:RetreatToShadows","floor":8.0},{"not_picked":["hexamod:BacktrackSmack","hexamod:BurningTouch"],"picked":"hexamod:ThermalTransfer","floor":9.0},{"not_picked":["hexamod:RainOfEmbers","hexamod:AdvancingGuard","hexamod:SpectersWail"],"picked":"SKIP","floor":11.0},{"not_picked":["hexamod:RainOfEmbers","hexamod:AdvancingGuard"],"picked":"hexamod:SpectersWail","floor":11.0},{"not_picked":["hexamod:GhostShield","hexamod:Again"],"picked":"hexamod:NightmareGuise","floor":12.0},{"not_picked":["hexamod:NecessarySacrifice","hexamod:ThermalTransfer"],"picked":"hexamod:FastForward","floor":15.0},{"not_picked":["hexamod:GiftsFromTheDead+1","hexamod:ApocalypseNow"],"picked":"hexamod:VolcanoVisage+1","floor":16.0},{"not_picked":["hexamod:InspiringFlames","hexamod:GhostOfSpirePast+1"],"picked":"hexamod:HauntingEcho+1","floor":19.0},{"not_picked":["hexamod:SpectersWail","hexamod:GhostShield"],"picked":"hexamod:ShieldOfDarkness","floor":20.0},{"not_picked":["hexamod:RetreatToShadows","hexamod:ThermalTransfer","hexamod:Firestarter"],"picked":"SKIP","floor":21.0},{"not_picked":["hexamod:CatchUp","hexamod:GhostLash"],"picked":"hexamod:PowerFromBeyond","floor":22.0},{"not_picked":["hexamod:SoulSteal","hexamod:ShieldOfDarkness"],"picked":"hexamod:RadiantFlame+1","floor":26}],"player_experience":2438243,"relics_obtained":[{"floor":7.0,"key":"Frozen Egg 2"},{"floor":9.0,"key":"Bottled Tornado"},{"floor":24.0,"key":"Pear"},{"floor":26,"key":"Girya"}],"event_choices":[{"damage_healed":0.0,"max_hp_gain":0.0,"max_hp_loss":0.0,"gold_gain":0.0,"event_name":"Lab","player_choice":"Got Potions","floor":4.0,"gold_loss":0.0,"damage_taken":0.0},{"damage_healed":0.0,"max_hp_gain":0.0,"max_hp_loss":0.0,"gold_gain":0.0,"event_name":"FaceTrader","player_choice":"Trade","floor":10.0,"gold_loss":0.0,"damage_taken":0.0,"relics_obtained":["SsserpentHead"]},{"damage_healed":0.0,"max_hp_gain":0.0,"max_hp_loss":0.0,"gold_gain":0.0,"event_name":"Back to Basics","player_choice":"Simplicity","floor":23.0,"gold_loss":0.0,"damage_taken":0.0,"cards_upgraded":["hexamod:Strike","hexamod:Strike","hexamod:Strike","hexamod:Strike","hexamod:Defend","hexamod:Defend","hexamod:Defend"]}],"is_beta":false,"boss_relics":[{"not_picked":["Black Star","Calling Bell"],"picked":"Philosopher\u0027s Stone"}],"items_purged_floors":[5],"is_endless":false,"potions_floor_spawned":[8,11,12,15,16,19,26],"killed_by":"Gremlin Leader","ascension_level":18}}