{"host":"xje8igj95tvh9ehd","time":1610198923,"event":{"mods":["BaseMod","Colored Map","Colored Powertips","Downfall","Infinite Spire","Marisa£®ÏF”Í°°ƒß¿Ì…≥£©","Minty Spire (QoL Compilation)","Replay The Spire","StSLib","SuperFastMode","The Bug Knight","The Construct","The Runesmith","The Servant 0.9.4","[IsaacMod]“‘»ˆº‚À˛"],"gold_per_floor":[111,111,136,136,136,136,148,183,210,210,238,23,23,35,35,135,135,60,60,60],"floor_reached":19,"playtime":1145,"items_purged":["Bloodletting"],"score":207,"play_id":"70ede476-94b5-4b3b-b6c3-3b0776ddb054","local_time":"20210109212843","is_ascension_mode":false,"campfire_choices":[{"data":"Barricade","floor":6,"key":"SMITH"},{"floor":10,"key":"REST"},{"floor":15,"key":"REST"}],"circlet_count":0,"master_deck":["Strike_R+1","Strike_R+1","Defend_R","Defend_R","Defend_R","Defend_R","BettingIsNotGood","Entrench","Barricade+1","Warcry","Sentinel","Shrug It Off","expansioncontent:DashGenerateEvil","Survivor","Neutralize","Feel No Pain"],"relics":["Burning Blood","HushsDoor","KeepersGift","infinitespire:Magic Flask","Replay:Rubber Ducky","Runesmith:AutoHammer","Empty Cage"],"acts_visited":["Exordium","TheCity"],"potions_floor_usage":[16],"damage_taken":[{"damage":11,"enemies":"Jaw Worm","floor":1,"turns":2},{"damage":20,"enemies":"Small Slimes","floor":3,"turns":4},{"damage":4,"enemies":"Cultist","floor":7,"turns":5},{"damage":16,"enemies":"2 Fungi Beasts","floor":8,"turns":4},{"damage":16,"enemies":"3 Louse","floor":11,"turns":5},{"damage":0,"enemies":"Looter","floor":14,"turns":2},{"damage":6,"enemies":"The Guardian","floor":16,"turns":39},{"damage":23,"enemies":"2 Thieves","floor":18,"turns":5},{"damage":44,"enemies":"Hiden Room Battle","floor":19,"turns":5}],"seed_played":"-7682160318417107264","potions_obtained":[{"floor":1,"key":"champ:CounterPotion"},{"floor":3,"key":"Dexterity Potion"},{"floor":8,"key":"Strength Potion"}],"is_trial":false,"path_per_floor":["M","?","M","?","?","R","M","M","T","R","M","$","?","M","R","B",null,"M","?"],"character_chosen":"IRONCLAD","items_purchased":["Shrug It Off","expansioncontent:DashGenerateEvil"],"campfire_rested":2,"item_purchase_floors":[12,12],"current_hp_per_floor":[67,53,39,32,25,25,27,17,17,38,28,28,28,34,55,60,67,55,0,0],"gold":60,"neow_bonus":"ONE_RARE_RELIC","is_daily":false,"chose_seed":false,"campfire_upgraded":1,"win_rate":0.0,"timestamp":1610198923,"path_taken":["M","?","?","?","?","R","M","M","T","R","M","?","?","M","R","BOSS","M","?"],"items_purchased_type":["Card","Card"],"build_version":"2020-12-22","purchased_purges":1,"victory":false,"max_hp_per_floor":[72,72,72,72,72,72,72,72,72,72,72,72,72,72,72,72,67,67,67,67],"card_choices":[{"not_picked":[],"picked":"BettingIsNotGood","floor":0},{"not_picked":["Warcry","Run Through"],"picked":"Entrench","floor":1},{"not_picked":["Twin Strike","Clash"],"picked":"Barricade","floor":3},{"not_picked":["Twin Strike","Flex"],"picked":"Warcry","floor":7},{"not_picked":["Thunderclap","Inflame","Sword Boomerang"],"picked":"SKIP","floor":8},{"not_picked":["Flex","Clothesline"],"picked":"Sentinel","floor":11},{"not_picked":["Headbutt","Thunderclap"],"picked":"Bloodletting","floor":14},{"not_picked":["ReplayTheSpireMod:Strike From Hell","ReplayReversal"],"picked":"Feel No Pain","floor":18}],"player_experience":46408,"relics_obtained":[{"floor":9,"key":"Runesmith:AutoHammer"}],"event_choices":[{"damage_healed":0,"gold_gain":0,"player_choice":"Entered Light","damage_taken":14,"max_hp_gain":0,"max_hp_loss":0,"event_name":"Shining Light","floor":2,"gold_loss":0,"cards_upgraded":["Strike_R","Strike_R"]},{"damage_healed":0,"gold_gain":0,"player_choice":"Success","damage_taken":7,"relics_obtained":["Replay:Rubber Ducky"],"max_hp_gain":0,"max_hp_loss":0,"event_name":"Scrap Ooze","floor":4,"gold_loss":0},{"cards_removed":["Strike_R"],"damage_healed":0,"gold_gain":0,"player_choice":"Card Removal","damage_taken":7,"max_hp_gain":0,"max_hp_loss":0,"event_name":"Golden Wing","floor":5,"gold_loss":0},{"damage_healed":0,"gold_gain":0,"player_choice":"Fight","damage_taken":0,"max_hp_gain":0,"max_hp_loss":0,"event_name":"HidenRoomEvent","floor":19,"gold_loss":0}],"is_beta":false,"boss_relics":[{"not_picked":["Replay:Ancient Bell","Cursed Key"],"picked":"Empty Cage"},{"not_picked":[]}],"items_purged_floors":[17],"is_endless":false,"potions_floor_spawned":[1,3,8],"killed_by":"Hiden Room Battle","ascension_level":0}}