{"host":"3y2rtlgteqp2nuo3","time":1610193090,"event":{"mods":["2.2 Compatiblity","AchievementEnabler","BaseMod","Colored Map","DeckTracker","Highlight Path","Keyboard Shortcuts","Minty Spire (QoL Compilation)","Permanent Neow","Quick Restart","StSLib","SuperFastMode","everything is the same but u backflip on backflip"],"gold_per_floor":[109,124,141,141,141,141,141,141,141,166,181,193,203,82,82,158,158,168,54,65,84,99,99,129,142,190,190,219,219,219,232,232,308,308,321,46,46,46,0,0,10,10,33,50,14,46,62,62,62,62,62],"floor_reached":50,"playtime":1183,"items_purged":["Strike_B","Strike_B"],"score":1027,"play_id":"2b5e5d4d-2015-4041-af5a-25137a8524a8","local_time":"20210109205130","is_ascension_mode":true,"campfire_choices":[{"data":"Darkness","floor":7.0,"key":"SMITH"},{"data":"Darkness","floor":15.0,"key":"SMITH"},{"data":"Darkness","floor":23.0,"key":"SMITH"},{"floor":29.0,"key":"REST"},{"floor":32.0,"key":"REST"},{"data":"Redo","floor":40,"key":"SMITH"},{"data":"Coolheaded","floor":42,"key":"SMITH"},{"floor":49,"key":"REST"}],"circlet_count":0,"master_deck":["AscendersBane","Defend_B","Defend_B","Defend_B+1","Dualcast+1","Darkness+1","Compile Driver","Coolheaded+1","Ball Lightning+1","Redo+1","Sweeping Beam","Darkness+1","Darkness+1","Biased Cognition","Turbo","Defragment","FTL+1","Steam","Electrodynamics","BootSequence","Auto Shields+1","Leap+1","Hologram","Leap+1","Turbo+1"],"relics":["Cracked Core","The Courier","War Paint","Meat on the Bone","MealTicket","SlaversCollar","OrangePellets","Matryoshka","Bronze Scales","Nunchaku","Potion Belt","Sozu","Eternal Feather","Red Mask","Whetstone","PreservedInsect","Toxic Egg 2","Mercury Hourglass"],"acts_visited":["Exordium","TheCity","TheBeyond"],"potions_floor_usage":[],"damage_taken":[{"damage":1.0,"enemies":"Cultist","floor":1.0,"turns":4.0},{"damage":0.0,"enemies":"Small Slimes","floor":2.0,"turns":2.0},{"damage":0.0,"enemies":"2 Louse","floor":3.0,"turns":1.0},{"damage":15.0,"enemies":"3 Sentries","floor":10.0,"turns":7.0},{"damage":3.0,"enemies":"Large Slime","floor":11.0,"turns":5.0},{"damage":5.0,"enemies":"Gremlin Gang","floor":12.0,"turns":3.0},{"damage":1.0,"enemies":"Looter","floor":13.0,"turns":3.0},{"damage":0.0,"enemies":"Slime Boss","floor":16.0,"turns":5.0},{"damage":19.0,"enemies":"3 Byrds","floor":18.0,"turns":3.0},{"damage":0.0,"enemies":"Spheric Guardian","floor":20.0,"turns":2.0},{"damage":6.0,"enemies":"Snake Plant","floor":21.0,"turns":3.0},{"damage":27.0,"enemies":"Shelled Parasite and Fungi","floor":22.0,"turns":4.0},{"damage":13.0,"enemies":"Gremlin Leader","floor":24.0,"turns":4.0},{"damage":7.0,"enemies":"Snecko","floor":25.0,"turns":3.0},{"damage":8.0,"enemies":"Book of Stabbing","floor":28.0,"turns":4.0},{"damage":8.0,"enemies":"Snake Plant","floor":31.0,"turns":3.0},{"damage":57.0,"enemies":"Automaton","floor":33.0,"turns":9.0},{"damage":18.0,"enemies":"Orb Walker","floor":35.0,"turns":4.0},{"damage":19,"enemies":"3 Darklings","floor":41,"turns":5},{"damage":0,"enemies":"Jaw Worm Horde","floor":44,"turns":2},{"damage":60,"enemies":"Giant Head","floor":46,"turns":8},{"damage":15,"enemies":"4 Shapes","floor":47,"turns":5},{"damage":56,"enemies":"Time Eater","floor":50,"turns":7}],"seed_played":"-2901080405884103636","potions_obtained":[{"floor":1.0,"key":"SneckoOil"},{"floor":12.0,"key":"Ancient Potion"},{"floor":13.0,"key":"Swift Potion"},{"floor":18.0,"key":"DistilledChaos"},{"floor":25.0,"key":"Weak Potion"}],"is_trial":false,"path_per_floor":["M","M","M","?","?","?","R","?","T","E","M","M","M","$","R","B",null,"M","$","M","M","M","R","E","M","T","?","E","R","?","M","R","B",null,"M","$","?","?","?","R","M","R","T","M","$","E","M","T","R","B"],"character_chosen":"DEFECT","items_purchased":["Darkness","OrangePellets","Eternal Feather","Hologram"],"campfire_rested":3,"item_purchase_floors":[14,19,36,45],"current_hp_per_floor":[63,63,63,58,58,51,51,51,51,36,45,40,39,54,54,54,67,48,63,63,57,42,42,41,46,46,46,38,59,59,51,71,26,60,42,57,57,57,57,69,50,62,62,62,71,23,20,20,56,0,0],"gold":62,"neow_bonus":"THREE_CARDS","is_daily":false,"chose_seed":false,"campfire_upgraded":5,"win_rate":0.0,"timestamp":1610193090,"path_taken":["M","M","M","?","?","?","R","?","T","E","M","M","?","$","R","BOSS","M","$","M","M","M","R","E","M","T","?","E","R","?","?","R","BOSS","M","$","?","?","?","R","M","R","T","M","?","E","M","?","R","BOSS"],"items_purchased_type":["Card","Relic","Relic","Card"],"build_version":"2020-12-22","purchased_purges":2,"victory":false,"max_hp_per_floor":[71,71,71,71,71,71,71,71,71,71,71,71,71,71,71,71,71,71,71,71,71,71,71,71,71,71,71,71,71,71,71,71,71,71,71,71,71,71,71,71,71,71,71,71,71,71,71,71,71,71,71],"card_choices":[{"not_picked":["Rebound","Beam Cell"],"picked":"Darkness","floor":0.0},{"not_picked":["Fusion","Hello World"],"picked":"Compile Driver","floor":1.0},{"not_picked":["Beam Cell","Streamline"],"picked":"Coolheaded","floor":2.0},{"not_picked":["Genetic Algorithm","Chill"],"picked":"Ball Lightning","floor":3.0},{"not_picked":["Conserve Battery","Leap"],"picked":"Redo","floor":10.0},{"not_picked":["Steam","Consume"],"picked":"Sweeping Beam","floor":11.0},{"not_picked":["Hologram","Cold Snap","Go for the Eyes"],"picked":"SKIP","floor":12.0},{"not_picked":["Aggregate","Beam Cell"],"picked":"Darkness","floor":13.0},{"not_picked":["Buffer","Thunder Strike"],"picked":"Biased Cognition","floor":16.0},{"not_picked":["Gash","Go for the Eyes"],"picked":"Turbo","floor":18.0},{"not_picked":["Rip and Tear","Sweeping Beam"],"picked":"Defragment","floor":20.0},{"not_picked":["Rebound","Streamline"],"picked":"FTL","floor":21.0},{"not_picked":["Compile Driver+1","Gash"],"picked":"Steam","floor":22.0},{"not_picked":["Aggregate","Streamline","Coolheaded"],"picked":"SKIP","floor":24.0},{"not_picked":["Cold Snap","White Noise"],"picked":"Electrodynamics","floor":25.0},{"not_picked":["Skim","FTL"],"picked":"BootSequence","floor":28.0},{"not_picked":["Turbo","Coolheaded"],"picked":"Auto Shields+1","floor":31.0},{"not_picked":["Creative AI","Electrodynamics"],"picked":"Core Surge","floor":33.0},{"not_picked":["Cold Snap","Coolheaded","Sweeping Beam"],"picked":"SKIP","floor":35.0},{"not_picked":["Barrage+1","Beam Cell+1","Rebound"],"picked":"SKIP","floor":41},{"not_picked":["Beam Cell","Thunder Strike","Leap+1"],"picked":"SKIP","floor":44},{"not_picked":["Beam Cell","Thunder Strike"],"picked":"Leap+1","floor":44},{"not_picked":["Ball Lightning","Doom and Gloom"],"picked":"Leap+1","floor":46},{"not_picked":["Heatsinks","Capacitor"],"picked":"Turbo+1","floor":47}],"player_experience":650171,"relics_obtained":[{"floor":9.0,"key":"Meat on the Bone"},{"floor":10.0,"key":"MealTicket"},{"floor":24.0,"key":"Matryoshka"},{"floor":26.0,"key":"Bronze Scales"},{"floor":26.0,"key":"Nunchaku"},{"floor":28.0,"key":"Potion Belt"},{"floor":43,"key":"Whetstone"},{"floor":43,"key":"PreservedInsect"},{"floor":46,"key":"Toxic Egg 2"},{"floor":48,"key":"Mercury Hourglass"}],"event_choices":[{"damage_healed":0.0,"max_hp_gain":0.0,"max_hp_loss":0.0,"gold_gain":0.0,"event_name":"Scrap Ooze","player_choice":"Success","floor":4.0,"gold_loss":0.0,"damage_taken":5.0,"relics_obtained":["The Courier"]},{"damage_healed":0.0,"max_hp_gain":0.0,"max_hp_loss":0.0,"gold_gain":0.0,"event_name":"Shining Light","player_choice":"Ignored","floor":5.0,"gold_loss":0.0,"damage_taken":0.0},{"cards_removed":["Strike_B"],"damage_healed":0.0,"max_hp_gain":0.0,"max_hp_loss":0.0,"gold_gain":0.0,"event_name":"Golden Wing","player_choice":"Card Removal","floor":6.0,"gold_loss":0.0,"damage_taken":7.0},{"damage_healed":0.0,"max_hp_gain":0.0,"max_hp_loss":0.0,"gold_gain":0.0,"event_name":"WeMeetAgain","player_choice":"Gave Potion","floor":8.0,"gold_loss":0.0,"damage_taken":0.0,"relics_obtained":["War Paint"]},{"cards_removed":["Strike_B"],"damage_healed":0.0,"max_hp_gain":0.0,"max_hp_loss":0.0,"gold_gain":0.0,"event_name":"Back to Basics","player_choice":"Elegance","floor":27.0,"gold_loss":0.0,"damage_taken":0.0},{"cards_removed":["Zap"],"damage_healed":0.0,"max_hp_gain":0.0,"max_hp_loss":0.0,"gold_gain":0.0,"event_name":"Bonfire Elementals","player_choice":"Offered Basic","floor":30.0,"gold_loss":0.0,"damage_taken":0.0},{"damage_healed":0,"gold_gain":0,"player_choice":"Ignored","damage_taken":0,"max_hp_gain":0,"max_hp_loss":0,"event_name":"Mysterious Sphere","floor":37,"gold_loss":0},{"cards_removed":["Defend_B"],"damage_healed":0,"gold_gain":0,"player_choice":"Removed Skill","damage_taken":0,"max_hp_gain":0,"max_hp_loss":0,"event_name":"Falling","floor":38,"gold_loss":0},{"damage_healed":0,"gold_gain":0,"player_choice":"Paid","damage_taken":0,"relics_obtained":["Red Mask"],"max_hp_gain":0,"max_hp_loss":0,"event_name":"Tomb of Lord Red Mask","floor":39,"gold_loss":46}],"is_beta":false,"boss_relics":[{"not_picked":["SacredBark","Nuclear Battery"],"picked":"SlaversCollar"},{"not_picked":["Tiny House","Black Star"],"picked":"Sozu"}],"items_purged_floors":[14,36],"is_endless":false,"potions_floor_spawned":[1,12,13,16,18,22,25,41,47],"killed_by":"Time Eater","ascension_level":15}}