{"host":"rolltorest","time":1610174569,"event":{"mods":["BaseMod","Minty Spire (QoL Compilation)","Relic Stats","Robot Space Explorer","Slay the Relics Exporter","StSLib"],"gold_per_floor":[19,19,19,30,45,45,79,79,79,98,55,86,236,216,216,292,292,305,255,269,285,285,285,320,10,56,56,56,56,56],"floor_reached":29,"playtime":14122,"items_purged":["Doubt"],"score":568,"play_id":"6dbdda34-5d5d-4799-9a08-1d5e7f469386","local_time":"20210108224249","is_ascension_mode":true,"campfire_choices":[{"data":"RobotSpaceExplorer:MetalStrike","floor":6,"key":"SMITH"},{"data":"RobotSpaceExplorer:BigMissile","floor":8,"key":"SMITH"},{"data":"RobotSpaceExplorer:DoubleBlock","floor":15,"key":"SMITH"},{"data":"RobotSpaceExplorer:Pulsar","floor":23,"key":"SMITH"},{"data":"RobotSpaceExplorer:Scan","floor":28,"key":"SMITH"}],"circlet_count":0,"master_deck":["AscendersBane","RobotSpaceExplorer:Strike","RobotSpaceExplorer:Strike","RobotSpaceExplorer:Strike","RobotSpaceExplorer:Strike","RobotSpaceExplorer:Defend","RobotSpaceExplorer:Defend","RobotSpaceExplorer:Defend","RobotSpaceExplorer:Defend","RobotSpaceExplorer:Scan+1","RobotSpaceExplorer:MiniLasers","RobotSpaceExplorer:DroneSwarm+1","RobotSpaceExplorer:ShovelStrike","RobotSpaceExplorer:StunGrenade","RobotSpaceExplorer:MetalStrike+1","RobotSpaceExplorer:BigMissile+1","RobotSpaceExplorer:Pulsar+1","RobotSpaceExplorer:DoubleBlock+1","RobotSpaceExplorer:SurgingShield","RobotSpaceExplorer:HighVoltage+1","RobotSpaceExplorer:FranticSearch+1","RobotSpaceExplorer:MiniDrones+1","RitualDagger+1","RobotSpaceExplorer:DoubleBlock+1","Injury"],"relics":["RobotSpaceExplorer:TurboCore","InkBottle","Blue Candle","Molten Egg 2","MawBank","Nunchaku","Pen Nib"],"acts_visited":["Exordium","TheCity"],"potions_floor_usage":[16,29],"damage_taken":[{"damage":2,"enemies":"Jaw Worm","floor":1,"turns":6},{"damage":4,"enemies":"Small Slimes","floor":4,"turns":4},{"damage":6,"enemies":"2 Louse","floor":5,"turns":3},{"damage":9,"enemies":"3 Sentries","floor":7,"turns":5},{"damage":8,"enemies":"Red Slaver","floor":10,"turns":3},{"damage":11,"enemies":"Lagavulin","floor":12,"turns":8},{"damage":1,"enemies":"The Guardian","floor":16,"turns":14},{"damage":0,"enemies":"Spheric Guardian","floor":18,"turns":3},{"damage":4,"enemies":"Chosen","floor":20,"turns":6},{"damage":4,"enemies":"Sentry and Sphere","floor":21,"turns":3},{"damage":52,"enemies":"Slavers","floor":24,"turns":5},{"damage":15,"enemies":"Centurion and Healer","floor":29,"turns":2}],"seed_played":"-8067584800384941454","potions_obtained":[{"floor":4,"key":"AttackPotion"},{"floor":12,"key":"FairyPotion"},{"floor":18,"key":"Strength Potion"},{"floor":21,"key":"CultistPotion"}],"is_trial":false,"path_per_floor":["M","?","?","M","M","R","E","R","T","M","$","E","?","?","R","B",null,"M","?","M","M","?","R","E","$","T","?","R","M"],"character_chosen":"RobotSpaceExplorer","items_purchased":["RobotSpaceExplorer:DoubleBlock","Nunchaku","DistilledChaos"],"campfire_rested":0,"item_purchase_floors":[11,25,25],"current_hp_per_floor":[62,62,67,63,57,57,48,48,48,40,40,29,29,29,29,28,64,64,64,60,56,50,50,22,22,22,22,22,7,7],"gold":56,"neow_bonus":"THREE_RARE_CARDS","is_daily":false,"chose_seed":false,"campfire_upgraded":5,"win_rate":0.0,"timestamp":1610174569,"path_taken":["M","?","?","M","M","R","E","R","T","M","$","E","?","?","R","BOSS","M","?","?","M","?","R","E","$","T","?","R","M"],"items_purchased_type":["Card","Relic","Potion"],"build_version":"2020-12-18","purchased_purges":1,"victory":false,"max_hp_per_floor":[71,71,76,76,76,76,76,76,76,76,76,76,76,76,76,76,76,76,76,76,76,76,76,76,76,76,76,76,76,76],"relic_stats":{"Nunchaku":[0],"counters":[12,62],"Blue Candle":[6],"Pen Nib":[0],"MawBank":12,"obtain_stats":[{"Nunchaku":25,"Blue Candle":9,"RobotSpaceExplorer:RoboCore":0,"Molten Egg 2":12,"Pen Nib":26,"MawBank":24,"InkBottle":7,"RobotSpaceExplorer:TurboCore":17},{"Nunchaku":11,"Blue Candle":4,"RobotSpaceExplorer:RoboCore":0,"Molten Egg 2":6,"Pen Nib":11,"MawBank":11,"InkBottle":4,"RobotSpaceExplorer:TurboCore":7},{"Nunchaku":60,"Blue Candle":18,"RobotSpaceExplorer:RoboCore":0,"Molten Egg 2":29,"Pen Nib":60,"MawBank":60,"InkBottle":18,"RobotSpaceExplorer:TurboCore":43}],"InkBottle":[11]},"card_choices":[{"not_picked":["RobotSpaceExplorer:Wormhole","RobotSpaceExplorer:Autoloader"],"picked":"RobotSpaceExplorer:DroneSwarm","floor":0},{"not_picked":["RobotSpaceExplorer:Electroshield","RobotSpaceExplorer:ShockKick"],"picked":"RobotSpaceExplorer:ShovelStrike","floor":1},{"not_picked":["RobotSpaceExplorer:Pulsar","RobotSpaceExplorer:SurgingShield"],"picked":"RobotSpaceExplorer:StunGrenade","floor":4},{"not_picked":["RobotSpaceExplorer:Discharger","RobotSpaceExplorer:Pulsar"],"picked":"RobotSpaceExplorer:MetalStrike","floor":5},{"not_picked":["RobotSpaceExplorer:StarDust","RobotSpaceExplorer:Ammunition"],"picked":"RobotSpaceExplorer:BigMissile","floor":7},{"not_picked":["RobotSpaceExplorer:Counterblock","RobotSpaceExplorer:ToxicBomb"],"picked":"RobotSpaceExplorer:Pulsar","floor":10},{"not_picked":["RobotSpaceExplorer:SelfCleaning","RobotSpaceExplorer:StunGrenade+1"],"picked":"RobotSpaceExplorer:SurgingShield","floor":12},{"not_picked":["RobotSpaceExplorer:ChargingLaser+1","RobotSpaceExplorer:Exploration"],"picked":"RobotSpaceExplorer:HighVoltage+1","floor":16},{"not_picked":["RobotSpaceExplorer:Smokescreen","RobotSpaceExplorer:Pulsar","RobotSpaceExplorer:SurgingShield"],"picked":"SKIP","floor":18},{"not_picked":["RobotSpaceExplorer:Ammunition","RobotSpaceExplorer:ShovelStrike+1"],"picked":"RobotSpaceExplorer:FranticSearch+1","floor":20},{"not_picked":["RobotSpaceExplorer:SurgingShield","RobotSpaceExplorer:IronShell+1"],"picked":"RobotSpaceExplorer:MiniDrones+1","floor":21},{"not_picked":["RobotSpaceExplorer:Reload","RobotSpaceExplorer:SurgingStrike+1"],"picked":"RobotSpaceExplorer:DoubleBlock+1","floor":24}],"player_experience":1795208,"relics_obtained":[{"floor":7,"key":"InkBottle"},{"floor":9,"key":"Blue Candle"},{"floor":12,"key":"Molten Egg 2"},{"floor":24,"key":"MawBank"},{"floor":26,"key":"Pen Nib"}],"event_choices":[{"damage_healed":0,"gold_gain":0,"player_choice":"Grow","damage_taken":0,"max_hp_gain":0,"max_hp_loss":0,"event_name":"Living Wall","floor":2,"gold_loss":0,"cards_upgraded":["RobotSpaceExplorer:DroneSwarm"]},{"damage_healed":0,"gold_gain":0,"player_choice":"Donut","damage_taken":0,"max_hp_gain":5,"max_hp_loss":0,"event_name":"Big Fish","floor":3,"gold_loss":0},{"damage_healed":0,"gold_gain":150,"player_choice":"AGREE","damage_taken":0,"max_hp_gain":0,"max_hp_loss":0,"event_name":"Liars Game","floor":13,"gold_loss":0,"cards_obtained":["Doubt"]},{"damage_healed":0,"gold_gain":0,"player_choice":"Bought 1 Potion","damage_taken":0,"max_hp_gain":0,"max_hp_loss":0,"event_name":"The Woman in Blue","floor":14,"gold_loss":0},{"damage_healed":0,"gold_gain":0,"player_choice":"Bet on Murderer","damage_taken":0,"max_hp_gain":0,"max_hp_loss":0,"event_name":"The Joust","floor":19,"gold_loss":50},{"damage_healed":0,"gold_gain":0,"player_choice":"Joined the Cult","damage_taken":6,"max_hp_gain":0,"max_hp_loss":0,"event_name":"Nest","floor":22,"gold_loss":0,"cards_obtained":["RitualDagger"]},{"damage_healed":0,"gold_gain":0,"player_choice":"1 cards matched","damage_taken":0,"max_hp_gain":0,"max_hp_loss":0,"event_name":"Match and Keep!","floor":27,"gold_loss":0,"cards_obtained":["Injury"]}],"is_beta":true,"boss_relics":[{"not_picked":["Sozu","RobotSpaceExplorer:Reprocessor"],"picked":"RobotSpaceExplorer:TurboCore"}],"items_purged_floors":[25],"is_endless":false,"potions_floor_spawned":[4,12,18,21],"killed_by":"Centurion and Healer","ascension_level":18}}