{"host":"dw8ij7emqco3quom","time":1610221919,"event":{"mods":["BaseMod","Minty Spire (QoL Compilation)"],"gold_per_floor":[115,215,233,233,40,40,69,69,69,85,97,97,109,109,109,204,254,254,265,283,283,243,243,91,108,108,127,140,39,366,281,281,379,379,394,72,87,107,120,120,130,130,156,156,156,206,219,238,238,238,238],"floor_reached":50,"playtime":8869,"items_purged":[],"score":541,"play_id":"9d4e0b8f-6f2a-4b18-89ab-620a00dacedd","local_time":"20210109205159","is_ascension_mode":false,"campfire_choices":[{"data":"Perseverance","floor":6,"key":"SMITH"},{"data":"Crescendo","floor":8,"key":"SMITH"},{"data":"Wallop","floor":12,"key":"SMITH"},{"data":"Establishment","floor":15,"key":"SMITH"},{"data":"Ragnarok","floor":23,"key":"SMITH"},{"floor":32,"key":"REST"},{"floor":40,"key":"REST"},{"floor":42,"key":"REST"},{"floor":44,"key":"REST"},{"floor":49,"key":"REST"}],"circlet_count":0,"master_deck":["Strike_P","Strike_P","Strike_P","Defend_P+1","Defend_P+1","Eruption+1","Vigilance+1","ClearTheMind","Perseverance+1","CarveReality","LikeWater+1","Crescendo+1","ReachHeaven+1","Establishment+1","Wallop+1","Prostrate","Judgement","WindmillStrike","CarveReality","FlurryOfBlows","Ragnarok+1","WindmillStrike+1","ClearTheMind+1","SandsOfTime+1","FlurryOfBlows","Indignation","Consecrate+1","Blasphemy+1","JustLucky+1","BattleHymn","ReachHeaven","FollowUp","DeceiveReality+1","FlyingSleeves","FlurryOfBlows+1","MentalFortress+1"],"relics":["PureWater","War Paint","Thread and Needle","Tiny House","Nunchaku","Ice Cream","Old Coin","Toxic Egg 2","VioletLotus","Blood Vial","Toy Ornithopter","Bird Faced Urn"],"acts_visited":["Exordium","TheCity","TheBeyond"],"potions_floor_usage":[18,19,27,28,33,37,48,50,50,50],"damage_taken":[{"damage":1,"enemies":"Jaw Worm","floor":1,"turns":3},{"damage":0,"enemies":"Cultist","floor":3,"turns":4},{"damage":12,"enemies":"3 Sentries","floor":7,"turns":7},{"damage":0,"enemies":"2 Louse","floor":10,"turns":3},{"damage":0,"enemies":"Lots of Slimes","floor":11,"turns":4},{"damage":0,"enemies":"Blue Slaver","floor":13,"turns":1},{"damage":14,"enemies":"The Guardian","floor":16,"turns":12},{"damage":0,"enemies":"Shell Parasite","floor":18,"turns":2},{"damage":13,"enemies":"2 Thieves","floor":19,"turns":3},{"damage":0,"enemies":"Sentry and Sphere","floor":20,"turns":4},{"damage":0,"enemies":"Chosen and Byrds","floor":25,"turns":6},{"damage":6,"enemies":"Shelled Parasite and Fungi","floor":27,"turns":3},{"damage":10,"enemies":"Snake Plant","floor":28,"turns":3},{"damage":15,"enemies":"Gremlin Leader","floor":30,"turns":4},{"damage":8,"enemies":"Collector","floor":33,"turns":6},{"damage":45,"enemies":"3 Darklings","floor":35,"turns":4},{"damage":2,"enemies":"Orb Walker","floor":37,"turns":3},{"damage":21,"enemies":"Maw","floor":38,"turns":7},{"damage":1,"enemies":"Sphere and 2 Shapes","floor":39,"turns":2},{"damage":30,"enemies":"Spire Growth","floor":41,"turns":4},{"damage":0,"enemies":"Mind Bloom Boss Battle","floor":46,"turns":2},{"damage":6,"enemies":"Maw","floor":47,"turns":6},{"damage":39,"enemies":"Transient","floor":48,"turns":5},{"damage":100073,"enemies":"Awakened One","floor":50,"turns":6}],"seed_played":"4979875192792217683","potions_obtained":[{"floor":7,"key":"LiquidMemories"},{"floor":10,"key":"Swift Potion"},{"floor":13,"key":"SmokeBomb"},{"floor":16,"key":"BlessingOfTheForge"},{"floor":20,"key":"Ambrosia"},{"floor":25,"key":"Fire Potion"},{"floor":27,"key":"FearPotion"},{"floor":39,"key":"Fire Potion"},{"floor":41,"key":"SteroidPotion"},{"floor":46,"key":"PowerPotion"},{"floor":48,"key":"StancePotion"}],"is_trial":false,"path_per_floor":["M","?","M","?","$","R","E","R","T","M","M","R","M","$","R","B",null,"M","M","M","?","?","R","$","M","T","M","M","$","E","?","R","B",null,"M","$","M","M","M","R","M","R","T","R","?","?","M","M","R","B"],"character_chosen":"WATCHER","items_purchased":["CarveReality","LikeWater","Crescendo","Nunchaku","FlurryOfBlows","Indignation","BattleHymn","ReachHeaven","FollowUp","Blood Vial"],"campfire_rested":5,"item_purchase_floors":[5,5,5,24,29,29,36,36,36,36],"current_hp_per_floor":[71,71,71,71,71,71,59,59,59,59,59,59,59,59,59,45,77,77,64,64,64,64,64,64,64,64,58,48,48,33,33,56,48,77,32,32,32,13,14,37,9,32,32,55,55,57,57,29,52,0,0],"gold":238,"neow_bonus":"UPGRADE_CARD","is_daily":false,"chose_seed":false,"campfire_upgraded":5,"win_rate":0.0,"timestamp":1610221919,"path_taken":["M","?","?","?","$","R","E","R","T","M","M","R","?","$","R","BOSS","M","M","M","?","?","R","$","?","T","M","?","$","E","?","R","BOSS","M","$","M","M","M","R","M","R","T","R","?","?","M","M","R","BOSS"],"items_purchased_type":["Card","Card","Card","Relic","Card","Card","Card","Card","Card","Relic"],"build_version":"2020-12-22","purchased_purges":0,"victory":false,"max_hp_per_floor":[72,72,72,72,72,72,72,72,72,72,72,72,72,72,72,72,77,77,77,77,77,77,77,77,77,77,77,77,77,77,77,77,77,77,77,77,77,77,77,77,77,77,77,77,77,77,77,77,77,77,77],"card_choices":[{"not_picked":["Halt","Crescendo"],"picked":"ClearTheMind","floor":1},{"not_picked":["Protect","FlurryOfBlows"],"picked":"Perseverance","floor":3},{"not_picked":["WaveOfTheHand","Indignation"],"picked":"ReachHeaven","floor":7},{"not_picked":["Crescendo","Protect"],"picked":"Establishment","floor":10},{"not_picked":["Tantrum","Protect"],"picked":"Wallop","floor":11},{"not_picked":["Crescendo","PathToVictory"],"picked":"Prostrate","floor":13},{"not_picked":["Ragnarok","SpiritShield"],"picked":"Judgement","floor":16},{"not_picked":["Wallop","JustLucky"],"picked":"WindmillStrike","floor":17},{"not_picked":["Evaluate","CutThroughFate"],"picked":"CarveReality","floor":19},{"not_picked":["FearNoEvil","CrushJoints"],"picked":"FlurryOfBlows","floor":20},{"not_picked":["EmptyBody","EmptyFist+1"],"picked":"WindmillStrike+1","floor":25},{"not_picked":["WindmillStrike","PathToVictory"],"picked":"ClearTheMind+1","floor":27},{"not_picked":["Halt","Evaluate"],"picked":"SandsOfTime+1","floor":28},{"not_picked":["Halt","Brilliance"],"picked":"Consecrate+1","floor":30},{"not_picked":["Wish+1","LessonLearned"],"picked":"Blasphemy+1","floor":33},{"not_picked":["ThirdEye+1","WaveOfTheHand+1"],"picked":"JustLucky+1","floor":35},{"not_picked":["WindmillStrike","JustLucky"],"picked":"DeceiveReality+1","floor":37},{"not_picked":["Evaluate+1","ForeignInfluence+1"],"picked":"FlyingSleeves","floor":38},{"not_picked":["Fasting2","ThirdEye+1","WreathOfFlame+1"],"picked":"SKIP","floor":39},{"not_picked":["Wireheading+1","SashWhip"],"picked":"FlurryOfBlows+1","floor":41},{"not_picked":["FlyingSleeves","SashWhip+1"],"picked":"MentalFortress+1","floor":46},{"not_picked":["Collect+1","CrushJoints+1","PathToVictory+1"],"picked":"SKIP","floor":47},{"not_picked":["FollowUp+1","ForeignInfluence+1","Wireheading"],"picked":"SKIP","floor":48}],"player_experience":632078,"relics_obtained":[{"floor":7,"key":"War Paint"},{"floor":9,"key":"Thread and Needle"},{"floor":26,"key":"Ice Cream"},{"floor":30,"key":"Old Coin"},{"floor":43,"key":"Toy Ornithopter"},{"floor":46,"key":"Bird Faced Urn"}],"event_choices":[{"damage_healed":0,"gold_gain":100,"player_choice":"Pray","damage_taken":0,"max_hp_gain":0,"max_hp_loss":0,"event_name":"Golden Shrine","floor":2,"gold_loss":0},{"cards_removed":["Defend_P"],"damage_healed":0,"gold_gain":0,"player_choice":"Purged","damage_taken":0,"max_hp_gain":0,"max_hp_loss":0,"event_name":"Purifier","floor":4,"gold_loss":0},{"damage_healed":0,"gold_gain":0,"cards_transformed":["Strike_P","Defend_P"],"player_choice":"Became Test Subject","damage_taken":0,"max_hp_gain":0,"max_hp_loss":0,"event_name":"Drug Dealer","floor":21,"gold_loss":0,"cards_obtained":["Ragnarok","Adaptation"]},{"damage_healed":0,"gold_gain":0,"player_choice":"Upgraded Two","damage_taken":0,"max_hp_gain":0,"max_hp_loss":0,"event_name":"Designer","floor":22,"gold_loss":40,"cards_upgraded":["ReachHeaven","LikeWater"]},{"damage_healed":0,"gold_gain":0,"player_choice":"Obtained Relic","damage_taken":0,"relics_obtained":["Toxic Egg 2"],"max_hp_gain":0,"max_hp_loss":0,"event_name":"Addict","floor":31,"gold_loss":85},{"cards_removed":["Adaptation"],"damage_healed":0,"gold_gain":0,"player_choice":"Removed Power","damage_taken":0,"max_hp_gain":0,"max_hp_loss":0,"event_name":"Falling","floor":45,"gold_loss":0},{"damage_healed":0,"gold_gain":0,"player_choice":"Fight","damage_taken":0,"max_hp_gain":0,"max_hp_loss":0,"event_name":"MindBloom","floor":46,"gold_loss":0}],"is_beta":false,"boss_relics":[{"not_picked":["Ectoplasm","Fusion Hammer"],"picked":"Tiny House"},{"not_picked":["Black Star","Runic Pyramid"],"picked":"VioletLotus"}],"items_purged_floors":[],"is_endless":false,"potions_floor_spawned":[7,10,13,16,20,25,27,39,41,46,48],"killed_by":"Awakened One","ascension_level":0}}