{"host":"vjza61176pkzgzt7","time":1610228229,"event":{"mods":["BaseMod","Better Third Choice","Minty Spire (QoL Compilation)","StSLib","The Forsaken","The Senshi"],"gold_per_floor":[118,118,68,87,87,87,105,105,183,197,214,214,244,0,0,97,97,86,97,115,115,125,125,2,2,78,78,110,110,29,29,29,132,132,142,153,167,186,186,186,204,204,204,204,218,237,0,0,0,0],"floor_reached":51,"playtime":4574,"items_purged":[],"score":692,"play_id":"1cce8b92-3c6d-4fba-b974-d14ae2e285c4","local_time":"20210109153709","is_ascension_mode":false,"campfire_choices":[{"data":"theSenshi:IWillPunishYou","floor":6,"key":"SMITH"},{"data":"theSenshi:VenusGlamour","floor":8,"key":"SMITH"},{"data":"theSenshi:CrisisMakeUp","floor":12,"key":"SMITH"},{"data":"Enlightenment","floor":15,"key":"SMITH"},{"floor":23,"key":"REST"},{"floor":29,"key":"REST"},{"data":"theSenshi:RainbowMoonHeartAche","floor":32,"key":"SMITH"},{"data":"theSenshi:StudyParty","floor":40,"key":"SMITH"},{"data":"theSenshi:MoonPower","floor":42,"key":"SMITH"},{"data":"theSenshi:RoseThrow","floor":44,"key":"SMITH"},{"data":"theSenshi:MoonSpiralHeartAttack","floor":49,"key":"SMITH"}],"circlet_count":0,"master_deck":["theSenshi:SailorKick+1","theSenshi:SailorKick+1","theSenshi:SailorKick+1","theSenshi:SailorKick+1","theSenshi:SailorBlock+1","theSenshi:SailorBlock+1","theSenshi:SailorBlock+1","theSenshi:SailorBlock+1","theSenshi:RoseThrow+1","theSenshi:MoonPrismPowerMakeUp","theSenshi:IWillPunishYou+1","theSenshi:SailorVenusAssists","theSenshi:VenusGlamour+1","theSenshi:SailorChibiMoonAssists","theSenshi:CrisisMakeUp+1","theSenshi:MoonCrystalPowerMakeUp","Enlightenment+1","theSenshi:GlimpseOfThePast","CurseOfTheBell","theSenshi:EncouragingSpeech+1","theSenshi:MoonTwilightFlash+1","theSenshi:MoonPower+1","Necronomicurse","theSenshi:TuxedoMaskAssists+1","theSenshi:RainbowMoonHeartAche+1","theSenshi:MoonSpiralHeartAttack+1","theSenshi:StudyParty+1","theSenshi:SailorJupiterAssists+1","theSenshi:MoonPrincessHalation","theSenshi:CrisisMakeUp+1","theSenshi:MoonSpiralHeartAttack+1"],"relics":["theSenshi:TransformationBroochRelic","Meat on the Bone","HornCleat","Torii","Calling Bell","Bag of Marbles","theSenshi:SuperSailorFukuRelic","Mango","Necronomicon","Mummified Hand","Bronze Scales","Velvet Choker","White Beast Statue","Red Mask"],"acts_visited":["Exordium","TheCity","TheBeyond"],"potions_floor_usage":[11,16,18,19,20,28,28,33,50,50],"damage_taken":[{"damage":8,"enemies":"Jaw Worm","floor":1,"turns":4},{"damage":4,"enemies":"2 Louse","floor":4,"turns":2},{"damage":0,"enemies":"Cultist","floor":7,"turns":3},{"damage":1,"enemies":"Blue Slaver","floor":10,"turns":3},{"damage":4,"enemies":"2 Fungi Beasts","floor":11,"turns":2},{"damage":1,"enemies":"Gremlin Nob","floor":13,"turns":4},{"damage":14,"enemies":"Slime Boss","floor":16,"turns":9},{"damage":1,"enemies":"2 Thieves","floor":18,"turns":4},{"damage":12,"enemies":"Shell Parasite","floor":19,"turns":7},{"damage":31,"enemies":"Centurion and Healer","floor":20,"turns":9},{"damage":13,"enemies":"Chosen and Byrds","floor":22,"turns":6},{"damage":41,"enemies":"Slavers","floor":28,"turns":5},{"damage":59,"enemies":"Automaton","floor":33,"turns":8},{"damage":12,"enemies":"Orb Walker","floor":35,"turns":3},{"damage":8,"enemies":"3 Darklings","floor":36,"turns":3},{"damage":10,"enemies":"Sphere and 2 Shapes","floor":37,"turns":5},{"damage":6,"enemies":"Jaw Worm Horde","floor":38,"turns":4},{"damage":21,"enemies":"4 Shapes","floor":41,"turns":4},{"damage":10,"enemies":"Sphere and 2 Shapes","floor":45,"turns":3},{"damage":0,"enemies":"Jaw Worm Horde","floor":46,"turns":3},{"damage":66,"enemies":"Time Eater","floor":50,"turns":10}],"seed_played":"-1902690645428699095","potions_obtained":[{"floor":10,"key":"Weak Potion"},{"floor":11,"key":"Fruit Juice"},{"floor":13,"key":"Explosive Potion"},{"floor":16,"key":"Energy Potion"},{"floor":18,"key":"AttackPotion"},{"floor":19,"key":"Fire Potion"},{"floor":28,"key":"BlessingOfTheForge"},{"floor":37,"key":"Block Potion"},{"floor":45,"key":"SneckoOil"},{"floor":46,"key":"SkillPotion"}],"is_trial":false,"path_per_floor":["M","?","?","M","T","R","M","R","T","M","M","R","E","?","R","B",null,"M","M","M","?","M","R","$","?","T","?","E","R","$","?","R","B",null,"M","M","M","M","?","R","M","R","T","R","M","M","?","?","R","B",null],"character_chosen":"THE_SENSHI","items_purchased":["theSenshi:RainbowMoonHeartAche","PowerPotion","theSenshi:MoonSpiralHeartAttack"],"campfire_rested":2,"item_purchase_floors":[24,24,30],"current_hp_per_floor":[67,67,67,63,63,63,63,63,63,62,63,63,62,68,68,54,100,99,87,56,40,39,69,69,69,69,69,40,70,70,110,110,63,110,98,90,80,74,74,74,65,65,65,65,67,67,67,67,67,13],"gold":0,"neow_bonus":"ONE_RANDOM_RARE_CARD","is_daily":false,"chose_seed":false,"campfire_upgraded":9,"win_rate":0.0,"timestamp":1610228229,"path_taken":["M","?","?","M","?","R","M","R","T","M","?","R","E","?","R","BOSS","M","M","M","?","M","R","$","?","T","?","E","R","?","?","R","BOSS","M","M","?","M","?","R","M","R","T","R","M","?","?","?","R","BOSS"],"items_purchased_type":["Card","Potion","Card"],"build_version":"2020-12-22","purchased_purges":0,"victory":true,"max_hp_per_floor":[75,75,75,75,75,75,75,75,75,75,80,80,80,86,86,86,100,100,100,100,100,100,100,100,100,100,100,100,100,100,110,110,110,110,110,110,110,110,110,110,110,110,110,110,110,110,110,110,110,110],"card_choices":[{"not_picked":["theSenshi:SchoolBag","theSenshi:SailorChibiMoonAssists"],"picked":"theSenshi:SailorVenusAssists","floor":1},{"not_picked":["theSenshi:MoonCrystalPowerMakeUp","theSenshi:MoonlightKnight"],"picked":"theSenshi:VenusGlamour","floor":4},{"not_picked":["theSenshi:MoonlightKnight","theSenshi:TuxedoSmokingBomber"],"picked":"theSenshi:SailorChibiMoonAssists","floor":7},{"not_picked":["theSenshi:SailorChibiMoonAssists","theSenshi:MarsPride","theSenshi:LateForSchool"],"picked":"SKIP","floor":10},{"not_picked":["theSenshi:MoonsReflection","theSenshi:InTheNameOfTheMoon"],"picked":"theSenshi:CrisisMakeUp","floor":11},{"not_picked":["theSenshi:SailorNeptuneAssists","theSenshi:SailorJupiterAssists"],"picked":"theSenshi:MoonCrystalPowerMakeUp","floor":13},{"not_picked":["theSenshi:SailorStarHealerAssists","theSenshi:LunaSensingAllies"],"picked":"theSenshi:GlimpseOfThePast","floor":16},{"not_picked":["theSenshi:SteeledNerves","theSenshi:MoonPower"],"picked":"theSenshi:EncouragingSpeech+1","floor":18},{"not_picked":["theSenshi:MoonCrystalPowerMakeUp+1","theSenshi:SteeledNerves"],"picked":"theSenshi:MoonTwilightFlash+1","floor":19},{"not_picked":["theSenshi:MoonKick","theSenshi:SailorMarsAssists+1"],"picked":"theSenshi:MoonPower","floor":20},{"not_picked":["theSenshi:MoonPower","theSenshi:LateForSchool"],"picked":"theSenshi:TuxedoMaskAssists+1","floor":22},{"not_picked":["theSenshi:SailorChibiMoonAssists","theSenshi:SailorPlanetPower"],"picked":"theSenshi:SailorCosmosAssists","floor":28},{"not_picked":["theSenshi:SailorCosmosAssists","theSenshi:SailorSaturnAssists"],"picked":"theSenshi:StudyParty","floor":33},{"not_picked":["theSenshi:SchoolBag","theSenshi:SailorChibiMoonAssists"],"picked":"theSenshi:SailorJupiterAssists+1","floor":35},{"not_picked":["theSenshi:MoonKick+1","theSenshi:EncouragingSpeech+1","theSenshi:MoonPrincessHalation"],"picked":"SKIP","floor":36},{"not_picked":["theSenshi:LateForSchool+1","theSenshi:LunasBite+1","theSenshi:MoonKick"],"picked":"SKIP","floor":37},{"not_picked":["theSenshi:MoonKick+1","theSenshi:MoonTiaraMagic"],"picked":"theSenshi:MoonPrincessHalation","floor":38},{"not_picked":["theSenshi:MoonPrincessHalation","theSenshi:LunaWiseMentor+1","theSenshi:SailorPlutoAssists"],"picked":"SKIP","floor":41},{"not_picked":["theSenshi:MoonPrincessHalation+1","theSenshi:MarsPride","theSenshi:MoonCrystalPowerMakeUp"],"picked":"SKIP","floor":45},{"not_picked":["theSenshi:TallSilhouette+1","theSenshi:SailorMercuryAssists+1"],"picked":"theSenshi:MoonSpiralHeartAttack+1","floor":46}],"player_experience":202449,"relics_obtained":[{"floor":5,"key":"Meat on the Bone"},{"floor":9,"key":"HornCleat"},{"floor":13,"key":"Torii"},{"floor":17,"key":"Bag of Marbles"},{"floor":17,"key":"theSenshi:SuperSailorFukuRelic"},{"floor":17,"key":"Mango"},{"floor":21,"key":"Necronomicon"},{"floor":26,"key":"Mummified Hand"},{"floor":28,"key":"Bronze Scales"},{"floor":43,"key":"White Beast Statue"}],"event_choices":[{"damage_healed":67,"gold_gain":0,"player_choice":"Embrace Burn","damage_taken":0,"max_hp_gain":0,"max_hp_loss":75,"event_name":"betterThird:BetterShining","floor":2,"gold_loss":0},{"cards_removed":["Burn"],"damage_healed":0,"gold_gain":0,"player_choice":"Card Removal","damage_taken":0,"max_hp_gain":0,"max_hp_loss":0,"event_name":"The Cleric","floor":3,"gold_loss":50},{"damage_healed":0,"gold_gain":0,"player_choice":"RENOUNCE","damage_taken":244,"max_hp_gain":0,"max_hp_loss":0,"event_name":"betterThird:BetterSerpent","floor":14,"gold_loss":244,"cards_obtained":["Enlightenment"]},{"damage_healed":0,"gold_gain":0,"player_choice":"Obtained Book","damage_taken":16,"max_hp_gain":0,"max_hp_loss":0,"event_name":"Cursed Tome","floor":21,"gold_loss":0},{"damage_healed":0,"gold_gain":0,"player_choice":"Ignored","damage_taken":0,"max_hp_gain":0,"max_hp_loss":0,"event_name":"Ghosts","floor":25,"gold_loss":0},{"damage_healed":0,"gold_gain":0,"player_choice":"Simplicity","damage_taken":0,"max_hp_gain":0,"max_hp_loss":8,"event_name":"betterThird:BetterWriting","floor":27,"gold_loss":0},{"cards_removed":["theSenshi:SailorCosmosAssists"],"damage_healed":30,"gold_gain":0,"player_choice":"Offered Rare","damage_taken":0,"max_hp_gain":10,"max_hp_loss":0,"event_name":"Bonfire Elementals","floor":31,"gold_loss":0},{"damage_healed":0,"gold_gain":0,"player_choice":"Copied","damage_taken":0,"max_hp_gain":0,"max_hp_loss":0,"event_name":"Duplicator","floor":39,"gold_loss":0,"cards_obtained":["theSenshi:CrisisMakeUp"]},{"damage_healed":0,"gold_gain":0,"player_choice":"Paid","damage_taken":0,"relics_obtained":["Red Mask"],"max_hp_gain":0,"max_hp_loss":0,"event_name":"Tomb of Lord Red Mask","floor":47,"gold_loss":237}],"is_beta":false,"boss_relics":[{"not_picked":["Black Star","Philosopher\u0027s Stone"],"picked":"Calling Bell"},{"not_picked":["Cursed Key","Tiny House"],"picked":"Velvet Choker"}],"items_purged_floors":[],"is_endless":false,"potions_floor_spawned":[10,11,13,16,18,19,28,37,45,46],"ascension_level":0}}