{"host":"5x08nt64u3vxxcfi","time":1610175731,"event":{"mods":["BaseMod","Minty Spire (QoL Compilation)","StSLib","SuperFastMode"],"gold_per_floor":[113,87,100,100,110,135,135,165,165,196,196,196,216,89,89,89,89],"floor_reached":16,"playtime":250,"items_purged":["Strike_G"],"score":153,"play_id":"14424c97-c133-4dd2-8411-1339f2844ef4","local_time":"20210109160211","is_ascension_mode":true,"campfire_choices":[{"data":"Neutralize","floor":7,"key":"SMITH"},{"floor":11,"key":"DIG"},{"floor":15,"key":"DIG"}],"circlet_count":0,"master_deck":["Strike_G","Strike_G","Strike_G","Defend_G","Defend_G","Defend_G","Defend_G","Defend_G","Survivor","Neutralize+1","Poisoned Stab","Blade Dance","Quick Slash","Backstab","Slice","Escape Plan","Bane","Adrenaline"],"relics":["Ring of the Snake","NeowsBlessing","Toy Ornithopter","Shovel","Sundial","Nunchaku","Regal Pillow","Bag of Preparation"],"acts_visited":["Exordium"],"potions_floor_usage":[6,8,16,16],"damage_taken":[{"damage":0,"enemies":"Cultist","floor":1,"turns":1},{"damage":0,"enemies":"2 Louse","floor":3,"turns":1},{"damage":0,"enemies":"Jaw Worm","floor":5,"turns":1},{"damage":25,"enemies":"Lagavulin","floor":6,"turns":4},{"damage":10,"enemies":"3 Sentries","floor":8,"turns":6},{"damage":9,"enemies":"Gremlin Nob","floor":10,"turns":4},{"damage":2,"enemies":"Exordium Wildlife","floor":13,"turns":2},{"damage":38,"enemies":"Slime Boss","floor":16,"turns":5}],"seed_played":"-4613871807917837259","potions_obtained":[{"floor":3,"key":"ColorlessPotion"},{"floor":6,"key":"SteroidPotion"},{"floor":8,"key":"EssenceOfSteel"}],"is_trial":false,"path_per_floor":["M","$","M","?","M","E","R","E","T","E","R","$","M","$","R","B"],"character_chosen":"THE_SILENT","items_purchased":["Blade Dance","PowerPotion"],"campfire_rested":0,"item_purchase_floors":[2,14],"current_hp_per_floor":[63,63,63,63,63,38,38,33,33,24,24,24,22,22,22,0,0],"gold":89,"neow_bonus":"THREE_ENEMY_KILL","is_daily":false,"chose_seed":false,"campfire_upgraded":1,"win_rate":0.0,"timestamp":1610175731,"path_taken":["M","$","?","?","M","E","R","E","T","E","R","$","M","$","R","BOSS"],"items_purchased_type":["Card","Potion"],"build_version":"2020-12-22","purchased_purges":1,"victory":false,"max_hp_per_floor":[70,70,70,70,70,70,70,70,70,70,70,70,70,70,70,70,70],"card_choices":[{"not_picked":["Acrobatics","Dodge and Roll"],"picked":"Poisoned Stab","floor":1},{"not_picked":["Dagger Throw","Flying Knee"],"picked":"Quick Slash","floor":3},{"not_picked":["Endless Agony","Eviscerate"],"picked":"Backstab","floor":5},{"not_picked":["Dagger Spray","Acrobatics"],"picked":"Slice","floor":6},{"not_picked":["Outmaneuver","Bane"],"picked":"Escape Plan","floor":8},{"not_picked":["Outmaneuver","Riddle With Holes"],"picked":"Bane","floor":10},{"not_picked":["Sucker Punch","Skewer"],"picked":"Adrenaline","floor":13}],"player_experience":71572,"relics_obtained":[{"floor":6,"key":"Toy Ornithopter"},{"floor":8,"key":"Shovel"},{"floor":9,"key":"Sundial"},{"floor":10,"key":"Nunchaku"},{"floor":11,"key":"Regal Pillow"},{"floor":15,"key":"Bag of Preparation"}],"event_choices":[{"cards_removed":["Strike_G"],"damage_healed":0,"gold_gain":0,"player_choice":"Card Removal","damage_taken":0,"max_hp_gain":0,"max_hp_loss":0,"event_name":"Wheel of Change","floor":4,"gold_loss":0}],"is_beta":false,"boss_relics":[],"items_purged_floors":[14],"is_endless":false,"potions_floor_spawned":[3,6,8],"killed_by":"Slime Boss","ascension_level":6}}