{"host":"bwf6jt0gyax88i3l","time":1610171379,"event":{"mods":["AchievementEnabler","BaseMod","Colored Map","Colored Powertips","Highlight Path","Infinite Spire","Minty Spire (QoL Compilation)","Quick Restart","Replay The Spire","Shop Mod","StSLib","The Animator","The Disciple","The Hierophant","The Necromancer","The Runesmith","The Saiyan","The Servant 0.9.4"],"gold_per_floor":[111,111,130,138,138,138,152,152,232,232,251,273,273,298,298,406,406,426,426,426,457,481,481,511,532,532,490,12,12,12,12,12,4,4],"floor_reached":33,"playtime":2203,"items_purged":["hierophant:Strike_Hierophant"],"score":249,"play_id":"68dee2a6-26ed-4609-8b52-90da7884f3d9","local_time":"20210108214939","is_ascension_mode":false,"campfire_choices":[{"data":"hierophant:DisplayOfPower","floor":6,"key":"SMITH"},{"data":"hierophant:SealAway","floor":8,"key":"SMITH"},{"data":"hierophant:ChurchCoffers","floor":10,"key":"SMITH"},{"floor":15,"key":"REST"},{"floor":23,"key":"REST"},{"floor":32,"key":"REST"}],"circlet_count":0,"master_deck":["hierophant:Strike_Hierophant","hierophant:Strike_Hierophant","hierophant:Strike_Hierophant","hierophant:Punish+1","hierophant:Defend_Hierophant+1","hierophant:Defend_Hierophant","hierophant:Defend_Hierophant+1","hierophant:ChurchCoffers+1","hierophant:MirrorShield","hierophant:DisplayOfPower+1","hierophant:SealAway+1","hierophant:FieryStrike","hierophant:LocustPlague","hierophant:Doubloon","hierophant:CursedGold+1","hierophant:ThreeLashes","hierophant:Kindle+1","hierophant:OrnateBuckler","Flash of Steel","Panacea","hierophant:Zeal","hierophant:Zeal+1","hierophant:HammerAndAnvil","hierophant:AuricBeam+1","Amnesia"],"relics":["hierophant:PropheticMaskRelic","infinitespire:EmpoweringShard","Lantern","Sozu","War Paint","Sundial","Gremlin Food","Replay:Ringing Soul","ReplayTheSpireMod:Ring of Challenge","Ring of Panic","MutagenicStrength"],"acts_visited":["Exordium","TheCity"],"potions_floor_usage":[4,12,16,16],"damage_taken":[{"damage":5,"enemies":"Small Slimes","floor":1,"turns":3},{"damage":6,"enemies":"Cultist","floor":3,"turns":3},{"damage":7,"enemies":"infinitespire:Voidling","floor":4,"turns":3},{"damage":14,"enemies":"Exordium Wildlife","floor":7,"turns":5},{"damage":0,"enemies":"3 Louse","floor":11,"turns":1},{"damage":21,"enemies":"Lagavulin","floor":12,"turns":4},{"damage":0,"enemies":"Large Slime","floor":14,"turns":4},{"damage":67,"enemies":"Fading Forest","floor":16,"turns":11},{"damage":10,"enemies":"Chosen","floor":18,"turns":3},{"damage":5,"enemies":"Shell Parasite","floor":21,"turns":4},{"damage":12,"enemies":"Centurion and Healer","floor":22,"turns":5},{"damage":15,"enemies":"Snecko","floor":24,"turns":3},{"damage":16,"enemies":"3 Cultists","floor":25,"turns":4},{"damage":17,"enemies":"Shelled Parasite and Fungi","floor":27,"turns":4},{"damage":80,"enemies":"Automaton","floor":33,"turns":6}],"seed_played":"-4890442999394574023","potions_obtained":[{"floor":1,"key":"SkillPotion"},{"floor":3,"key":"infinitespire:BlackPotion"},{"floor":11,"key":"Swift Potion"},{"floor":12,"key":"AttackPotion"}],"is_trial":false,"path_per_floor":["M","?","M","M","$","R","M","R","T","R","M","E","?","M","R","B",null,"M","AVR","?","M","M","R","M","M","T","M","$","?","?","?","R","B"],"character_chosen":"HIEROPHANT","items_purchased":["Gremlin Food","Replay:Ringing Soul"],"campfire_rested":3,"item_purchase_floors":[28,28],"current_hp_per_floor":[77,77,71,68,68,68,54,54,54,54,54,33,33,33,57,8,82,72,72,53,48,36,60,45,29,29,12,12,15,15,15,40,0,0],"gold":4,"neow_bonus":"TEN_PERCENT_HP_BONUS","is_daily":false,"chose_seed":false,"campfire_upgraded":3,"win_rate":0.0,"timestamp":1610171379,"path_taken":["M","?","M","M","$","R","M","R","T","R","M","E","?","M","R","BOSS","M","AVR","?","M","?","R","M","M","T","?","$","?","?","?","R","BOSS"],"items_purchased_type":["Relic","Relic"],"build_version":"2020-12-22","purchased_purges":1,"victory":false,"max_hp_per_floor":[82,82,82,82,82,82,82,82,82,82,82,82,82,82,82,82,82,82,82,82,82,82,82,82,82,82,82,82,85,85,85,85,85,85],"card_choices":[{"not_picked":["hierophant:FlamingChariot","hierophant:Flagellation"],"picked":"hierophant:MirrorShield","floor":1},{"not_picked":["hierophant:Purify","hierophant:OrnateBuckler","hierophant:RecallFunds"],"picked":"SKIP","floor":3},{"not_picked":["hierophant:MirrorShield","hierophant:AuricBeam"],"picked":"hierophant:DisplayOfPower","floor":4},{"not_picked":["hierophant:Doomsaying","hierophant:Purify"],"picked":"hierophant:SealAway","floor":7},{"not_picked":["hierophant:AuricBeam","hierophant:Zeal"],"picked":"hierophant:FieryStrike","floor":11},{"not_picked":["hierophant:AuricBeam","hierophant:SealAway"],"picked":"hierophant:LocustPlague","floor":12},{"not_picked":["hierophant:Shelter","hierophant:AuricBeam"],"picked":"hierophant:ThreeLashes","floor":14},{"not_picked":["hierophant:DeathKnell","hierophant:AuricForm"],"picked":"hierophant:Kindle","floor":16},{"not_picked":["hierophant:AuricBeam","hierophant:Upheaval"],"picked":"hierophant:OrnateBuckler","floor":18},{"not_picked":["hierophant:PassingBell","hierophant:RustyCrate"],"picked":"hierophant:Zeal","floor":21},{"not_picked":["hierophant:Refuge+1","hierophant:Purify"],"picked":"hierophant:Zeal+1","floor":22},{"not_picked":["hierophant:FlamingChariot","hierophant:Encroach+1"],"picked":"hierophant:HammerAndAnvil","floor":24},{"not_picked":["hierophant:ThreeLashes","hierophant:Racketeering"],"picked":"hierophant:AuricBeam+1","floor":25},{"not_picked":["hierophant:RustyCrate","hierophant:SecretStash+1","hierophant:Remorse"],"picked":"SKIP","floor":27}],"player_experience":32430,"relics_obtained":[{"floor":9,"key":"infinitespire:EmpoweringShard"},{"floor":12,"key":"Lantern"},{"floor":26,"key":"Sundial"},{"floor":29,"key":"ReplayTheSpireMod:Ring of Challenge"},{"floor":29,"key":"Ring of Panic"}],"event_choices":[{"damage_healed":0,"gold_gain":0,"player_choice":"CARD CARD ","damage_taken":19,"max_hp_gain":0,"max_hp_loss":0,"event_name":"Knowing Skull","floor":20,"potions_obtained":[],"gold_loss":0,"cards_obtained":["Flash of Steel","Panacea"]},{"damage_healed":0,"gold_gain":0,"player_choice":"Inject Mutagens","damage_taken":0,"relics_obtained":["MutagenicStrength"],"max_hp_gain":0,"max_hp_loss":0,"event_name":"Drug Dealer","floor":30,"gold_loss":0}],"is_beta":false,"boss_relics":[{"not_picked":["Ring of Chaos","Runesmith:UraniumAnvil"],"picked":"Sozu"}],"items_purged_floors":[28],"is_endless":false,"potions_floor_spawned":[1,3,11,12,18,25],"killed_by":"Automaton","ascension_level":0}}