{"host":"z9grmtg2w0nmz8n1","time":1610174547,"event":{"mods":["Aspiration","Bard","BaseMod","Beaked The Cultist","Better Altar","Better Match","Better Note","Better Sensory Stone","Better Skull","Better Third Choice","BetterRewards","CCEM","Colored Map","Conspire","Downfall","GifTheSpireLib","Googly Eyes","Halation","Hermit","Highlight Path","Hubris","Hunter ??","Jedi Mod","Jorbs\u0027s Wanderer Trilogy","Mad Scientist","Marisa????????","Minty Spire (QoL Compilation)","Permanent Neow","Replay The Spire","Shade Mod","Shop Mod","Spicy Shops","StSLib","Stuff the Spire","The Bug Knight","The Construct","The Necromancer","The Runesmith","The Witch"],"gold_per_floor":[212,67,87,21,21,49,69,104,130,130,130,29,29,54,54,149,149,160,173,173,185,85,119,133,166,203,215,227,265,190,206,206,206,206],"floor_reached":33,"playtime":1467,"items_purged":["Strike_B","Strike_B"],"score":318,"play_id":"64720820-cc61-48cc-82fb-61d1d6137a43","local_time":"20210109044227","is_ascension_mode":true,"campfire_choices":[{"floor":13,"key":"REST"},{"floor":15,"key":"REST"},{"floor":32,"key":"RECALL"}],"circlet_count":0,"master_deck":["Defend_B","Defend_B","Defend_B","Zap","Dualcast","Static Discharge","StuffTheSpire:Plugnplay","Conserve Battery","StuffTheSpire:Synthwave+1","Leap","jedi:reiji+1","Ball Lightning","Leap","Loop"],"relics":["Cracked Core","conspire:Flyswatter","jedi:crownofsimplicity","aspiration:MysteriousAuxiliaryCore","Coffee Dripper","CCEMRelics:WarHorn","MawBank","CeramicFish"],"acts_visited":["Exordium","TheCity"],"potions_floor_usage":[14,19,21,29,33,33],"damage_taken":[{"damage":0,"enemies":"2 Louse","floor":1,"turns":2},{"damage":5,"enemies":"Small Slimes","floor":3,"turns":3},{"damage":24,"enemies":"Gremlin Nob","floor":6,"turns":4},{"damage":0,"enemies":"Cultist","floor":7,"turns":4},{"damage":41,"enemies":"3 Sentries","floor":8,"turns":8},{"damage":3,"enemies":"Lagavulin","floor":14,"turns":5},{"damage":44,"enemies":"Fading Forest","floor":16,"turns":11},{"damage":3,"enemies":"Shell Parasite","floor":18,"turns":5},{"damage":10,"enemies":"2 Thieves","floor":19,"turns":4},{"damage":4,"enemies":"Snake Plant","floor":21,"turns":4},{"damage":35,"enemies":"Gremlin Leader","floor":23,"turns":5},{"damage":0,"enemies":"Centurion and Healer","floor":24,"turns":8},{"damage":9,"enemies":"Book of Stabbing","floor":25,"turns":6},{"damage":0,"enemies":"3 Cultists","floor":29,"turns":5},{"damage":0,"enemies":"Snecko","floor":31,"turns":3},{"damage":20,"enemies":"Collector","floor":33,"turns":3}],"seed_played":"-7137622809203504905","potions_obtained":[{"floor":7,"key":"Flashbang"},{"floor":8,"key":"Adrenaline Potion"},{"floor":14,"key":"FearPotion"},{"floor":16,"key":"LiquidBronze"},{"floor":21,"key":"Energy Potion"},{"floor":24,"key":"BlessingOfTheForge"},{"floor":31,"key":"Explosive Potion"}],"is_trial":false,"path_per_floor":["M","$","M","$","?","E","M","E","T","?","?","$","R","E","R","B",null,"M","M","?","M","$","E","M","E","T","?","?","M","$","M","R","B"],"character_chosen":"DEFECT","items_purchased":["Static Discharge","Conserve Battery","StuffTheSpire:Synthwave","Leap","Loop"],"campfire_rested":2,"item_purchase_floors":[2,4,12,30,30],"current_hp_per_floor":[75,75,70,70,75,51,51,10,10,10,10,10,32,29,51,17,75,72,62,62,58,58,23,23,14,14,14,14,14,14,14,14,0,0],"gold":206,"neow_bonus":"HUNDRED_GOLD","is_daily":false,"chose_seed":false,"campfire_upgraded":0,"win_rate":0.0,"timestamp":1610174547,"path_taken":["M","$","M","$","?","E","M","E","T","?","?","?","R","E","R","BOSS","M","M","?","M","$","E","M","E","T","?","?","?","$","M","R","BOSS"],"items_purchased_type":["Card","Card","Card","Card","Card"],"build_version":"2020-12-22","purchased_purges":2,"victory":false,"max_hp_per_floor":[75,75,75,75,75,75,75,75,75,75,75,75,75,75,75,75,75,75,75,75,75,75,75,75,75,75,75,75,75,75,75,75,75,75],"card_choices":[{"not_picked":["Panic Button","Compile Driver","Chill"],"picked":"SKIP","floor":1},{"not_picked":["Rebound","ReplaySort"],"picked":"StuffTheSpire:Plugnplay","floor":3},{"not_picked":["Amplify","Genetic Algorithm","jedi:BurstLightning"],"picked":"SKIP","floor":6},{"not_picked":["Compile Driver","ReplaySort","jedi:sharpshooter"],"picked":"SKIP","floor":7},{"not_picked":["Steam","Streamline","Seek"],"picked":"SKIP","floor":8},{"not_picked":["jedi:gatheringstorm","jedi:BurstLightning"],"picked":"Leap","floor":14},{"not_picked":["Rip and Tear","ReplaySolidLightProjector","StuffTheSpire:ShieldGenerator"],"picked":"SKIP","floor":18},{"not_picked":["ReplayTheSpireMod:Reroute Power+1","Steam Power","Reinforced Body"],"picked":"SKIP","floor":19},{"not_picked":["Heatsinks","Turbo+1"],"picked":"jedi:reiji+1","floor":21},{"not_picked":["Chill","conspire:SharedLibrary","jedi:hex+1"],"picked":"SKIP","floor":23},{"not_picked":["Sweeping Beam","Compile Driver","Turbo"],"picked":"SKIP","floor":24},{"not_picked":["Consume+1","jedi:blockon","Beam Cell"],"picked":"SKIP","floor":25},{"not_picked":["Steam Power","StuffTheSpire:LaunchingStrike"],"picked":"Ball Lightning","floor":29},{"not_picked":["Coolheaded+1","BasicCrystalCard","Undo"],"picked":"SKIP","floor":31}],"player_experience":818457,"relics_obtained":[{"floor":6,"key":"conspire:Flyswatter"},{"floor":8,"key":"jedi:crownofsimplicity"},{"floor":14,"key":"aspiration:MysteriousAuxiliaryCore"},{"floor":23,"key":"CCEMRelics:WarHorn"},{"floor":25,"key":"MawBank"},{"floor":26,"key":"CeramicFish"}],"event_choices":[{"damage_healed":0,"gold_gain":0,"player_choice":"Ignored","damage_taken":130,"max_hp_gain":0,"max_hp_loss":0,"event_name":"betterThird:BetterSerpent","floor":10,"gold_loss":0},{"cards_removed":["Strike_B"],"damage_healed":0,"gold_gain":0,"player_choice":"Forget","damage_taken":0,"max_hp_gain":0,"max_hp_loss":0,"event_name":"Living Wall","floor":11,"gold_loss":0},{"cards_removed":["Strike_B"],"damage_healed":0,"gold_gain":0,"player_choice":"Offered Basic","damage_taken":0,"max_hp_gain":0,"max_hp_loss":0,"event_name":"Bonfire Elementals","floor":20,"gold_loss":0},{"damage_healed":0,"gold_gain":0,"player_choice":"Forge","damage_taken":0,"max_hp_gain":0,"max_hp_loss":0,"event_name":"Accursed Blacksmith","floor":27,"gold_loss":0,"cards_upgraded":["StuffTheSpire:Synthwave"]},{"cards_removed":["Defend_B"],"damage_healed":0,"gold_gain":0,"player_choice":"Card Removal","damage_taken":0,"max_hp_gain":0,"max_hp_loss":0,"event_name":"Wheel of Change","floor":28,"gold_loss":0}],"is_beta":false,"boss_relics":[{"not_picked":["Abe\u0027s Treasure","Replay:Wanted Poster"],"picked":"Coffee Dripper"}],"items_purged_floors":[2,22],"is_endless":false,"potions_floor_spawned":[7,8,14,16,21,24,25,31],"killed_by":"Collector","ascension_level":1}}