{"host":"jqln3q8z91cyrmpl","time":1610207631,"event":{"mods":["AchievementEnabler","BaseMod","Colored Map","DeckTracker","Keyboard Shortcuts","Minty Spire (QoL Compilation)","SuperFastMode"],"gold_per_floor":[111,111,36,49,61,96,96,130,157,157,192,92,109,123,123,227,227,240,251,251,251,265,297,297,330,330,344,344,151,170,201,201,304,304,315,113,123,143,171,171,211,211,290,304,304,354,392,418,418,418,418,418,77,108,108,108],"floor_reached":55,"playtime":2312,"items_purged":["Strike_R","Strike_R","Defend_R","Strike_R","Carnage"],"score":1247,"play_id":"835f0d20-b737-423d-986c-7e4ac7470930","local_time":"20210110005351","is_ascension_mode":true,"campfire_choices":[{"floor":7.0,"key":"REST"},{"floor":10.0,"key":"REST"},{"data":"Carnage","floor":15.0,"key":"SMITH"},{"data":"Demon Form","floor":24.0,"key":"SMITH"},{"data":"Defend_R","floor":32.0,"key":"PURGE"},{"floor":40.0,"key":"REST"},{"floor":42.0,"key":"RECALL"},{"data":"Strike_R","floor":45.0,"key":"PURGE"},{"data":"Defend_R+1","floor":49.0,"key":"PURGE"},{"data":"Cleave","floor":52.0,"key":"PURGE"}],"circlet_count":0,"master_deck":["Bash","Sentinel","Carnage+1","Body Slam","Shockwave","Impervious+1","Flame Barrier","Clothesline","Blood for Blood","Offering","Whirlwind+1","Demon Form+1","Barricade","CurseOfTheBell","Burning Pact+1","Heavy Blade+1","Heavy Blade+1","Evolve"],"relics":["Burning Blood","MealTicket","Boot","Ancient Tea Set","Bronze Scales","Orichalcum","Snecko Eye","Red Skull","Smiling Mask","Mercury Hourglass","Eternal Feather","War Paint","Peace Pipe","Calling Bell","CeramicFish","Blue Candle","WingedGreaves","Akabeko","Anchor","Pocketwatch","Blood Vial","Singing Bowl","Pen Nib","Gremlin Horn"],"acts_visited":["Exordium","TheCity","TheBeyond","TheEnding"],"potions_floor_usage":[54,54,55,55],"damage_taken":[{"damage":7.0,"enemies":"Small Slimes","floor":1.0,"turns":4.0},{"damage":0.0,"enemies":"2 Louse","floor":4.0,"turns":2.0},{"damage":7.0,"enemies":"Jaw Worm","floor":5.0,"turns":4.0},{"damage":50.0,"enemies":"3 Sentries","floor":6.0,"turns":10.0},{"damage":40.0,"enemies":"Lagavulin","floor":8.0,"turns":8.0},{"damage":10.0,"enemies":"3 Sentries","floor":11.0,"turns":6.0},{"damage":5.0,"enemies":"Looter","floor":13.0,"turns":2.0},{"damage":16.0,"enemies":"Large Slime","floor":14.0,"turns":6.0},{"damage":9.0,"enemies":"Slime Boss","floor":16.0,"turns":8.0},{"damage":7.0,"enemies":"Shell Parasite","floor":18.0,"turns":4.0},{"damage":0.0,"enemies":"Spheric Guardian","floor":19.0,"turns":2.0},{"damage":5.0,"enemies":"Cultist and Chosen","floor":22.0,"turns":4.0},{"damage":0.0,"enemies":"Gremlin Leader","floor":23.0,"turns":6.0},{"damage":17.0,"enemies":"Book of Stabbing","floor":25.0,"turns":3.0},{"damage":18.0,"enemies":"Snecko","floor":27.0,"turns":4.0},{"damage":7.0,"enemies":"Shelled Parasite and Fungi","floor":30.0,"turns":2.0},{"damage":15.0,"enemies":"Slavers","floor":31.0,"turns":4.0},{"damage":24.0,"enemies":"Champ","floor":33.0,"turns":7.0},{"damage":15.0,"enemies":"3 Shapes","floor":35.0,"turns":3.0},{"damage":6.0,"enemies":"3 Darklings","floor":37.0,"turns":3.0},{"damage":19.0,"enemies":"Maw","floor":38.0,"turns":8.0},{"damage":28.0,"enemies":"Transient","floor":39.0,"turns":5.0},{"damage":33.0,"enemies":"Nemesis","floor":41.0,"turns":7.0},{"damage":6.0,"enemies":"Jaw Worm Horde","floor":44.0,"turns":3.0},{"damage":6.0,"enemies":"Mind Bloom Boss Battle","floor":46.0,"turns":4.0},{"damage":6.0,"enemies":"Reptomancer","floor":47.0,"turns":3.0},{"damage":3.0,"enemies":"Giant Head","floor":48.0,"turns":5.0},{"damage":30.0,"enemies":"Donu and Deca","floor":50.0,"turns":5.0},{"damage":46,"enemies":"Shield and Spear","floor":54,"turns":5},{"damage":38,"enemies":"The Heart","floor":55,"turns":3}],"seed_played":"-6170249613186101909","potions_obtained":[{"floor":1.0,"key":"SkillPotion"},{"floor":5.0,"key":"Swift Potion"},{"floor":16.0,"key":"Explosive Potion"},{"floor":18.0,"key":"Weak Potion"},{"floor":22.0,"key":"Fire Potion"},{"floor":25.0,"key":"BlessingOfTheForge"},{"floor":30.0,"key":"FearPotion"},{"floor":33.0,"key":"PowerPotion"},{"floor":37.0,"key":"BloodPotion"},{"floor":41.0,"key":"SpeedPotion"},{"floor":44.0,"key":"SkillPotion"},{"floor":47.0,"key":"EssenceOfSteel"},{"floor":48.0,"key":"Strength Potion"},{"floor":54,"key":"Ancient Potion"}],"is_trial":false,"path_per_floor":["M","?","$","M","M","E","R","E","T","R","E","$","M","M","R","B",null,"M","M","?","?","M","E","R","E","T","M","?","$","M","E","R","B",null,"M","$","M","M","M","R","E","R","T","M","R","?","E","E","R","B",null,"R","$","E","B"],"character_chosen":"IRONCLAD","items_purchased":["War Paint","Akabeko","Evolve","LiquidMemories","Pen Nib"],"campfire_rested":3,"item_purchase_floors":[29,36,53,53,53],"current_hp_per_floor":[71,64,72,72,71,27,48,14,14,35,31,46,47,37,37,34,63,62,68,68,68,69,72,72,61,61,49,49,64,63,54,63,45,65,56,71,71,58,36,66,53,65,65,65,72,72,72,74,74,50,68,74,74,36,0,0],"gold":108,"neow_bonus":"TRANSFORM_TWO_CARDS","is_daily":false,"chose_seed":false,"campfire_upgraded":2,"win_rate":0.0,"timestamp":1610207631,"path_taken":["M","?","$","M","M","E","R","E","T","R","E","$","M","M","R","BOSS","M","M","?","?","M","E","R","E","T","M","?","$","M","E","R","BOSS","M","$","M","M","M","R","E","R","T","M","R","?","E","E","R","BOSS","R","$","E","BOSS"],"items_purchased_type":["Relic","Relic","Card","Potion","Relic"],"build_version":"2020-12-22","purchased_purges":5,"victory":false,"max_hp_per_floor":[72,72,72,72,72,72,72,72,72,72,72,72,72,72,72,72,72,72,72,72,72,72,72,72,72,72,72,72,72,72,72,72,72,72,72,72,72,72,72,72,72,72,72,72,72,72,72,74,74,74,74,74,74,76,76,76],"card_choices":[{"not_picked":["Entrench","Dropkick"],"picked":"Body Slam","floor":1.0},{"not_picked":["Headbutt","Body Slam"],"picked":"Cleave","floor":4.0},{"not_picked":["Anger","Sword Boomerang","Combust"],"picked":"SKIP","floor":5.0},{"not_picked":["Warcry","Thunderclap"],"picked":"Shockwave","floor":6.0},{"not_picked":["Hemokinesis","Cleave"],"picked":"Impervious","floor":8.0},{"not_picked":["Reckless Charge","Disarm"],"picked":"Flame Barrier","floor":11.0},{"not_picked":["Headbutt","Iron Wave"],"picked":"Clothesline","floor":13.0},{"not_picked":["Warcry","Metallicize"],"picked":"Blood for Blood","floor":14.0},{"not_picked":["Immolate","Brutality"],"picked":"Offering","floor":16.0},{"not_picked":["Twin Strike+1","Iron Wave+1"],"picked":"Whirlwind+1","floor":18.0},{"not_picked":["Battle Trance","Perfected Strike","Cleave"],"picked":"SKIP","floor":19.0},{"not_picked":["Perfected Strike+1","Heavy Blade","Anger"],"picked":"SKIP","floor":22.0},{"not_picked":["Feed","Hemokinesis"],"picked":"Carnage","floor":23.0},{"not_picked":["Seeing Red+1","Armaments","Sword Boomerang+1"],"picked":"SKIP","floor":25.0},{"not_picked":["Heavy Blade","Havoc","True Grit"],"picked":"SKIP","floor":27.0},{"not_picked":["Flex","Body Slam+1","Iron Wave"],"picked":"SKIP","floor":30.0},{"not_picked":["Reckless Charge","Sword Boomerang","Fiend Fire"],"picked":"SKIP","floor":31.0},{"not_picked":["Demon Form","Fiend Fire"],"picked":"Barricade","floor":33.0},{"not_picked":["Cleave+1","True Grit+1","Clothesline+1"],"picked":"SKIP","floor":35.0},{"not_picked":["Clothesline+1","Ghostly Armor","Power Through+1"],"picked":"SKIP","floor":37.0},{"not_picked":["Clash+1","Warcry+1","Anger+1"],"picked":"SKIP","floor":38.0},{"not_picked":["Havoc+1","Uppercut+1"],"picked":"Burning Pact+1","floor":39.0},{"not_picked":["Pommel Strike","Shrug It Off+1"],"picked":"Heavy Blade+1","floor":41.0},{"not_picked":["True Grit","Flex","Rupture+1"],"picked":"SKIP","floor":44.0},{"not_picked":["Sever Soul","Twin Strike+1"],"picked":"Heavy Blade+1","floor":47.0},{"not_picked":["Cleave","Sword Boomerang+1","Metallicize"],"picked":"Singing Bowl","floor":48.0},{"not_picked":["Searing Blow","Perfected Strike+1","Shrug It Off"],"picked":"Singing Bowl","floor":54}],"player_experience":365136,"relics_obtained":[{"floor":6.0,"key":"Boot"},{"floor":8.0,"key":"Ancient Tea Set"},{"floor":9.0,"key":"Bronze Scales"},{"floor":11.0,"key":"Orichalcum"},{"floor":23.0,"key":"Red Skull"},{"floor":25.0,"key":"Smiling Mask"},{"floor":26.0,"key":"Mercury Hourglass"},{"floor":31.0,"key":"Peace Pipe"},{"floor":34.0,"key":"CeramicFish"},{"floor":34.0,"key":"Blue Candle"},{"floor":34.0,"key":"WingedGreaves"},{"floor":41.0,"key":"Anchor"},{"floor":46.0,"key":"Pocketwatch"},{"floor":47.0,"key":"Blood Vial"},{"floor":48.0,"key":"Singing Bowl"},{"floor":54,"key":"Gremlin Horn"}],"event_choices":[{"damage_healed":0.0,"max_hp_gain":0.0,"max_hp_loss":0.0,"gold_gain":0.0,"event_name":"Scrap Ooze","player_choice":"Success","floor":2.0,"gold_loss":0.0,"damage_taken":7.0,"relics_obtained":["MealTicket"]},{"damage_healed":0.0,"max_hp_gain":0.0,"max_hp_loss":0.0,"gold_gain":0.0,"event_name":"Vampires","player_choice":"Ignored","floor":20.0,"gold_loss":0.0,"damage_taken":0.0},{"damage_healed":0.0,"max_hp_gain":0.0,"max_hp_loss":0.0,"gold_gain":0.0,"event_name":"The Library","player_choice":"Read","floor":21.0,"gold_loss":0.0,"damage_taken":0.0,"cards_obtained":["Demon Form"]},{"damage_healed":0.0,"max_hp_gain":0.0,"max_hp_loss":0.0,"gold_gain":0.0,"event_name":"The Mausoleum","player_choice":"Opened","floor":28.0,"gold_loss":0.0,"damage_taken":0.0,"relics_obtained":["Eternal Feather"]},{"damage_healed":0.0,"max_hp_gain":0.0,"max_hp_loss":0.0,"gold_gain":0.0,"event_name":"MindBloom","player_choice":"Fight","floor":46.0,"gold_loss":0.0,"damage_taken":0.0}],"is_beta":false,"boss_relics":[{"not_picked":["Philosopher\u0027s Stone","Busted Crown"],"picked":"Snecko Eye"},{"not_picked":["Velvet Choker","Coffee Dripper"],"picked":"Calling Bell"}],"items_purged_floors":[3,12,29,36,53],"is_endless":false,"potions_floor_spawned":[1,5,16,18,22,25,30,33,37,41,44,47,48,54],"killed_by":"The Heart","ascension_level":9}}