{"host":"rmsq46plbpwfbxcc","time":1610171608,"event":{"mods":["AchievementEnabler","BaseMod","Colored Map","Colored Powertips","DeckTracker","KOR Keyword Fix","Minty Spire (QoL Compilation)","Permanent Neow","Quick Restart","SuperFastMode"],"gold_per_floor":[109,119,133,133,149,183,183,212,262,262,212,212,226,226,226,324,324,339,339,355,201,238,238,265,283,283,315,332,365,365,382,382,484,484,504,726,776,776,786,818,367,367,394,420,420,437,456,470,470,470,470,470,54,81,81],"floor_reached":56,"playtime":2066,"items_purged":["Defend_G","Defend_G","Defend_G"],"score":1593,"play_id":"be85b0ed-e511-4c35-9c15-0dd80595558f","local_time":"20210109145328","is_ascension_mode":true,"campfire_choices":[{"data":"Footwork","floor":7,"key":"SMITH"},{"data":"Neutralize","floor":10,"key":"SMITH"},{"data":"Survivor","floor":12,"key":"SMITH"},{"floor":15,"key":"REST"},{"data":"Envenom","floor":23,"key":"SMITH"},{"data":"Terror","floor":30,"key":"SMITH"},{"data":"Blade Dance","floor":32,"key":"SMITH"},{"data":"After Image","floor":45,"key":"SMITH"},{"floor":49,"key":"RECALL"},{"data":"Accuracy","floor":52,"key":"SMITH"}],"circlet_count":0,"master_deck":["Strike_G","Strike_G","Survivor+1","Neutralize+1","Underhanded Strike+1","Flechettes+1","Adrenaline+1","Footwork+1","Dagger Throw","Backflip","Blur","Envenom+1","Finisher","Terror+1","Escape Plan","PiercingWail+1","Blade Dance+1","Burst","Cloak And Dagger+1","Adrenaline+1","After Image+1","Backflip+1","Accuracy+1","Acrobatics","Blur+1","Adrenaline"],"relics":["Astrolabe","Pen Nib","StrikeDummy","Ancient Tea Set","WristBlade","Centennial Puzzle","Mercury Hourglass","Red Mask","Anchor","SacredBark","Thread and Needle","Juzu Bracelet","Bag of Marbles","Ninja Scroll","Torii","Orichalcum"],"acts_visited":["Exordium","TheCity","TheBeyond","TheEnding"],"potions_floor_usage":[8,22,24,29,37,42,55,55,55],"damage_taken":[{"damage":0,"enemies":"Cultist","floor":1,"turns":4},{"damage":0,"enemies":"2 Louse","floor":2,"turns":2},{"damage":7,"enemies":"Small Slimes","floor":3,"turns":2},{"damage":2,"enemies":"Exordium Wildlife","floor":5,"turns":5},{"damage":16,"enemies":"3 Sentries","floor":6,"turns":8},{"damage":24,"enemies":"Gremlin Nob","floor":8,"turns":4},{"damage":0,"enemies":"Looter","floor":13,"turns":1},{"damage":4,"enemies":"The Guardian","floor":16,"turns":11},{"damage":0,"enemies":"Spheric Guardian","floor":18,"turns":4},{"damage":0,"enemies":"2 Thieves","floor":20,"turns":3},{"damage":4,"enemies":"Centurion and Healer","floor":22,"turns":5},{"damage":16,"enemies":"Slavers","floor":24,"turns":7},{"damage":0,"enemies":"3 Cultists","floor":25,"turns":5},{"damage":12,"enemies":"Masked Bandits","floor":27,"turns":2},{"damage":0,"enemies":"Cultist and Chosen","floor":28,"turns":4},{"damage":7,"enemies":"Gremlin Leader","floor":29,"turns":5},{"damage":0,"enemies":"Centurion and Healer","floor":31,"turns":4},{"damage":0,"enemies":"Collector","floor":33,"turns":6},{"damage":0,"enemies":"3 Darklings","floor":35,"turns":3},{"damage":0,"enemies":"Mind Bloom Boss Battle","floor":37,"turns":4},{"damage":0,"enemies":"Orb Walker","floor":39,"turns":4},{"damage":0,"enemies":"Reptomancer","floor":40,"turns":5},{"damage":0,"enemies":"Giant Head","floor":44,"turns":5},{"damage":0,"enemies":"Transient","floor":46,"turns":5},{"damage":0,"enemies":"Sphere and 2 Shapes","floor":47,"turns":3},{"damage":13,"enemies":"3 Darklings","floor":48,"turns":3},{"damage":17,"enemies":"Awakened One","floor":50,"turns":10},{"damage":0,"enemies":"Shield and Spear","floor":54,"turns":6},{"damage":51,"enemies":"The Heart","floor":55,"turns":8}],"seed_played":"4075519956867028176","potions_obtained":[{"floor":1,"key":"SmokeBomb"},{"floor":5,"key":"LiquidMemories"},{"floor":8,"key":"FearPotion"},{"floor":16,"key":"ColorlessPotion"},{"floor":20,"key":"SkillPotion"},{"floor":22,"key":"SmokeBomb"},{"floor":27,"key":"Fire Potion"},{"floor":31,"key":"BlessingOfTheForge"},{"floor":33,"key":"Energy Potion"},{"floor":35,"key":"Fire Potion"},{"floor":37,"key":"Dexterity Potion"},{"floor":39,"key":"SteroidPotion"},{"floor":42,"key":"ColorlessPotion"},{"floor":44,"key":"EssenceOfSteel"}],"is_trial":false,"path_per_floor":["M","M","M","?","M","E","R","E","T","R","?","R","M","?","R","B",null,"M","?","M","$","M","R","E","M","T","?","M","E","R","M","R","B",null,"M","?","?","?","M","E","$","?","T","E","R","M","M","M","R","B",null,"R","$","E","B",null],"character_chosen":"THE_SILENT","items_purchased":["Terror","Accuracy","Bag of Marbles","Fruit Juice","Acrobatics","Torii"],"campfire_rested":1,"item_purchase_floors":[21,41,41,41,41,53],"current_hp_per_floor":[70,70,63,63,61,45,45,21,21,21,21,21,21,14,35,31,70,70,70,70,70,66,66,50,50,50,38,38,31,31,31,31,31,70,70,70,70,70,70,70,70,80,80,80,80,80,80,67,67,50,80,80,80,80,29],"gold":81,"neow_bonus":"BOSS_RELIC","is_daily":false,"chose_seed":false,"campfire_upgraded":8,"win_rate":0.0,"timestamp":1610171608,"path_taken":["M","M","?","?","M","E","R","E","T","R","?","R","M","?","R","BOSS","M","?","M","$","M","R","E","M","T","?","M","E","R","M","R","BOSS","M","?","?","?","M","E","$","?","T","E","R","M","M","M","R","BOSS","R","$","E","BOSS"],"items_purchased_type":["Card","Card","Relic","Potion","Card","Relic"],"build_version":"2020-12-22","purchased_purges":3,"victory":true,"max_hp_per_floor":[70,70,70,70,70,70,70,70,70,70,70,70,70,70,70,70,70,70,70,70,70,70,70,70,70,70,70,70,70,70,70,70,70,70,70,70,70,70,70,70,70,80,80,80,80,80,80,80,80,80,80,80,80,80,80],"card_choices":[{"not_picked":["Skewer","Slice","Deflect"],"picked":"SKIP","floor":1},{"not_picked":["Dagger Spray","Outmaneuver"],"picked":"Footwork","floor":2},{"not_picked":["Footwork","Outmaneuver","Slice"],"picked":"SKIP","floor":3},{"not_picked":["All Out Attack","Poisoned Stab","Outmaneuver"],"picked":"SKIP","floor":5},{"not_picked":["Prepared","Reflex"],"picked":"Dagger Throw","floor":6},{"not_picked":["Flying Knee","Unload"],"picked":"Backflip","floor":8},{"not_picked":["Dagger Throw","Endless Agony"],"picked":"Blur","floor":13},{"not_picked":["Corpse Explosion","Night Terror"],"picked":"Envenom","floor":16},{"not_picked":["Flechettes","Footwork","Dagger Throw"],"picked":"SKIP","floor":18},{"not_picked":["Sucker Punch","Dagger Spray"],"picked":"Finisher","floor":20},{"not_picked":["Quick Slash","Dash","Backflip"],"picked":"SKIP","floor":22},{"not_picked":["Calculated Gamble+1","Predator"],"picked":"Escape Plan","floor":24},{"not_picked":["Concentrate","Backflip"],"picked":"PiercingWail+1","floor":25},{"not_picked":["Acrobatics","Noxious Fumes","Flying Knee+1"],"picked":"SKIP","floor":28},{"not_picked":["Catalyst","Dagger Throw+1","Finisher"],"picked":"SKIP","floor":29},{"not_picked":["Backflip","Riddle With Holes"],"picked":"Blade Dance","floor":31},{"not_picked":["Venomology","Grand Finale"],"picked":"Burst","floor":33},{"not_picked":["Slice","PiercingWail","Sucker Punch"],"picked":"SKIP","floor":35},{"not_picked":["Bouncing Flask","Dagger Spray"],"picked":"Cloak And Dagger+1","floor":37},{"not_picked":["Dagger Throw","Acrobatics"],"picked":"After Image","floor":39},{"not_picked":["Dagger Spray+1","Sucker Punch"],"picked":"Backflip+1","floor":40},{"not_picked":["Heel Hook+1","Quick Slash","Bane"],"picked":"SKIP","floor":44},{"not_picked":["Deadly Poison","PiercingWail","Night Terror"],"picked":"SKIP","floor":46},{"not_picked":["Deadly Poison+1","Crippling Poison+1"],"picked":"Blur+1","floor":47},{"not_picked":["Endless Agony","Flying Knee","Deflect+1"],"picked":"SKIP","floor":48},{"not_picked":["Cloak And Dagger","Dagger Spray+1"],"picked":"Adrenaline","floor":54}],"player_experience":639910,"relics_obtained":[{"floor":6,"key":"Pen Nib"},{"floor":8,"key":"StrikeDummy"},{"floor":9,"key":"Ancient Tea Set"},{"floor":24,"key":"Centennial Puzzle"},{"floor":26,"key":"Mercury Hourglass"},{"floor":27,"key":"Red Mask"},{"floor":29,"key":"Anchor"},{"floor":37,"key":"Thread and Needle"},{"floor":40,"key":"Juzu Bracelet"},{"floor":44,"key":"Ninja Scroll"},{"floor":54,"key":"Orichalcum"}],"event_choices":[{"damage_healed":0,"gold_gain":0,"player_choice":"Ignored","damage_taken":0,"max_hp_gain":0,"max_hp_loss":0,"event_name":"Liars Game","floor":4,"gold_loss":0},{"cards_removed":["Strike_G"],"damage_healed":0,"gold_gain":0,"player_choice":"Card Removal","damage_taken":0,"max_hp_gain":0,"max_hp_loss":0,"event_name":"The Cleric","floor":11,"gold_loss":50},{"cards_removed":["Defend_G"],"damage_healed":0,"gold_gain":0,"player_choice":"Card Removal","damage_taken":7,"max_hp_gain":0,"max_hp_loss":0,"event_name":"Golden Wing","floor":14,"gold_loss":0},{"damage_healed":0,"gold_gain":0,"player_choice":"Ignored","damage_taken":0,"max_hp_gain":0,"max_hp_loss":0,"event_name":"Cursed Tome","floor":19,"gold_loss":0},{"damage_healed":0,"gold_gain":0,"player_choice":"Fought Bandits","damage_taken":0,"max_hp_gain":0,"max_hp_loss":0,"event_name":"Masked Bandits","floor":27,"gold_loss":0},{"damage_healed":0,"gold_gain":222,"player_choice":"Wore Mask","damage_taken":0,"max_hp_gain":0,"max_hp_loss":0,"event_name":"Tomb of Lord Red Mask","floor":36,"gold_loss":0},{"damage_healed":0,"gold_gain":0,"player_choice":"Fight","damage_taken":0,"max_hp_gain":0,"max_hp_loss":0,"event_name":"MindBloom","floor":37,"gold_loss":0},{"damage_healed":0,"gold_gain":0,"player_choice":"Copied","damage_taken":0,"max_hp_gain":0,"max_hp_loss":0,"event_name":"Duplicator","floor":38,"gold_loss":0,"cards_obtained":["Adrenaline"]},{"damage_healed":0,"gold_gain":0,"player_choice":"Got Potions","damage_taken":0,"max_hp_gain":0,"max_hp_loss":0,"event_name":"Lab","floor":42,"gold_loss":0}],"is_beta":false,"boss_relics":[{"not_picked":["Empty Cage","Black Star"],"picked":"WristBlade"},{"not_picked":["Runic Dome","Runic Pyramid"],"picked":"SacredBark"}],"items_purged_floors":[21,41,53],"is_endless":false,"potions_floor_spawned":[1,5,8,16,20,22,27,31,33,35,37,39,44,48],"ascension_level":4}}