{"host":"edk8ruzv78x6jv19","time":1610233602,"event":{"mods":["BaseMod","Better Third Choice","Energized Spire","Minty Spire (QoL Compilation)","Replay The Spire","StSLib","The Blue Laboratory"],"gold_per_floor":[149,163,88,88,38,38,38,38,85,85,85,85,85,119,119,214,214,214,214],"floor_reached":18,"playtime":299,"items_purged":["Massacre"],"score":162,"play_id":"cce44229-dd9b-416d-8aaf-2b8e5b74ff34","local_time":"20210109170642","daily_mods":["SealedDeck","Heirloom","Time Dilation","Flight","DeadlyEvents","Elite Swarm","Lethality"],"is_ascension_mode":true,"campfire_choices":[{"data":"Perfected Strike","floor":6.0,"key":"SMITH"},{"data":"Perfected Strike","floor":7.0,"key":"SMITH"},{"data":"Perfected Strike","floor":8.0,"key":"SMITH"},{"data":"Whirlwind","floor":10.0,"key":"SMITH"},{"data":"Twin Strike","floor":11.0,"key":"SMITH"},{"data":"Flex","floor":12.0,"key":"SMITH"}],"circlet_count":1,"master_deck":["Whirlwind+1","Flex+1","Wild Strike","Twin Strike+1","Wild Strike","Perfected Strike+1","Twin Strike+1","ReplayTheSpireMod:Strike From Hell+1","Perfected Strike+1","Perfected Strike+1","Limit Break+1"],"relics":["Burning Blood","Calipers","Blood Vial","Circlet","energizedSpire:SpiderWeb"],"acts_visited":["Exordium","TheCity"],"potions_floor_usage":[],"damage_taken":[{"damage":0.0,"enemies":"2 Louse","floor":1.0,"turns":1.0},{"damage":0.0,"enemies":"Jaw Worm","floor":2.0,"turns":1.0},{"damage":21.0,"enemies":"Lagavulin","floor":14.0,"turns":3.0},{"damage":77.0,"enemies":"Hexaghost","floor":16.0,"turns":5.0},{"damage":0,"enemies":"2 Thieves","floor":18,"turns":1}],"seed_played":"1915743046196051237","potions_obtained":[{"floor":1.0,"key":"ElixirPotion"},{"floor":16.0,"key":"blueLaboratory:SavagePotion"}],"is_trial":true,"path_per_floor":["M","M","$","?","?","R","R","R","T","R","R","R","$","E","R","B",null,"M"],"character_chosen":"IRONCLAD","items_purchased":[],"campfire_rested":0,"item_purchase_floors":[],"current_hp_per_floor":[80,80,80,64,64,64,64,64,64,64,64,64,64,51,75,35,80,80,80],"gold":214,"neow_bonus":"","is_daily":false,"chose_seed":false,"campfire_upgraded":6,"win_rate":0.0,"timestamp":1610233602,"path_taken":["M","M","$","?","?","R","R","R","T","R","R","R","$","E","R","BOSS","M"],"items_purchased_type":[],"build_version":"2020-12-22","purchased_purges":1,"victory":false,"max_hp_per_floor":[80,80,80,80,80,80,80,80,80,80,80,80,80,80,80,80,80,80,80],"card_choices":[{"not_picked":["Perfected Strike","Clothesline"],"picked":"Massacre","floor":1.0},{"not_picked":["Cleave","Twin Strike"],"picked":"Perfected Strike","floor":2.0},{"not_picked":["TH:ArmorSpikes","TH:DeckOfManyThings"],"picked":"SKIP","floor":9.0},{"not_picked":["Double Tap","Replay:Many Hands"],"picked":"Limit Break","floor":14.0},{"not_picked":["TH:EnergyPotion","TH:PixieDust"],"picked":"SKIP","floor":14.0}],"player_experience":46478,"relics_obtained":[{"floor":9.0,"key":"Blood Vial"},{"floor":14.0,"key":"infinitespire:CursedDice"}],"event_choices":[{"damage_healed":80.0,"max_hp_gain":0.0,"max_hp_loss":80.0,"gold_gain":0.0,"event_name":"betterThird:BetterShining","player_choice":"Upgrade","floor":4.0,"gold_loss":0.0,"damage_taken":16.0,"cards_upgraded":["ReplayTheSpireMod:Strike From Hell","Twin Strike"]},{"cards_removed":["Flex"],"damage_healed":0.0,"max_hp_gain":0.0,"max_hp_loss":0.0,"gold_gain":0.0,"event_name":"The Cleric","player_choice":"Card Removal","floor":5.0,"gold_loss":50.0,"damage_taken":0.0}],"is_beta":false,"boss_relics":[{"not_picked":["Replay:Bronze Core","ReplayTheSpireMod:SealedPack"],"picked":"energizedSpire:SpiderWeb"}],"items_purged_floors":[3],"is_endless":false,"potions_floor_spawned":[1,16],"killed_by":"2 Thieves","ascension_level":1}}