{"host":"5x08nt64u3vxxcfi","time":1610177281,"event":{"mods":["BaseMod","Minty Spire (QoL Compilation)","StSLib","SuperFastMode"],"gold_per_floor":[111,111,127,127,141,179,179,249,249,249,249,263,297,316,316,444,444,462,462,281,292,217,217,97,116,116,145,65,65,65,65,65,160,160,178,190,190,201,0,0,50,76,99,99,99,131,131,150,150,150],"floor_reached":51,"playtime":874,"items_purged":["Strike_G","Strike_G"],"score":983,"play_id":"7358fd01-2c8c-4d9e-865b-824eb69096e4","local_time":"20210109162801","is_ascension_mode":true,"campfire_choices":[{"floor":7,"key":"DIG"},{"floor":10,"key":"DIG"},{"floor":15,"key":"DIG"},{"floor":23,"key":"DIG"},{"floor":29,"key":"DIG"},{"floor":32,"key":"DIG"},{"floor":40,"key":"DIG"},{"floor":44,"key":"DIG"},{"floor":47,"key":"DIG"},{"floor":49,"key":"DIG"}],"circlet_count":0,"master_deck":["Strike_G","Strike_G","Defend_G","Defend_G","Defend_G","Defend_G","Defend_G","Survivor","Neutralize","Parasite","Glass Knife","Choke","Prepared","Terror","Finisher","Accuracy","Infinite Blades","Prepared","A Thousand Cuts","Acrobatics","Infinite Blades","Backstab","Accuracy","Cloak And Dagger","Cloak And Dagger","Injury","Backstab+1","Ghostly","Ghostly","Ghostly","Ghostly","Ghostly","Storm of Steel","Blade Dance+1","Deflect+1","Slice+1","Decay","Concentrate"],"relics":["Ring of the Snake","Bloody Idol","Shovel","Shuriken","Du-Vu Doll","Bag of Marbles","Dream Catcher","Meat on the Bone","Cursed Key","Gambling Chip","Mummified Hand","Pantograph","Nloth\u0027s Gift","Letter Opener","Philosopher\u0027s Stone","Red Mask","White Beast Statue","Torii","Orichalcum","Blood Vial","Gremlin Horn","Darkstone Periapt","Ancient Tea Set","Nunchaku"],"acts_visited":["Exordium","TheCity","TheBeyond"],"potions_floor_usage":[13,13,27,33,48,50,50],"damage_taken":[{"damage":0,"enemies":"2 Louse","floor":1,"turns":2},{"damage":0,"enemies":"Jaw Worm","floor":3,"turns":3},{"damage":0,"enemies":"Small Slimes","floor":5,"turns":2},{"damage":26,"enemies":"Gremlin Nob","floor":6,"turns":4},{"damage":11,"enemies":"Exordium Thugs","floor":12,"turns":3},{"damage":12,"enemies":"Lagavulin","floor":13,"turns":3},{"damage":10,"enemies":"3 Louse","floor":14,"turns":3},{"damage":25,"enemies":"Slime Boss","floor":16,"turns":7},{"damage":9,"enemies":"Chosen","floor":18,"turns":4},{"damage":23,"enemies":"2 Thieves","floor":21,"turns":3},{"damage":29,"enemies":"Centurion and Healer","floor":25,"turns":6},{"damage":16,"enemies":"Gremlin Leader","floor":27,"turns":4},{"damage":15,"enemies":"Collector","floor":33,"turns":5},{"damage":0,"enemies":"Orb Walker","floor":35,"turns":1},{"damage":2,"enemies":"3 Shapes","floor":36,"turns":2},{"damage":0,"enemies":"Sphere and 2 Shapes","floor":38,"turns":3},{"damage":0,"enemies":"Mind Bloom Boss Battle","floor":41,"turns":2},{"damage":3,"enemies":"Nemesis","floor":42,"turns":5},{"damage":1,"enemies":"Giant Head","floor":46,"turns":6},{"damage":0,"enemies":"Transient","floor":48,"turns":5},{"damage":48,"enemies":"Donu and Deca","floor":50,"turns":7}],"seed_played":"9137447792564183721","potions_obtained":[{"floor":3,"key":"Energy Potion"},{"floor":12,"key":"Energy Potion"},{"floor":16,"key":"AttackPotion"},{"floor":18,"key":"BlessingOfTheForge"},{"floor":27,"key":"FairyPotion"},{"floor":33,"key":"BlessingOfTheForge"},{"floor":41,"key":"Swift Potion"},{"floor":42,"key":"PowerPotion"},{"floor":48,"key":"Strength Potion"}],"is_trial":false,"path_per_floor":["M","?","M","?","M","E","R","?","T","R","?","M","E","M","R","B",null,"M","?","$","M","?","R","$","M","T","E","$","R","?","?","R","B",null,"M","M","?","M","?","R","?","E","T","R","?","E","R","M","R","B",null],"character_chosen":"THE_SILENT","items_purchased":["Infinite Blades","Backstab","Accuracy","Cloak And Dagger"],"campfire_rested":0,"item_purchase_floors":[20,20,24,24],"current_hp_per_floor":[63,63,63,68,68,42,42,42,42,42,70,59,47,37,37,24,59,50,50,50,49,49,49,49,37,37,38,38,38,35,35,35,25,33,35,35,35,35,35,35,35,35,35,35,33,33,33,33,33,21],"gold":150,"neow_bonus":"THREE_RARE_CARDS","is_daily":false,"chose_seed":false,"campfire_upgraded":0,"win_rate":0.0,"timestamp":1610177281,"path_taken":["M","?","M","?","M","E","R","?","T","R","?","M","E","M","R","BOSS","M","?","$","M","?","R","$","M","T","E","$","R","?","?","R","BOSS","M","?","?","M","?","R","?","E","T","R","?","E","R","M","R","BOSS"],"items_purchased_type":["Card","Card","Card","Card"],"build_version":"2020-12-22","purchased_purges":2,"victory":true,"max_hp_per_floor":[70,65,65,70,70,70,70,70,70,70,70,70,70,70,70,70,70,70,70,70,70,70,70,70,70,70,70,70,70,35,35,35,35,35,35,35,35,35,35,35,35,35,35,35,33,33,33,33,33,33],"card_choices":[{"not_picked":["Bullet Time","Tools of the Trade"],"picked":"Glass Knife","floor":0},{"not_picked":["Flying Knee","Deadly Poison"],"picked":"Choke","floor":1},{"not_picked":["Quick Slash","Dagger Spray"],"picked":"Prepared","floor":3},{"not_picked":["Sucker Punch","Outmaneuver"],"picked":"Terror","floor":5},{"not_picked":["Dagger Throw","Dagger Spray"],"picked":"Finisher","floor":6},{"not_picked":["Dagger Throw","Deadly Poison"],"picked":"Accuracy","floor":12},{"not_picked":["Acrobatics","Grand Finale"],"picked":"Infinite Blades","floor":13},{"not_picked":["Bane","Poisoned Stab"],"picked":"Prepared","floor":14},{"not_picked":["Wraith Form v2","Adrenaline"],"picked":"A Thousand Cuts","floor":16},{"not_picked":["Backflip","Deflect+1"],"picked":"Acrobatics","floor":18},{"not_picked":["Dagger Spray","Deadly Poison","Calculated Gamble"],"picked":"SKIP","floor":21},{"not_picked":["Outmaneuver","Quick Slash"],"picked":"Cloak And Dagger","floor":25},{"not_picked":["Predator","Deflect+1"],"picked":"Backstab+1","floor":27},{"not_picked":["Die Die Die","Glass Knife"],"picked":"Storm of Steel","floor":33},{"not_picked":["Eviscerate","Dodge and Roll"],"picked":"Blade Dance+1","floor":35},{"not_picked":["Dagger Spray","Riddle With Holes"],"picked":"Deflect+1","floor":36},{"not_picked":["Sucker Punch+1","Endless Agony"],"picked":"Slice+1","floor":38},{"not_picked":["Endless Agony","Unload","Tools of the Trade"],"picked":"SKIP","floor":42},{"not_picked":["All Out Attack","Crippling Poison+1","Deadly Poison+1"],"picked":"SKIP","floor":46},{"not_picked":["Masterful Stab","Well Laid Plans"],"picked":"Concentrate","floor":48}],"player_experience":72474,"relics_obtained":[{"floor":6,"key":"Shovel"},{"floor":7,"key":"Shuriken"},{"floor":9,"key":"Du-Vu Doll"},{"floor":10,"key":"Bag of Marbles"},{"floor":13,"key":"Dream Catcher"},{"floor":15,"key":"Meat on the Bone"},{"floor":23,"key":"Gambling Chip"},{"floor":26,"key":"Mummified Hand"},{"floor":27,"key":"The Courier"},{"floor":29,"key":"Pantograph"},{"floor":32,"key":"Letter Opener"},{"floor":40,"key":"White Beast Statue"},{"floor":41,"key":"Torii"},{"floor":42,"key":"Orichalcum"},{"floor":43,"key":"Blood Vial"},{"floor":44,"key":"Gremlin Horn"},{"floor":46,"key":"Darkstone Periapt"},{"floor":47,"key":"Ancient Tea Set"},{"floor":49,"key":"Nunchaku"}],"event_choices":[{"damage_healed":0,"gold_gain":0,"player_choice":"Lose Max HP","damage_taken":0,"relics_obtained":["Golden Idol"],"max_hp_gain":0,"max_hp_loss":5,"event_name":"Golden Idol","floor":2,"gold_loss":0},{"damage_healed":0,"gold_gain":0,"player_choice":"Donut","damage_taken":0,"max_hp_gain":5,"max_hp_loss":0,"event_name":"Big Fish","floor":4,"gold_loss":0},{"damage_healed":0,"gold_gain":70,"player_choice":"Gained Gold","damage_taken":0,"max_hp_gain":0,"max_hp_loss":0,"event_name":"Golden Wing","floor":8,"gold_loss":0},{"damage_healed":28,"gold_gain":0,"player_choice":"Full Heal","damage_taken":0,"max_hp_gain":0,"max_hp_loss":0,"event_name":"Wheel of Change","floor":11,"gold_loss":0},{"damage_healed":0,"gold_gain":0,"player_choice":"Gave Idol","damage_taken":0,"relics_obtained":["Bloody Idol"],"max_hp_gain":0,"max_hp_loss":0,"event_name":"Forgotten Altar","floor":19,"relics_lost":["Golden Idol"],"gold_loss":0},{"cards_removed":["Strike_G"],"damage_healed":0,"gold_gain":0,"player_choice":"Gave Gold","damage_taken":0,"max_hp_gain":0,"max_hp_loss":0,"event_name":"Beggar","floor":22,"gold_loss":75},{"damage_healed":0,"gold_gain":0,"player_choice":"Became a Ghost","damage_taken":0,"max_hp_gain":0,"max_hp_loss":35,"event_name":"Ghosts","floor":30,"gold_loss":0,"cards_obtained":["Ghostly","Ghostly","Ghostly","Ghostly","Ghostly"]},{"damage_healed":0,"gold_gain":0,"player_choice":"Traded Relic","damage_taken":0,"relics_obtained":["Nloth\u0027s Gift"],"max_hp_gain":0,"max_hp_loss":0,"event_name":"N\u0027loth","floor":31,"relics_lost":["The Courier"],"gold_loss":0},{"damage_healed":0,"gold_gain":0,"player_choice":"Memory 1","damage_taken":0,"max_hp_gain":0,"max_hp_loss":0,"event_name":"SensoryStone","floor":37,"gold_loss":0},{"damage_healed":0,"gold_gain":0,"player_choice":"Paid","damage_taken":0,"relics_obtained":["Red Mask"],"max_hp_gain":0,"max_hp_loss":0,"event_name":"Tomb of Lord Red Mask","floor":39,"gold_loss":201},{"damage_healed":0,"gold_gain":0,"player_choice":"Fight","damage_taken":0,"max_hp_gain":0,"max_hp_loss":0,"event_name":"MindBloom","floor":41,"gold_loss":0},{"damage_healed":0,"gold_gain":0,"player_choice":"Max HP","damage_taken":0,"max_hp_gain":0,"max_hp_loss":2,"event_name":"Winding Halls","floor":45,"gold_loss":0}],"is_beta":false,"boss_relics":[{"not_picked":["Busted Crown","Velvet Choker"],"picked":"Cursed Key"},{"not_picked":["Runic Pyramid","Black Star"],"picked":"Philosopher\u0027s Stone"}],"items_purged_floors":[20,28],"is_endless":false,"potions_floor_spawned":[3,12,16,18,27,33,41,42,46,48],"ascension_level":6}}