{"host":"3nces2ajq3sg92g2","time":1610176391,"event":{"mods":["ATMod(°¢èªMod)","BaseMod","Colored Powertips","Conspire","Downfall","Minty Spire (QoL Compilation)","Shop Mod","StSLib","The Animator"],"gold_per_floor":[18,18,42,56,56,99,99,122,173,189,209,209,209],"floor_reached":12,"playtime":1549,"items_purged":[],"score":86,"play_id":"7a5aba62-9d2b-4223-aa3f-18a890b08874","local_time":"20210109151311","is_ascension_mode":true,"campfire_choices":[{"floor":7.0,"key":"RECALL"}],"circlet_count":0,"master_deck":["Strike_R","Strike_R","Strike_R","Strike_R","Strike_R","Defend_R","Defend_R","Defend_R","Defend_R","Bash","AT_FocusSwordFire","expansioncontent:QuickStudy","conspire:Charge","Intimidate","Sword Boomerang","Pain","Anger","Clothesline","Clash","Bloodletting"],"relics":["Burning Blood","AT_ATBox","Golden Idol","WarpedTongs","conspire:DecoderRing"],"acts_visited":["Exordium"],"potions_floor_usage":[],"damage_taken":[{"damage":0.0,"enemies":"conspire:RoseBush","floor":1.0,"turns":3.0},{"damage":0.0,"enemies":"Jaw Worm","floor":3.0,"turns":4.0},{"damage":0.0,"enemies":"Cultist","floor":4.0,"turns":3.0},{"damage":35.0,"enemies":"Lagavulin","floor":6.0,"turns":7.0},{"damage":27.0,"enemies":"Gremlin Gang","floor":8.0,"turns":4.0},{"damage":13.0,"enemies":"Exordium Wildlife","floor":10.0,"turns":3.0},{"damage":1.0,"enemies":"3 Louse","floor":11.0,"turns":3.0},{"damage":51,"enemies":"Gremlin Nob","floor":12,"turns":4}],"seed_played":"-3446348633504523365","potions_obtained":[{"floor":3.0,"key":"conspire:TimeTravelPotion"},{"floor":4.0,"key":"Explosive Potion"},{"floor":6.0,"key":"Dexterity Potion"}],"is_trial":false,"path_per_floor":["M","?","M","M","?","E","R","M","T","M","M","E"],"character_chosen":"IRONCLAD","items_purchased":[],"campfire_rested":0,"item_purchase_floors":[],"current_hp_per_floor":[80,60,66,72,72,43,43,47,47,40,45,0,0],"gold":209,"neow_bonus":"RANDOM_COLORLESS_2","is_daily":false,"chose_seed":false,"campfire_upgraded":0,"win_rate":0.0,"timestamp":1610176391,"path_taken":["M","?","M","M","?","E","R","M","T","M","?","E"],"items_purchased_type":[],"build_version":"2020-12-22","purchased_purges":0,"victory":false,"max_hp_per_floor":[80,80,80,80,80,80,80,80,80,80,80,80,80],"card_choices":[{"not_picked":["AT_FamilyPortrait","Sadistic Nature"],"picked":"expansioncontent:QuickStudy","floor":0.0},{"not_picked":["Cleave","AT_IchimonjiDouble"],"picked":"conspire:Charge","floor":1.0},{"not_picked":["Burning Pact","Sword Boomerang"],"picked":"Intimidate","floor":3.0},{"not_picked":["Pommel Strike","Dark Embrace"],"picked":"Sword Boomerang","floor":4.0},{"not_picked":["Clothesline","Berserk"],"picked":"Anger","floor":6.0},{"not_picked":["True Grit","Headbutt"],"picked":"Clothesline","floor":8.0},{"not_picked":["Body Slam","Clothesline"],"picked":"Clash","floor":10.0},{"not_picked":["Dropkick","Disarm"],"picked":"Bloodletting","floor":11}],"player_experience":15486,"relics_obtained":[{"floor":6.0,"key":"conspire:DecoderRing"}],"event_choices":[{"damage_healed":0.0,"max_hp_gain":0.0,"max_hp_loss":0.0,"gold_gain":0.0,"event_name":"Golden Idol","player_choice":"Take Damage","floor":2.0,"gold_loss":0.0,"damage_taken":20.0,"relics_obtained":["Golden Idol"]},{"damage_healed":0.0,"max_hp_gain":0.0,"max_hp_loss":0.0,"gold_gain":0.0,"event_name":"Accursed Blacksmith","player_choice":"Rummage","floor":5.0,"gold_loss":0.0,"damage_taken":0.0,"relics_obtained":["WarpedTongs"],"cards_obtained":["Pain"]}],"is_beta":false,"boss_relics":[],"items_purged_floors":[],"is_endless":false,"potions_floor_spawned":[3,4,6],"killed_by":"Gremlin Nob","ascension_level":1}}