{"host":"k3q0k2m1mxhfmd6y","time":1610216710,"event":{"mods":["AchievementEnabler","BaseMod","BetterRewards","Colored Map","Colored Powertips","Downfall","Googly Eyes","Hubris","Minty Spire (QoL Compilation)","Permanent Neow","Quick Restart","Replay The Spire","StSLib","SuperFastMode","The IronCluck","slay the spire mod where everything is the same but ironclad has a cowboy hat"],"gold_per_floor":[109,129,129,140,116,147,147,175,175,205,222,237,237,252,252,350,400,416,416,97,112,124,124,124,142,165,165,165,165],"floor_reached":28,"playtime":721,"items_purged":["Strike_G"],"score":252,"play_id":"afb33107-4135-4bda-88ea-7e2a92ec61ce","local_time":"20210109182510","is_ascension_mode":true,"campfire_choices":[{"floor":7,"key":"REST"},{"floor":13,"key":"REST"},{"floor":15,"key":"REST"},{"floor":23,"key":"REST"}],"circlet_count":0,"master_deck":["Strike_G","Strike_G","Strike_G","Defend_G+1","Defend_G","Defend_G","Defend_G+1","Defend_G+1","Survivor","Neutralize","Poisoned Stab","Flying Knee","Flechettes","Poisoned Stab","Dagger Spray","Footwork","Deadly Poison","Deadly Poison","Envenom+1","Bane+1","Bane+1"],"relics":["Black Star","Tiny Chest","Iron Hammer","StoneCalendar","InkBottle","Golden Egg","Gremlin Food","Bird Faced Urn","Tiny House","Pantograph","Blue Candle","Juzu Bracelet","Garlic"],"acts_visited":["Exordium","TheCity"],"potions_floor_usage":[6,8,22,28],"damage_taken":[{"damage":7,"enemies":"Jaw Worm","floor":1,"turns":7},{"damage":1,"enemies":"Cultist","floor":2,"turns":4},{"damage":0,"enemies":"2 Louse","floor":4,"turns":2},{"damage":22,"enemies":"Lagavulin","floor":6,"turns":7},{"damage":4,"enemies":"Gremlin Nob","floor":8,"turns":3},{"damage":29,"enemies":"3 Sentries","floor":10,"turns":5},{"damage":0,"enemies":"Exordium Thugs","floor":11,"turns":4},{"damage":0,"enemies":"3 Louse","floor":12,"turns":1},{"damage":13,"enemies":"Blue Slaver","floor":14,"turns":3},{"damage":32,"enemies":"Fading Forest","floor":16,"turns":11},{"damage":31,"enemies":"Shell Parasite","floor":18,"turns":6},{"damage":17,"enemies":"3 Byrds","floor":21,"turns":5},{"damage":29,"enemies":"Sentry and Sphere","floor":22,"turns":5},{"damage":34,"enemies":"Centurion and Healer","floor":25,"turns":6},{"damage":48,"enemies":"Shelled Parasite and Fungi","floor":28,"turns":4}],"seed_played":"2782964861506788905","potions_obtained":[{"floor":2,"key":"SpeedPotion"},{"floor":6,"key":"ColorlessPotion"},{"floor":11,"key":"Swift Potion"},{"floor":17,"key":"Strength Potion"},{"floor":25,"key":"Slimebound:ThreeZeroPotion"}],"is_trial":false,"path_per_floor":["M","M","?","M","$","E","R","E","T","E","M","M","R","M","R","B",null,"M","?","$","M","M","R","T","M","T","?","M"],"character_chosen":"THE_SILENT","items_purchased":["Poisoned Stab","Pantograph"],"campfire_rested":4,"item_purchase_floors":[5,20],"current_hp_per_floor":[63,62,62,62,62,40,61,57,57,28,28,28,49,38,59,39,75,46,75,75,62,37,59,59,29,29,29,0,0],"gold":165,"neow_bonus":"BOSS_RELIC","is_daily":false,"chose_seed":false,"campfire_upgraded":0,"win_rate":0.0,"timestamp":1610216710,"path_taken":["M","M","?","M","$","E","R","E","T","E","M","?","R","M","R","BOSS","M","?","$","M","?","R","?","M","T","?","M"],"items_purchased_type":["Card","Relic"],"build_version":"2020-12-22","purchased_purges":1,"victory":false,"max_hp_per_floor":[70,70,70,70,70,70,70,70,70,70,70,70,70,70,70,70,75,75,75,75,75,75,75,75,75,75,75,75,75],"card_choices":[{"not_picked":["Cloak And Dagger","Quick Slash"],"picked":"Poisoned Stab","floor":1},{"not_picked":["Backstab","Underhanded Strike"],"picked":"Flying Knee","floor":2},{"not_picked":["ReplayTheSpireMod:The Works","Hidden Blade","Setup"],"picked":"SKIP","floor":4},{"not_picked":["Flying Knee","Adrenaline"],"picked":"Dagger Spray","floor":6},{"not_picked":["Slice","Deflect","Predator"],"picked":"SKIP","floor":8},{"not_picked":["Endless Agony","Underhanded Strike","Dagger Throw"],"picked":"SKIP","floor":10},{"not_picked":["hubris:Sniper","ReplayTheSpireMod:Scrap Shanks"],"picked":"Footwork","floor":11},{"not_picked":["Replay:Poison Smokescreen","Acrobatics"],"picked":"Deadly Poison","floor":12},{"not_picked":["Concentrate","Blade Dance"],"picked":"Deadly Poison","floor":14},{"not_picked":["Night Terror","Doppelganger"],"picked":"Envenom","floor":16},{"not_picked":["Dash","Cloak And Dagger"],"picked":"Bane","floor":17},{"not_picked":["Finisher","Cloak And Dagger"],"picked":"Bane+1","floor":18},{"not_picked":["Cloak And Dagger","Acrobatics+1","Dodge and Roll"],"picked":"SKIP","floor":21},{"not_picked":["hubris:SlightOfHand","Dagger Throw","Sucker Punch"],"picked":"SKIP","floor":22},{"not_picked":["Accuracy","Hidden Blade+1","Deadly Poison+1"],"picked":"SKIP","floor":25}],"player_experience":110707,"relics_obtained":[{"floor":6,"key":"Tiny Chest"},{"floor":6,"key":"Iron Hammer"},{"floor":8,"key":"StoneCalendar"},{"floor":8,"key":"InkBottle"},{"floor":9,"key":"Golden Egg"},{"floor":10,"key":"Gremlin Food"},{"floor":10,"key":"Bird Faced Urn"},{"floor":24,"key":"Blue Candle"},{"floor":26,"key":"Juzu Bracelet"}],"event_choices":[{"damage_healed":0,"gold_gain":0,"cards_transformed":["Strike_G"],"player_choice":"Transformed","damage_taken":0,"max_hp_gain":0,"max_hp_loss":0,"event_name":"Transmorgrifier","floor":3,"gold_loss":0,"cards_obtained":["Flechettes"]},{"damage_healed":29,"gold_gain":0,"player_choice":"Full Heal","damage_taken":0,"max_hp_gain":0,"max_hp_loss":0,"event_name":"Wheel of Change","floor":19,"gold_loss":0},{"damage_healed":0,"gold_gain":0,"player_choice":"Gave Potion","damage_taken":0,"relics_obtained":["Garlic"],"max_hp_gain":0,"max_hp_loss":0,"event_name":"WeMeetAgain","floor":27,"gold_loss":0}],"is_beta":false,"boss_relics":[{"not_picked":["ReplayTheSpireMod:DimensionalGlitch","Abe\u0027s Treasure"],"picked":"Tiny House"}],"items_purged_floors":[20],"is_endless":false,"potions_floor_spawned":[2,6,11,25],"killed_by":"Shelled Parasite and Fungi","ascension_level":1}}