{"host":"l15sdf2mmi0nobpi","time":1610175977,"event":{"mods":["ATMod(°¢èªMod)","BaseMod","Highlight Path","Minty Spire (QoL Compilation)","Quick Restart","StSLib","¡¾¹¦ÄÜMod¡¿Neow½±Àø"],"gold_per_floor":[109,127,138,63,63,63,63,88,88,107,140,140,159,170,170,248,248,268,281,206,221,241,241,241,275,275,306,318,351,351,378,378,454,454,470,470,480,480,496,527,527,579,579,592,627,627,309,335,335,335,335,335,335,191,218,218],"floor_reached":57,"playtime":2119,"items_purged":["AT_DrawKnifeCut","Defend_R"],"score":3510,"play_id":"8d63866e-8036-4415-8780-6f7d309fcceb","local_time":"20210109150617","is_ascension_mode":true,"campfire_choices":[{"data":"Armaments","floor":6.0,"key":"SMITH"},{"floor":12.0,"key":"RECALL"},{"data":"Shrug It Off","floor":15.0,"key":"SMITH"},{"data":"Barricade","floor":23.0,"key":"SMITH"},{"data":"Power Through","floor":30.0,"key":"SMITH"},{"data":"Second Wind","floor":32.0,"key":"SMITH"},{"floor":41.0,"key":"REST"},{"floor":46.0,"key":"REST"},{"floor":49.0,"key":"REST"},{"floor":53,"key":"REST"}],"circlet_count":0,"master_deck":["AscendersBane","Defend_R","Defend_R","AT_BodySlamDance+1","Second Wind+1","Armaments+1","Shrug It Off+1","Barricade+1","Shrug It Off+1","Battle Trance+1","Flame Barrier+1","Rage","Power Through+1","AT_ShrugMaster","Shockwave+1","AT_ShrugMaster","Offering"],"relics":["Burning Blood","AT_ATBox","The Courier","PreservedInsect","AT_Kusabimaru","Astrolabe","Strawberry","AT_EbonyIvory","Tiny Chest","Lantern","Fusion Hammer","WingedGreaves","Vajra","AT_RedNoBalance","Question Card","Omamori","AT_SpeedBoots","Nunchaku","Boot"],"acts_visited":["Exordium","TheCity","TheBeyond","TheEnding"],"potions_floor_usage":[56],"damage_taken":[{"damage":4.0,"enemies":"Small Slimes","floor":1.0,"turns":4.0},{"damage":0.0,"enemies":"Jaw Worm","floor":2.0,"turns":2.0},{"damage":10.0,"enemies":"2 Louse","floor":3.0,"turns":2.0},{"damage":24.0,"enemies":"Gremlin Nob","floor":8.0,"turns":4.0},{"damage":8.0,"enemies":"Lots of Slimes","floor":10.0,"turns":3.0},{"damage":0.0,"enemies":"Lagavulin","floor":11.0,"turns":6.0},{"damage":2.0,"enemies":"3 Louse","floor":13.0,"turns":2.0},{"damage":20.0,"enemies":"Exordium Thugs","floor":14.0,"turns":7.0},{"damage":31.0,"enemies":"Hexaghost","floor":16.0,"turns":9.0},{"damage":0.0,"enemies":"Spheric Guardian","floor":18.0,"turns":2.0},{"damage":13.0,"enemies":"3 Byrds","floor":19.0,"turns":3.0},{"damage":0.0,"enemies":"Centurion and Healer","floor":21.0,"turns":4.0},{"damage":9.0,"enemies":"Shelled Parasite and Fungi","floor":22.0,"turns":3.0},{"damage":4.0,"enemies":"Slavers","floor":25.0,"turns":4.0},{"damage":0.0,"enemies":"Gremlin Leader","floor":27.0,"turns":3.0},{"damage":0.0,"enemies":"Snake Plant","floor":28.0,"turns":3.0},{"damage":0.0,"enemies":"Book of Stabbing","floor":29.0,"turns":3.0},{"damage":6.0,"enemies":"Gremlin Leader","floor":31.0,"turns":5.0},{"damage":0.0,"enemies":"Collector","floor":33.0,"turns":6.0},{"damage":0.0,"enemies":"3 Darklings","floor":35.0,"turns":3.0},{"damage":0.0,"enemies":"Orb Walker","floor":37.0,"turns":1.0},{"damage":0.0,"enemies":"4 Shapes","floor":39.0,"turns":4.0},{"damage":6.0,"enemies":"Reptomancer","floor":40.0,"turns":4.0},{"damage":0.0,"enemies":"Maw","floor":44.0,"turns":4.0},{"damage":0.0,"enemies":"Nemesis","floor":45.0,"turns":5.0},{"damage":1.0,"enemies":"Reptomancer","floor":48.0,"turns":2.0},{"damage":0,"enemies":"Donu and Deca","floor":50,"turns":4},{"damage":0,"enemies":"Time Eater","floor":51,"turns":3},{"damage":0,"enemies":"Shield and Spear","floor":55,"turns":3},{"damage":20,"enemies":"The Heart","floor":56,"turns":7}],"seed_played":"8952572129995348995","potions_obtained":[{"floor":1.0,"key":"ElixirPotion"},{"floor":3.0,"key":"Swift Potion"},{"floor":8.0,"key":"AttackPotion"},{"floor":10.0,"key":"Regen Potion"},{"floor":18.0,"key":"BloodPotion"},{"floor":25.0,"key":"LiquidBronze"},{"floor":27.0,"key":"SneckoOil"},{"floor":37.0,"key":"DistilledChaos"}],"is_trial":false,"path_per_floor":["M","M","M","?","?","R","?","E","T","M","E","R","M","M","R","B",null,"M","M","?","M","M","R","?","E","T","E","M","E","R","E","R","B",null,"M","?","M","?","M","E","R","T","T","M","E","R","$","E","R","B","B",null,"R","$","E","B",null],"character_chosen":"IRONCLAD","items_purchased":["Omamori","AT_SpeedBoots","AT_ShrugMaster"],"campfire_rested":4,"item_purchase_floors":[47,47,54],"current_hp_per_floor":[52,58,54,54,54,54,54,36,36,34,40,40,44,38,38,17,61,67,60,60,66,63,63,59,82,82,82,82,82,82,82,82,82,82,82,78,78,78,78,78,78,78,78,45,45,68,68,44,67,73,78,78,78,78,78,64],"gold":218,"neow_bonus":"REMOVE_TWO","is_daily":false,"chose_seed":false,"campfire_upgraded":5,"win_rate":0.0,"timestamp":1610175977,"path_taken":["M","M","M","?","?","R","?","E","T","M","E","R","M","M","R","BOSS","M","M","?","M","?","R","?","E","T","E","M","E","R","E","R","BOSS","M","?","M","?","?","E","R","?","T","?","E","R","$","E","R","BOSS","BOSS","R","$","E","BOSS"],"items_purchased_type":["Relic","Relic","Card"],"build_version":"2020-12-22","purchased_purges":2,"victory":true,"max_hp_per_floor":[75,75,75,75,75,75,75,75,75,75,75,75,75,75,75,75,75,75,75,75,75,75,75,75,82,82,82,82,82,82,82,82,82,82,82,78,78,78,78,78,78,78,78,78,78,78,78,78,78,78,78,78,78,78,78,78],"card_choices":[{"not_picked":["Uppercut","Anger"],"picked":"Second Wind","floor":1.0},{"not_picked":["Blood for Blood","Thunderclap","Heavy Blade"],"picked":"SKIP","floor":2.0},{"not_picked":["Clothesline","Seeing Red"],"picked":"Armaments","floor":3.0},{"not_picked":["Heavy Blade","Flex","Cleave"],"picked":"SKIP","floor":8.0},{"not_picked":["Clothesline","Warcry","Pommel Strike"],"picked":"SKIP","floor":10.0},{"not_picked":["AT_CaressingTears","Intimidate","Sever Soul"],"picked":"SKIP","floor":11.0},{"not_picked":["Havoc","AT_BodySlamDance"],"picked":"Reaper","floor":13.0},{"not_picked":["Armaments","True Grit"],"picked":"Shrug It Off","floor":14.0},{"not_picked":["Double Tap","AT_Dispersion"],"picked":"Barricade","floor":16.0},{"not_picked":["AT_IchimonjiDouble","Thunderclap","Armaments"],"picked":"SKIP","floor":18.0},{"not_picked":["Body Slam","Sever Soul","Perfected Strike"],"picked":"SKIP","floor":19.0},{"not_picked":["Twin Strike","Anger","Infernal Blade"],"picked":"SKIP","floor":21.0},{"not_picked":["Reckless Charge","Heavy Blade","Sever Soul"],"picked":"SKIP","floor":22.0},{"not_picked":["Rupture","Anger","Demon Form"],"picked":"SKIP","floor":25.0},{"not_picked":["Sword Boomerang+1","Bludgeon"],"picked":"Power Through","floor":27.0},{"not_picked":["Armaments","Cleave","Havoc"],"picked":"SKIP","floor":28.0},{"not_picked":["Feel No Pain","Armaments"],"picked":"AT_ShrugMaster","floor":29.0},{"not_picked":["Perfected Strike","Spot Weakness","Thunderclap"],"picked":"SKIP","floor":31.0},{"not_picked":["Pummel+1","Fire Breathing+1","AT_DrawKnifeCut"],"picked":"SKIP","floor":35.0},{"not_picked":["Inflame","Pommel Strike+1"],"picked":"Shockwave","floor":37.0},{"not_picked":["AT_CaressingTears","Metallicize","Cleave"],"picked":"SKIP","floor":39.0},{"not_picked":["True Grit","Heavy Blade+1","Shrug It Off"],"picked":"SKIP","floor":40.0},{"not_picked":["Second Wind","Rage","Pommel Strike+1"],"picked":"SKIP","floor":44.0},{"not_picked":["Uppercut","Fiend Fire","Heavy Blade"],"picked":"SKIP","floor":45.0},{"not_picked":["Body Slam","True Grit","Sentinel","Blood for Blood+1"],"picked":"SKIP","floor":48.0},{"not_picked":["Hemokinesis+1","Anger","Blood for Blood"],"picked":"Offering","floor":55}],"player_experience":434061,"relics_obtained":[{"floor":8.0,"key":"The Courier"},{"floor":9.0,"key":"PreservedInsect"},{"floor":11.0,"key":"AT_Kusabimaru"},{"floor":25.0,"key":"Strawberry"},{"floor":27.0,"key":"AT_EbonyIvory"},{"floor":29.0,"key":"Tiny Chest"},{"floor":31.0,"key":"Lantern"},{"floor":40.0,"key":"WingedGreaves"},{"floor":42.0,"key":"Vajra"},{"floor":43.0,"key":"AT_SilverBalance"},{"floor":45.0,"key":"Question Card"},{"floor":48.0,"key":"Nunchaku"},{"floor":55,"key":"Boot"}],"event_choices":[{"cards_removed":["Strike_R"],"damage_healed":0.0,"max_hp_gain":0.0,"max_hp_loss":0.0,"gold_gain":0.0,"event_name":"The Cleric","player_choice":"Card Removal","floor":4.0,"gold_loss":75.0,"damage_taken":0.0},{"damage_healed":0.0,"max_hp_gain":0.0,"max_hp_loss":0.0,"gold_gain":0.0,"event_name":"Scrap Ooze","player_choice":"Fled","floor":5.0,"gold_loss":0.0,"damage_taken":0.0},{"damage_healed":0.0,"max_hp_gain":0.0,"max_hp_loss":0.0,"gold_gain":0.0,"event_name":"Living Wall","player_choice":"Grow","floor":7.0,"gold_loss":0.0,"damage_taken":0.0,"cards_upgraded":["AT_BodySlamDance"]},{"damage_healed":0.0,"max_hp_gain":0.0,"max_hp_loss":0.0,"gold_gain":0.0,"cards_transformed":["Bash","Defend_R"],"event_name":"Designer","player_choice":"Transformed Cards","floor":20.0,"gold_loss":75.0,"damage_taken":0.0,"cards_obtained":["Rage","AT_DrawKnifeCut"]},{"damage_healed":0.0,"max_hp_gain":0.0,"max_hp_loss":0.0,"gold_gain":0.0,"event_name":"The Woman in Blue","player_choice":"Bought 0 Potions","floor":24.0,"gold_loss":0.0,"damage_taken":0.0},{"damage_healed":0.0,"max_hp_gain":0.0,"max_hp_loss":4.0,"gold_gain":0.0,"event_name":"Winding Halls","player_choice":"Max HP","floor":36.0,"gold_loss":0.0,"damage_taken":0.0},{"damage_healed":0.0,"max_hp_gain":0.0,"max_hp_loss":0.0,"gold_gain":0.0,"event_name":"Accursed Blacksmith","player_choice":"Forge","floor":38.0,"gold_loss":0.0,"damage_taken":0.0,"cards_upgraded":["Shockwave"]}],"is_beta":false,"boss_relics":[{"not_picked":["SacredBark","AT_TrinityForce"],"picked":"Astrolabe"},{"not_picked":["Tiny House","AT_MortalBlade"],"picked":"Fusion Hammer"}],"items_purged_floors":[47,54],"is_endless":false,"potions_floor_spawned":[1,3,8,10,18,25,27,37,44,45,55],"ascension_level":20}}