{"host":"sxuxxxc6yxgqlsd9","time":1610177578,"event":{"mods":["BaseMod","Minty Spire (QoL Compilation)","Shop Mod","StSLib"],"gold_per_floor":[112,129,148,165,175,175,175,194,219,230,248,18,45,63,63,167,167,187,200,220,235,235,235,235,252,252,252,269,288,288,304,304,304,304],"floor_reached":33,"playtime":2659,"items_purged":[],"score":284,"play_id":"fe076e69-b977-45a7-821a-97acb9631275","local_time":"20210109153258","is_ascension_mode":false,"campfire_choices":[{"data":"Zap","floor":7,"key":"SMITH"},{"floor":15,"key":"REST"},{"floor":24,"key":"REST"},{"floor":27,"key":"REST"},{"floor":30,"key":"REST"},{"floor":32,"key":"REST"}],"circlet_count":0,"master_deck":["Strike_B+1","Strike_B+1","Strike_B+1","Strike_B+1","Defend_B+1","Defend_B+1","Defend_B+1","Defend_B+1","Zap+1","Dualcast","Gash","Leap","Gash","Ball Lightning","Pain","Genetic Algorithm","Gash","Conserve Battery","Gash","Apotheosis","Seek","Conserve Battery","Compile Driver","Conserve Battery+1","Gash+1"],"relics":["Cracked Core","WarpedTongs","Bronze Scales","Potion Belt","Nuclear Battery","Toxic Egg 2"],"acts_visited":["Exordium","TheCity"],"potions_floor_usage":[19,25,25,31,31,33,33,33],"damage_taken":[{"damage":0,"enemies":"Cultist","floor":1,"turns":4},{"damage":0,"enemies":"Small Slimes","floor":2,"turns":4},{"damage":0,"enemies":"Jaw Worm","floor":3,"turns":4},{"damage":6,"enemies":"2 Fungi Beasts","floor":4,"turns":4},{"damage":11,"enemies":"Red Slaver","floor":5,"turns":4},{"damage":3,"enemies":"Blue Slaver","floor":8,"turns":3},{"damage":5,"enemies":"Looter","floor":10,"turns":2},{"damage":8,"enemies":"3 Louse","floor":11,"turns":2},{"damage":28,"enemies":"Lagavulin","floor":13,"turns":6},{"damage":0,"enemies":"2 Fungi Beasts","floor":14,"turns":3},{"damage":9,"enemies":"Slime Boss","floor":16,"turns":8},{"damage":24,"enemies":"2 Thieves","floor":18,"turns":4},{"damage":5,"enemies":"Chosen","floor":19,"turns":4},{"damage":6,"enemies":"Centurion and Healer","floor":20,"turns":6},{"damage":19,"enemies":"Snake Plant","floor":21,"turns":5},{"damage":16,"enemies":"Snecko","floor":25,"turns":5},{"damage":11,"enemies":"Cultist and Chosen","floor":28,"turns":6},{"damage":8,"enemies":"Snake Plant","floor":29,"turns":3},{"damage":22,"enemies":"Shelled Parasite and Fungi","floor":31,"turns":5},{"damage":70,"enemies":"Champ","floor":33,"turns":11}],"seed_played":"-1792642197165378443","potions_obtained":[{"floor":3,"key":"EssenceOfSteel"},{"floor":4,"key":"Weak Potion"},{"floor":5,"key":"Energy Potion"},{"floor":13,"key":"Swift Potion"},{"floor":16,"key":"LiquidMemories"},{"floor":19,"key":"EssenceOfSteel"},{"floor":29,"key":"SkillPotion"},{"floor":31,"key":"DuplicationPotion"}],"is_trial":false,"path_per_floor":["M","M","M","M","M","?","R","M","T","M","M","$","E","M","R","B",null,"M","M","M","M","?","?","R","M","T","R","M","M","R","M","R","B"],"character_chosen":"DEFECT","items_purchased":["Gash","Apotheosis"],"campfire_rested":5,"item_purchase_floors":[12,12],"current_hp_per_floor":[82,82,82,76,65,65,65,62,62,57,49,49,21,21,45,36,82,58,53,47,28,28,28,52,36,36,60,49,41,65,43,67,0,0],"gold":304,"neow_bonus":"TEN_PERCENT_HP_BONUS","is_daily":false,"chose_seed":false,"campfire_upgraded":1,"win_rate":0.0,"timestamp":1610177578,"path_taken":["M","M","?","M","M","?","R","M","T","M","M","$","E","M","R","BOSS","M","?","M","M","?","?","R","?","T","R","M","M","R","M","R","BOSS"],"items_purchased_type":["Card","Card"],"build_version":"2020-12-22","purchased_purges":0,"victory":false,"max_hp_per_floor":[82,82,82,82,82,82,82,82,82,82,82,82,82,82,82,82,82,82,82,82,82,82,82,82,82,82,82,82,82,82,82,82,82,82],"card_choices":[{"not_picked":["Cold Snap","Loop"],"picked":"Gash","floor":1},{"not_picked":["Beam Cell","Undo"],"picked":"Leap","floor":2},{"not_picked":["Cold Snap","Compile Driver"],"picked":"Gash","floor":3},{"not_picked":["Storm","Beam Cell"],"picked":"Ball Lightning","floor":4},{"not_picked":["Biased Cognition","Steam Power","Blizzard"],"picked":"SKIP","floor":5},{"not_picked":["Loop","Blizzard"],"picked":"Genetic Algorithm","floor":8},{"not_picked":["Stack","Go for the Eyes"],"picked":"Gash","floor":10},{"not_picked":["Barrage","Beam Cell"],"picked":"Conserve Battery","floor":11},{"not_picked":["Barrage","Auto Shields","Streamline"],"picked":"SKIP","floor":13},{"not_picked":["Sweeping Beam","Redo","Reinforced Body"],"picked":"SKIP","floor":14},{"not_picked":["All For One","Amplify"],"picked":"Seek","floor":16},{"not_picked":["Steam+1","Rebound","Skim"],"picked":"SKIP","floor":18},{"not_picked":["Sweeping Beam","Steam Power+1","Streamline"],"picked":"SKIP","floor":19},{"not_picked":["Chaos","Amplify","Static Discharge"],"picked":"SKIP","floor":20},{"not_picked":["Chaos+1","Cold Snap"],"picked":"Conserve Battery","floor":21},{"not_picked":["Recycle","Reinforced Body+1","Aggregate"],"picked":"SKIP","floor":25},{"not_picked":["Barrage","Blizzard"],"picked":"Conserve Battery+1","floor":28},{"not_picked":["Reinforced Body+1","Undo+1","Redo+1"],"picked":"SKIP","floor":29},{"not_picked":["Cold Snap","Skim+1"],"picked":"Gash+1","floor":31}],"player_experience":105002,"relics_obtained":[{"floor":9,"key":"Bronze Scales"},{"floor":13,"key":"Potion Belt"},{"floor":26,"key":"Toxic Egg 2"}],"event_choices":[{"damage_healed":0,"gold_gain":0,"player_choice":"Rummage","damage_taken":0,"relics_obtained":["WarpedTongs"],"max_hp_gain":0,"max_hp_loss":0,"event_name":"Accursed Blacksmith","floor":6,"gold_loss":0,"cards_obtained":["Pain"]},{"damage_healed":0,"gold_gain":0,"player_choice":"Simplicity","damage_taken":0,"max_hp_gain":0,"max_hp_loss":0,"event_name":"Back to Basics","floor":22,"gold_loss":0,"cards_upgraded":["Strike_B","Strike_B","Strike_B","Strike_B","Defend_B","Defend_B","Defend_B","Defend_B"]},{"damage_healed":0,"gold_gain":0,"player_choice":"1 cards matched","damage_taken":0,"max_hp_gain":0,"max_hp_loss":0,"event_name":"Match and Keep!","floor":23,"gold_loss":0,"cards_obtained":["Compile Driver"]}],"is_beta":false,"boss_relics":[{"not_picked":["Busted Crown","Snecko Eye"],"picked":"Nuclear Battery"}],"items_purged_floors":[],"is_endless":false,"potions_floor_spawned":[3,4,5,11,13,16,18,19,29,31],"killed_by":"Champ","ascension_level":0}}