{"host":"853vx6s5mj9srtgy","time":1610211477,"event":{"mods":["2.2 Compatiblity","Act Like it!","Aspiration","BaseMod","Better Altar","Better Note","Better Sensory Stone","Better Skull","Better Third Choice","Better Vampires","CCEM","CapriCore","Colored Powertips","Communication Mod","Conspire","Downfall","Friendly Minions","Gensokyo","GifTheSpireLib","Halation","Hubris","Infinite Spire","Koishi","LagranYue(©Ô®æ®Ô¡P¤ë)","Marisa¡]Ãú«B¡@Å]²z¨F¡^","Minty Spire (QoL Compilation)","MostiFishMod","Permanent Neow","Quick Restart","Rare Cards Sparkle","Red Circlet Mod","Reimu¡]³Õ???¡^","Relic Sorter","Relic Stats","Remilia¡]Á¢¦Ì²ú?¡^","Replay The Spire","RumiaBox-ÅS¦Ì?ªº¯«¯µ²°¤l","Ryuuou?¤ý","Small Relic Pack","Spicy Shops","Spikes Relics","StSLib","Starting Relic: Pandora\u0027s Box","TestMod","The Immortal","The Servant 0.9.4","Unknown Chances","Wandering Minibosses","Yakumo Yukari mod","Youmu¡]»î¾z§¯?¡^","Yuyuko","noobMod","yUi","¡i¥\¯àMod¡j²V¨P¤§?­×Î`?¤B"],"gold_per_floor":[111,111,111,902,919,919,945,945,945,989,1051,1103,1172,1222,1222,1371,1371,1432,1465,1715,1715,1741,1769,1769,1894,1946,1946,1966,1966,2110,2145,2145,2145,2145],"floor_reached":33,"playtime":2506,"items_purged":[],"score":525,"play_id":"2817bb0c-086a-43a9-b79b-fcf09beb1a5c","local_time":"20210110005757","is_ascension_mode":true,"campfire_choices":[{"data":"Robbery","floor":6,"key":"SMITH"},{"data":"WitchOfGreed","floor":8,"key":"SMITH"},{"floor":15,"key":"DIG"},{"data":"FinalSpark","floor":24,"key":"SMITH"},{"data":"CollectingQuirk","floor":27,"key":"SMITH"}],"circlet_count":0,"master_deck":["Madness+1","MasterSpark+1","UpSweep","6A","AsteroidBelt","6A","RefractionSpark","6A","MeteoricShower","OrrerysSun","AsteroidBelt","ShootingEcho","Robbery+1","WitchOfGreed+1","PowerUp","PowerUp+1","BigCrunch","DarkSpark","SuperNova","FinalSpark+1","DoubleSpark+1","GrandCross","SuperPerseids","BlazingStar","CollectingQuirk+1","PropBag+1","MysteriousBeam","GravityBeat","Gensokyo:FourOfAKind","Gensokyo:FourOfAKind","Gensokyo:FourOfAKind","Gensokyo:FourOfAKind"],"relics":["MiniHakkero","hubris:Icosahedron","testmod-TestBox","ice","LagranYue:RandomDrawCardRelic","SynthV:C4","testmod-AscensionHeart","SynthV:TestCard","Boot","Baka2","Bag of Preparation","CCEMRelics:TechnogenicHelmet","testmod-InjuryResistance","testmod-Fanaticism","Gensokyo:RedStar","hubris:TenFootPole","conspire:Flyswatter","SnailShell","CCEMRelics:SpiritsEdge"],"acts_visited":["Gensokyo:Gensokyo","Gensokyo:Gensokyoer"],"potions_floor_usage":[11,13,14,16,16,18,19,31,33,33],"damage_taken":[{"damage":0,"enemies":"Gensokyo:2_Kodama","floor":1,"turns":3},{"damage":8,"enemies":"Gensokyo:Gryphon","floor":5,"turns":2},{"damage":1,"enemies":"Gensokyo:3_Fairies","floor":7,"turns":4},{"damage":0,"enemies":"Gensokyo:LivingMonolith","floor":10,"turns":2},{"damage":0,"enemies":"Gensokyo:VengefulSpirit","floor":11,"turns":2},{"damage":0,"enemies":"Gensokyo:2_Rabbits","floor":12,"turns":2},{"damage":12,"enemies":"Gensokyo:Python_and_Kodama","floor":13,"turns":3},{"damage":0,"enemies":"Gensokyo:Aya","floor":14,"turns":2},{"damage":0,"enemies":"Gensokyo:Reimu","floor":16,"turns":4},{"damage":14,"enemies":"Gensokyo:CosmicMonolith","floor":18,"turns":2},{"damage":40,"enemies":"Gensokyo:AngelMirror","floor":19,"turns":4},{"damage":0,"enemies":"Gensokyo:Reisen","floor":23,"turns":2},{"damage":19,"enemies":"Nightmare","floor":25,"turns":4},{"damage":0,"enemies":"Gensokyo:3_Gloops","floor":28,"turns":2},{"damage":25,"enemies":"Gensokyo:Wraith","floor":30,"turns":2},{"damage":26,"enemies":"Gensokyo:Slime_Group","floor":31,"turns":2},{"damage":54,"enemies":"Gensokyo:Kaguya","floor":33,"turns":4}],"seed_played":"2266443895275277422","potions_obtained":[{"floor":10,"key":"PowerPotion"},{"floor":10,"key":"BlessingOfTheForge"},{"floor":11,"key":"Toxic Potion"},{"floor":11,"key":"SneckoOil"},{"floor":13,"key":"Venom Potion"},{"floor":14,"key":"ColorlessPotion"},{"floor":18,"key":"Fire Potion"},{"floor":18,"key":"SpeedPotion"},{"floor":25,"key":"DuplicationPotion"},{"floor":28,"key":"AttackPotion"}],"is_trial":false,"path_per_floor":["M","?","?","?","M","R","M","R","T","M","M","M","M","E","R","B",null,"M","M","?","?","T","E","R","NM","T","R","M","?","M","M","R","B"],"character_chosen":"MARISA","items_purchased":[],"campfire_rested":0,"item_purchase_floors":[],"current_hp_per_floor":[75,75,75,11,3,3,2,2,2,2,2,75,75,60,60,60,87,74,52,52,52,52,52,52,53,53,53,53,53,50,35,35,32,32],"gold":2145,"neow_bonus":"UPGRADE_CARD","is_daily":false,"chose_seed":false,"campfire_upgraded":4,"win_rate":0.0,"timestamp":1610211477,"path_taken":["M","?","?","?","M","R","M","R","T","M","M","M","M","E","R","BOSS","M","M","?","?","?","E","R","NM","T","R","M","?","?","M","R","BOSS"],"items_purchased_type":[],"build_version":"2020-12-22","purchased_purges":0,"victory":false,"max_hp_per_floor":[75,75,75,75,75,75,75,75,75,75,75,75,78,86,86,87,87,88,98,93,93,93,93,93,100,100,100,100,100,104,105,74,42,42],"relic_stats":{"counters":[17,46],"Bag of Preparation":[26],"Boot":[79],"obtain_stats":[{"SnailShell":25,"testmod-TestBox":0,"DaveBox":0,"LagranYue:RandomDrawCardRelic":0,"Gremlin Horn":31,"ice":0,"Baka":1,"Bag of Preparation":9,"CCEMRelics:TechnogenicHelmet":14,"Boot":2,"Gensokyo:RedStar":21,"SynthV:C4":0,"testmod-AscensionHeart":0,"CCEMRelics:SpiritsEdge":26,"testmod-Fanaticism":17,"Baka2":5,"SynthV:TestCard":1,"testmod-InjuryResistance":15,"hubris:Icosahedron":29,"Ornamental Fan":30,"hubris:TenFootPole":22,"MiniHakkero":0,"conspire:Flyswatter":23},{"SnailShell":13,"testmod-TestBox":0,"DaveBox":0,"LagranYue:RandomDrawCardRelic":0,"Gremlin Horn":16,"ice":0,"Baka":1,"Bag of Preparation":3,"CCEMRelics:TechnogenicHelmet":8,"Boot":1,"Gensokyo:RedStar":11,"SynthV:C4":0,"testmod-AscensionHeart":0,"CCEMRelics:SpiritsEdge":13,"testmod-Fanaticism":9,"Baka2":2,"SynthV:TestCard":1,"testmod-InjuryResistance":8,"hubris:Icosahedron":14,"Ornamental Fan":15,"hubris:TenFootPole":11,"MiniHakkero":0,"conspire:Flyswatter":12},{"SnailShell":36,"testmod-TestBox":0,"DaveBox":0,"LagranYue:RandomDrawCardRelic":0,"Gremlin Horn":41,"ice":0,"Baka":3,"Bag of Preparation":9,"CCEMRelics:TechnogenicHelmet":20,"Boot":3,"Gensokyo:RedStar":30,"SynthV:C4":0,"testmod-AscensionHeart":0,"CCEMRelics:SpiritsEdge":36,"testmod-Fanaticism":24,"Baka2":5,"SynthV:TestCard":3,"testmod-InjuryResistance":20,"hubris:Icosahedron":38,"Ornamental Fan":39,"hubris:TenFootPole":30,"MiniHakkero":0,"conspire:Flyswatter":32}]},"card_choices":[{"not_picked":["MagicAbsorber","OneTimeOff"],"picked":"ShootingEcho","floor":1},{"not_picked":["RefractionSpark","GalacticHalo","StarBarrage","EventHorizon"],"picked":"Robbery","floor":5},{"not_picked":["LuminesStrike","DeepEcoloBomb","DC","6A"],"picked":"WitchOfGreed","floor":7},{"not_picked":["PulseMagic","WitchOfGreed","ChargeUpSpray","DoubleSpark"],"picked":"PowerUp","floor":10},{"not_picked":["MagicAbsorber","DoubleSpark","MysteriousBeam","AsteroidBelt"],"picked":"BigCrunch","floor":11},{"not_picked":["ManaConvection","MagicChant","OortCloud","GalacticHalo","EnergyFlow"],"picked":"SKIP","floor":12},{"not_picked":["Robbery","ManaConvection","DC","GalacticHalo"],"picked":"DarkSpark","floor":13},{"not_picked":["JA","EscapeVelocity","BinaryStars","FinalSpark"],"picked":"SuperNova","floor":14},{"not_picked":["JA","UltimateShortwave","ManaRampage","MaximisePower"],"picked":"FinalSpark","floor":16},{"not_picked":["DeepEcoloBomb","EventHorizon","GravityBeat","MilkyWay+1"],"picked":"DoubleSpark+1","floor":18},{"not_picked":["LuminesStrike+1","DC","ShootingEcho+1","Singularity"],"picked":"SuperPerseids","floor":19},{"not_picked":["BinaryStars","FinalSpark","MaximisePower","FinalSpark"],"picked":"BlazingStar","floor":23},{"not_picked":["TreasureHunter","TreasureHunter","BigCrunch","StarDustReverie"],"picked":"CollectingQuirk","floor":25},{"not_picked":["GalacticHalo","LuminesStrike","PowerUp","MysteriousBeam"],"picked":"PropBag+1","floor":28},{"not_picked":["NonDirectionalLaser","UnstableBomb+1","Acceleration","StarBarrage+1"],"picked":"MysteriousBeam","floor":30},{"not_picked":["SporeBomb","MilkyWay","ManaConvection","ShootingEcho"],"picked":"GravityBeat","floor":31}],"player_experience":338171,"relics_obtained":[{"floor":1,"key":"SynthV:TestCard"},{"floor":1,"key":"Baka"},{"floor":5,"key":"Baka2"},{"floor":9,"key":"Bag of Preparation"},{"floor":14,"key":"CCEMRelics:TechnogenicHelmet"},{"floor":15,"key":"testmod-InjuryResistance"},{"floor":22,"key":"hubris:TenFootPole"},{"floor":23,"key":"conspire:Flyswatter"},{"floor":25,"key":"SnailShell"},{"floor":26,"key":"CCEMRelics:SpiritsEdge"}],"event_choices":[{"damage_healed":0,"gold_gain":0,"player_choice":"Swap Relic","damage_taken":0,"relics_obtained":["Boot"],"max_hp_gain":0,"max_hp_loss":0,"event_name":"?¦Û¤vªº²°¤l","floor":2,"relics_lost":["DaveBox"],"gold_loss":0},{"damage_healed":0,"gold_gain":791,"player_choice":"GO GO GO GO GO GO GO ","damage_taken":71,"relics_obtained":[],"max_hp_gain":0,"max_hp_loss":0,"event_name":"betterSkull:BetterSkull","floor":4,"gold_loss":0,"cards_upgraded":[]}],"is_beta":false,"boss_relics":[{"not_picked":["halation:ForbiddenBikini","EE1DDrone"],"picked":"testmod-Fanaticism"}],"items_purged_floors":[],"is_endless":true,"potions_floor_spawned":[10,11,13,18,28,31],"killed_by":"Gensokyo:Kaguya","ascension_level":2}}