{"host":"ovxa65d68iy9l57e","time":1610151763,"event":{"mods":["AchievementEnabler","BaseMod","Better Altar","Better Skull","Better Vampires","Colored Map","Curses Come First","Minty Spire (QoL Compilation)","Relic Stats","StSLib"],"gold_per_floor":[110,123,88,102,27,27,64,77,77,77,77],"floor_reached":10,"playtime":576,"items_purged":["Strike_G"],"score":75,"play_id":"e2945987-b967-4363-b6a5-d8954559dc99","local_time":"20210109012243","is_ascension_mode":true,"campfire_choices":[{"data":"Noxious Fumes","floor":6,"key":"SMITH"}],"circlet_count":0,"master_deck":["Strike_G","Strike_G","Strike_G","Defend_G","Defend_G","Defend_G","Defend_G","Survivor","Neutralize","Backflip","Infinite Blades","Noxious Fumes+1","All Out Attack","Deadly Poison"],"relics":["Ring of the Snake","CeramicFish","Bottled Flame"],"acts_visited":["Exordium"],"potions_floor_usage":[7],"damage_taken":[{"damage":0,"enemies":"2 Louse","floor":1,"turns":2},{"damage":5,"enemies":"Jaw Worm","floor":2,"turns":6},{"damage":1,"enemies":"Cultist","floor":4,"turns":4},{"damage":21,"enemies":"Gremlin Nob","floor":7,"turns":5},{"damage":6,"enemies":"2 Fungi Beasts","floor":8,"turns":3},{"damage":31,"enemies":"Lagavulin","floor":10,"turns":5}],"seed_played":"-7693517819799659524","potions_obtained":[{"floor":4,"key":"Block Potion"}],"is_trial":false,"path_per_floor":["M","M","$","M","$","R","E","M","T","E"],"character_chosen":"THE_SILENT","items_purchased":["Noxious Fumes"],"campfire_rested":0,"item_purchase_floors":[3],"current_hp_per_floor":[63,58,58,57,57,57,36,30,30,0,0],"gold":77,"neow_bonus":"REMOVE_TWO","is_daily":false,"chose_seed":false,"campfire_upgraded":1,"win_rate":0.0,"timestamp":1610151763,"path_taken":["M","M","$","M","$","R","E","M","T","E"],"items_purchased_type":["Card"],"build_version":"2020-12-22","purchased_purges":1,"victory":false,"max_hp_per_floor":[63,63,63,63,63,63,63,63,63,63,63],"relic_stats":{"counters":[6,25],"CeramicFish":9,"obtain_stats":[{"Bottled Flame":9,"CeramicFish":7,"Ring of the Snake":0},{"Bottled Flame":5,"CeramicFish":4,"Ring of the Snake":0},{"Bottled Flame":20,"CeramicFish":17,"Ring of the Snake":0}],"Ring of the Snake":[12]},"card_choices":[{"not_picked":["Cloak And Dagger","Concentrate"],"picked":"Backflip","floor":1},{"not_picked":["Cloak And Dagger","Sucker Punch"],"picked":"Infinite Blades","floor":2},{"not_picked":["Deflect","Dodge and Roll"],"picked":"All Out Attack","floor":4},{"not_picked":["After Image","Heel Hook"],"picked":"Deadly Poison","floor":7},{"not_picked":["Dagger Throw","Backflip","Flying Knee"],"picked":"SKIP","floor":8}],"player_experience":256254,"relics_obtained":[{"floor":7,"key":"CeramicFish"},{"floor":9,"key":"Bottled Flame"}],"event_choices":[],"is_beta":false,"boss_relics":[],"items_purged_floors":[5],"is_endless":false,"potions_floor_spawned":[4],"killed_by":"Lagavulin","ascension_level":2}}