{"host":"renny","time":1610216345,"event":{"mods":["BaseMod","Colored Powertips","Minty Spire (QoL Compilation)","Permanent Neow","Reimu£¨²©ÀöÁéÃÎ£©","Shop Mod","Spicy Shops","StSLib","Td1madao Mod","TestMod","[IsaacMod]ÒÔÈö¼âËþ","noobMod","óô»ðÖ¸ÄÏ"],"gold_per_floor":[115,126,10,10,24,72,72,72,125,154,338,338,373,412,50,193,193,228,319,390,489,95,172,172,246,246,295,346,371,371,424,424,569,671,726,769,631,631,408,513,846,884,930,1330,1339,1438,1534,1571,1571,1613,1613,1675,1841,1882,1936],"floor_reached":56,"playtime":40764,"items_purged":["Strike_R","Strike_R","Strike_R+1","Bash+1","Defend_R","Shrug It Off","Defend_R+1","Defend_R+1","Defend_R+1"],"score":2090,"play_id":"228271d1-fae3-49fb-a4a6-a32d5f7305ab","local_time":"20210110021904","is_ascension_mode":true,"campfire_choices":[{"floor":8.0,"key":"RECALL"},{"floor":24.0,"key":"REST"},{"data":"Second Wind","floor":32.0,"key":"SMITH"},{"data":"Fire Breathing","floor":49.0,"key":"SMITH"}],"circlet_count":0,"master_deck":["Fire Breathing+1","Shrug It Off+1","Fire Breathing+1","Injury","Metallicize+1","Dark Embrace+1","Doubt","Warcry+1","Evolve+1","Dark Embrace+1","Second Wind+1","Offering+1","Berserk+1","Offering+1","Exhume","Body Slam+1","Dark Embrace+1","Fire Breathing+1","Power Through","Doubt","testmod-Reproduce+1","Panacea","Doubt","testmod-ShutDown+1","Fire Breathing+1","Impervious","Entrench+1"],"relics":["Burning Blood","ice","HushsDoor","testmod-D¨¦j¨¤vu","testmod-BloodSacrificeSpiritualization","D6","Juzu Bracelet","CeramicFish","Magic Flower","SalivaCoin","Membership Card","MerchantsRug","Singing Bowl","testmod-SaigiyounoYou","TuHaoJin","Toy Ornithopter","Red Mask","testmod-Register","Medical Kit","testmod-ConstraintPeriapt","Centennial Puzzle","testmod-AssaultLearning","Art of War","testmod-Antiphasic","MagicMushroom","GuppysCollar","GuppysHairball","MyShadow","Bag of Preparation","BookOfRevelations","Strange Spoon","Toolbox","SteamSale","ClockworkSouvenir","TheBean","SharpPlug","Bag of Marbles","BelialBook","testmod-Alchemist","Strawberry","PreservedInsect","testmod-OneHitWonder","Pantograph","Lee\u0027s Waffle","Sling","Regal Pillow","testmod-LifeArmor","RuthlessExorcism:ReiMu","testmod-Charity","testmod-Justice","Bottled Flame","TheBattery","OrangePellets","Blue Candle","AnarchistCookbook","Blood Vial","DeadEye","testmod-TurbochargingSystem","Chemical X","Charon\u0027s Ashes","Kunai","Cauldron","Pen Nib"],"acts_visited":["Exordium","TheCity","TheBeyond","TheEnding"],"potions_floor_usage":[55],"damage_taken":[{"damage":14.0,"enemies":"2 Louse","floor":1.0,"turns":3.0},{"damage":8.0,"enemies":"Small Slimes","floor":2.0,"turns":3.0},{"damage":14.0,"enemies":"Cultist","floor":5.0,"turns":3.0},{"damage":28.0,"enemies":"Gremlin Nob","floor":6.0,"turns":4.0},{"damage":4.0,"enemies":"Red Slaver","floor":10.0,"turns":5.0},{"damage":0.0,"enemies":"3 Sentries","floor":13.0,"turns":2.0},{"damage":12.0,"enemies":"Blue Slaver","floor":14.0,"turns":4.0},{"damage":32.0,"enemies":"Slime Boss","floor":16.0,"turns":5.0},{"damage":17.0,"enemies":"Chosen","floor":18.0,"turns":5.0},{"damage":36.0,"enemies":"Hiden Room Battle","floor":19.0,"turns":4.0},{"damage":42.0,"enemies":"Masked Bandits","floor":20.0,"turns":4.0},{"damage":39.0,"enemies":"Slavers","floor":23.0,"turns":3.0},{"damage":36.0,"enemies":"Gremlin Leader","floor":25.0,"turns":4.0},{"damage":25.0,"enemies":"Shell Parasite","floor":27.0,"turns":4.0},{"damage":34.0,"enemies":"Shelled Parasite and Fungi","floor":28.0,"turns":4.0},{"damage":15.0,"enemies":"Book of Stabbing","floor":31.0,"turns":4.0},{"damage":14.0,"enemies":"Collector","floor":33.0,"turns":5.0},{"damage":59.0,"enemies":"3 Shapes","floor":35.0,"turns":2.0},{"damage":22.0,"enemies":"3 Darklings","floor":36.0,"turns":2.0},{"damage":51.0,"enemies":"Giant Head","floor":40.0,"turns":2.0},{"damage":23.0,"enemies":"4 Shapes","floor":42.0,"turns":1.0},{"damage":24.0,"enemies":"Spire Growth","floor":48.0,"turns":3.0},{"damage":51.0,"enemies":"Time Eater","floor":50.0,"turns":5.0},{"damage":21,"enemies":"Shield and Spear","floor":54,"turns":2},{"damage":31,"enemies":"LittleHush","floor":55,"turns":6}],"seed_played":"-7927467590929263358","potions_obtained":[{"floor":1.0,"key":"LiquidBronze"},{"floor":5.0,"key":"Weak Potion"},{"floor":10.0,"key":"Regen Potion"},{"floor":19.0,"key":"GrandPatriotsElixir:ReiMu"},{"floor":23.0,"key":"BloodPotion"},{"floor":27.0,"key":"Weak Potion"},{"floor":31.0,"key":"Fire Potion"},{"floor":33.0,"key":"GamblersBrew"},{"floor":36.0,"key":"SmokeBomb"},{"floor":42.0,"key":"ZuzhouPotion:ReiMu"},{"floor":53,"key":"Strength Potion"},{"floor":53,"key":"CultistPotion"},{"floor":53,"key":"GamblersBrew"},{"floor":53,"key":"AttackPotion"},{"floor":53,"key":"ElixirPotion"},{"floor":54,"key":"Regen Potion"}],"is_trial":false,"path_per_floor":["M","M","$","?","M","E","?","R","T","M","?","?","E","M","R","B",null,"M","?","?","?","$","E","R","E","T","M","M","T","?","E","R","B",null,"M","M","$","?","$","E","?","M","T","?","?","$","$","M","R","B",null,"R","$","E","B",null],"character_chosen":"IRONCLAD","items_purchased":["Juzu Bracelet","Fire Breathing","Membership Card","MerchantsRug","Singing Bowl","testmod-SpacePotion","Evolve","testmod-Register","Medical Kit","testmod-ConstraintPeriapt","Omamori","Berserk","GuppysCollar","GuppysHairball","MyShadow","Offering","Exhume","Bag of Preparation","BookOfRevelations","Strange Spoon","Toolbox","testmod-SpacePotion","Dark Embrace","SteamSale","ClockworkSouvenir","TheBean","SharpPlug","Bag of Marbles","BelialBook","Fire Breathing","BlessingOfTheForge","Strength Potion","ZuzhouPotion:ReiMu","SneckoOil","Shrug It Off","PreservedInsect","testmod-OneHitWonder","Pantograph","Lee\u0027s Waffle","Sling","Regal Pillow","testmod-Reproduce","Panacea","PowerPotion","PowerPotion","ZuzhouPotion:ReiMu","testmod-EscapePotion","testmod-LifeArmor","RuthlessExorcism:ReiMu","testmod-Charity","testmod-Justice","Bottled Flame","testmod-ShutDown","Fire Breathing","ColorlessPotion","GrandPatriotsElixir:ReiMu","Explosive Potion","BloodPotion","TheBattery","OrangePellets","Blue Candle","AnarchistCookbook","Blood Vial","Fire Potion","AttackPotion","Strength Potion","BloodPotion","DeadEye","testmod-TurbochargingSystem","Chemical X","Charon\u0027s Ashes","Kunai","Block Potion","CultistPotion","EssenceOfSteel","testmod-TestPotion","Impervious","Entrench","Cauldron"],"campfire_rested":1,"item_purchase_floors":[3,3,15,15,15,15,22,22,22,22,22,34,34,34,34,34,34,39,39,39,39,39,39,39,39,39,39,39,39,39,39,39,39,39,39,46,46,46,46,46,46,46,46,46,46,46,46,47,47,47,47,47,47,47,47,47,47,47,52,52,52,52,52,52,52,52,52,53,53,53,53,53,53,53,53,53,53,53,53],"current_hp_per_floor":[43,41,41,41,33,11,8,8,8,83,83,76,84,81,81,60,83,91,63,34,34,34,12,47,40,40,42,29,29,29,39,39,64,93,77,102,102,102,102,102,102,100,107,107,111,118,124,130,130,137,137,141,150,155,164],"gold":1936,"neow_bonus":"ONE_RARE_RELIC","is_daily":false,"chose_seed":false,"campfire_upgraded":2,"win_rate":0.0,"timestamp":1610216344,"path_taken":["M","M","$","?","M","E","?","R","T","M","?","?","E","M","R","BOSS","M","?","?","?","?","E","R","E","T","M","M","?","?","E","R","BOSS","M","M","$","?","$","E","?","M","T","?","?","?","$","M","R","BOSS","R","$","E","BOSS"],"items_purchased_type":["Relic","Card","Relic","Relic","Relic","Potion","Card","Relic","Relic","Relic","Relic","Card","Relic","Relic","Relic","Card","Card","Relic","Relic","Relic","Relic","Potion","Card","Relic","Relic","Relic","Relic","Relic","Relic","Card","Potion","Potion","Potion","Potion","Card","Relic","Relic","Relic","Relic","Relic","Relic","Card","Card","Potion","Potion","Potion","Potion","Relic","Relic","Relic","Relic","Relic","Card","Card","Potion","Potion","Potion","Potion","Relic","Relic","Relic","Relic","Relic","Potion","Potion","Potion","Potion","Relic","Relic","Relic","Relic","Relic","Potion","Potion","Potion","Potion","Card","Card","Relic"],"build_version":"2020-12-18","purchased_purges":9,"victory":true,"max_hp_per_floor":[80,80,80,80,80,80,80,80,80,83,83,83,84,87,87,90,90,95,101,111,111,111,117,117,124,124,130,135,135,135,143,143,145,100,102,102,102,102,102,102,102,104,111,111,111,118,124,130,130,137,137,141,150,155,164],"card_choices":[{"not_picked":[],"picked":"Bomb","floor":0.0},{"not_picked":["Cleave","Perfected Strike"],"picked":"Fire Breathing","floor":1.0},{"not_picked":["Hemokinesis","Wild Strike"],"picked":"Shrug It Off","floor":2.0},{"not_picked":["Havoc","Shrug It Off","Pummel"],"picked":"SKIP","floor":5.0},{"not_picked":["Infernal Blade","Carnage"],"picked":"Metallicize","floor":6.0},{"not_picked":["Fire Breathing","Iron Wave"],"picked":"Dark Embrace","floor":10.0},{"not_picked":["Reckless Charge","Perfected Strike","Searing Blow"],"picked":"SKIP","floor":13.0},{"not_picked":["Whirlwind","Spot Weakness"],"picked":"Warcry","floor":14.0},{"not_picked":["Fiend Fire","Reaper","Corruption"],"picked":"Singing Bowl","floor":16.0},{"not_picked":["Clothesline","Cleave","Rage"],"picked":"Singing Bowl","floor":18.0},{"not_picked":["Cleave","Pommel Strike","Heavy Blade+1"],"picked":"Singing Bowl","floor":19.0},{"not_picked":["Flex","Headbutt+1","Disarm+1"],"picked":"Singing Bowl","floor":20.0},{"not_picked":["Feed","Brutality"],"picked":"Dark Embrace","floor":23.0},{"not_picked":["Flex+1","Headbutt+1","Blood for Blood+1"],"picked":"Singing Bowl","floor":25.0},{"not_picked":["Cleave","Battle Trance","Thunderclap"],"picked":"Singing Bowl","floor":27.0},{"not_picked":["Perfected Strike","Ghostly Armor+1"],"picked":"Second Wind","floor":28.0},{"not_picked":["Shrug It Off","Burning Pact","Metallicize"],"picked":"Singing Bowl","floor":31.0},{"not_picked":["Bludgeon","Immolate"],"picked":"Offering","floor":33.0},{"not_picked":["Hemokinesis+1","Clothesline","Rampage"],"picked":"Singing Bowl","floor":35.0},{"not_picked":["Pommel Strike+1","Armaments+1"],"picked":"Body Slam+1","floor":36.0},{"not_picked":["Brutality","Hemokinesis"],"picked":"Power Through","floor":40.0},{"not_picked":["Reckless Charge+1","Blood for Blood+1","Wild Strike"],"picked":"Singing Bowl","floor":42.0},{"not_picked":["Uppercut+1","Exhume","Anger"],"picked":"Singing Bowl","floor":48.0},{"not_picked":["Wild Strike+1","Warcry+1","Pommel Strike"],"picked":"Singing Bowl","floor":54}],"player_experience":864200,"relics_obtained":[{"floor":6.0,"key":"CeramicFish"},{"floor":9.0,"key":"Orichalcum"},{"floor":13.0,"key":"SalivaCoin"},{"floor":19.0,"key":"TuHaoJin"},{"floor":19.0,"key":"Toy Ornithopter"},{"floor":20.0,"key":"Red Mask"},{"floor":23.0,"key":"Centennial Puzzle"},{"floor":25.0,"key":"testmod-AssaultLearning"},{"floor":29.0,"key":"Art of War"},{"floor":31.0,"key":"testmod-Antiphasic"},{"floor":40.0,"key":"testmod-Alchemist"},{"floor":43.0,"key":"Strawberry"},{"floor":54,"key":"Pen Nib"}],"event_choices":[{"damage_healed":0.0,"max_hp_gain":0.0,"max_hp_loss":0.0,"gold_gain":0.0,"event_name":"Golden Idol","player_choice":"Take Wound","floor":4.0,"gold_loss":0.0,"damage_taken":0.0,"relics_obtained":["Golden Idol"],"cards_obtained":["Injury"]},{"damage_healed":0.0,"max_hp_gain":0.0,"max_hp_loss":0.0,"gold_gain":0.0,"event_name":"Scrap Ooze","player_choice":"Success","floor":7.0,"gold_loss":0.0,"damage_taken":3.0,"relics_obtained":["Magic Flower"]},{"damage_healed":0.0,"max_hp_gain":0.0,"max_hp_loss":0.0,"gold_gain":175.0,"event_name":"Liars Game","player_choice":"AGREE","floor":11.0,"gold_loss":0.0,"damage_taken":0.0,"cards_obtained":["Doubt"]},{"cards_removed":["Strike_R"],"damage_healed":0.0,"max_hp_gain":0.0,"max_hp_loss":0.0,"gold_gain":0.0,"event_name":"Golden Wing","player_choice":"Card Removal","floor":12.0,"gold_loss":0.0,"damage_taken":7.0},{"damage_healed":0.0,"max_hp_gain":0.0,"max_hp_loss":0.0,"gold_gain":0.0,"event_name":"HidenRoomEvent","player_choice":"Fight","floor":19.0,"gold_loss":0.0,"damage_taken":0.0},{"damage_healed":0.0,"max_hp_gain":0.0,"max_hp_loss":0.0,"gold_gain":0.0,"event_name":"Masked Bandits","player_choice":"Fought Bandits","floor":20.0,"gold_loss":0.0,"damage_taken":0.0},{"damage_healed":0.0,"max_hp_gain":0.0,"max_hp_loss":0.0,"gold_gain":99.0,"event_name":"Nest","player_choice":"Stole From Cult","floor":21.0,"gold_loss":0.0,"damage_taken":0.0},{"cards_removed":["Strike_R"],"damage_healed":0.0,"max_hp_gain":0.0,"max_hp_loss":0.0,"gold_gain":0.0,"event_name":"Back to Basics","player_choice":"Elegance","floor":30.0,"gold_loss":0.0,"damage_taken":0.0},{"damage_healed":26.0,"max_hp_gain":0.0,"max_hp_loss":0.0,"gold_gain":0.0,"event_name":"Winding Halls","player_choice":"Writhe","floor":38.0,"gold_loss":0.0,"damage_taken":0.0,"cards_obtained":["Writhe"]},{"damage_healed":0.0,"max_hp_gain":0.0,"max_hp_loss":0.0,"gold_gain":333.0,"event_name":"The Moai Head","player_choice":"Gave Idol","floor":41.0,"relics_lost":["Golden Idol"],"gold_loss":0.0,"damage_taken":0.0},{"damage_healed":0.0,"max_hp_gain":0.0,"max_hp_loss":0.0,"gold_gain":400.0,"event_name":"¶÷ÂåË¹µÄÅÌ×Ó","player_choice":"Sell","floor":44.0,"relics_lost":["testmod-TestBox"],"gold_loss":0.0,"damage_taken":0.0},{"damage_healed":4.0,"max_hp_gain":0.0,"max_hp_loss":0.0,"gold_gain":0.0,"event_name":"MindBloom","player_choice":"Heal","floor":45.0,"gold_loss":0.0,"damage_taken":0.0,"cards_obtained":["Doubt"]}],"is_beta":true,"boss_relics":[{"not_picked":["testmod-CardMagician","testmod-Temperance"],"picked":"testmod-SaigiyounoYou"},{"not_picked":[]},{"not_picked":["Astrolabe","Tiny House"],"picked":"MagicMushroom"},{"not_picked":[]}],"items_purged_floors":[15,22,34,37,37,39,47,52,53],"is_endless":false,"potions_floor_spawned":[1,5,10,19,23,27,31,33,36,42,54],"ascension_level":9}}