{"host":"dftyqn972q7tuon4","time":1610157917,"event":{"mods":["AchievementEnabler","BaseMod","Better Altar","Better Match","Better Note","Better Sensory Stone","Better Skull","Better Third Choice","Colored Powertips","Highlight Path","Minty Spire (QoL Compilation)","Permanent Neow","Quick Restart","StSLib"],"gold_per_floor":[114,39,54,4,4,34,34,79,129,159,159,124,124,184,184,314,314,329,329,369,369,395,450,465,21,46,106,121,36,66,81,81,181,181,196,211,433,448,513,543,543,573,573,628,628,628,643,643,643,643],"floor_reached":51,"playtime":5468,"items_purged":["Grand Finale","Blasphemy"],"score":1036,"play_id":"8040bb17-82e8-4870-8bb8-7103e0daefb5","local_time":"20210109030517","daily_mods":["Shiny","Green Cards","Terminal"],"is_ascension_mode":false,"campfire_choices":[{"data":"Alpha","floor":7,"key":"SMITH"},{"floor":13,"key":"REST"},{"data":"DevaForm","floor":15,"key":"SMITH"},{"data":"After Image","floor":32,"key":"SMITH"},{"data":"Omniscience","floor":41,"key":"SMITH"},{"data":"Bullet Time","floor":45,"key":"SMITH"},{"data":"DevaForm","floor":49,"key":"SMITH"}],"circlet_count":0,"master_deck":["Venomology","Malaise","Phantasmal Killer","Die Die Die","Adrenaline","Envenom","Burst","Wraith Form v2","Tools of the Trade","Night Terror","Unload","After Image+1","Bullet Time+1","Storm of Steel","Glass Knife+1","Judgement","ConjureBlade","MasterReality","Brilliance","Devotion","Ragnarok","LessonLearned","Scrawl","Vault+1","Alpha+1","Wish","Omniscience+1","Establishment","SpiritShield","DevaForm+1","DeusExMachina","Prepared","Apotheosis+1","ThirdEye","SignatureMove","Prepared","WindmillStrike","Predator+1","ThirdEye+1","J.A.X.","Deflect","Sadistic Nature","SashWhip+1","Terror+1","Noxious Fumes","Cloak And Dagger+1","Crippling Poison+1","A Thousand Cuts","Pray+1","Prepared+1","DeceiveReality+1","Concentrate+1","Outmaneuver+1","DevaForm+1"],"relics":["PureWater","Bird Faced Urn","Juzu Bracelet","Letter Opener","betterThird:SlimedRelic","Bronze Scales","Black Star","Unceasing Top","Red Mask","White Beast Statue","Gambling Chip","ClockworkSouvenir","MealTicket","Mango","Toxic Egg 2","Lantern","StrikeDummy","Busted Crown","Orichalcum","Blood Vial","Singing Bowl","Pear","FossilizedHelix","Omamori","HornCleat"],"acts_visited":["Exordium","TheCity","TheBeyond"],"potions_floor_usage":[8,10,16,22,23,23,23,27,27,27,30,36,40,40,42,47,50,50,50],"damage_taken":[{"damage":3,"enemies":"Small Slimes","floor":1,"turns":3},{"damage":0,"enemies":"2 Louse","floor":3,"turns":1},{"damage":3,"enemies":"3 Sentries","floor":6,"turns":6},{"damage":16,"enemies":"Jaw Worm","floor":8,"turns":4},{"damage":17,"enemies":"Gremlin Nob","floor":10,"turns":7},{"damage":11,"enemies":"3 Sentries","floor":14,"turns":6},{"damage":0,"enemies":"The Guardian","floor":16,"turns":6},{"damage":0,"enemies":"Spheric Guardian","floor":18,"turns":4},{"damage":12,"enemies":"Shell Parasite","floor":20,"turns":7},{"damage":7,"enemies":"Masked Bandits","floor":22,"turns":4},{"damage":31,"enemies":"Book of Stabbing","floor":23,"turns":7},{"damage":6,"enemies":"Shelled Parasite and Fungi","floor":24,"turns":5},{"damage":7,"enemies":"Gremlin Leader","floor":27,"turns":7},{"damage":5,"enemies":"3 Cultists","floor":28,"turns":3},{"damage":5,"enemies":"Book of Stabbing","floor":30,"turns":6},{"damage":1,"enemies":"Centurion and Healer","floor":31,"turns":3},{"damage":28,"enemies":"Automaton","floor":33,"turns":7},{"damage":3,"enemies":"Orb Walker","floor":35,"turns":2},{"damage":3,"enemies":"3 Darklings","floor":36,"turns":3},{"damage":3,"enemies":"Writhing Mass","floor":38,"turns":5},{"damage":3,"enemies":"4 Shapes","floor":39,"turns":3},{"damage":4,"enemies":"Reptomancer","floor":40,"turns":6},{"damage":24,"enemies":"Nemesis","floor":42,"turns":4},{"damage":2,"enemies":"Reptomancer","floor":44,"turns":7},{"damage":0,"enemies":"Transient","floor":47,"turns":6},{"damage":0,"enemies":"Donu and Deca","floor":50,"turns":5}],"seed_played":"579003938715623652","potions_obtained":[{"floor":6,"key":"FairyPotion"},{"floor":10,"key":"Fire Potion"},{"floor":14,"key":"EssenceOfSteel"},{"floor":22,"key":"DuplicationPotion"},{"floor":24,"key":"SpeedPotion"},{"floor":27,"key":"BlessingOfTheForge"},{"floor":28,"key":"BlessingOfTheForge"},{"floor":30,"key":"Weak Potion"},{"floor":40,"key":"ColorlessPotion"},{"floor":42,"key":"AttackPotion"},{"floor":47,"key":"Dexterity Potion"}],"is_trial":false,"path_per_floor":["M","$","M","?","?","E","R","M","T","E","?","?","R","E","R","B",null,"M","?","M","?","?","E","M","$","T","E","M","$","E","M","R","B",null,"M","M","?","M","M","E","R","E","T","E","R","?","M","?","R","B",null],"character_chosen":"WATCHER","items_purchased":["ClockworkSouvenir","Sadistic Nature","Noxious Fumes","Cloak And Dagger+1"],"campfire_rested":1,"item_purchase_floors":[25,25,29,29],"current_hp_per_floor":[68,68,68,67,66,63,63,52,52,43,36,25,42,45,45,55,54,53,52,51,50,49,32,32,32,32,58,55,56,55,54,53,29,51,50,47,47,47,46,45,44,49,49,53,52,51,52,42,42,49],"gold":643,"neow_bonus":"","is_daily":true,"chose_seed":false,"campfire_upgraded":6,"win_rate":0.0,"timestamp":1610157917,"path_taken":["M","$","M","?","?","E","R","M","T","E","?","?","R","E","R","BOSS","M","?","M","?","?","E","M","$","T","E","M","$","E","M","R","BOSS","M","M","?","M","M","E","R","E","T","E","R","?","M","?","R","BOSS"],"items_purchased_type":["Relic","Card","Card","Card"],"build_version":"2020-12-22","purchased_purges":2,"victory":true,"max_hp_per_floor":[70,69,68,67,66,65,64,63,62,61,60,59,58,57,56,55,54,53,52,51,50,49,48,47,46,45,58,57,56,55,54,53,52,51,50,49,48,47,46,45,44,55,54,53,52,51,52,51,50,49],"card_choices":[{"not_picked":["Quick Slash","Fasting2"],"picked":"Prepared","floor":1},{"not_picked":["CarveReality","FlyingSleeves","Perseverance"],"picked":"SKIP","floor":3},{"not_picked":["Meditate","Dagger Spray"],"picked":"ThirdEye","floor":6},{"not_picked":["Consecrate","Indignation"],"picked":"SignatureMove","floor":8},{"not_picked":["Distraction","BattleHymn"],"picked":"Prepared","floor":10},{"not_picked":["Backstab","Deflect"],"picked":"WindmillStrike","floor":14},{"not_picked":["WheelKick","EmptyBody+1"],"picked":"Predator","floor":18},{"not_picked":["Conclude","Halt"],"picked":"ThirdEye+1","floor":20},{"not_picked":["Dash","Conclude"],"picked":"Deflect","floor":23},{"not_picked":["Bouncing Flask","Bane","SignatureMove"],"picked":"SKIP","floor":24},{"not_picked":["Predator","Choke"],"picked":"SashWhip+1","floor":27},{"not_picked":["Bane+1","EmptyBody+1"],"picked":"Terror+1","floor":28},{"not_picked":["Riddle With Holes+1","Halt+1"],"picked":"Crippling Poison+1","floor":30},{"not_picked":["Cloak And Dagger+1","Crescendo+1"],"picked":"A Thousand Cuts","floor":31},{"not_picked":[],"picked":"Pray+1","floor":35},{"not_picked":[],"picked":"Prepared+1","floor":36},{"not_picked":[],"picked":"DeceiveReality+1","floor":38},{"not_picked":[],"picked":"Concentrate+1","floor":39},{"not_picked":["PathToVictory+1"],"picked":"SKIP","floor":40},{"not_picked":["Eviscerate"],"picked":"Singing Bowl","floor":42},{"not_picked":[],"picked":"Outmaneuver+1","floor":44},{"not_picked":["PathToVictory+1"],"picked":"Singing Bowl","floor":47}],"player_experience":589269,"relics_obtained":[{"floor":6,"key":"Bird Faced Urn"},{"floor":9,"key":"Juzu Bracelet"},{"floor":10,"key":"Letter Opener"},{"floor":14,"key":"Bronze Scales"},{"floor":22,"key":"Red Mask"},{"floor":23,"key":"White Beast Statue"},{"floor":23,"key":"Gambling Chip"},{"floor":26,"key":"MealTicket"},{"floor":27,"key":"Mango"},{"floor":27,"key":"Toxic Egg 2"},{"floor":30,"key":"Lantern"},{"floor":30,"key":"StrikeDummy"},{"floor":40,"key":"Orichalcum"},{"floor":40,"key":"Blood Vial"},{"floor":42,"key":"Singing Bowl"},{"floor":42,"key":"Pear"},{"floor":43,"key":"FossilizedHelix"},{"floor":44,"key":"Omamori"},{"floor":44,"key":"HornCleat"}],"event_choices":[{"cards_removed":["A Thousand Cuts"],"damage_healed":0,"gold_gain":0,"player_choice":"Card Removal","damage_taken":0,"max_hp_gain":0,"max_hp_loss":0,"event_name":"The Cleric","floor":4,"gold_loss":50},{"damage_healed":67,"gold_gain":0,"player_choice":"Embrace","damage_taken":0,"max_hp_gain":0,"max_hp_loss":67,"event_name":"betterThird:BetterShining","floor":5,"gold_loss":0},{"cards_removed":["Doppelganger"],"damage_healed":0,"gold_gain":0,"player_choice":"Card Removal","damage_taken":7,"max_hp_gain":0,"max_hp_loss":0,"event_name":"Golden Wing","floor":11,"gold_loss":0},{"damage_healed":0,"gold_gain":0,"player_choice":"Slimed","damage_taken":11,"max_hp_gain":0,"max_hp_loss":0,"event_name":"betterThird:BetterGoop","floor":12,"gold_loss":35},{"damage_healed":0,"gold_gain":0,"player_choice":"Gave Potion","damage_taken":0,"relics_obtained":["Unceasing Top"],"max_hp_gain":0,"max_hp_loss":0,"event_name":"WeMeetAgain","floor":19,"gold_loss":0},{"damage_healed":0,"gold_gain":0,"player_choice":"Obtain J.A.X.","damage_taken":0,"max_hp_gain":0,"max_hp_loss":0,"event_name":"Drug Dealer","floor":21,"gold_loss":0,"cards_obtained":["J.A.X."]},{"damage_healed":0,"gold_gain":0,"player_choice":"Fought Bandits","damage_taken":0,"max_hp_gain":0,"max_hp_loss":0,"event_name":"Masked Bandits","floor":22,"gold_loss":0},{"damage_healed":0,"gold_gain":222,"player_choice":"Wore Mask","damage_taken":0,"max_hp_gain":0,"max_hp_loss":0,"event_name":"Tomb of Lord Red Mask","floor":37,"gold_loss":0},{"cards_removed":["Corpse Explosion"],"damage_healed":0,"gold_gain":0,"player_choice":"Removed Skill","damage_taken":0,"max_hp_gain":0,"max_hp_loss":0,"event_name":"Falling","floor":46,"gold_loss":0},{"damage_healed":0,"gold_gain":3,"player_choice":"2","damage_taken":0,"max_hp_gain":0,"max_hp_loss":10,"event_name":"betterStone:BetterStone","floor":48,"gold_loss":0}],"is_beta":false,"boss_relics":[{"not_picked":["VioletLotus","Snecko Eye"],"picked":"Black Star"},{"not_picked":["HolyWater","Runic Pyramid"],"picked":"Busted Crown"}],"items_purged_floors":[2,25],"is_endless":false,"potions_floor_spawned":[6,10,14,18,22,24,27,28,30,31,33,35,36,38,39,40,42,44,47],"ascension_level":0}}