{"host":"6jrnojxwearbrjzo","time":1610210870,"event":{"mods":["BaseMod","Colored Map","Minty Spire (QoL Compilation)","Replay The Spire","Shop Mod","Spicy Shops","StSLib","The Cursed","The Servant 0.9.4","vexMod"],"gold_per_floor":[117,67,67,82,94,94,125,137,160,335,355,26,44,59,59,160,160,180,180,180,180,197,197,231,5,5,23,39,39,39,67,67,171,171,188,188,188,188,202,235,255,286,286,311,311,17,30,64,64,64,64],"floor_reached":50,"playtime":1987,"items_purged":["Doubt","Hallucinations","Voices"],"score":786,"play_id":"5e3af5af-5fdb-484d-bb3f-027775db4e34","local_time":"20210110004750","is_ascension_mode":true,"campfire_choices":[{"data":"Run Through","floor":6,"key":"SMITH"},{"data":"Feed","floor":23,"key":"SMITH"},{"floor":32,"key":"REST"},{"data":"Reaper","floor":45,"key":"SMITH"},{"data":"Madness","floor":49,"key":"SMITH"}],"circlet_count":0,"master_deck":["Strike_R+1","Strike_R+1","Strike_R","Strike_R","Defend_R","Defend_R","Bash","Run Through+1","Shrug It Off","Cleave","Rupture","Armaments+1","Sword Boomerang","Feed+1","Whirlwind","Feel No Pain","Reaper+1","Madness","Madness+1","Defy Death+1","Warcry+1","Feel No Pain+1","Clash+1"],"relics":["Burning Blood","NeowsBlessing","Ring of Panic","ReplayTheSpireMod:Ring of Addiction","White Beast Statue","SacredBark","Whetstone","Bronze Scales","Brimstone","Replay:Bronze Core","Nilry\u0027s Codex","Replay:Mystery Machine","Vajra","ReplayFunnel","Ring of Chaos","Bag of Preparation","Replay:Kaleidoscope","Replay:Bottled Snecko","Art of War","ReplayTheSpireMod:CursedCoin","Dream Catcher","Medical Kit","Meat on the Bone"],"acts_visited":["Exordium","TheCity","TheBeyond"],"potions_floor_usage":[4,7,16,16,22,24,27,27,33,33,33,39,40,40,42,44,44,48,48,50,50,50],"damage_taken":[{"damage":0,"enemies":"Jaw Worm","floor":1,"turns":1},{"damage":0,"enemies":"Small Slimes","floor":4,"turns":1},{"damage":0,"enemies":"Cultist","floor":5,"turns":1},{"damage":0,"enemies":"Gremlin Nob","floor":7,"turns":3},{"damage":9,"enemies":"Exordium Thugs","floor":8,"turns":3},{"damage":13,"enemies":"2 Fungi Beasts","floor":11,"turns":2},{"damage":1,"enemies":"Looter","floor":13,"turns":2},{"damage":0,"enemies":"Blue Slaver","floor":14,"turns":2},{"damage":0,"enemies":"The Guardian","floor":16,"turns":6},{"damage":6,"enemies":"2 Thieves","floor":18,"turns":2},{"damage":12,"enemies":"Shell Parasite","floor":22,"turns":1},{"damage":34,"enemies":"Book of Stabbing","floor":24,"turns":4},{"damage":1,"enemies":"Centurion and Healer","floor":27,"turns":2},{"damage":4,"enemies":"Snecko","floor":28,"turns":3},{"damage":11,"enemies":"Gremlin Leader","floor":31,"turns":3},{"damage":34,"enemies":"Collector","floor":33,"turns":6},{"damage":36,"enemies":"3 Darklings","floor":35,"turns":3},{"damage":0,"enemies":"Orb Walker","floor":39,"turns":2},{"damage":29,"enemies":"Nemesis","floor":40,"turns":3},{"damage":22,"enemies":"Spire Growth","floor":41,"turns":3},{"damage":13,"enemies":"Giant Head","floor":42,"turns":7},{"damage":6,"enemies":"Nemesis","floor":44,"turns":5},{"damage":47,"enemies":"4 Shapes","floor":47,"turns":4},{"damage":15,"enemies":"Giant Head","floor":48,"turns":6},{"damage":87,"enemies":"Time Eater","floor":50,"turns":8}],"seed_played":"2981027886035655059","potions_obtained":[{"floor":3,"key":"Elixir"},{"floor":3,"key":"BloodPotion"},{"floor":3,"key":"Block Potion"},{"floor":4,"key":"Dexterity Potion"},{"floor":7,"key":"EssenceOfSteel"},{"floor":14,"key":"Dexterity Potion"},{"floor":16,"key":"Doom Potion"},{"floor":18,"key":"Adrenaline Potion"},{"floor":21,"key":"Death Potion"},{"floor":21,"key":"Adrenaline Potion"},{"floor":22,"key":"Dexterity Potion"},{"floor":24,"key":"Dexterity Potion"},{"floor":27,"key":"Languid Potion"},{"floor":28,"key":"Swift Potion"},{"floor":31,"key":"DistilledChaos"},{"floor":33,"key":"FearPotion"},{"floor":35,"key":"EssenceOfSteel"},{"floor":39,"key":"Dexterity Potion"},{"floor":40,"key":"DistilledChaos"},{"floor":41,"key":"SkillPotion"},{"floor":42,"key":"Adrenaline Potion"},{"floor":44,"key":"Energy Potion"},{"floor":47,"key":"DuplicationPotion"},{"floor":48,"key":"SkillPotion"}],"is_trial":false,"path_per_floor":["M","?","?","M","M","R","E","M","T","?","M","$","M","M","R_BF","B",null,"M","?","?","?","M","R","E","$","T","M","M","?","$","E","R","B",null,"M","?","?","?","M","E","M","E","T","E","R","$","M","E","R","B"],"character_chosen":"IRONCLAD","items_purchased":["Brimstone","Vajra","Feel No Pain","ReplayTheSpireMod:CursedCoin","Dream Catcher","Medical Kit","FearPotion"],"campfire_rested":1,"item_purchase_floors":[12,25,25,46,46,46,46],"current_hp_per_floor":[80,80,80,80,80,80,80,77,77,77,70,70,75,76,76,76,76,76,76,58,58,52,52,24,24,24,33,35,35,35,30,52,24,76,46,36,43,43,49,42,41,73,73,73,73,73,36,54,54,0,0],"gold":64,"neow_bonus":"THREE_ENEMY_KILL","is_daily":false,"chose_seed":false,"campfire_upgraded":4,"win_rate":0.0,"timestamp":1610210870,"path_taken":["M","?","?","M","M","R","E","M","T","?","M","$","M","M","R_BF","BOSS","M","?","?","?","?","R","E","?","T","M","M","?","$","E","R","BOSS","M","?","?","?","M","E","M","E","T","E","R","$","M","E","R","BOSS"],"items_purchased_type":["Relic","Relic","Card","Relic","Relic","Relic","Potion"],"build_version":"2020-12-22","purchased_purges":3,"victory":false,"max_hp_per_floor":[80,80,80,80,80,80,80,80,80,80,78,78,78,76,76,76,76,76,76,74,74,74,74,74,74,74,78,78,78,78,76,76,76,76,76,76,74,74,74,74,78,78,78,78,78,78,82,80,80,80,80],"card_choices":[{"not_picked":["Pommel Strike","ReplayReversal"],"picked":"Run Through","floor":1},{"not_picked":["Perfected Strike","True Grit"],"picked":"Shrug It Off","floor":4},{"not_picked":["Dark Embrace","Perfected Strike","Disarm"],"picked":"SKIP","floor":5},{"not_picked":["Run Through","Bludgeon"],"picked":"Cleave","floor":7},{"not_picked":["Clothesline","Iron Wave"],"picked":"Rupture","floor":8},{"not_picked":["Spot Weakness","Body Slam"],"picked":"Armaments","floor":11},{"not_picked":["Feel No Pain","Iron Wave"],"picked":"Sword Boomerang","floor":13},{"not_picked":["Clothesline","Spot Weakness","Armaments"],"picked":"SKIP","floor":14},{"not_picked":["Double Tap","Barricade"],"picked":"Feed","floor":16},{"not_picked":["Dual Wield","Warcry","Iron Wave+1"],"picked":"SKIP","floor":18},{"not_picked":["Massacre","Sword Boomerang+1","Dark Embrace"],"picked":"SKIP","floor":22},{"not_picked":["Metallicize","Run Through+1"],"picked":"Whirlwind","floor":24},{"not_picked":["Body Slam","Sword Boomerang+1","Cleave"],"picked":"SKIP","floor":27},{"not_picked":["Cleave","ReplayTheSpireMod:Muscle Training","Pommel Strike"],"picked":"SKIP","floor":28},{"not_picked":["Replay:Undeath\u0027s Touch","Flex","Infernal Blade"],"picked":"SKIP","floor":31},{"not_picked":["Impervious","Feed"],"picked":"Reaper","floor":33},{"not_picked":["Clash","Inflame+1","Cleave+1"],"picked":"SKIP","floor":35},{"not_picked":["Perfected Strike","Body Slam","Abandon+1"],"picked":"SKIP","floor":39},{"not_picked":["Twin Strike+1","Thunderclap","Uppercut"],"picked":"SKIP","floor":40},{"not_picked":["Flex","Armaments+1","Intimidate+1"],"picked":"SKIP","floor":41},{"not_picked":["Shrug It Off+1","Blood for Blood"],"picked":"Defy Death+1","floor":42},{"not_picked":["Entrench","ReplayTheSpireMod:Corrosion Curse"],"picked":"Warcry+1","floor":44},{"not_picked":["ReplayTheSpireMod:LeadingStrike+1","Warcry+1"],"picked":"Feel No Pain+1","floor":47},{"not_picked":["ReplayTheSpireMod:Limb From Limb","Cleave"],"picked":"Clash+1","floor":48}],"player_experience":38295,"relics_obtained":[{"floor":3,"key":"Ring of Panic"},{"floor":3,"key":"ReplayTheSpireMod:Ring of Addiction"},{"floor":3,"key":"White Beast Statue"},{"floor":3,"key":"SacredBark"},{"floor":7,"key":"Whetstone"},{"floor":9,"key":"Bronze Scales"},{"floor":20,"key":"Nilry\u0027s Codex"},{"floor":24,"key":"Replay:Mystery Machine"},{"floor":31,"key":"ReplayFunnel"},{"floor":40,"key":"Bag of Preparation"},{"floor":42,"key":"Replay:Kaleidoscope"},{"floor":43,"key":"Replay:Bottled Snecko"},{"floor":44,"key":"Art of War"},{"floor":48,"key":"Meat on the Bone"}],"event_choices":[{"cards_removed":["Defend_R"],"damage_healed":0,"gold_gain":0,"player_choice":"Card Removal","damage_taken":0,"max_hp_gain":0,"max_hp_loss":0,"event_name":"The Cleric","floor":2,"gold_loss":50},{"damage_healed":0,"gold_gain":175,"player_choice":"AGREE","damage_taken":0,"max_hp_gain":0,"max_hp_loss":0,"event_name":"Liars Game","floor":10,"gold_loss":0,"cards_obtained":["Doubt"]},{"cards_removed":["Strike_R"],"damage_healed":0,"gold_gain":0,"player_choice":"Elegance","damage_taken":0,"max_hp_gain":0,"max_hp_loss":0,"event_name":"Back to Basics","floor":19,"gold_loss":0},{"damage_healed":0,"gold_gain":0,"player_choice":"Obtained Book","damage_taken":16,"max_hp_gain":0,"max_hp_loss":0,"event_name":"Cursed Tome","floor":20,"gold_loss":0},{"damage_healed":0,"gold_gain":0,"player_choice":"Got Potions","damage_taken":0,"max_hp_gain":0,"max_hp_loss":0,"event_name":"Lab","floor":21,"gold_loss":0},{"damage_healed":0,"gold_gain":0,"player_choice":"Ignored","damage_taken":0,"max_hp_gain":0,"max_hp_loss":0,"event_name":"Ghosts","floor":29,"gold_loss":0},{"damage_healed":0,"gold_gain":0,"player_choice":"Embrace Madness","damage_taken":10,"max_hp_gain":0,"max_hp_loss":0,"event_name":"Winding Halls","floor":36,"gold_loss":0,"cards_obtained":["Madness","Madness"]},{"cards_removed":["Defend_R"],"damage_healed":0,"gold_gain":0,"player_choice":"Removed Skill","damage_taken":0,"max_hp_gain":0,"max_hp_loss":0,"event_name":"Falling","floor":38,"gold_loss":0}],"is_beta":false,"boss_relics":[{"not_picked":["Ectoplasm","vexMod:TanglingVine"],"picked":"Replay:Bronze Core"},{"not_picked":["Fusion Hammer","Kintsugi"],"picked":"Ring of Chaos"}],"items_purged_floors":[12,12,46],"is_endless":false,"potions_floor_spawned":[4,5,7,8,11,13,14,16,18,22,24,27,28,31,33,35,39,40,41,42,44,47,48],"killed_by":"Time Eater","ascension_level":1}}