{"host":"yecadp3kwkksam5a","time":1610198802,"event":{"mods":["BaseMod","Minty Spire (QoL Compilation)","StSLib"],"gold_per_floor":[111,122,142,161,177,177,177,177,177,191,207,242,242,167,167,267,348,380,398,398,398,398,398,398,110,110,110,127,171,86,128,128,214,214,231,231,244,262,180,222,222,256,279,279,307,331,356,389,389,389,389,389,17,52,52],"floor_reached":56,"playtime":3005,"items_purged":["Deadly Poison","Deadly Poison"],"score":2158,"play_id":"81f3eaa5-a16c-4cb8-a7b8-19c54a737e37","local_time":"20210109222642","is_ascension_mode":true,"campfire_choices":[{"data":"Cloak And Dagger","floor":6.0,"key":"SMITH"},{"data":"Cloak And Dagger","floor":8.0,"key":"SMITH"},{"data":"After Image","floor":15.0,"key":"SMITH"},{"data":"Prepared","floor":23.0,"key":"SMITH"},{"floor":27.0,"key":"REST"},{"data":"Accuracy","floor":32.0,"key":"SMITH"},{"data":"A Thousand Cuts","floor":41.0,"key":"SMITH"},{"floor":44.0,"key":"RECALL"},{"data":"Blade Dance","floor":49.0,"key":"SMITH"},{"data":"Calculated Gamble","floor":52.0,"key":"SMITH"}],"circlet_count":0,"master_deck":["AscendersBane","Survivor","Neutralize","Backflip","Cloak And Dagger+1","Cloak And Dagger+1","Blade Dance+1","After Image+1","Escape Plan","Malaise","Accuracy+1","Bouncing Flask","Reflex","Accuracy","Malaise","Prepared+1","Calculated Gamble+1","Blade Dance+1","PiercingWail+1","A Thousand Cuts+1","Deep Breath","Secret Technique","Infinite Blades","Footwork","Tactician+1","Backflip+1","Cloak And Dagger+1"],"relics":["Ring of the Snake","InkBottle","CeramicFish","Bloody Idol","Pandora\u0027s Box","Nilry\u0027s Codex","Kunai","StrikeDummy","The Courier","Anchor","Busted Crown","Toxic Egg 2","Lantern","Potion Belt","Tough Bandages","Nunchaku","Medical Kit","Shuriken"],"acts_visited":["Exordium","TheCity","TheBeyond","TheEnding"],"potions_floor_usage":[55,55],"damage_taken":[{"damage":0.0,"enemies":"Small Slimes","floor":1.0,"turns":4.0},{"damage":5.0,"enemies":"Jaw Worm","floor":2.0,"turns":7.0},{"damage":2.0,"enemies":"2 Louse","floor":3.0,"turns":4.0},{"damage":1.0,"enemies":"2 Fungi Beasts","floor":4.0,"turns":5.0},{"damage":6.0,"enemies":"3 Louse","floor":5.0,"turns":5.0},{"damage":0.0,"enemies":"Looter","floor":10.0,"turns":3.0},{"damage":0.0,"enemies":"2 Fungi Beasts","floor":11.0,"turns":3.0},{"damage":13.0,"enemies":"Gremlin Nob","floor":12.0,"turns":4.0},{"damage":11.0,"enemies":"The Guardian","floor":16.0,"turns":16.0},{"damage":0.0,"enemies":"3 Byrds","floor":18.0,"turns":6.0},{"damage":0.0,"enemies":"Spheric Guardian","floor":28.0,"turns":4.0},{"damage":11.0,"enemies":"Book of Stabbing","floor":29.0,"turns":6.0},{"damage":3.0,"enemies":"Gremlin Leader","floor":31.0,"turns":5.0},{"damage":26.0,"enemies":"Collector","floor":33.0,"turns":9.0},{"damage":0.0,"enemies":"Orb Walker","floor":35.0,"turns":2.0},{"damage":0.0,"enemies":"3 Darklings","floor":37.0,"turns":4.0},{"damage":29.0,"enemies":"Reptomancer","floor":40.0,"turns":5.0},{"damage":7.0,"enemies":"Giant Head","floor":42.0,"turns":6.0},{"damage":0.0,"enemies":"Writhing Mass","floor":45.0,"turns":4.0},{"damage":1.0,"enemies":"Maw","floor":46.0,"turns":5.0},{"damage":2.0,"enemies":"Mind Bloom Boss Battle","floor":47.0,"turns":4.0},{"damage":2.0,"enemies":"Nemesis","floor":48.0,"turns":5.0},{"damage":0.0,"enemies":"Donu and Deca","floor":50.0,"turns":6.0},{"damage":0.0,"enemies":"Shield and Spear","floor":54.0,"turns":5.0},{"damage":30,"enemies":"The Heart","floor":55,"turns":7}],"seed_played":"6761017916388580840","potions_obtained":[{"floor":2.0,"key":"Ancient Potion"},{"floor":3.0,"key":"Energy Potion"},{"floor":18.0,"key":"FearPotion"},{"floor":46.0,"key":"Explosive Potion"}],"is_trial":false,"path_per_floor":["M","M","M","M","M","R","?","R","T","M","M","E","?","?","R","B",null,"M","?","?","?","?","R","?","$","T","R","M","E","?","E","R","B",null,"M","?","M","?","$","E","R","E","T","R","M","M","?","E","R","B",null,"R","$","E","B",null],"character_chosen":"THE_SILENT","items_purchased":["Kunai","Infinite Blades","Medical Kit","Cloak And Dagger+1","Dexterity Potion","SkillPotion","CunningPotion"],"campfire_rested":1,"item_purchase_floors":[25,39,53,53,53,53,53],"current_hp_per_floor":[65,60,58,57,51,51,29,29,29,29,29,16,16,16,16,5,50,50,50,50,29,29,29,29,29,29,48,53,52,52,59,59,43,60,65,65,65,65,65,46,46,44,49,49,59,65,65,65,65,65,65,65,65,65,35],"gold":52,"neow_bonus":"TEN_PERCENT_HP_BONUS","is_daily":false,"chose_seed":false,"campfire_upgraded":8,"win_rate":0.0,"timestamp":1610198802,"path_taken":["M","M","M","M","M","R","?","R","T","M","M","E","?","?","R","BOSS","M","?","?","?","?","R","?","$","T","R","?","E","?","E","R","BOSS","M","?","M","?","$","E","R","E","T","R","M","M","?","E","R","BOSS","R","$","E","BOSS"],"items_purchased_type":["Relic","Card","Relic","Card","Potion","Potion","Potion"],"build_version":"2020-12-22","purchased_purges":2,"victory":true,"max_hp_per_floor":[72,72,72,72,72,72,72,72,72,72,72,72,65,65,65,65,65,65,65,65,65,65,65,65,65,65,65,65,65,65,65,65,65,65,65,65,65,65,65,65,65,65,65,65,65,65,65,65,65,65,65,65,65,65,65],"card_choices":[{"not_picked":["Flying Knee","Blur"],"picked":"Deadly Poison","floor":1.0},{"not_picked":["Eviscerate","Deadly Poison"],"picked":"Backflip","floor":2.0},{"not_picked":["All Out Attack","Poisoned Stab"],"picked":"Cloak And Dagger","floor":3.0},{"not_picked":["Dodge and Roll","Flechettes"],"picked":"Cloak And Dagger","floor":4.0},{"not_picked":["Quick Slash","Dash"],"picked":"Blade Dance","floor":5.0},{"not_picked":["Poisoned Stab","Backstab","Flying Knee"],"picked":"SKIP","floor":10.0},{"not_picked":["Quick Slash","Distraction"],"picked":"After Image","floor":11.0},{"not_picked":["Distraction","Deflect"],"picked":"Escape Plan","floor":12.0},{"not_picked":["Venomology","Glass Knife"],"picked":"Malaise","floor":16.0},{"not_picked":["Backflip","All Out Attack"],"picked":"Prepared","floor":18.0},{"not_picked":["Terror","Flying Knee","Underhanded Strike"],"picked":"SKIP","floor":28.0},{"not_picked":["Dash","Escape Plan"],"picked":"Blade Dance+1","floor":29.0},{"not_picked":["Eviscerate","Distraction"],"picked":"PiercingWail+1","floor":31.0},{"not_picked":["Die Die Die","Unload"],"picked":"A Thousand Cuts","floor":33.0},{"not_picked":["Deadly Poison+1"],"picked":"SKIP","floor":35.0},{"not_picked":["PiercingWail"],"picked":"SKIP","floor":37.0},{"not_picked":[],"picked":"Deep Breath","floor":38.0},{"not_picked":[],"picked":"Secret Technique","floor":38.0},{"not_picked":[],"picked":"Footwork","floor":40.0},{"not_picked":["Dagger Spray+1"],"picked":"SKIP","floor":42.0},{"not_picked":[],"picked":"Tactician+1","floor":45.0},{"not_picked":[],"picked":"Backflip+1","floor":46.0},{"not_picked":["Endless Agony"],"picked":"SKIP","floor":48.0},{"not_picked":["Noxious Fumes+1"],"picked":"SKIP","floor":54.0}],"player_experience":462767,"relics_obtained":[{"floor":9.0,"key":"InkBottle"},{"floor":12.0,"key":"CeramicFish"},{"floor":21.0,"key":"Nilry\u0027s Codex"},{"floor":29.0,"key":"StrikeDummy"},{"floor":31.0,"key":"Anchor"},{"floor":40.0,"key":"Toxic Egg 2"},{"floor":42.0,"key":"Lantern"},{"floor":43.0,"key":"Potion Belt"},{"floor":47.0,"key":"Tough Bandages"},{"floor":48.0,"key":"Nunchaku"},{"floor":54.0,"key":"Shuriken"}],"event_choices":[{"damage_healed":0.0,"max_hp_gain":0.0,"max_hp_loss":0.0,"gold_gain":0.0,"event_name":"Shining Light","player_choice":"Entered Light","floor":7.0,"gold_loss":0.0,"damage_taken":22.0,"cards_upgraded":["Strike_G","Defend_G"]},{"damage_healed":0.0,"max_hp_gain":0.0,"max_hp_loss":7.0,"gold_gain":0.0,"event_name":"Golden Idol","player_choice":"Lose Max HP","floor":13.0,"gold_loss":0.0,"damage_taken":0.0,"relics_obtained":["Golden Idol"]},{"cards_removed":["Strike_G"],"damage_healed":0.0,"max_hp_gain":0.0,"max_hp_loss":0.0,"gold_gain":0.0,"event_name":"The Cleric","player_choice":"Card Removal","floor":14.0,"gold_loss":75.0,"damage_taken":0.0},{"damage_healed":0.0,"max_hp_gain":0.0,"max_hp_loss":0.0,"gold_gain":0.0,"cards_transformed":["Unload","Heel Hook"],"event_name":"Drug Dealer","player_choice":"Became Test Subject","floor":19.0,"gold_loss":0.0,"damage_taken":0.0,"cards_obtained":["Calculated Gamble","Backstab"]},{"damage_healed":0.0,"max_hp_gain":0.0,"max_hp_loss":0.0,"gold_gain":0.0,"event_name":"Ghosts","player_choice":"Ignored","floor":20.0,"gold_loss":0.0,"damage_taken":0.0},{"damage_healed":0.0,"max_hp_gain":0.0,"max_hp_loss":0.0,"gold_gain":0.0,"event_name":"Cursed Tome","player_choice":"Obtained Book","floor":21.0,"gold_loss":0.0,"damage_taken":21.0},{"damage_healed":0.0,"max_hp_gain":0.0,"max_hp_loss":0.0,"gold_gain":0.0,"event_name":"Forgotten Altar","player_choice":"Gave Idol","floor":22.0,"relics_lost":["Golden Idol"],"gold_loss":0.0,"damage_taken":0.0,"relics_obtained":["Bloody Idol"]},{"cards_removed":["Backstab"],"damage_healed":0.0,"max_hp_gain":0.0,"max_hp_loss":0.0,"gold_gain":0.0,"event_name":"Back to Basics","player_choice":"Elegance","floor":24.0,"gold_loss":0.0,"damage_taken":0.0},{"damage_healed":0.0,"max_hp_gain":0.0,"max_hp_loss":0.0,"gold_gain":0.0,"event_name":"Addict","player_choice":"Obtained Relic","floor":30.0,"gold_loss":85.0,"damage_taken":0.0,"relics_obtained":["The Courier"]},{"cards_removed":["Tools of the Trade"],"damage_healed":0.0,"max_hp_gain":0.0,"max_hp_loss":0.0,"gold_gain":0.0,"event_name":"Falling","player_choice":"Removed Power","floor":36.0,"gold_loss":0.0,"damage_taken":0.0},{"damage_healed":0.0,"max_hp_gain":0.0,"max_hp_loss":0.0,"gold_gain":0.0,"event_name":"SensoryStone","player_choice":"Memory 3","floor":38.0,"gold_loss":0.0,"damage_taken":10.0},{"damage_healed":0.0,"max_hp_gain":0.0,"max_hp_loss":0.0,"gold_gain":0.0,"event_name":"MindBloom","player_choice":"Fight","floor":47.0,"gold_loss":0.0,"damage_taken":0.0}],"is_beta":false,"boss_relics":[{"not_picked":["Runic Dome","Fusion Hammer"],"picked":"Pandora\u0027s Box"},{"not_picked":["Tiny House","Astrolabe"],"picked":"Busted Crown"}],"items_purged_floors":[39,53],"is_endless":false,"potions_floor_spawned":[2,3,11,18,31,35,42,46],"ascension_level":16}}