{"host":"14y9n3v2xxmmniak","time":1610202237,"event":{"mods":["BaseMod","Colored Map","Colored Powertips","Dark Map","Minty Spire (QoL Compilation)","Rare Cards Sparkle","Relic Stats","StSLib","The Vixen"],"gold_per_floor":[113,113,132,132,150,150,150],"floor_reached":6,"playtime":478,"items_purged":[],"score":36,"play_id":"6ca26ca4-f083-4a7a-90f1-b1b465619814","local_time":"20210109082357","is_ascension_mode":false,"campfire_choices":[],"circlet_count":0,"master_deck":["TheVixenMod:Strike_TheVixen","TheVixenMod:Strike_TheVixen","TheVixenMod:Strike_TheVixen","TheVixenMod:Strike_TheVixen","TheVixenMod:Defend_TheVixen","TheVixenMod:Defend_TheVixen","TheVixenMod:Defend_TheVixen","TheVixenMod:Defend_TheVixen","TheVixenMod:SunnyDay","TheVixenMod:Ember","TheVixenMod:HeatWave","Regret","TheVixenMod:HeatWave","TheVixenMod:PsychUp"],"relics":["TheVixenMod:BurningStick","Orichalcum","Pear"],"acts_visited":["Exordium"],"potions_floor_usage":[],"damage_taken":[{"damage":8,"enemies":"Jaw Worm","floor":1,"turns":6},{"damage":4,"enemies":"Small Slimes","floor":3,"turns":3},{"damage":1,"enemies":"Cultist","floor":5,"turns":3},{"damage":38,"enemies":"Lagavulin","floor":6,"turns":6}],"seed_played":"-4143273326452462851","potions_obtained":[{"floor":3,"key":"FearPotion"}],"is_trial":false,"path_per_floor":["M","?","M","?","M","E"],"character_chosen":"THE_VIXEN","items_purchased":[],"campfire_rested":0,"item_purchase_floors":[],"current_hp_per_floor":[62,62,58,35,34,0,0],"gold":150,"neow_bonus":"","is_daily":false,"chose_seed":false,"campfire_upgraded":0,"win_rate":0.0,"timestamp":1610202237,"path_taken":["M","?","M","?","M","E"],"items_purchased_type":[],"build_version":"2020-12-22","purchased_purges":0,"victory":false,"max_hp_per_floor":[70,70,70,80,80,80,80],"relic_stats":{"counters":[4,18],"Orichalcum":[30],"obtain_stats":[{"Pear":4,"Orichalcum":2,"TheVixenMod:BurningStick":0},{"Pear":2,"Orichalcum":1,"TheVixenMod:BurningStick":0},{"Pear":9,"Orichalcum":6,"TheVixenMod:BurningStick":0}]},"card_choices":[{"not_picked":["TheVixenMod:Overheat","TheVixenMod:Psybeam"],"picked":"TheVixenMod:HeatWave","floor":1},{"not_picked":["TheVixenMod:FlareBlitz","TheVixenMod:Psybeam"],"picked":"TheVixenMod:HeatWave","floor":3},{"not_picked":["TheVixenMod:Swagger","TheVixenMod:Psybeam"],"picked":"TheVixenMod:PsychUp","floor":5}],"player_experience":0,"relics_obtained":[],"event_choices":[{"damage_healed":0,"gold_gain":0,"player_choice":"Box","damage_taken":0,"relics_obtained":["Orichalcum"],"max_hp_gain":0,"max_hp_loss":0,"event_name":"Big Fish","floor":2,"gold_loss":0,"cards_obtained":["Regret"]},{"damage_healed":0,"gold_gain":0,"player_choice":"Success","damage_taken":33,"relics_obtained":["Pear"],"max_hp_gain":0,"max_hp_loss":0,"event_name":"Scrap Ooze","floor":4,"gold_loss":0}],"is_beta":false,"boss_relics":[],"items_purged_floors":[],"is_endless":false,"potions_floor_spawned":[3],"killed_by":"Lagavulin","ascension_level":0}}