{"host":"1yemetsqamtkb9ct","time":1610178389,"event":{"mods":["AchievementEnabler","BaseMod","Colored Map","Custom Start","KOR Keyword Fix","Lobotomy","Minty Spire (QoL Compilation)","Quick Restart","Random Character Button","StSLib","SuperFastMode"],"gold_per_floor":[109,109,124,139,139,139,194,194,221,245,260,260,260,335,335,459,459,482,451,451,451,451],"floor_reached":21,"playtime":513,"items_purged":[],"score":221,"play_id":"edf036fc-ce03-43d2-bab6-1d47b97b25c4","local_time":"20210109164629","is_ascension_mode":false,"campfire_choices":[{"data":"Bash","floor":6,"key":"SMITH"},{"floor":12,"key":"REST"},{"floor":15,"key":"REST"}],"circlet_count":0,"master_deck":["Strike_R","Strike_R","Strike_R","Defend_R","Defend_R","Defend_R","Bash+1","LittleHelper","Bloodbath","MHz","Mercenary","UniverseFragment","Shrug It Off","Disarm","DespairKnight","CENSORED","LaLuna","Decay"],"relics":["Burning Blood","CogitoBucket","Lantern","Golden Idol","Tiny Chest","BehaviorAdjustment","Cursed Key","Shovel"],"acts_visited":["Exordium","TheCity"],"potions_floor_usage":[10,21],"damage_taken":[{"damage":1,"enemies":"Jaw Worm","floor":1,"turns":3},{"damage":0,"enemies":"2 Louse","floor":2,"turns":4},{"damage":8,"enemies":"Small Slimes","floor":3,"turns":4},{"damage":27,"enemies":"3 Louse","floor":4,"turns":7},{"damage":42,"enemies":"Gremlin Nob","floor":7,"turns":5},{"damage":27,"enemies":"Red Slaver","floor":10,"turns":4},{"damage":10,"enemies":"Looter","floor":11,"turns":4},{"damage":0,"enemies":"Hexaghost","floor":16,"turns":1},{"damage":47,"enemies":"Spheric Guardian","floor":18,"turns":10},{"damage":28,"enemies":"2 Thieves","floor":19,"turns":5},{"damage":56,"enemies":"Centurion and Healer","floor":21,"turns":1}],"seed_played":"-5604756065084075069","potions_obtained":[{"floor":1,"key":"BloodPotion"},{"floor":16,"key":"Dexterity Potion"}],"is_trial":false,"path_per_floor":["M","M","M","M","?","R","?","?","T","M","M","R","?","?","R","B",null,"M","M","T","M"],"character_chosen":"IRONCLAD","items_purchased":[],"campfire_rested":2,"item_purchase_floors":[],"current_hp_per_floor":[80,80,78,59,59,59,24,24,24,19,16,38,31,20,42,37,74,36,37,37,0,0],"gold":451,"neow_bonus":"","is_daily":false,"chose_seed":false,"campfire_upgraded":1,"win_rate":0.0,"timestamp":1610178389,"path_taken":["M","M","M","M","?","R","?","?","T","?","M","R","?","?","R","BOSS","M","M","?","?"],"items_purchased_type":[],"build_version":"2020-12-22","purchased_purges":0,"victory":false,"max_hp_per_floor":[80,80,80,80,80,80,80,74,74,74,74,74,74,74,74,74,74,74,74,74,74,74],"card_choices":[{"not_picked":["SpiderBud","MHz"],"picked":"LittleHelper","floor":1},{"not_picked":["Body Slam","Perfected Strike","Dual Wield"],"picked":"SKIP","floor":1},{"not_picked":["Body Slam","Perfected Strike","Dual Wield"],"picked":"SKIP","floor":1},{"not_picked":["Scorched","PunishingBird"],"picked":"Bloodbath","floor":2},{"not_picked":["Heavy Blade","Rampage","Headbutt"],"picked":"SKIP","floor":2},{"not_picked":["BeautyBeast","VoidDream"],"picked":"MHz","floor":3},{"not_picked":["Thunderclap","Headbutt","Flame Barrier"],"picked":"SKIP","floor":3},{"not_picked":["CherryBlossoms","SnowQueen"],"picked":"Mercenary","floor":4},{"not_picked":["Heavy Blade","Body Slam","Anger"],"picked":"SKIP","floor":4},{"not_picked":["Heavy Blade","Body Slam","Anger"],"picked":"SKIP","floor":4},{"not_picked":["CherryBlossoms","LongBird","WallGazer"],"picked":"Singing Bowl","floor":7},{"not_picked":["SpiderBud","BeautyBeast"],"picked":"UniverseFragment","floor":7},{"not_picked":["Murderer","BeautyBeast"],"picked":"Yin","floor":10},{"not_picked":["Heavy Blade","Wild Strike"],"picked":"Shrug It Off","floor":10},{"not_picked":["Blood for Blood","Cleave"],"picked":"Disarm","floor":11},{"not_picked":["Freischutz","Wellcheers"],"picked":"DespairKnight","floor":16},{"not_picked":["OSAHOGD","Rudolta"],"picked":"CENSORED","floor":18},{"not_picked":["Thunderclap+1","Feel No Pain","Pommel Strike"],"picked":"SKIP","floor":18},{"not_picked":["Thunderclap+1","Feel No Pain","Pommel Strike"],"picked":"SKIP","floor":18},{"not_picked":["SpiderBud","WallGazer"],"picked":"LaLuna","floor":19},{"not_picked":["Intimidate","Perfected Strike","Blood for Blood+1"],"picked":"SKIP","floor":19}],"player_experience":598991,"relics_obtained":[{"floor":7,"key":"Lantern"},{"floor":9,"key":"Tiny Chest"},{"floor":20,"key":"Shovel"}],"event_choices":[{"cards_removed":["Strike_R"],"damage_healed":0,"gold_gain":0,"player_choice":"Forget","damage_taken":0,"max_hp_gain":0,"max_hp_loss":0,"event_name":"Living Wall","floor":5,"gold_loss":0},{"damage_healed":0,"gold_gain":0,"player_choice":"Searched \u00272\u0027 times","damage_taken":0,"max_hp_gain":0,"max_hp_loss":0,"event_name":"Dead Adventurer","floor":7,"gold_loss":0},{"damage_healed":0,"gold_gain":0,"player_choice":"Lose Max HP","damage_taken":0,"relics_obtained":["Golden Idol"],"max_hp_gain":0,"max_hp_loss":6,"event_name":"Golden Idol","floor":8,"gold_loss":0},{"cards_removed":["Strike_R"],"damage_healed":0,"gold_gain":0,"player_choice":"Card Removal","damage_taken":7,"max_hp_gain":0,"max_hp_loss":0,"event_name":"Golden Wing","floor":13,"gold_loss":0},{"damage_healed":0,"gold_gain":75,"player_choice":"Gather Gold","damage_taken":11,"max_hp_gain":0,"max_hp_loss":0,"event_name":"World of Goop","floor":14,"gold_loss":0}],"is_beta":false,"boss_relics":[{"not_picked":["Tiny House","Runic Dome"],"picked":"Cursed Key"}],"items_purged_floors":[],"is_endless":false,"potions_floor_spawned":[1,16],"killed_by":"Centurion and Healer","ascension_level":0}}