{"host":"uu8qcv8llpcbwyus","time":1610179395,"event":{"mods":["100% Spire Juice","BaseMod","CapriCore","Conspire","Downfall","Hubris","Marisa（霧雨　魔理沙）","Minty Spire (QoL Compilation)","Reimu（博??梦）","Remilia（蕾米莉?）","Replay The Spire","StSLib","The Administrix","The Animator","The Gatherer","The Immortal","The Servant 0.9.4","TheSwordswoman","WarShipGirlsR/??少女R mod","Yakumo Yukari mod"],"gold_per_floor":[114,94,23,37,54,87,87,118,118,118,134,134,145,160,160,256,256,269,279,279,279,293,53,53,63,86,11,11,27,43,43,43,148,28,39,55,16,16,16,16],"floor_reached":39,"playtime":1658,"items_purged":["Moonworks:Strike"],"score":432,"play_id":"02b29020-395f-46b0-9082-685b6b545311","local_time":"20210109000315","is_ascension_mode":true,"campfire_choices":[{"data":"Moonworks:x16BigRocket","floor":7,"key":"SMITH"},{"data":"Moonworks:x16BigRocket+1","floor":10,"key":"SMITH"},{"data":"Moonworks:CloudOfSeagulls","floor":12,"key":"SMITH"},{"data":"Moonworks:MeltingMemories","floor":15,"key":"SMITH"},{"data":"Moonworks:BackdoorTrade","floor":23,"key":"SMITH"},{"data":"Moonworks:Accelerator","floor":28,"key":"SMITH"},{"data":"Moonworks:x16BigRocket+2","floor":32,"key":"SMITH"}],"circlet_count":0,"master_deck":["Moonworks:Strike","Moonworks:Strike","Moonworks:Defend","Moonworks:Defend","Moonworks:Defend","Moonworks:Defend","Moonworks:Ambush+1","Moonworks:LongDistanceShot","Moonworks:IndiscriminateFireSupport","Moonworks:x16BigRocket+3","Moonworks:EvilSpyWorkPreparation","Moonworks:MiracleWalker","Moonworks:Bloodlust","Moonworks:MeltingMemories+1","Moonworks:CloudOfSeagulls+1","Moonworks:JonathanRush","Moonworks:Accelerator+1","Moonworks:RedAndBlue","Moonworks:Poppoformation","Moonworks:BackdoorTrade+1","Moonworks:AwakeningOfTalent","Moonworks:Dash","Moonworks:UnpaidWork","Moonworks:AnotherUltimateWeapon","Moonworks:WindyEnchantment+1","Moonworks:WindyEnchantment+1","Moonworks:CloudOfSeagulls+1"],"relics":["Moonworks:BrokenBomb","Moonworks:Homemark","RuthlessExorcism:ReiMu","Pen Nib","Meat on the Bone","conspire:SpecialSausage","hubris:Towel","Ancient Tea Set","Sozu"],"acts_visited":["Exordium","TheCity","TheBeyond"],"potions_floor_usage":[18,22,36,39],"damage_taken":[{"damage":0,"enemies":"2 Louse","floor":1,"turns":2},{"damage":0,"enemies":"Jaw Worm","floor":4,"turns":2},{"damage":9,"enemies":"conspire:RoseBush","floor":5,"turns":2},{"damage":24,"enemies":"Lagavulin","floor":6,"turns":6},{"damage":13,"enemies":"Replay:BlueRogue","floor":8,"turns":4},{"damage":18,"enemies":"Red Slaver","floor":11,"turns":2},{"damage":4,"enemies":"Large Slime","floor":13,"turns":4},{"damage":0,"enemies":"Lots of Slimes","floor":14,"turns":1},{"damage":25,"enemies":"Hexaghost","floor":16,"turns":8},{"damage":47,"enemies":"2 Thieves","floor":18,"turns":4},{"damage":19,"enemies":"Spheric Guardian","floor":19,"turns":4},{"damage":19,"enemies":"Cultist and Chosen","floor":22,"turns":5},{"damage":18,"enemies":"conspire:HollyBat","floor":25,"turns":7},{"damage":0,"enemies":"3 Cultists","floor":29,"turns":2},{"damage":17,"enemies":"Centurion and Healer","floor":30,"turns":6},{"damage":41,"enemies":"Pondfish","floor":33,"turns":9},{"damage":20,"enemies":"3 Shapes","floor":35,"turns":3},{"damage":18,"enemies":"Orb Walker","floor":36,"turns":3},{"damage":91,"enemies":"Awakened One","floor":39,"turns":8}],"seed_played":"1022082122126724344","potions_obtained":[{"floor":4,"key":"PowerPotion"},{"floor":5,"key":"sneckomod:MuddlingPotion"},{"floor":16,"key":"Swift Potion"},{"floor":25,"key":"Elixir"},{"floor":29,"key":"Energy Potion"}],"is_trial":false,"path_per_floor":["M","?","$","M","M","E","R","E","T","R","M","R","M","M","R","B",null,"M","M","?","?","M","R","?","M","T","$","R","M","M","$","R","B",null,"M","M","$","?","B"],"character_chosen":"THE_STARBREAKER","items_purchased":["Moonworks:x16BigRocket","Moonworks:CloudOfSeagulls+1"],"campfire_rested":0,"item_purchase_floors":[3,37],"current_hp_per_floor":[60,60,60,60,51,27,27,26,26,26,28,28,40,40,40,36,60,29,30,30,30,27,27,27,31,31,31,31,31,46,46,46,31,60,40,36,36,36,0,0],"gold":16,"neow_bonus":"UPGRADE_CARD","is_daily":false,"chose_seed":false,"campfire_upgraded":7,"win_rate":0.0,"timestamp":1610179395,"path_taken":["M","?","?","M","M","E","R","E","T","R","?","R","M","M","R","BOSS","M","M","?","?","?","R","?","M","T","$","R","M","?","?","R","BOSS","M","M","$","?","BOSS"],"items_purchased_type":["Card","Card"],"build_version":"2020-12-22","purchased_purges":1,"victory":false,"max_hp_per_floor":[60,60,60,60,60,60,60,60,60,60,60,60,60,60,60,60,60,60,60,60,60,60,60,60,60,60,60,60,60,60,60,60,60,60,60,60,60,60,60,60],"card_choices":[{"not_picked":["Moonworks:JonathanRush","Moonworks:EvilSpyWorkPreparation"],"picked":"Moonworks:IndiscriminateFireSupport","floor":1},{"not_picked":["Moonworks:LulusLuckyEgg","Moonworks:DeployBits"],"picked":"Moonworks:EvilSpyWorkPreparation","floor":4},{"not_picked":["Moonworks:NicePresent","Moonworks:WindyEnchantment"],"picked":"Moonworks:MiracleWalker","floor":5},{"not_picked":["Moonworks:IndiscriminateFireSupport","Moonworks:IntelligenceOfficer"],"picked":"Moonworks:Bloodlust","floor":6},{"not_picked":["Moonworks:DeployBits","Moonworks:BeyondHell"],"picked":"Moonworks:MeltingMemories","floor":8},{"not_picked":["Moonworks:EvilSpyWorkPreparation","Moonworks:NicePresent"],"picked":"Moonworks:CloudOfSeagulls","floor":11},{"not_picked":["Moonworks:CloudOfSeagulls","Moonworks:LulusLuckyEgg"],"picked":"Moonworks:JonathanRush","floor":13},{"not_picked":["Moonworks:DevilHand","Moonworks:Assault","Moonworks:NicePresent"],"picked":"SKIP","floor":14},{"not_picked":["Moonworks:ReflectiveShell","Moonworks:StarBlastingFuse"],"picked":"Moonworks:Accelerator","floor":16},{"not_picked":["Moonworks:BigMagnum+1","Moonworks:EvilSpyWorkPreparation"],"picked":"Moonworks:RedAndBlue","floor":18},{"not_picked":["Moonworks:SakisCookie+1","Moonworks:IndiscriminateFireSupport"],"picked":"Moonworks:Poppoformation","floor":19},{"not_picked":["Moonworks:ImOnFire","Moonworks:Assault","Moonworks:LulusLuckyEgg"],"picked":"SKIP","floor":22},{"not_picked":["Moonworks:JonathanRush","Moonworks:BigMagnum"],"picked":"Moonworks:AwakeningOfTalent","floor":25},{"not_picked":["Moonworks:ExtendedPhotonRifle","Moonworks:CloudOfSeagulls+1"],"picked":"Moonworks:Dash","floor":29},{"not_picked":["Moonworks:EvilSpyWorkPreparation","Moonworks:NicePresent"],"picked":"Moonworks:UnpaidWork","floor":30},{"not_picked":["Moonworks:FinalBattle","Moonworks:StarBlastingFuse"],"picked":"Moonworks:AnotherUltimateWeapon","floor":33},{"not_picked":["Moonworks:ForcedRevival","Moonworks:BigMagnum"],"picked":"Moonworks:WindyEnchantment+1","floor":35},{"not_picked":["Moonworks:DeployBits+1","Moonworks:NicePresent"],"picked":"Moonworks:WindyEnchantment+1","floor":36}],"player_experience":1121575,"relics_obtained":[{"floor":6,"key":"RuthlessExorcism:ReiMu"},{"floor":8,"key":"Pen Nib"},{"floor":9,"key":"Meat on the Bone"},{"floor":26,"key":"Ancient Tea Set"}],"event_choices":[{"damage_healed":0,"gold_gain":100,"player_choice":"Pray","damage_taken":0,"max_hp_gain":0,"max_hp_loss":0,"event_name":"Golden Shrine","floor":2,"gold_loss":0},{"damage_healed":0,"gold_gain":0,"cards_transformed":["Moonworks:Strike"],"player_choice":"Transformed","damage_taken":0,"max_hp_gain":0,"max_hp_loss":0,"event_name":"Transmorgrifier","floor":21,"gold_loss":0,"cards_obtained":["Moonworks:BackdoorTrade"]},{"damage_healed":0,"gold_gain":0,"player_choice":"Ignored","damage_taken":0,"max_hp_gain":0,"max_hp_loss":0,"event_name":"N\u0027loth","floor":24,"gold_loss":0},{"damage_healed":0,"gold_gain":0,"player_choice":"Took Portal","damage_taken":0,"max_hp_gain":0,"max_hp_loss":0,"event_name":"SecretPortal","floor":38,"gold_loss":0}],"is_beta":false,"boss_relics":[{"not_picked":["hubris:Stopwatch","Runic Pyramid"],"picked":"conspire:SpecialSausage"},{"not_picked":["RedLine:ReiMu","conspire:SeveredTorchhead"],"picked":"Sozu"}],"items_purged_floors":[27],"is_endless":false,"potions_floor_spawned":[4,5,16,25,29,33,35],"killed_by":"Awakened One","ascension_level":2}}