{"host":"56ghxnzsglgdq727","time":1610188591,"event":{"mods":["AchievementEnabler","BaseMod","Downfall","Duelist Mod","Hermit","Marisa????????","Minty Spire (QoL Compilation)","Rare Cards Sparkle","Remilia??????","SOS???????","StSLib","The Bug Knight","The Senshi","The Servant 0.9.4","The Wild Card","Yuri Mod"],"gold_per_floor":[38,213,273,307,151,151,184,184,211,211,233,233,273,148,148,252,252,209,308,308,308,258,229,306,306,330,330,205,130,163,9,9,137,137,150,169,169,180,138,125,125,53,53,15,77,31,31,42,42,82,82,82,58,86,47],"floor_reached":56,"playtime":2791,"items_purged":["Doubt","EbonyIvory","Defend_Dante"],"score":1469,"play_id":"23e6af1d-6237-475d-907e-d9f3d741cf7d","local_time":"20210109053631","is_ascension_mode":true,"campfire_choices":[{"data":"CoyoteA","floor":6,"key":"SMITH"},{"floor":10,"key":"REST"},{"data":"Chargeshoot2","floor":12,"key":"SMITH"},{"data":"Chargeshoot2","floor":15,"key":"SMITH"},{"data":"Gunstinger","floor":25,"key":"SMITH"},{"data":"Doubleshoot","floor":27,"key":"SMITH"},{"data":"Chargeshoot","floor":32,"key":"SMITH"},{"floor":49,"key":"RECALL"},{"data":"Pandora","floor":52,"key":"SMITH"}],"circlet_count":0,"master_deck":["Shoot","Shoot","Provocation","Redorb","Chargeshoot+1","CoyoteA+1","Chargeshoot2+1","Doubleshoot+1","Chargeshoot2+1","DevilstarL","Gunstinger+1","Pandora+1","Pandora+1","Gunslinger+1","EbonyIvory"],"relics":["SSS","Combocheck","hexamod:BolsterEngine","Potion Belt","Omamori","Empty Cage","MutagenicStrength","HornCleat","Mercury Hourglass","PreservedInsect","Sundial","Membership Card","SacredBark","Unceasing Top","theSenshi:FeatherClipsRelic","Bag of Preparation","Bird Faced Urn"],"acts_visited":["Exordium","TheCity","TheBeyond","TheEnding"],"potions_floor_usage":[16,22,23,23,23,23,23,23,23,23,23,30,30,30,30,30,30,33,33,33,33,33,33,33,33,33,33,33,33,33,33,35,35,35,35,36,36,36,36,38,39,39,39,40,40,40,40,40,40,40,40,40,40,44,44,44,44,44,45,45,45,45,45,45,46,46,46,46,46,46,50,50,50,50,50,50,50,50,50,50,54,54,54,54,54,54,55,55,55,55,55,55,55,55,55,55,55,55,55,55,55,55,55,55,55,55,55,55,55,55,55],"damage_taken":[{"damage":8,"enemies":"Cultist","floor":1,"turns":5},{"damage":5,"enemies":"2 Louse","floor":3,"turns":4},{"damage":2,"enemies":"Small Slimes","floor":4,"turns":3},{"damage":29,"enemies":"3 Sentries","floor":7,"turns":7},{"damage":12,"enemies":"Looter","floor":11,"turns":3},{"damage":8,"enemies":"3 Louse","floor":13,"turns":3},{"damage":12,"enemies":"Slime Boss","floor":16,"turns":7},{"damage":0,"enemies":"Chosen","floor":18,"turns":2},{"damage":12,"enemies":"2 Thieves","floor":22,"turns":3},{"damage":0,"enemies":"Slavers","floor":23,"turns":4},{"damage":0,"enemies":"theDuelist:KaibaA2","floor":30,"turns":3},{"damage":0,"enemies":"Champ","floor":33,"turns":8},{"damage":27,"enemies":"3 Shapes","floor":35,"turns":4},{"damage":0,"enemies":"Mind Bloom Boss Battle","floor":36,"turns":4},{"damage":0,"enemies":"3 Darklings","floor":38,"turns":3},{"damage":0,"enemies":"Sphere and 2 Shapes","floor":39,"turns":3},{"damage":0,"enemies":"Reptomancer","floor":40,"turns":2},{"damage":28,"enemies":"4 Shapes","floor":44,"turns":3},{"damage":0,"enemies":"Jaw Worm Horde","floor":45,"turns":3},{"damage":0,"enemies":"Spire Growth","floor":46,"turns":1},{"damage":0,"enemies":"Maw","floor":48,"turns":1},{"damage":0,"enemies":"Awakened One","floor":50,"turns":4},{"damage":0,"enemies":"Shield and Spear","floor":54,"turns":2},{"damage":81,"enemies":"The Heart","floor":55,"turns":12}],"seed_played":"-5558269242137485432","potions_obtained":[{"floor":7,"key":"Strength Potion"},{"floor":13,"key":"Fire Potion"},{"floor":16,"key":"Weak Potion"},{"floor":20,"key":"LazyBrew"},{"floor":20,"key":"LazyBrew"},{"floor":20,"key":"LazyBrew"},{"floor":22,"key":"SpeedPotion"},{"floor":38,"key":"SkillPotion"},{"floor":40,"key":"hexamod:EctoCoolerPotion"},{"floor":44,"key":"SpeedPotion"},{"floor":45,"key":"BlessingOfTheForge"},{"floor":48,"key":"Weak Potion"},{"floor":54,"key":"FairyPotion"}],"is_trial":false,"path_per_floor":["M","?","M","M","$","R","E","?","T","R","M","R","M","$","R","B",null,"M","?","?","?","M","E","T","R","T","R","$","?","E","$","R","B",null,"M","?","?","M","M","E","?","$","T","M","M","M","?","M","R","B",null,"R","$","E","B",null],"character_chosen":"DANTE","items_purchased":["CoyoteA","Chargeshoot2","Membership Card","Bag of Preparation","EbonyIvory"],"campfire_rested":1,"item_purchase_floors":[5,14,31,42,53],"current_hp_per_floor":[72,72,67,65,65,65,36,24,24,48,36,36,28,28,28,16,80,80,80,80,80,68,68,68,68,68,68,68,68,68,68,68,68,80,53,53,53,53,53,53,53,53,53,31,37,43,43,49,49,55,80,80,80,80,9],"gold":47,"neow_bonus":"REMOVE_TWO","is_daily":false,"chose_seed":false,"campfire_upgraded":7,"win_rate":0.0,"timestamp":1610188591,"path_taken":["M","?","M","M","$","R","E","?","T","R","M","R","M","$","R","BOSS","M","?","?","?","M","E","?","R","T","R","$","?","E","$","R","BOSS","M","?","?","M","M","E","?","$","T","M","M","?","?","M","R","BOSS","R","$","E","BOSS"],"items_purchased_type":["Card","Card","Relic","Relic","Card"],"build_version":"2020-12-22","purchased_purges":3,"victory":true,"max_hp_per_floor":[80,80,80,80,80,80,80,80,80,80,80,80,80,80,80,80,80,80,80,80,80,80,80,80,80,80,80,80,80,80,80,80,80,80,80,80,80,80,80,80,80,80,80,80,80,80,80,80,80,80,80,80,80,80,80],"card_choices":[{"not_picked":["Rebellion","Whiteorb","Millionstab"],"picked":"SKIP","floor":1},{"not_picked":["Dash2","Straight"],"picked":"Chargeshoot","floor":3},{"not_picked":["Dash2","Hightime"],"picked":"EbonyIvory","floor":4},{"not_picked":["LucifercomboB","Millionkick","Splesh"],"picked":"SKIP","floor":7},{"not_picked":["VitalstarM","VitalstarS"],"picked":"Chargeshoot2","floor":11},{"not_picked":["LucifercomboA","Kick13"],"picked":"Doubleshoot","floor":13},{"not_picked":["Trickster","Darkslayer"],"picked":"DevilstarL","floor":16},{"not_picked":["Millionkick+1","Whiteorb"],"picked":"Gunstinger","floor":18},{"not_picked":["Honeycombofire","CoyoteA+1","EbonyIvory"],"picked":"SKIP","floor":22},{"not_picked":["DT","Millionkick","LucifercomboB"],"picked":"SKIP","floor":23},{"not_picked":["CoyoteA+1","EbonyIvory","GilgameshcomboA+1"],"picked":"SKIP","floor":30},{"not_picked":["Airhike+1","Doubleshoot","Millionstab"],"picked":"SKIP","floor":35},{"not_picked":["EbonyIvory","Whiteorb+1","LucifercomboB+1"],"picked":"SKIP","floor":38},{"not_picked":["Whiteorb","Splesh","LucifercomboA+1"],"picked":"SKIP","floor":39},{"not_picked":["VitalstarM","Splesh","LucifercomboB+1"],"picked":"SKIP","floor":40},{"not_picked":["Lucifer+1","Fullhouse+1"],"picked":"Pandora+1","floor":44},{"not_picked":["Rebellion+1","Unrisingdragon"],"picked":"Pandora","floor":45},{"not_picked":["DevilstarS+1","EbonyIvory"],"picked":"Gunslinger","floor":46},{"not_picked":["Rebellion","Royaldefend+1","Royalguard"],"picked":"SKIP","floor":48},{"not_picked":["VitalstarM","Swordmaster+1","Unrisingdragon"],"picked":"SKIP","floor":54}],"player_experience":201198,"relics_obtained":[{"floor":7,"key":"hexamod:BolsterEngine"},{"floor":9,"key":"Omamori"},{"floor":23,"key":"HornCleat"},{"floor":24,"key":"Mercury Hourglass"},{"floor":26,"key":"PreservedInsect"},{"floor":30,"key":"Sundial"},{"floor":36,"key":"Unceasing Top"},{"floor":40,"key":"theSenshi:FeatherClipsRelic"},{"floor":54,"key":"Bird Faced Urn"}],"event_choices":[{"damage_healed":0,"gold_gain":175,"player_choice":"AGREE","damage_taken":0,"max_hp_gain":0,"max_hp_loss":0,"event_name":"Liars Game","floor":2,"gold_loss":0,"cards_obtained":["Doubt"]},{"damage_healed":0,"gold_gain":0,"player_choice":"Success","damage_taken":12,"relics_obtained":["Potion Belt"],"max_hp_gain":0,"max_hp_loss":0,"event_name":"Scrap Ooze","floor":8,"gold_loss":0},{"damage_healed":0,"gold_gain":99,"player_choice":"Stole From Cult","damage_taken":0,"max_hp_gain":0,"max_hp_loss":0,"event_name":"Nest","floor":19,"gold_loss":0},{"damage_healed":0,"gold_gain":0,"player_choice":"Inject Mutagens","damage_taken":0,"relics_obtained":["MutagenicStrength"],"max_hp_gain":0,"max_hp_loss":0,"event_name":"Drug Dealer","floor":21,"gold_loss":0},{"cards_removed":["Defend_Dante"],"damage_healed":0,"gold_gain":0,"player_choice":"Gave Gold","damage_taken":0,"max_hp_gain":0,"max_hp_loss":0,"event_name":"Beggar","floor":29,"gold_loss":75},{"damage_healed":0,"gold_gain":0,"player_choice":"Fight","damage_taken":0,"max_hp_gain":0,"max_hp_loss":0,"event_name":"MindBloom","floor":36,"gold_loss":0},{"damage_healed":0,"gold_gain":0,"player_choice":"Ignored","damage_taken":0,"max_hp_gain":0,"max_hp_loss":0,"event_name":"Tomb of Lord Red Mask","floor":37,"gold_loss":0},{"cards_removed":["Defend_Dante"],"damage_healed":0,"gold_gain":0,"player_choice":"Purged","damage_taken":0,"max_hp_gain":0,"max_hp_loss":0,"event_name":"Purifier","floor":41,"gold_loss":0},{"damage_healed":0,"gold_gain":0,"player_choice":"Upgraded","damage_taken":0,"max_hp_gain":0,"max_hp_loss":0,"event_name":"Upgrade Shrine","floor":47,"gold_loss":0,"cards_upgraded":["Gunslinger"]}],"is_beta":false,"boss_relics":[{"not_picked":["Sozu","Pandora\u0027s Box"],"picked":"Empty Cage"},{"not_picked":["Astrolabe","Fusion Hammer"],"picked":"SacredBark"}],"items_purged_floors":[5,14,28],"is_endless":false,"potions_floor_spawned":[7,13,16,22,38,40,44,45,48,54],"ascension_level":1}}