{"host":"skvwuvqqk8x6jusd","time":1610228716,"event":{"mods":["AchievementEnabler","BaseMod","Colored Map","Colored Powertips","Highlight Path","Minty Spire (QoL Compilation)","Relic Stats","Slay-I"],"gold_per_floor":[114,114,126,139,156,191,210,227,227,246,281,281],"floor_reached":11,"playtime":2054,"items_purged":[],"score":118,"play_id":"6ce028f0-2e4d-4dd7-ac79-ce3b7a35b9c2","local_time":"20210109214516","is_ascension_mode":true,"campfire_choices":[],"circlet_count":0,"master_deck":["Strike_G","Strike_G","Strike_G","Strike_G","Strike_G","Defend_G","Defend_G","Defend_G","Defend_G","Defend_G","Survivor","Neutralize","Dodge and Roll","Sucker Punch","Dagger Throw","Footwork","Backflip","Blur","Eviscerate","Dagger Spray"],"relics":["Ring of the Snake","Pear"],"acts_visited":["Exordium"],"potions_floor_usage":[],"damage_taken":[{"damage":0,"enemies":"2 Louse","floor":1,"turns":4},{"damage":0,"enemies":"Cultist","floor":3,"turns":4},{"damage":0,"enemies":"Small Slimes","floor":4,"turns":3},{"damage":2,"enemies":"Looter","floor":5,"turns":3},{"damage":36,"enemies":"Lagavulin","floor":6,"turns":11},{"damage":0,"enemies":"Exordium Wildlife","floor":7,"turns":4},{"damage":0,"enemies":"Large Slime","floor":8,"turns":10},{"damage":2,"enemies":"Blue Slaver","floor":10,"turns":5},{"damage":17,"enemies":"3 Sentries","floor":11,"turns":11}],"seed_played":"-2044244505450530336","potions_obtained":[{"floor":5,"key":"Swift Potion"},{"floor":7,"key":"Poison Potion"},{"floor":10,"key":"Ancient Potion"}],"is_trial":false,"path_per_floor":["M","?","M","M","M","E","M","M","T","M","E"],"character_chosen":"THE_SILENT","items_purchased":[],"campfire_rested":0,"item_purchase_floors":[],"current_hp_per_floor":[77,77,77,77,75,39,39,39,39,37,30,30],"gold":281,"neow_bonus":"TEN_PERCENT_HP_BONUS","is_daily":false,"chose_seed":false,"campfire_upgraded":0,"win_rate":0.0,"timestamp":1610228716,"path_taken":["M","?","M","M","M","E","M","?","T","M","E"],"items_purchased_type":[],"build_version":"2020-12-22","purchased_purges":0,"victory":false,"max_hp_per_floor":[77,77,77,77,77,77,77,77,77,77,87,87],"relic_stats":{"counters":[9,55],"obtain_stats":[{"Pear":11,"Ring of the Snake":0},{"Pear":9,"Ring of the Snake":0},{"Pear":55,"Ring of the Snake":0}],"Ring of the Snake":[18]},"card_choices":[{"not_picked":["Prepared","Endless Agony"],"picked":"Dodge and Roll","floor":1},{"not_picked":["Crippling Poison","Slice"],"picked":"Sucker Punch","floor":3},{"not_picked":["PiercingWail","Bane"],"picked":"Dagger Throw","floor":4},{"not_picked":["Finisher","Well Laid Plans"],"picked":"Footwork","floor":5},{"not_picked":["Distraction","Acrobatics"],"picked":"Backflip","floor":6},{"not_picked":["Caltrops","Catalyst"],"picked":"Blur","floor":7},{"not_picked":["Prepared","Skewer"],"picked":"Eviscerate","floor":8},{"not_picked":["Flying Knee","Riddle With Holes"],"picked":"Dagger Spray","floor":10}],"player_experience":590532,"relics_obtained":[{"floor":11,"key":"Pear"}],"event_choices":[{"damage_healed":0,"gold_gain":0,"player_choice":"Ignored","damage_taken":0,"max_hp_gain":0,"max_hp_loss":0,"event_name":"WeMeetAgain","floor":2,"gold_loss":0}],"is_beta":false,"boss_relics":[],"items_purged_floors":[],"is_endless":false,"potions_floor_spawned":[5,7,10],"killed_by":"3 Sentries","ascension_level":1}}