{"host":"dpbezu80jg8zk7un","time":1610206118,"event":{"mods":["BaseMod","Colored Map","Colored Powertips","Custom Start","DeckTracker","Minty Spire (QoL Compilation)","Quick Restart","StSLib","SuperFastMode"],"gold_per_floor":[15,30,30,44,60,95,108,142,166,166,180,130,148,176,176,250,250,270,185,61,111,131,131,145,164,164,175,175,175,189,189,189,267,267,284,297,162,175,186,221,221,253,307,341,341,341,366,384,384,384,384,384,384,12,43,43],"floor_reached":57,"playtime":2173,"items_purged":["Strike_P","Strike_P","Defend_P+1","Strike_P+1"],"score":2932,"play_id":"3543458d-8301-4731-961d-19aa768c6c42","local_time":"20210110002838","is_ascension_mode":true,"campfire_choices":[{"data":"Apotheosis","floor":10.0,"key":"SMITH"},{"floor":15.0,"key":"RECALL"},{"data":"Adaptation","floor":23.0,"key":"SMITH"},{"floor":29.0,"key":"REST"},{"floor":32.0,"key":"REST"},{"floor":41.0,"key":"REST"},{"floor":45.0,"key":"REST"},{"floor":49.0,"key":"REST"},{"floor":53.0,"key":"REST"}],"circlet_count":0,"master_deck":["AscendersBane","Defend_P+1","Eruption+1","Vigilance+1","Apotheosis+1","CrushJoints+1","LessonLearned+1","Tantrum+1","Adaptation+1","EmptyFist+1","MentalFortress+1","DeusExMachina+1","InnerPeace+1","Adaptation+1","TalkToTheHand+1"],"relics":["PureWater","Smiling Mask","Happy Flower","Akabeko","Art of War","Runic Pyramid","Omamori","Shuriken","Empty Cage","White Beast Statue","Molten Egg 2","Gremlin Horn","Strawberry","Lizard Tail","Blue Candle"],"acts_visited":["Exordium","TheCity","TheBeyond","TheEnding"],"potions_floor_usage":[56,56],"damage_taken":[{"damage":9.0,"enemies":"2 Louse","floor":1.0,"turns":4.0},{"damage":0.0,"enemies":"Cultist","floor":2.0,"turns":2.0},{"damage":7.0,"enemies":"Small Slimes","floor":4.0,"turns":6.0},{"damage":11.0,"enemies":"Gremlin Gang","floor":5.0,"turns":5.0},{"damage":0.0,"enemies":"Gremlin Nob","floor":6.0,"turns":2.0},{"damage":6.0,"enemies":"Looter","floor":7.0,"turns":3.0},{"damage":10.0,"enemies":"3 Sentries","floor":8.0,"turns":4.0},{"damage":0.0,"enemies":"Exordium Wildlife","floor":11.0,"turns":2.0},{"damage":0.0,"enemies":"2 Fungi Beasts","floor":13.0,"turns":2.0},{"damage":0.0,"enemies":"Gremlin Nob","floor":14.0,"turns":2.0},{"damage":10.0,"enemies":"Hexaghost","floor":16.0,"turns":7.0},{"damage":0.0,"enemies":"3 Byrds","floor":18.0,"turns":4.0},{"damage":0.0,"enemies":"Spheric Guardian","floor":22.0,"turns":2.0},{"damage":14.0,"enemies":"Cultist and Chosen","floor":24.0,"turns":5.0},{"damage":5.0,"enemies":"Sentry and Sphere","floor":25.0,"turns":4.0},{"damage":4.0,"enemies":"Snake Plant","floor":27.0,"turns":2.0},{"damage":0.0,"enemies":"Snecko","floor":30.0,"turns":2.0},{"damage":28.0,"enemies":"Automaton","floor":33.0,"turns":8.0},{"damage":3.0,"enemies":"Orb Walker","floor":35.0,"turns":2.0},{"damage":2.0,"enemies":"3 Darklings","floor":36.0,"turns":3.0},{"damage":11.0,"enemies":"Transient","floor":38.0,"turns":6.0},{"damage":15.0,"enemies":"Maw","floor":39.0,"turns":3.0},{"damage":0.0,"enemies":"Reptomancer","floor":40.0,"turns":2.0},{"damage":5.0,"enemies":"Giant Head","floor":42.0,"turns":3.0},{"damage":16.0,"enemies":"Nemesis","floor":44.0,"turns":3.0},{"damage":8.0,"enemies":"Writhing Mass","floor":48.0,"turns":4.0},{"damage":9.0,"enemies":"Awakened One","floor":50.0,"turns":4.0},{"damage":24.0,"enemies":"Donu and Deca","floor":51.0,"turns":3.0},{"damage":25.0,"enemies":"Shield and Spear","floor":55.0,"turns":2.0},{"damage":2,"enemies":"The Heart","floor":56,"turns":6}],"seed_played":"6470445029831023938","potions_obtained":[{"floor":4.0,"key":"Swift Potion"},{"floor":5.0,"key":"ColorlessPotion"},{"floor":30.0,"key":"Ambrosia"},{"floor":33.0,"key":"Block Potion"},{"floor":39.0,"key":"FearPotion"},{"floor":42.0,"key":"PowerPotion"},{"floor":55.0,"key":"SkillPotion"}],"is_trial":false,"path_per_floor":["M","M","?","M","M","E","M","E","T","R","M","$","M","E","R","B",null,"M","?","$","?","M","R","M","M","T","M","?","R","M","?","R","B",null,"M","M","$","M","M","E","R","E","T","E","R","?","T","M","R","B","B",null,"R","$","E","B",null],"character_chosen":"WATCHER","items_purchased":["MentalFortress","Adaptation","Lizard Tail"],"campfire_rested":6,"item_purchase_floors":[20,37,54],"current_hp_per_floor":[52,52,52,45,34,34,28,18,18,18,18,18,18,18,18,8,53,53,53,53,53,53,53,39,34,34,30,30,50,50,50,68,40,61,58,56,56,45,30,30,50,45,45,29,49,39,46,38,60,51,27,63,75,75,50,48],"gold":43,"neow_bonus":"RANDOM_COLORLESS_2","is_daily":false,"chose_seed":false,"campfire_upgraded":2,"win_rate":0.0,"timestamp":1610206118,"path_taken":["M","M","?","M","M","E","M","E","T","R","M","$","M","E","R","BOSS","M","?","$","?","M","R","M","M","T","?","?","R","?","?","R","BOSS","M","M","$","M","?","E","R","E","T","E","R","?","?","M","R","BOSS","BOSS","R","$","E","BOSS"],"items_purchased_type":["Card","Card","Relic"],"build_version":"2020-12-22","purchased_purges":4,"victory":true,"max_hp_per_floor":[68,68,68,68,68,68,68,68,68,68,68,68,68,68,68,68,68,68,68,68,68,68,68,68,68,68,68,68,68,68,68,68,68,68,68,68,68,68,68,68,68,68,68,68,68,68,75,75,75,75,75,75,75,75,75,75],"card_choices":[{"not_picked":["Secret Technique","Sadistic Nature"],"picked":"Apotheosis","floor":0.0},{"not_picked":["ClearTheMind","PathToVictory","Perseverance"],"picked":"SKIP","floor":1.0},{"not_picked":["JustLucky","Consecrate"],"picked":"CrushJoints","floor":2.0},{"not_picked":["CrushJoints","PathToVictory","Meditate"],"picked":"SKIP","floor":4.0},{"not_picked":["EmptyMind","Indignation","SignatureMove"],"picked":"SKIP","floor":5.0},{"not_picked":["Collect","Worship","Nirvana"],"picked":"SKIP","floor":6.0},{"not_picked":["Crescendo","ThirdEye"],"picked":"Tantrum","floor":7.0},{"not_picked":["Evaluate","SandsOfTime"],"picked":"Adaptation","floor":8.0},{"not_picked":["BowlingBash","JustLucky","ThirdEye"],"picked":"SKIP","floor":11.0},{"not_picked":["LikeWater","Protect","Wallop"],"picked":"SKIP","floor":13.0},{"not_picked":["CarveReality","Evaluate"],"picked":"EmptyFist","floor":14.0},{"not_picked":["CrushJoints+1","ReachHeaven","CutThroughFate"],"picked":"SKIP","floor":18.0},{"not_picked":["WaveOfTheHand","ReachHeaven","SashWhip"],"picked":"SKIP","floor":22.0},{"not_picked":["DeceiveReality+1","FlyingSleeves","JustLucky"],"picked":"SKIP","floor":24.0},{"not_picked":["WindmillStrike","EmptyFist","PathToVictory"],"picked":"SKIP","floor":25.0},{"not_picked":["Perseverance","TalkToTheHand","EmptyFist"],"picked":"SKIP","floor":27.0},{"not_picked":["BowlingBash+1","Halt","ThirdEye"],"picked":"SKIP","floor":30.0},{"not_picked":["Judgement","Establishment"],"picked":"DeusExMachina","floor":33.0},{"not_picked":["SashWhip","ThirdEye","CutThroughFate"],"picked":"SKIP","floor":35.0},{"not_picked":["JustLucky","BowlingBash"],"picked":"InnerPeace","floor":36.0},{"not_picked":["Halt","WaveOfTheHand","ReachHeaven+1"],"picked":"SKIP","floor":38.0},{"not_picked":["Nirvana","Wallop","BowlingBash"],"picked":"SKIP","floor":39.0},{"not_picked":["MasterReality","WaveOfTheHand","Protect"],"picked":"SKIP","floor":40.0},{"not_picked":["SashWhip+1","SpiritShield"],"picked":"TalkToTheHand+1","floor":42.0},{"not_picked":["JustLucky+1","Indignation","Perseverance"],"picked":"SKIP","floor":44.0},{"not_picked":["ClearTheMind+1","CutThroughFate+1","SignatureMove+1"],"picked":"SKIP","floor":48.0},{"not_picked":["CarveReality+1","BattleHymn","Crescendo"],"picked":"SKIP","floor":55.0}],"player_experience":2854987,"relics_obtained":[{"floor":6.0,"key":"Smiling Mask"},{"floor":8.0,"key":"Happy Flower"},{"floor":9.0,"key":"Akabeko"},{"floor":14.0,"key":"Art of War"},{"floor":26.0,"key":"Shuriken"},{"floor":40.0,"key":"White Beast Statue"},{"floor":42.0,"key":"Molten Egg 2"},{"floor":44.0,"key":"Gremlin Horn"},{"floor":47.0,"key":"Strawberry"},{"floor":55.0,"key":"Blue Candle"}],"event_choices":[{"damage_healed":0.0,"max_hp_gain":0.0,"max_hp_loss":0.0,"gold_gain":0.0,"cards_transformed":["Defend_P"],"event_name":"Living Wall","player_choice":"Change","floor":3.0,"gold_loss":0.0,"damage_taken":0.0,"cards_obtained":["LessonLearned"]},{"damage_healed":0.0,"max_hp_gain":0.0,"max_hp_loss":0.0,"gold_gain":0.0,"event_name":"Addict","player_choice":"Obtained Relic","floor":19.0,"gold_loss":85.0,"damage_taken":0.0,"relics_obtained":["Omamori"]},{"damage_healed":0.0,"max_hp_gain":0.0,"max_hp_loss":0.0,"gold_gain":100.0,"event_name":"The Joust","player_choice":"Bet on Murderer","floor":21.0,"gold_loss":50.0,"damage_taken":0.0},{"damage_healed":0.0,"max_hp_gain":0.0,"max_hp_loss":0.0,"gold_gain":0.0,"event_name":"Wheel of Change","player_choice":"Cursed","floor":28.0,"gold_loss":0.0,"damage_taken":0.0,"cards_obtained":["Decay"]},{"damage_healed":0.0,"max_hp_gain":0.0,"max_hp_loss":0.0,"gold_gain":0.0,"event_name":"Accursed Blacksmith","player_choice":"Ignored","floor":31.0,"gold_loss":0.0,"damage_taken":0.0},{"damage_healed":0.0,"max_hp_gain":0.0,"max_hp_loss":0.0,"gold_gain":0.0,"event_name":"SensoryStone","player_choice":"Memory 3","floor":46.0,"gold_loss":0.0,"damage_taken":10.0}],"is_beta":false,"boss_relics":[{"not_picked":["Coffee Dripper","Sozu"],"picked":"Runic Pyramid"},{"not_picked":["Runic Dome","Busted Crown"],"picked":"Empty Cage"}],"items_purged_floors":[12,20,37,54],"is_endless":false,"potions_floor_spawned":[4,5,8,13,30,33,39,40,42,44,48,55],"ascension_level":20}}