{"host":"drm8lndixm19z7j4","time":1610198927,"event":{"mods":["Arknights The Spire","BaseMod","Downfall","Friendly Minions","KinomotoSakuraMod(ƒæ÷Æ±æ”£)","Kiyohime£®«Âºß£©","Koishi","Marisa£®ÏF”Í°°ƒß¿Ì…≥£©","Minty Spire (QoL Compilation)","Prisma Mod","Reimu£®≤©¿ˆ¡È√Œ£©","Remilia£®¿Ÿ√◊¿Ú—«£©","Replay The Spire","StSLib","The Animator","The Cursed","The Servant 0.9.4","Youmu£®ªÍ∆«—˝√Œ£©","Yuyuko"],"gold_per_floor":[109,127,155,171,171,171,187,187,234,246,118,132,82,98,98,198,198,218,218,232,86,86,112,112,142,142,142,142,159,159,179,179,279,279,290,290,190,204,204,204,79,79,79,99,112,112,128,138,138,138],"floor_reached":51,"playtime":2732,"items_purged":["PrismaMod:IllyaCommonAttack","PrismaMod:IllyaCheapChannelDefend","PrismaMod:IllyaPoisonBlock"],"score":729,"play_id":"49fc8804-cc9b-4af1-879e-3ff78b6c3542","local_time":"20210109212847","is_ascension_mode":false,"campfire_choices":[{"data":"PrismaMod:IllyaUberChannel","floor":6.0,"key":"SMITH"},{"data":"PrismaMod:IllyaSaphire","floor":8.0,"key":"SMITH"},{"data":"PrismaMod:IllyaBerserCAR","floor":15.0,"key":"SMITH"},{"data":"PrismaMod:IllyaUncommonDefend","floor":24,"key":"SMITH"},{"data":"PrismaMod:IllyaUberAttackChannel","floor":27,"key":"SMITH"},{"data":"PrismaMod:IllyaCarnivalDefend","floor":30,"key":"SMITH"},{"data":"PrismaMod:IllyaUncommonDefend","floor":32,"key":"SMITH"},{"data":"PrismaMod:IllyaCarnivalOrbs","floor":40,"key":"SMITH"},{"data":"PrismaMod:IllyaGrail","floor":42,"key":"SMITH"},{"data":"PrismaMod:IllyaGrail","floor":46,"key":"SMITH"},{"data":"PrismaMod:IllyaUberAttackChannel","floor":49,"key":"SMITH"}],"circlet_count":0,"master_deck":["PrismaMod:IllyaUncommonDefend+1","PrismaMod:IllyaDevil","PrismaMod:IllyaUberChannel+1","PrismaMod:IllyaSaphire+1","PrismaMod:IllyaGrail+1","PrismaMod:IllyaBerserCAR+1","PrismaMod:IllyaCommonEvoke","PrismaMod:IllyaGrail+1","PrismaMod:IllyaUberAttackChannel+1","PrismaMod:IllyaMinorReinForce+1","PrismaMod:IllyaInstallAlterEgo","PrismaMod:IllyaCheapAttack","PrismaMod:IllyaCarnivalDefend+1","PrismaMod:IllyaRubysPotion","PrismaMod:IllyaUncommonDefend+1","PrismaMod:IllyaCarnivalOrbs+1","PrismaMod:IllyaBride+1","PrismaMod:IllyaBride+1","PrismaMod:IllyaCommandSeal+1","PrismaMod:IllyaAOECommonAttack","PrismaMod:IllyaUberChannel+1","PrismaMod:IllyaUberAttackChannel+1"],"relics":["PrismaMod:PrismaRuby","Replay:PocketPolymizer","ReplayTheSpireMod:Ring of Challenge","Ring of Searing","Replay:Baseball","Coffee Dripper","Strange Spoon","White Beast Statue","Bottled Flame","Letter Opener","Iron Hammer"],"acts_visited":["Exordium","TheCity","TheBeyond"],"potions_floor_usage":[16,16,29,33,33,44],"damage_taken":[{"damage":0.0,"enemies":"Cultist","floor":1.0,"turns":6.0},{"damage":0.0,"enemies":"Small Slimes","floor":2.0,"turns":3.0},{"damage":0.0,"enemies":"2 Louse","floor":4.0,"turns":4.0},{"damage":5.0,"enemies":"Blue Slaver","floor":7.0,"turns":3.0},{"damage":0.0,"enemies":"Large Slime","floor":10.0,"turns":4.0},{"damage":0.0,"enemies":"2 Fungi Beasts","floor":12.0,"turns":3.0},{"damage":3.0,"enemies":"Red Slaver","floor":14.0,"turns":4.0},{"damage":36,"enemies":"Hexaghost","floor":16,"turns":6},{"damage":12,"enemies":"Shell Parasite","floor":18,"turns":3},{"damage":13,"enemies":"3 Byrds","floor":20,"turns":3},{"damage":36,"enemies":"Gremlin Leader","floor":23,"turns":4},{"damage":5,"enemies":"Replay:Snechameleon","floor":25,"turns":4},{"damage":6,"enemies":"Snake Plant","floor":29,"turns":2},{"damage":0,"enemies":"Cultist and Chosen","floor":31,"turns":3},{"damage":0,"enemies":"Automaton","floor":33,"turns":5},{"damage":4,"enemies":"3 Shapes","floor":35,"turns":3},{"damage":2,"enemies":"3 Darklings","floor":38,"turns":2},{"damage":4,"enemies":"Writhing Mass","floor":44,"turns":3},{"damage":5,"enemies":"Jaw Worm Horde","floor":45,"turns":2},{"damage":2,"enemies":"4 Shapes","floor":47,"turns":2},{"damage":11,"enemies":"Transient","floor":48,"turns":5},{"damage":13,"enemies":"Time Eater","floor":50,"turns":7}],"seed_played":"8796574126419011882","potions_obtained":[{"floor":2.0,"key":"EntropicBrew"},{"floor":10.0,"key":"Dexterity Potion"},{"floor":25,"key":"SkillPotion"},{"floor":29,"key":"LiquidBronze"},{"floor":31,"key":"FairyPotion"},{"floor":33,"key":"AttackPotion"},{"floor":35,"key":"SkillPotion"},{"floor":44,"key":"LiquidMemories"},{"floor":45,"key":"Strength Potion"}],"is_trial":false,"path_per_floor":["M","M","?","M","?","R","M","R","T","M","$","M","?","M","R","B",null,"M","?","M","$","?","E","R","E","T","R","?","M","R","M","R","B",null,"M","?","$","M","?","R","$","R","T","M","M","R","M","M","R","B",null],"character_chosen":"ILLYA","items_purchased":["PrismaMod:IllyaBerserCAR","Strange Spoon"],"campfire_rested":0,"item_purchase_floors":[11,21],"current_hp_per_floor":[82,82,62,62,62,62,57,57,57,57,57,57,57,54,54,18,82,70,70,57,57,82,46,46,41,41,41,41,35,35,35,35,45,82,80,80,80,78,78,78,78,78,78,78,78,78,82,76,76,63],"gold":138,"neow_bonus":"TEN_PERCENT_HP_BONUS","is_daily":false,"chose_seed":false,"campfire_upgraded":11,"win_rate":0.0,"timestamp":1610198927,"path_taken":["M","?","?","M","?","R","M","R","T","M","$","M","?","M","R","BOSS","M","?","?","$","?","E","R","E","T","R","?","M","R","M","R","BOSS","M","?","$","?","?","R","$","R","T","M","M","R","M","M","R","BOSS"],"items_purchased_type":["Card","Relic"],"build_version":"2020-12-22","purchased_purges":3,"victory":true,"max_hp_per_floor":[82,82,82,82,82,82,82,82,82,82,82,82,82,82,82,82,82,82,82,82,82,82,82,82,82,82,82,82,82,82,82,82,82,82,82,82,82,82,82,82,82,82,82,82,82,82,82,82,82,82],"card_choices":[{"not_picked":["PrismaMod:IllyaPoisonTippedWeapons","PrismaMod:IllyaBride","PrismaMod:IllyaFriendMaker"],"picked":"SKIP","floor":1.0},{"not_picked":["PrismaMod:IllyaRubysPotion","PrismaMod:IllyaRussianRoulette"],"picked":"PrismaMod:IllyaDevil","floor":2.0},{"not_picked":["PrismaMod:IllyaGun","PrismaMod:IllyaMinorRapidFire"],"picked":"PrismaMod:IllyaCheapChannelDefend","floor":3.0},{"not_picked":["PrismaMod:IllyaCheapDefend","PrismaMod:IllyaFeed","PrismaMod:IllyaCheapChannelDefend"],"picked":"SKIP","floor":4.0},{"not_picked":["PrismaMod:IllyaCarnivalOrbs","PrismaMod:IllyaUncommonEvoke"],"picked":"PrismaMod:IllyaSaphire","floor":7.0},{"not_picked":["PrismaMod:IllyaGrailKun","PrismaMod:IllyaDevil","PrismaMod:IllyaPoisonTippedWeapons"],"picked":"SKIP","floor":10.0},{"not_picked":["PrismaMod:IllyaFeed","PrismaMod:IllyaHassanGift"],"picked":"PrismaMod:IllyaCommonEvoke","floor":12.0},{"not_picked":["PrismaMod:IllyaStunPoison","PrismaMod:IllyaBoysLove"],"picked":"PrismaMod:IllyaAOECommonAttack","floor":14.0},{"not_picked":["PrismaMod:IllyaUberPoisonChannel","PrismaMod:IllyaInstallSaber"],"picked":"PrismaMod:IllyaUberAttackChannel","floor":16},{"not_picked":["PrismaMod:IllyaAOECommonAttack","PrismaMod:IllyaFeed","PrismaMod:IllyaPoisoningPhantasm"],"picked":"SKIP","floor":18},{"not_picked":["PrismaMod:IllyaCheapChannelDefend","PrismaMod:IllyaUncommonAttack","PrismaMod:IllyaBlindPoisonToss+1"],"picked":"SKIP","floor":20},{"not_picked":["PrismaMod:IllyaCheapAttack","PrismaMod:IllyaBoysLove"],"picked":"PrismaMod:IllyaMinorReinForce+1","floor":23},{"not_picked":["PrismaMod:IllyaCheapAttack","PrismaMod:IllyaCarnivalOrbs","PrismaMod:IllyaCommonEvoke+1"],"picked":"SKIP","floor":25},{"not_picked":["PrismaMod:IllyaFeed","PrismaMod:IllyaPoisonTippedWeapons","PrismaMod:IllyaUncommonEvoke"],"picked":"SKIP","floor":29},{"not_picked":["PrismaMod:IllyaHassanGift","PrismaMod:IllyaUncommonDefend+1"],"picked":"PrismaMod:IllyaRubysPotion","floor":31},{"not_picked":["PrismaMod:IllyaZwei","PrismaMod:IllyaInstallRuler"],"picked":"PrismaMod:IllyaCarnivalOrbs","floor":33},{"not_picked":["PrismaMod:IllyaRapidFire+1","PrismaMod:IllyaBoysLove+1"],"picked":"PrismaMod:IllyaBride+1","floor":35},{"not_picked":["PrismaMod:IllyaDevil+1","PrismaMod:IllyaBlindPoisonToss+1"],"picked":"PrismaMod:IllyaBride+1","floor":38},{"not_picked":["PrismaMod:IllyaPoisonBomb","PrismaMod:IllyaAOECommonAttack+1","PrismaMod:IllyaGun+1"],"picked":"SKIP","floor":44},{"not_picked":["PrismaMod:IllyaBlindPoisonToss+1","PrismaMod:IllyaGrailKun"],"picked":"PrismaMod:IllyaCommandSeal+1","floor":45},{"not_picked":["PrismaMod:IllyaHassanGift","PrismaMod:IllyaCheapDefend"],"picked":"PrismaMod:IllyaUberChannel+1","floor":47},{"not_picked":["PrismaMod:IllyaHassanGift","PrismaMod:IllyaCheapChannelDefend+1","PrismaMod:IllyaFeed+1"],"picked":"SKIP","floor":48}],"player_experience":237315,"relics_obtained":[{"floor":3.0,"key":"Replay:PocketPolymizer"},{"floor":5.0,"key":"ReplayTheSpireMod:Ring of Challenge"},{"floor":5.0,"key":"Ring of Searing"},{"floor":9.0,"key":"Replay:Baseball"},{"floor":23,"key":"White Beast Statue"},{"floor":25,"key":"Bottled Flame"},{"floor":26,"key":"Letter Opener"},{"floor":43,"key":"Iron Hammer"}],"event_choices":[{"cards_removed":["PrismaMod:IllyaCommonDefend"],"damage_healed":0.0,"max_hp_gain":0.0,"max_hp_loss":0.0,"gold_gain":0.0,"event_name":"The Cleric","player_choice":"Card Removal","floor":13.0,"gold_loss":50.0,"damage_taken":0.0},{"cards_removed":["animator:Curse_Nutcracker"],"damage_healed":0,"gold_gain":0,"player_choice":"Removed Curses","damage_taken":0,"max_hp_gain":0,"max_hp_loss":0,"event_name":"Fountain of Cleansing","floor":19,"gold_loss":0},{"damage_healed":27,"gold_gain":0,"player_choice":"Heal","damage_taken":0,"max_hp_gain":0,"max_hp_loss":0,"event_name":"The Library","floor":22,"gold_loss":0},{"damage_healed":0,"gold_gain":0,"player_choice":"Bought 0 Potions","damage_taken":0,"max_hp_gain":0,"max_hp_loss":0,"event_name":"The Woman in Blue","floor":36,"gold_loss":0},{"damage_healed":0,"gold_gain":0,"player_choice":"Memory 1","damage_taken":0,"max_hp_gain":0,"max_hp_loss":0,"event_name":"SensoryStone","floor":39,"gold_loss":0}],"is_beta":false,"boss_relics":[{"not_picked":["Velvet Choker","Astrolabe"],"picked":"Coffee Dripper"},{"not_picked":["RedLine:ReiMu","Cursed Key","Ring of Chaos"]}],"items_purged_floors":[11,37,41],"is_endless":false,"potions_floor_spawned":[2,10,12,18,25,29,31,33,35,38,44,45,47,48],"ascension_level":0}}