{"host":"2nhpogk5xa0u9xre","time":1610176709,"event":{"mods":["Aspiration","BaseMod","Colored Powertips","Googly Eyes","Hubris","Infinite Spire","Minty Spire (QoL Compilation)","Rare Cards Sparkle","Replay The Spire","StSLib","The Construct","The Hayseed","The Hierophant","The Runesmith","The Senshi","everything is the same but u backflip on backflip"],"gold_per_floor":[116,134,145,145,159,159,194,194,194,194,226,240,252,327,327,432,432,445,456,456,456,456,456,488,488,488,488,550,395,472,178,178,277,277,345,345,406,421,469,469,0,0,25,25,25,93,93,93],"floor_reached":47,"playtime":1680,"items_purged":["Pain"],"score":501,"play_id":"d438a420-7ce4-46aa-8576-bd42b8b94248","local_time":"20210109021829","is_ascension_mode":false,"campfire_choices":[{"data":"theSenshi:SailorMarsAssists","floor":6,"key":"SMITH"},{"data":"theSenshi:RoseThrow","floor":8,"key":"SMITH"},{"data":"theSenshi:MoonKick","floor":10,"key":"SMITH"},{"data":"theSenshi:SailorSaturnAssists","floor":15,"key":"SMITH"},{"data":"theSenshi:CrisisMakeUp","floor":23,"key":"SMITH"},{"data":"theSenshi:VenusGlamour","floor":25,"key":"SMITH"},{"floor":32,"key":"REST"},{"floor":40,"key":"REST"},{"data":"Madness","floor":42,"key":"SMITH"},{"data":"theSenshi:MoonGorgeousMeditation","floor":44,"key":"SMITH"}],"circlet_count":0,"master_deck":["theSenshi:SailorKick","theSenshi:SailorKick","theSenshi:SailorKick","theSenshi:SailorKick","theSenshi:SailorBlock","theSenshi:SailorBlock","theSenshi:SailorBlock","theSenshi:SailorBlock","theSenshi:RoseThrow+1","theSenshi:MoonPrismPowerMakeUp+1","theSenshi:SailorMarsAssists+1","theSenshi:MoonKick+1","theSenshi:SailorMercuryAssists","theSenshi:MoonsReflection","theSenshi:SailorMarsAssists","theSenshi:CrisisMakeUp+1","theSenshi:SailorSaturnAssists+1","theSenshi:SailorSaturnAssists","theSenshi:MoonTiaraMagic+1","theSenshi:VenusGlamour+1","theSenshi:SailorMarsAssists+1","theSenshi:SailorStarHealerAssists","theSenshi:SailorJupiterAssists","theSenshi:MoonCosmicPowerMakeUp","theSenshi:SailorVenusAssists+1","theSenshi:MoonCrisisMakeUp","theSenshi:MoonGorgeousMeditation+1","theSenshi:SailorSaturnAssists","theSenshi:MoonPrincessHalation","Madness","Madness+1","theSenshi:SailorMarsAssists+1","theSenshi:SaturnsMystery","theSenshi:SailorMercuryAssists"],"relics":["theSenshi:TransformationBroochRelic","Vajra","Juzu Bracelet","Regal Pillow","construct:WeddingRing","hubris:Towel","hubris:Zylophone","hubris:MobiusCoin","Replay:Baseball","aspiration:RitualStick","infinitespire:Satchel","Strawberry","aspiration:FutureDiary","theSenshi:HolyMoonChaliceRelic","Red Mask","Oddly Smooth Stone"],"acts_visited":["Exordium","TheCity","TheBeyond"],"potions_floor_usage":[7,11,16,28,33,33,39,46,47],"damage_taken":[{"damage":6,"enemies":"Small Slimes","floor":1,"turns":4},{"damage":0,"enemies":"2 Louse","floor":2,"turns":3},{"damage":7,"enemies":"infinitespire:Voidling","floor":3,"turns":3},{"damage":8,"enemies":"2 Fungi Beasts","floor":5,"turns":5},{"damage":9,"enemies":"3 Sentries","floor":7,"turns":6},{"damage":1,"enemies":"Lagavulin","floor":11,"turns":5},{"damage":0,"enemies":"Large Slime","floor":12,"turns":2},{"damage":0,"enemies":"3 Louse","floor":13,"turns":3},{"damage":18,"enemies":"Hexaghost","floor":16,"turns":11},{"damage":4,"enemies":"Shell Parasite","floor":18,"turns":3},{"damage":1,"enemies":"Chosen","floor":19,"turns":3},{"damage":13,"enemies":"Gremlin Leader","floor":24,"turns":5},{"damage":8,"enemies":"Centurion and Healer","floor":28,"turns":4},{"damage":25,"enemies":"Collector","floor":33,"turns":8},{"damage":18,"enemies":"3 Shapes","floor":35,"turns":4},{"damage":23,"enemies":"3 Darklings","floor":37,"turns":5},{"damage":28,"enemies":"Writhing Mass","floor":38,"turns":5},{"damage":24,"enemies":"2 Orb Walkers","floor":39,"turns":5},{"damage":34,"enemies":"Sphere and 2 Shapes","floor":46,"turns":4},{"damage":55,"enemies":"Reptomancer","floor":47,"turns":2}],"seed_played":"-8602804634657238961","potions_obtained":[{"floor":5,"key":"Explosive Potion"},{"floor":7,"key":"BlessingOfTheForge"},{"floor":11,"key":"construct:ShiftPotion"},{"floor":12,"key":"Doom Potion"},{"floor":16,"key":"Strength Potion"},{"floor":18,"key":"Energy Potion"},{"floor":20,"key":"infinitespire:BlackPotion"},{"floor":20,"key":"Doom Potion"},{"floor":28,"key":"Weak Potion"},{"floor":39,"key":"SneckoOil"},{"floor":46,"key":"CultistPotion"}],"is_trial":false,"path_per_floor":["M","M","M","?","M","R","E","R","T","R","E","M","M","?","R","B",null,"M","M","?","?","?","R","E","R","T","?","M","$","?","$","R","B",null,"M","?","M","M","?","R","?","R","T","R","?","M","E"],"character_chosen":"THE_SENSHI","items_purchased":["theSenshi:SailorJupiterAssists","theSenshi:MoonCosmicPowerMakeUp","Strawberry","theSenshi:MoonGorgeousMeditation"],"campfire_rested":2,"item_purchase_floors":[29,29,31,31],"current_hp_per_floor":[69,69,66,71,63,63,54,54,54,54,53,53,53,42,42,29,80,80,80,80,80,80,80,72,72,72,56,53,53,21,28,69,64,87,79,68,55,32,18,59,59,59,59,59,59,51,0,0],"gold":93,"neow_bonus":"UPGRADE_CARD","is_daily":false,"chose_seed":false,"campfire_upgraded":8,"win_rate":0.0,"timestamp":1610176709,"path_taken":["M","M","M","?","M","R","E","R","T","R","E","M","M","?","R","BOSS","M","M","?","?","?","R","E","R","T","?","M","$","?","$","R","BOSS","M","?","M","M","?","R","?","R","T","R","?","M","E"],"items_purchased_type":["Card","Card","Relic","Card"],"build_version":"2020-12-22","purchased_purges":1,"victory":false,"max_hp_per_floor":[75,75,75,80,80,80,80,80,80,80,80,80,80,80,80,80,80,80,80,80,80,80,80,80,80,80,80,80,80,80,87,87,87,87,87,87,87,87,87,87,87,87,87,87,87,87,87,87],"card_choices":[{"not_picked":["theSenshi:LunasBite","theSenshi:MoonCrisisMakeUp"],"picked":"theSenshi:SailorMarsAssists","floor":1},{"not_picked":["theSenshi:TuxedoSmokingBomber","theSenshi:MoonPower","theSenshi:TuxedoMaskAssists"],"picked":"SKIP","floor":2},{"not_picked":["theSenshi:SailorChibiMoonAssists","theSenshi:EncouragingSpeech"],"picked":"theSenshi:MoonKick","floor":3},{"not_picked":["theSenshi:TuxedoSmokingBomber","theSenshi:MoonTiaraMagic"],"picked":"theSenshi:SailorMercuryAssists","floor":5},{"not_picked":["theSenshi:SailorPlanetAttack","theSenshi:UranusStrength"],"picked":"theSenshi:MoonsReflection","floor":7},{"not_picked":["theSenshi:SailorStarMakerAssists","theSenshi:SchoolBag"],"picked":"theSenshi:SailorMarsAssists","floor":11},{"not_picked":["theSenshi:Sidestep","theSenshi:OdangoHead"],"picked":"theSenshi:CrisisMakeUp","floor":12},{"not_picked":["theSenshi:LateForSchool","theSenshi:MoonCosmicPowerMakeUp"],"picked":"theSenshi:SailorSaturnAssists","floor":13},{"not_picked":["theSenshi:SailorPlutoAssists","theSenshi:StudyParty"],"picked":"theSenshi:SailorSaturnAssists","floor":16},{"not_picked":["theSenshi:MoonPrincessHalation","theSenshi:LateForSchool"],"picked":"theSenshi:MoonTiaraMagic+1","floor":18},{"not_picked":["theSenshi:SailorMarsAssists","theSenshi:InTheNameOfTheMoon"],"picked":"theSenshi:VenusGlamour","floor":19},{"not_picked":["theSenshi:SailorCosmosAssists","theSenshi:MoonPunch"],"picked":"theSenshi:SailorMarsAssists+1","floor":24},{"not_picked":["theSenshi:RainbowMoonHeartAche+1","theSenshi:TallSilhouette+1"],"picked":"theSenshi:SailorStarHealerAssists","floor":28},{"not_picked":["theSenshi:Sidestep","theSenshi:MoonsReflection+1"],"picked":"theSenshi:SailorVenusAssists+1","floor":30},{"not_picked":["theSenshi:SailorV+1","theSenshi:MoonPower+1"],"picked":"theSenshi:MoonCrisisMakeUp","floor":30},{"not_picked":["theSenshi:SailorStarHealerAssists","theSenshi:SailorCosmosAssists"],"picked":"theSenshi:SailorSaturnAssists","floor":33},{"not_picked":["theSenshi:SailorMarsAssists","theSenshi:MoonCosmicPowerMakeUp+1"],"picked":"theSenshi:MoonPrincessHalation","floor":35},{"not_picked":["theSenshi:SailorMercuryAssists","theSenshi:SailorV+1"],"picked":"theSenshi:MoonsReflection","floor":37},{"not_picked":["theSenshi:MoonPrincessHalation","theSenshi:HesSoDreamy+1"],"picked":"theSenshi:SailorMarsAssists+1","floor":38},{"not_picked":["theSenshi:LunaWiseMentor+1","theSenshi:MoonKick"],"picked":"theSenshi:SaturnsMystery","floor":39},{"not_picked":["theSenshi:LateForSchool","theSenshi:MoonCosmicPowerMakeUp+1"],"picked":"theSenshi:SailorMercuryAssists","floor":46}],"player_experience":222430,"relics_obtained":[{"floor":7,"key":"Vajra"},{"floor":9,"key":"Juzu Bracelet"},{"floor":11,"key":"Regal Pillow"},{"floor":24,"key":"hubris:MobiusCoin"},{"floor":26,"key":"Replay:Baseball"},{"floor":30,"key":"infinitespire:Satchel"},{"floor":39,"key":"theSenshi:HolyMoonChaliceRelic"},{"floor":43,"key":"Oddly Smooth Stone"}],"event_choices":[{"damage_healed":0,"gold_gain":0,"player_choice":"Donut","damage_taken":0,"max_hp_gain":5,"max_hp_loss":0,"event_name":"Big Fish","floor":4,"gold_loss":0},{"damage_healed":0,"gold_gain":75,"player_choice":"Gather Gold","damage_taken":11,"max_hp_gain":0,"max_hp_loss":0,"event_name":"World of Goop","floor":14,"gold_loss":0},{"damage_healed":0,"gold_gain":0,"player_choice":"Got Potions","damage_taken":0,"max_hp_gain":0,"max_hp_loss":0,"event_name":"Lab","floor":20,"gold_loss":0},{"damage_healed":0,"gold_gain":0,"player_choice":"Embrace Madness","damage_taken":11,"max_hp_gain":0,"max_hp_loss":0,"event_name":"Winding Halls","floor":36,"gold_loss":0,"cards_obtained":["Madness","Madness"]},{"damage_healed":0,"gold_gain":0,"player_choice":"Fight","damage_taken":0,"max_hp_gain":0,"max_hp_loss":0,"event_name":"Mysterious Sphere","floor":39,"gold_loss":0},{"damage_healed":0,"gold_gain":0,"player_choice":"Paid","damage_taken":0,"relics_obtained":["Red Mask"],"max_hp_gain":0,"max_hp_loss":0,"event_name":"Tomb of Lord Red Mask","floor":41,"gold_loss":469},{"cards_removed":["theSenshi:MoonsReflection"],"damage_healed":0,"gold_gain":0,"player_choice":"Removed Skill","damage_taken":0,"max_hp_gain":0,"max_hp_loss":0,"event_name":"Falling","floor":45,"gold_loss":0}],"is_beta":false,"boss_relics":[{"not_picked":["hubris:TerracottaHorce","aspiration:RitualDagger"],"picked":"construct:WeddingRing"},{"not_picked":["Kintsugi","theSenshi:MoonKaleidoScopeRelic"],"picked":"aspiration:FutureDiary"}],"items_purged_floors":[29],"is_endless":false,"potions_floor_spawned":[5,7,11,12,16,18,28,39,46],"killed_by":"Reptomancer","ascension_level":0}}