{"host":"xje8igj95tvh9ehd","time":1610178282,"event":{"mods":["BaseMod","Colored Map","Colored Powertips","Downfall","Infinite Spire","Marisa£®ÏF”Í°°ƒß¿Ì…≥£©","Minty Spire (QoL Compilation)","Replay The Spire","StSLib","SuperFastMode","The Bug Knight","The Construct","The Runesmith","The Servant 0.9.4","[IsaacMod]“‘»ˆº‚À˛"],"gold_per_floor":[116,116,116,116,134,134,134,134,159,183,197,197,197,222,222,222,222],"floor_reached":16,"playtime":524,"items_purged":[],"score":90,"play_id":"d5e3eb32-ff94-4ffe-9557-c658c8802861","local_time":"20210109154442","is_ascension_mode":false,"campfire_choices":[{"data":"1","floor":6,"key":"LIFT"},{"data":"2","floor":8,"key":"LIFT"},{"data":"3","floor":13,"key":"LIFT"}],"circlet_count":0,"master_deck":["Strike_R","Strike_R","Strike_R","Defend_R","Defend_R","Defend_R","Defend_R","Bash","Heavy Blade","infinitespire:Starlight","Thunderclap","Sword Boomerang","Reckless Charge"],"relics":["Burning Blood","HushsDoor","KeepersGift","Girya","Golden Idol","Lantern","Replay:Mystery Machine","InkBottle"],"acts_visited":["Exordium"],"potions_floor_usage":[16,16,16],"damage_taken":[{"damage":14,"enemies":"Jaw Worm","floor":1,"turns":4},{"damage":0,"enemies":"2 Louse","floor":5,"turns":2},{"damage":0,"enemies":"Small Slimes","floor":10,"turns":3},{"damage":10,"enemies":"Looter","floor":11,"turns":3},{"damage":20,"enemies":"Large Slime","floor":14,"turns":4},{"damage":51,"enemies":"The Guardian","floor":16,"turns":7}],"seed_played":"2025561079917342438","potions_obtained":[{"floor":5,"key":"PowerPotion"},{"floor":11,"key":"Adrenaline Potion"},{"floor":14,"key":"Toxic Potion"}],"is_trial":false,"path_per_floor":["M","?","?","?","M","R","?","R","T","M","M","T","R","M","R_BF","B"],"character_chosen":"IRONCLAD","items_purchased":[],"campfire_rested":0,"item_purchase_floors":[],"current_hp_per_floor":[48,41,22,22,38,38,23,23,23,39,45,45,45,41,41,0,0],"gold":222,"neow_bonus":"ONE_RARE_RELIC","is_daily":false,"chose_seed":false,"campfire_upgraded":0,"win_rate":0.0,"timestamp":1610178282,"path_taken":["M","?","?","?","?","R","?","R","T","M","M","?","R","M","R_BF","BOSS"],"items_purchased_type":[],"build_version":"2020-12-22","purchased_purges":0,"victory":false,"max_hp_per_floor":[80,80,80,74,74,74,74,74,74,74,74,74,74,74,74,74,74],"card_choices":[{"not_picked":["Sword Boomerang","Bomb"],"picked":"Heavy Blade","floor":1},{"not_picked":["infinitespire:Oblivion","ReplayTheSpireMod:Haul"],"picked":"infinitespire:Starlight","floor":3},{"not_picked":["Wild Strike","Clothesline"],"picked":"Thunderclap","floor":5},{"not_picked":["Evolve","Anger"],"picked":"Sword Boomerang","floor":10},{"not_picked":["Body Slam","Clash","Anger"],"picked":"SKIP","floor":11},{"not_picked":["ReplayTheSpireMod:Strike From Hell","Clothesline","Demonic Infusion"],"picked":"SKIP","floor":14}],"player_experience":30752,"relics_obtained":[{"floor":9,"key":"Replay:Mystery Machine"},{"floor":12,"key":"InkBottle"}],"event_choices":[{"cards_removed":["Strike_R"],"damage_healed":0,"gold_gain":0,"player_choice":"Card Removal","damage_taken":7,"max_hp_gain":0,"max_hp_loss":0,"event_name":"Golden Wing","floor":2,"gold_loss":0},{"damage_healed":0,"gold_gain":0,"player_choice":"Lose Max HP","damage_taken":0,"relics_obtained":["Golden Idol"],"max_hp_gain":0,"max_hp_loss":6,"event_name":"Golden Idol","floor":4,"gold_loss":0}],"is_beta":false,"boss_relics":[],"items_purged_floors":[],"is_endless":false,"potions_floor_spawned":[5,11,14],"killed_by":"The Guardian","ascension_level":0}}