{"host":"z9grmtg2w0nmz8n1","time":1610176064,"event":{"mods":["Aspiration","Bard","BaseMod","Beaked The Cultist","Better Altar","Better Match","Better Note","Better Sensory Stone","Better Skull","Better Third Choice","BetterRewards","CCEM","Colored Map","Conspire","Downfall","GifTheSpireLib","Googly Eyes","Halation","Hermit","Highlight Path","Hubris","Hunter ??","Jedi Mod","Jorbs\u0027s Wanderer Trilogy","Mad Scientist","Marisa????????","Minty Spire (QoL Compilation)","Permanent Neow","Replay The Spire","Shade Mod","Shop Mod","Spicy Shops","StSLib","Stuff the Spire","The Bug Knight","The Construct","The Necromancer","The Runesmith","The Witch"],"gold_per_floor":[114,114,177,52,66,97,116,145,172,222,272,302,302,352,352,455,455,468,484,498,548,598,598,598],"floor_reached":23,"playtime":836,"items_purged":["Strike_B"],"score":219,"play_id":"d44f8360-19e0-4bc7-87b9-77c9a05ff500","local_time":"20210109050744","is_ascension_mode":true,"campfire_choices":[{"floor":13,"key":"REST"},{"floor":15,"key":"RECALL"}],"circlet_count":0,"master_deck":["Strike_B","Strike_B","Strike_B","Defend_B","Defend_B","Defend_B","Defend_B","Zap","Dualcast","Gash","Defragment","Gash","Go for the Eyes","All For One","Leap+1"],"relics":["Cracked Core","Smiling Mask","SsserpentHead","hubris:GlazedTorus","Regal Pillow","Unceasing Top","Replay:Towering Pillar of Hats","hubris:Towel","Painkiller Herb"],"acts_visited":["Exordium","TheCity"],"potions_floor_usage":[6,23],"damage_taken":[{"damage":0,"enemies":"Jaw Worm","floor":1,"turns":4},{"damage":6,"enemies":"Cultist","floor":3,"turns":4},{"damage":0,"enemies":"Small Slimes","floor":5,"turns":4},{"damage":7,"enemies":"Lagavulin","floor":6,"turns":7},{"damage":8,"enemies":"2 Fungi Beasts","floor":7,"turns":3},{"damage":26,"enemies":"Gremlin Nob","floor":8,"turns":4},{"damage":16,"enemies":"Lagavulin","floor":12,"turns":6},{"damage":17,"enemies":"Slime Boss","floor":16,"turns":9},{"damage":19,"enemies":"2 Thieves","floor":18,"turns":4},{"damage":7,"enemies":"3 Byrds","floor":19,"turns":4},{"damage":15,"enemies":"Snake Plant","floor":20,"turns":4},{"damage":38,"enemies":"Book of Stabbing","floor":23,"turns":5}],"seed_played":"-6948901441861640319","potions_obtained":[{"floor":1,"key":"SpeedPotion"},{"floor":3,"key":"BlessingOfTheForge"},{"floor":16,"key":"AttackPotion"},{"floor":18,"key":"Strength Potion"}],"is_trial":false,"path_per_floor":["M","?","M","$","M","E","M","E","T","?","?","E","R","?","R","B",null,"?","?","?","?","?","E"],"character_chosen":"DEFECT","items_purchased":["Defragment"],"campfire_rested":1,"item_purchase_floors":[4],"current_hp_per_floor":[75,75,69,69,69,62,54,28,28,21,21,5,42,42,42,25,75,56,49,34,34,34,0,0],"gold":598,"neow_bonus":"RANDOM_COMMON_RELIC","is_daily":false,"chose_seed":false,"campfire_upgraded":0,"win_rate":0.0,"timestamp":1610176064,"path_taken":["M","?","?","$","M","E","M","E","T","?","?","E","R","?","R","BOSS","?","?","?","?","?","E"],"items_purchased_type":["Card"],"build_version":"2020-12-22","purchased_purges":1,"victory":false,"max_hp_per_floor":[75,75,75,75,75,75,75,75,75,75,75,75,75,75,75,75,75,75,75,75,75,75,75,75],"card_choices":[{"not_picked":["Loop","jedi:BurstFrost"],"picked":"Gash","floor":1},{"not_picked":["StuffTheSpire:Plugnplay","FIFO Queue","StuffTheSpire:LoadUp"],"picked":"SKIP","floor":3},{"not_picked":["jedi:blockon","White Noise","jedi:locknload"],"picked":"SKIP","floor":5},{"not_picked":["StuffTheSpire:CleanHardDrive","Lockon"],"picked":"Gash","floor":6},{"not_picked":["jedi:spotbugs","jedi:overflow","Coolheaded"],"picked":"SKIP","floor":7},{"not_picked":["Tempest","StuffTheSpire:NuclearReactor"],"picked":"Go for the Eyes","floor":8},{"not_picked":["Self Repair","conspire:SharedLibrary","StuffTheSpire:Synthwave"],"picked":"SKIP","floor":12},{"not_picked":["Hyperbeam","Mirror Shield"],"picked":"All For One","floor":16},{"not_picked":["jedi:reiji","jedi:BurstFrost","Consume"],"picked":"SKIP","floor":18},{"not_picked":["Ball Lightning","ReplayTheSpireMod:GoodbyeWorld"],"picked":"Leap+1","floor":19},{"not_picked":["Cold Snap","Steam","Panic Button+1"],"picked":"SKIP","floor":20}],"player_experience":820568,"relics_obtained":[{"floor":6,"key":"hubris:GlazedTorus"},{"floor":8,"key":"Regal Pillow"},{"floor":12,"key":"Replay:Towering Pillar of Hats"}],"event_choices":[{"damage_healed":0,"gold_gain":0,"player_choice":"Trade","damage_taken":0,"relics_obtained":["SsserpentHead"],"max_hp_gain":0,"max_hp_loss":0,"event_name":"FaceTrader","floor":2,"gold_loss":0},{"damage_healed":0,"gold_gain":0,"player_choice":"Relic ","damage_taken":7,"max_hp_gain":0,"max_hp_loss":0,"event_name":"betterThird:BetterScrap","floor":10,"gold_loss":0,"cards_obtained":["Scrawl"]},{"damage_healed":0,"gold_gain":1,"player_choice":"1","damage_taken":0,"max_hp_gain":0,"max_hp_loss":0,"event_name":"betterStone:BetterStone","floor":11,"gold_loss":0},{"cards_removed":["Strike_B"],"damage_healed":0,"gold_gain":0,"player_choice":"Give","damage_taken":0,"max_hp_gain":0,"max_hp_loss":0,"event_name":"betterNote:BetterNote","floor":21,"gold_loss":0,"cards_obtained":["Runesmith:Strike_RS"]},{"damage_healed":0,"gold_gain":0,"player_choice":"Ignored","damage_taken":0,"max_hp_gain":0,"max_hp_loss":0,"event_name":"Ghosts","floor":22,"gold_loss":0}],"is_beta":false,"boss_relics":[{"not_picked":["halation:PlatinumPhoenix","Fusion Hammer"],"picked":"Painkiller Herb"}],"items_purged_floors":[4],"is_endless":false,"potions_floor_spawned":[1,3,16,18,20],"killed_by":"Book of Stabbing","ascension_level":1}}