{"host":"hfxp6ue4pvwo3fit","time":1610153086,"event":{"mods":["AchievementEnabler","BaseMod","Colored Map","Colored Powertips","Highlight Path","Minty Spire (QoL Compilation)","Relic Stats","StSLib","SuperFastMode"],"gold_per_floor":[119,13,31,41,52,82,25,40,91,119,119,137,137,162,162,162,162],"floor_reached":16,"playtime":488,"items_purged":[],"score":244,"play_id":"8c015043-c667-474b-9419-689e26666f38","local_time":"20210108184446","is_ascension_mode":true,"campfire_choices":[{"floor":11,"key":"REST"},{"data":"Predator","floor":15,"key":"SMITH"}],"circlet_count":0,"master_deck":["AscendersBane","Strike_G","Strike_G","Strike_G","Strike_G","Strike_G","Defend_G","Defend_G","Defend_G","Defend_G","Defend_G","Survivor","Neutralize","Backstab","Dagger Throw","Dagger Spray","Adrenaline","Flying Knee","Calculated Gamble","Regret","Predator+1","Footwork","Decay","Escape Plan"],"relics":["Cursed Key","Centennial Puzzle","Art of War","Meat on the Bone","Mercury Hourglass","Blood Vial"],"acts_visited":["Exordium"],"potions_floor_usage":[6,10,16],"damage_taken":[{"damage":1,"enemies":"Cultist","floor":1,"turns":4},{"damage":0,"enemies":"Small Slimes","floor":3,"turns":3},{"damage":4,"enemies":"Jaw Worm","floor":4,"turns":3},{"damage":9,"enemies":"Large Slime","floor":5,"turns":7},{"damage":7,"enemies":"3 Sentries","floor":6,"turns":7},{"damage":6,"enemies":"Exordium Thugs","floor":8,"turns":4},{"damage":19,"enemies":"Lagavulin","floor":10,"turns":5},{"damage":9,"enemies":"Exordium Wildlife","floor":12,"turns":3},{"damage":8,"enemies":"Gremlin Nob","floor":14,"turns":3},{"damage":45,"enemies":"Hexaghost","floor":16,"turns":9}],"seed_played":"-4574608057744697345","potions_obtained":[{"floor":3,"key":"Block Potion"},{"floor":10,"key":"Explosive Potion"}],"is_trial":false,"path_per_floor":["M","$","M","M","M","E","$","M","T","E","R","M","T","E","R","B"],"character_chosen":"THE_SILENT","items_purchased":["Strength Potion","Dagger Throw","Strength Potion"],"campfire_rested":1,"item_purchase_floors":[2,2,7],"current_hp_per_floor":[58,58,58,54,45,38,38,32,32,13,32,35,35,39,39,0,0],"gold":162,"neow_bonus":"BOSS_RELIC","is_daily":false,"chose_seed":false,"campfire_upgraded":1,"win_rate":0.0,"timestamp":1610153086,"path_taken":["M","?","M","M","?","E","$","?","T","E","R","M","?","E","R","BOSS"],"items_purchased_type":["Potion","Card","Potion"],"build_version":"2020-12-22","purchased_purges":0,"victory":false,"max_hp_per_floor":[66,66,66,66,66,66,66,66,66,66,66,66,66,66,66,66,66],"relic_stats":{"Blood Vial":2,"Centennial Puzzle":[15],"counters":[10,48],"Art of War":[0],"Cursed Key":2,"obtain_stats":[{"Blood Vial":14,"Centennial Puzzle":6,"Art of War":9,"Cursed Key":0,"Ring of the Snake":0,"Meat on the Bone":10,"Mercury Hourglass":13},{"Blood Vial":9,"Centennial Puzzle":5,"Art of War":6,"Cursed Key":0,"Ring of the Snake":0,"Meat on the Bone":7,"Mercury Hourglass":8},{"Blood Vial":39,"Centennial Puzzle":24,"Art of War":28,"Cursed Key":0,"Ring of the Snake":0,"Meat on the Bone":33,"Mercury Hourglass":36}],"Meat on the Bone":24,"Mercury Hourglass":[33]},"card_choices":[{"not_picked":["Quick Slash","Masterful Stab"],"picked":"Backstab","floor":1},{"not_picked":["Underhanded Strike","Prepared","Bane"],"picked":"SKIP","floor":3},{"not_picked":["Prepared","Dagger Throw"],"picked":"Dagger Spray","floor":4},{"not_picked":["Setup","Dagger Spray"],"picked":"Adrenaline","floor":5},{"not_picked":["Cloak And Dagger","Slice"],"picked":"Flying Knee","floor":6},{"not_picked":["Heel Hook","Sucker Punch"],"picked":"Calculated Gamble","floor":8},{"not_picked":["Dodge and Roll","Eviscerate"],"picked":"Predator","floor":10},{"not_picked":["Distraction","Deflect"],"picked":"Footwork","floor":12},{"not_picked":["Setup","Blade Dance"],"picked":"Escape Plan","floor":14}],"player_experience":489354,"relics_obtained":[{"floor":6,"key":"Centennial Puzzle"},{"floor":9,"key":"Art of War"},{"floor":10,"key":"Meat on the Bone"},{"floor":13,"key":"Mercury Hourglass"},{"floor":14,"key":"Blood Vial"}],"event_choices":[],"is_beta":false,"boss_relics":[],"items_purged_floors":[],"is_endless":false,"potions_floor_spawned":[3,5,8,10],"killed_by":"Hexaghost","ascension_level":20}}