{"host":"873t0y8ybyo38pfq","time":1610202775,"event":{"mods":["BaseMod","Bestiary","Colored Map","Colored Powertips","Highlight Path","Minty Spire (QoL Compilation)","Quick Restart","RNG Fix","Rare Cards Sparkle","Relic Stats","StSLib"],"gold_per_floor":[12,12,162,45,64,99,119,136,182,182,209,209,239,10,10,85,85,101,120,120,45,45,45,71,71,71,71,83,101,1,13,13,88,88,106,106,10,26,42,42,72,87,111,111,137,162,162,192,192,192,192],"floor_reached":50,"playtime":1696,"items_purged":["Doubt","Pain"],"score":1132,"play_id":"a23371b4-1c12-4074-b576-57b26f4cc1f2","local_time":"20210109093255","is_ascension_mode":true,"campfire_choices":[{"floor":10,"key":"REST"},{"floor":12,"key":"REST"},{"data":"Sunder","floor":15,"key":"SMITH"},{"data":"Echo Form","floor":23,"key":"SMITH"},{"data":"Hyperbeam","floor":25,"key":"SMITH"},{"data":"Reinforced Body","floor":27,"key":"SMITH"},{"floor":32,"key":"REST"},{"floor":40,"key":"REST"},{"floor":47,"key":"REST"},{"floor":49,"key":"RECALL"}],"circlet_count":0,"master_deck":["AscendersBane","Strike_B","Strike_B","Defend_B","Defend_B","Defend_B","Dualcast","Hyperbeam+1","Sunder+1","Conserve Battery","Sweeping Beam","Steam","Reinforced Body+1","Stack","FTL","Steam","Echo Form+1","Conserve Battery","Lockon","Ball Lightning","Turbo","Gash","Conserve Battery+1","Hologram+1","Echo Form","Enlightenment+1","BootSequence+1","All For One","Go for the Eyes","Steam Power+1"],"relics":["Cracked Core","Kunai","Blood Vial","Vajra","Eternal Feather","Centennial Puzzle","Velvet Choker","WarpedTongs","Symbiotic Virus","Toxic Egg 2","Nuclear Battery","Ginger","Bronze Scales","FossilizedHelix","Juzu Bracelet"],"acts_visited":["Exordium","TheCity","TheBeyond"],"potions_floor_usage":[11,13,16,18,31,33,45,45,50],"damage_taken":[{"damage":0,"enemies":"2 Louse","floor":1,"turns":1},{"damage":7,"enemies":"Jaw Worm","floor":5,"turns":2},{"damage":10,"enemies":"3 Sentries","floor":6,"turns":6},{"damage":13,"enemies":"Small Slimes","floor":7,"turns":3},{"damage":10,"enemies":"Exordium Thugs","floor":8,"turns":3},{"damage":35,"enemies":"Lagavulin","floor":11,"turns":5},{"damage":15,"enemies":"3 Sentries","floor":13,"turns":4},{"damage":23,"enemies":"The Guardian","floor":16,"turns":14},{"damage":3,"enemies":"3 Byrds","floor":18,"turns":4},{"damage":12,"enemies":"Chosen","floor":19,"turns":4},{"damage":22,"enemies":"Gremlin Leader","floor":24,"turns":5},{"damage":16,"enemies":"Shelled Parasite and Fungi","floor":28,"turns":3},{"damage":11,"enemies":"Sentry and Sphere","floor":29,"turns":4},{"damage":12,"enemies":"Centurion and Healer","floor":31,"turns":4},{"damage":46,"enemies":"Automaton","floor":33,"turns":11},{"damage":19,"enemies":"3 Shapes","floor":35,"turns":4},{"damage":0,"enemies":"Orb Walker","floor":38,"turns":3},{"damage":49,"enemies":"Maw","floor":39,"turns":8},{"damage":13,"enemies":"Nemesis","floor":41,"turns":6},{"damage":6,"enemies":"Jaw Worm Horde","floor":42,"turns":3},{"damage":6,"enemies":"Reptomancer","floor":45,"turns":4},{"damage":3,"enemies":"Mind Bloom Boss Battle","floor":46,"turns":7},{"damage":32,"enemies":"Nemesis","floor":48,"turns":7},{"damage":69,"enemies":"Time Eater","floor":50,"turns":11}],"seed_played":"5619228254910479356","potions_obtained":[{"floor":5,"key":"GamblersBrew"},{"floor":11,"key":"ColorlessPotion"},{"floor":24,"key":"EssenceOfSteel"},{"floor":28,"key":"Fire Potion"},{"floor":38,"key":"FairyPotion"},{"floor":41,"key":"Swift Potion"},{"floor":42,"key":"CultistPotion"},{"floor":48,"key":"AttackPotion"}],"is_trial":false,"path_per_floor":["M","?","?","$","M","E","M","M","T","R","E","R","E","$","R","B",null,"M","M","?","?","?","R","E","R","T","R","M","M","$","M","R","B",null,"M","?","$","M","M","R","E","M","T","?","E","?","R","E","R","B"],"character_chosen":"DEFECT","items_purchased":["Sunder","FTL","FearPotion","AttackPotion","Steam","Enlightenment+1"],"campfire_rested":5,"item_purchase_floors":[4,14,14,14,14,37],"current_hp_per_floor":[64,53,53,53,46,36,25,17,17,38,5,35,22,22,34,13,57,56,46,46,46,46,58,38,50,50,62,48,39,39,29,65,21,59,42,42,42,44,21,57,46,42,42,42,38,37,71,39,57,0,0],"gold":192,"neow_bonus":"THREE_RARE_CARDS","is_daily":false,"chose_seed":false,"campfire_upgraded":4,"win_rate":0.0,"timestamp":1610202775,"path_taken":["M","?","?","$","M","E","M","M","T","R","E","R","E","$","R","BOSS","M","?","?","?","?","R","E","R","T","R","?","M","$","?","R","BOSS","M","?","$","?","M","R","E","M","T","?","E","?","R","E","R","BOSS"],"items_purchased_type":["Card","Card","Potion","Potion","Card","Card"],"build_version":"2020-12-22","purchased_purges":2,"victory":false,"max_hp_per_floor":[71,71,71,71,71,71,71,71,71,71,71,71,71,71,71,71,71,71,71,71,71,71,71,71,71,71,71,71,71,71,71,71,71,71,71,71,71,71,71,71,71,71,71,71,71,71,71,71,71,71,71],"relic_stats":{"Blood Vial":40,"Centennial Puzzle":[48],"counters":[24,126],"Bronze Scales":[73],"Eternal Feather":120,"Juzu Bracelet":0,"Kunai":[42],"Ginger":[4],"obtain_stats":[{"Vajra":9,"Velvet Choker":17,"Eternal Feather":11,"Juzu Bracelet":48,"Ginger":41,"WarpedTongs":22,"Nuclear Battery":34,"Blood Vial":6,"Centennial Puzzle":13,"Bronze Scales":45,"Kunai":2,"Toxic Egg 2":26,"Cracked Core":0,"Symbiotic Virus":24,"FossilizedHelix":46},{"Vajra":5,"Velvet Choker":8,"Eternal Feather":6,"Juzu Bracelet":23,"Ginger":19,"WarpedTongs":10,"Nuclear Battery":15,"Blood Vial":3,"Centennial Puzzle":7,"Bronze Scales":21,"Kunai":1,"Toxic Egg 2":11,"Cracked Core":0,"Symbiotic Virus":11,"FossilizedHelix":22},{"Vajra":15,"Velvet Choker":38,"Eternal Feather":20,"Juzu Bracelet":115,"Ginger":94,"WarpedTongs":46,"Nuclear Battery":73,"Blood Vial":9,"Centennial Puzzle":24,"Bronze Scales":101,"Kunai":1,"Toxic Egg 2":51,"Cracked Core":0,"Symbiotic Virus":51,"FossilizedHelix":108}],"WarpedTongs":[80]},"card_choices":[{"not_picked":["All For One","Amplify"],"picked":"Hyperbeam","floor":0},{"not_picked":["Tempest","Compile Driver","Streamline"],"picked":"SKIP","floor":1},{"not_picked":["Doom and Gloom","Streamline"],"picked":"Conserve Battery","floor":5},{"not_picked":["Biased Cognition","Cold Snap"],"picked":"Sweeping Beam","floor":6},{"not_picked":["Stack","Storm","Cold Snap"],"picked":"SKIP","floor":7},{"not_picked":["Compile Driver","Steam","Ball Lightning"],"picked":"SKIP","floor":8},{"not_picked":["Compile Driver","Ball Lightning"],"picked":"Steam","floor":8},{"not_picked":["Static Discharge","Fission"],"picked":"Reinforced Body","floor":11},{"not_picked":["Tempest","Reinforced Body"],"picked":"Stack","floor":13},{"not_picked":["Core Surge","Biased Cognition"],"picked":"Echo Form","floor":16},{"not_picked":["Streamline+1","Stack"],"picked":"Conserve Battery","floor":18},{"not_picked":["Redo","Coolheaded","Scrape"],"picked":"SKIP","floor":19},{"not_picked":["Conserve Battery","Leap"],"picked":"Turbo","floor":24},{"not_picked":["Gash","Barrage","Rebound"],"picked":"SKIP","floor":28},{"not_picked":["Barrage","Rebound"],"picked":"Gash","floor":28},{"not_picked":["Amplify+1","Coolheaded+1"],"picked":"Conserve Battery+1","floor":29},{"not_picked":["Conserve Battery+1","Rebound"],"picked":"Hologram+1","floor":31},{"not_picked":["Rainbow+1","Amplify+1"],"picked":"Echo Form","floor":33},{"not_picked":["Consume+1","Coolheaded+1","Defragment"],"picked":"SKIP","floor":35},{"not_picked":["Barrage","Conserve Battery+1"],"picked":"BootSequence+1","floor":38},{"not_picked":["Cold Snap","Chill+1","Capacitor"],"picked":"SKIP","floor":39},{"not_picked":["Rip and Tear+1","Redo+1","Ball Lightning+1"],"picked":"SKIP","floor":41},{"not_picked":["Gash","Chaos+1"],"picked":"All For One","floor":42},{"not_picked":["Glacier+1","Heatsinks"],"picked":"Go for the Eyes","floor":45},{"not_picked":["Chaos+1","Go for the Eyes"],"picked":"Steam Power+1","floor":48}],"player_experience":1565539,"relics_obtained":[{"floor":6,"key":"Blood Vial"},{"floor":9,"key":"Vajra"},{"floor":11,"key":"Eternal Feather"},{"floor":13,"key":"Centennial Puzzle"},{"floor":24,"key":"Symbiotic Virus"},{"floor":26,"key":"Toxic Egg 2"},{"floor":41,"key":"Ginger"},{"floor":45,"key":"Bronze Scales"},{"floor":46,"key":"FossilizedHelix"},{"floor":48,"key":"Juzu Bracelet"}],"event_choices":[{"damage_healed":0,"gold_gain":0,"player_choice":"Success","damage_taken":11,"relics_obtained":["Kunai"],"max_hp_gain":0,"max_hp_loss":0,"event_name":"Scrap Ooze","floor":2,"gold_loss":0},{"damage_healed":0,"gold_gain":150,"player_choice":"AGREE","damage_taken":0,"max_hp_gain":0,"max_hp_loss":0,"event_name":"Liars Game","floor":3,"gold_loss":0,"cards_obtained":["Doubt"]},{"damage_healed":0,"gold_gain":0,"cards_transformed":["Strike_B","Strike_B"],"player_choice":"Became Test Subject","damage_taken":0,"max_hp_gain":0,"max_hp_loss":0,"event_name":"Drug Dealer","floor":20,"gold_loss":0,"cards_obtained":["Lockon","Ball Lightning"]},{"cards_removed":["Defend_B"],"damage_healed":0,"gold_gain":0,"player_choice":"Gave Gold","damage_taken":0,"max_hp_gain":0,"max_hp_loss":0,"event_name":"Beggar","floor":21,"gold_loss":75},{"damage_healed":0,"gold_gain":0,"player_choice":"Rummage","damage_taken":0,"relics_obtained":["WarpedTongs"],"max_hp_gain":0,"max_hp_loss":0,"event_name":"Accursed Blacksmith","floor":22,"gold_loss":0,"cards_obtained":["Pain"]},{"damage_healed":0,"gold_gain":0,"player_choice":"Ignored","damage_taken":0,"max_hp_gain":0,"max_hp_loss":0,"event_name":"Tomb of Lord Red Mask","floor":36,"gold_loss":0},{"cards_removed":["Zap"],"damage_healed":0,"gold_gain":0,"player_choice":"Purged","damage_taken":0,"max_hp_gain":0,"max_hp_loss":0,"event_name":"Purifier","floor":44,"gold_loss":0},{"damage_healed":0,"gold_gain":0,"player_choice":"Fight","damage_taken":0,"max_hp_gain":0,"max_hp_loss":0,"event_name":"MindBloom","floor":46,"gold_loss":0}],"is_beta":false,"boss_relics":[{"not_picked":["Calling Bell","Coffee Dripper"],"picked":"Velvet Choker"},{"not_picked":["Astrolabe","Busted Crown"],"picked":"Nuclear Battery"}],"items_purged_floors":[4,30],"is_endless":false,"potions_floor_spawned":[5,11,24,28,29,38,41,42,48],"killed_by":"Time Eater","ascension_level":20}}