{"host":"edwx0qgw8a8gox8u","time":1610167676,"event":{"mods":["2.2 Compatiblity","AchievementEnabler","Aspiration","Bard","BaseMod","Beaked The Cultist","Better Altar","Better Match","Better Note","Better Sensory Stone","Better Skull","Better Third Choice","BetterRewards","CCEM","Challenge The Spire","ChefMod","Colored Map","Conspire","Curses Come First","Custom Start","DeckTracker","Defuse TimeMaze Blight","Dio Mod","Displayed Cursed Tome","Dota2Spire","Downfall","Energized Spire","Friendly Minions","FruityMod","GifTheSpireLib","GungeonMod","Halation","Hermit","Hubris","Hunter ??","Infinite Spire","Jedi Mod","Jess\u0027s Bottle","Kiyohime????","Mad Scientist","Mari Mod (Legacy)","Mari\u0027s V1 Patch","Marisa????????","Marked Mod","Mimic Mod","Minty Spire (QoL Compilation)","MostiFishMod","Permanent Neow","Potionbrewer","Random Character Button","Relic Stats","Replay The Spire","Retaliation","Robot Space Explorer","RumiaBox-????????","SCP261 Mod","Shade Mod","Shedinja","Shop Mod","Spicy Shops","StSLib","Stuff the Spire","The Administrix","The Animator","The Blackbeard","The Blue Laboratory","The Bug Knight","The Cursed","The Dragon Tamer","The Factory","The Gatherer","The Hierophant","The Jungle","The Mystic","The Necromancer","The Poker Player","The Problem Sleuth","The Runesmith","The Servant 0.9.4","The Spell Scribe","The Valiant","TheSwordswoman","TheVelvet","TheWitcher","Trackpad","Uncapped","Unceasing Turn Reminder","Useless Jewels Mod","Yuri Mod","vexMod","??????REMEMod"],"gold_per_floor":[116,116,132,132,143,143,143,143],"floor_reached":7,"playtime":419,"items_purged":[],"score":62,"play_id":"fc3adf1b-c7d8-4b04-a742-37b2dbae0caa","local_time":"20210109154756","is_ascension_mode":true,"campfire_choices":[{"data":"Iron Wave","floor":6,"key":"SMITH"}],"circlet_count":0,"master_deck":["AscendersBane","Strike_R","Strike_R","Strike_R","Strike_R","Strike_R","Defend_R","Defend_R","Defend_R","Defend_R","Bash","AdministrixMod:FiendishCrimson+1","Twin Strike","Regret","Iron Wave","Iron Wave+1"],"relics":["Burning Blood","REME_ComplimentaryCards","DaveBox","JellyFishMachine","aspiration:Nostalgia","Shedinja:WonderGuard","DemoMod:GlassGuonStoneRelic","SynthV:TestCard","StuffTheSpire:RedRose"],"acts_visited":["Exordium"],"potions_floor_usage":[3,5],"damage_taken":[{"damage":0,"enemies":"Small Slimes","floor":1,"turns":3},{"damage":0,"enemies":"Jaw Worm","floor":3,"turns":3},{"damage":0,"enemies":"infinitespire:Voidling","floor":5,"turns":2},{"damage":6,"enemies":"Gremlin Nob","floor":7,"turns":2}],"seed_played":"-3829405986098874787","potions_obtained":[{"floor":1,"key":"blueLaboratory:StoneskinPotion"},{"floor":3,"key":"AttackPotion"}],"is_trial":false,"path_per_floor":["M","?","M","?","M","R","E"],"character_chosen":"IRONCLAD","items_purchased":[],"campfire_rested":0,"item_purchase_floors":[],"current_hp_per_floor":[1,1,1,1,1,1,0,0],"gold":143,"neow_bonus":"NOSTALGIA","is_daily":false,"chose_seed":false,"campfire_upgraded":1,"win_rate":0.0,"timestamp":1610167676,"path_taken":["M","?","M","?","M","R","E"],"items_purchased_type":[],"build_version":"2020-12-22","purchased_purges":0,"victory":false,"max_hp_per_floor":[1,1,1,1,1,1,1,1],"relic_stats":{"counters":[4,10],"obtain_stats":[{"SynthV:TestCard":1,"DaveBox":0,"JellyFishMachine":0,"aspiration:Nostalgia":0,"DemoMod:GlassGuonStoneRelic":1,"Shedinja:WonderGuard":0,"StuffTheSpire:RedRose":2,"Burning Blood":0,"REME_ComplimentaryCards":0},{"SynthV:TestCard":1,"DaveBox":0,"JellyFishMachine":0,"aspiration:Nostalgia":0,"DemoMod:GlassGuonStoneRelic":1,"Shedinja:WonderGuard":0,"StuffTheSpire:RedRose":1,"Burning Blood":0,"REME_ComplimentaryCards":0},{"SynthV:TestCard":3,"DaveBox":0,"JellyFishMachine":0,"aspiration:Nostalgia":0,"DemoMod:GlassGuonStoneRelic":3,"Shedinja:WonderGuard":0,"StuffTheSpire:RedRose":3,"Burning Blood":0,"REME_ComplimentaryCards":0}],"Burning Blood":0},"card_choices":[{"not_picked":["StuffTheSpire:Resist","DDmod:RapidStrikeAttack"],"picked":"Twin Strike","floor":1},{"not_picked":["DDmod:BurningFumesPowerCard","Power Through","StuffTheSpire:Incineration","ReplayTheSpireMod:Corrosion Curse"],"picked":"Iron Wave","floor":3},{"not_picked":["Armaments","DDmod:EasePowerCard","REME_Cut","StuffTheSpire:BloodClot"],"picked":"Iron Wave","floor":5}],"player_experience":609144,"relics_obtained":[{"floor":1,"key":"SynthV:TestCard"}],"event_choices":[],"is_beta":false,"boss_relics":[],"items_purged_floors":[],"is_endless":false,"potions_floor_spawned":[1,3],"killed_by":"Gremlin Nob","ascension_level":10}}