{"host":"newqdrzxfhh2im9e","time":1610166176,"event":{"mods":["AchievementEnabler","BaseMod","BetterRewards","Block Reminder","Colored Map","Jorbs\u0027s Wanderer Trilogy","Minty Spire (QoL Compilation)","Rare Cards Sparkle","Shop Mod","StSLib"],"gold_per_floor":[111,111,111,111,134,134,134,150,150,150,174,192,192,217,217,341,341,317,333,22,22,22],"floor_reached":21,"playtime":799,"items_purged":[],"score":169,"play_id":"10d32dbc-6bd7-409a-8054-4eabf554be63","local_time":"20210108202256","is_ascension_mode":false,"campfire_choices":[{"floor":6,"key":"REST"},{"floor":10,"key":"REST"},{"floor":15,"key":"REST"}],"circlet_count":0,"master_deck":["Strike_P","Strike_P","Strike_P","Strike_P","Defend_P","Defend_P","Defend_P","Defend_P","Eruption","Vigilance","Devotion+1","Meditate","Vault","Conclude","Ragnarok","WaveOfTheHand+1","ReachHeaven+1","Swivel"],"relics":["PureWater","Darkstone Periapt","Golden Idol","Yang","Potion Belt","Pear","Odd Mushroom","Black Star","Regal Pillow"],"acts_visited":["Exordium","TheCity"],"potions_floor_usage":[11,14,16,21],"damage_taken":[{"damage":16,"enemies":"Jaw Worm","floor":1,"turns":4},{"damage":0,"enemies":"Small Slimes","floor":5,"turns":3},{"damage":9,"enemies":"Cultist","floor":8,"turns":5},{"damage":21,"enemies":"Exordium Wildlife","floor":11,"turns":7},{"damage":0,"enemies":"Large Slime","floor":12,"turns":4},{"damage":11,"enemies":"The Mushroom Lair","floor":14,"turns":5},{"damage":5,"enemies":"Slime Boss","floor":16,"turns":8},{"damage":41,"enemies":"2 Thieves","floor":18,"turns":5},{"damage":40,"enemies":"3 Byrds","floor":19,"turns":5},{"damage":14,"enemies":"Centurion and Healer","floor":21,"turns":2}],"seed_played":"-5161280554353390596","potions_obtained":[{"floor":5,"key":"Energy Potion"},{"floor":12,"key":"StancePotion"},{"floor":14,"key":"BottledMiracle"}],"is_trial":false,"path_per_floor":["M","?","?","?","M","R","?","M","T","R","M","M","T","?","R","B",null,"M","M","$","M"],"character_chosen":"WATCHER","items_purchased":["Regal Pillow","Swivel","Regen Potion"],"campfire_rested":3,"item_purchase_floors":[20,20,20],"current_hp_per_floor":[56,56,44,26,26,47,47,38,38,59,38,38,48,37,61,56,82,41,1,1,0,0],"gold":22,"neow_bonus":"ONE_RANDOM_RARE_CARD","is_daily":false,"chose_seed":false,"campfire_upgraded":0,"win_rate":0.0,"timestamp":1610166176,"path_taken":["M","?","?","?","M","R","?","M","T","R","M","?","?","?","R","BOSS","M","M","$","M"],"items_purchased_type":["Relic","Card","Potion"],"build_version":"2020-12-22","purchased_purges":0,"victory":false,"max_hp_per_floor":[72,72,72,72,72,72,72,72,72,72,72,72,82,82,82,82,82,82,82,82,82,82],"card_choices":[{"not_picked":["ThirdEye","JustLucky"],"picked":"Fasting2","floor":1},{"not_picked":["FlurryOfBlows","WaveOfTheHand"],"picked":"Meditate","floor":5},{"not_picked":["FlurryOfBlows","PathToVictory","Evaluate"],"picked":"SKIP","floor":8},{"not_picked":["Protect","WreathOfFlame"],"picked":"Vault","floor":11},{"not_picked":["JustLucky","Halt","Evaluate"],"picked":"SKIP","floor":12},{"not_picked":["ClearTheMind","WreathOfFlame"],"picked":"Conclude","floor":14},{"not_picked":["ConjureBlade","Vault"],"picked":"Ragnarok","floor":16},{"not_picked":["Prostrate","EmptyBody"],"picked":"WaveOfTheHand+1","floor":18},{"not_picked":["Wireheading","Wallop"],"picked":"ReachHeaven+1","floor":19}],"player_experience":708237,"relics_obtained":[{"floor":9,"key":"Potion Belt"},{"floor":13,"key":"Pear"},{"floor":14,"key":"Odd Mushroom"}],"event_choices":[{"damage_healed":0,"gold_gain":0,"player_choice":"Grow","damage_taken":0,"max_hp_gain":0,"max_hp_loss":0,"event_name":"Living Wall","floor":2,"gold_loss":0,"cards_upgraded":["Devotion"]},{"damage_healed":0,"gold_gain":0,"player_choice":"Success","damage_taken":12,"relics_obtained":["Darkstone Periapt"],"max_hp_gain":0,"max_hp_loss":0,"event_name":"Scrap Ooze","floor":3,"gold_loss":0},{"damage_healed":0,"gold_gain":0,"player_choice":"Take Damage","damage_taken":18,"relics_obtained":["Golden Idol"],"max_hp_gain":0,"max_hp_loss":0,"event_name":"Golden Idol","floor":4,"gold_loss":0},{"cards_removed":["Fasting2"],"damage_healed":0,"gold_gain":0,"player_choice":"Gave Card","damage_taken":0,"relics_obtained":["Yang"],"max_hp_gain":0,"max_hp_loss":0,"event_name":"WeMeetAgain","floor":7,"gold_loss":0},{"damage_healed":0,"gold_gain":0,"player_choice":"Fought Mushrooms","damage_taken":0,"max_hp_gain":0,"max_hp_loss":0,"event_name":"Mushrooms","floor":14,"gold_loss":0}],"is_beta":false,"boss_relics":[{"not_picked":["Coffee Dripper","Sozu"],"picked":"Black Star"}],"items_purged_floors":[],"is_endless":false,"potions_floor_spawned":[5,12,14],"killed_by":"Centurion and Healer","ascension_level":0}}