{"host":"FirstDane","time":1610215731,"event":{"mods":["BaseMod","Bestiary","Highlight Path","Minty Spire (QoL Compilation)","Relic Stats","Slay the Relics Exporter"],"gold_per_floor":[112,112,130,149,161,194,194,222,222,222,235,3,15,31,31,105,105,123,23,23,34,48,74,124,135,160,160,185,200,230,244,244,318,318,337,348,223,237,86,86,112,112,139,164,191,191,206,218,218,218,218,218,218,31,66,66,66],"floor_reached":56,"playtime":6875,"items_purged":["Pain","Strike_G","Strike_G","Strike_G"],"score":2012,"play_id":"288ce045-b7fe-40ba-9597-9e8898c408cc","local_time":"20210109120851","is_ascension_mode":true,"campfire_choices":[{"data":"Bouncing Flask","floor":7,"key":"SMITH"},{"floor":10,"key":"REST"},{"data":"Deadly Poison","floor":15,"key":"SMITH"},{"floor":27,"key":"REST"},{"data":"Footwork","floor":32,"key":"SMITH"},{"data":"Wraith Form v2","floor":40,"key":"SMITH"},{"floor":42,"key":"RECALL"},{"data":"Backflip","floor":49,"key":"SMITH"},{"floor":53,"key":"REST"}],"circlet_count":0,"master_deck":["AscendersBane","Strike_G","Strike_G","Defend_G+1","Defend_G","Defend_G","Defend_G","Defend_G","Survivor","Neutralize","CurseOfTheBell","Flying Knee","Dagger Throw","Bouncing Flask+1","Leg Sweep","Deadly Poison+1","Blur","Footwork+1","Corpse Explosion","Catalyst+1","Crippling Poison+1","PiercingWail","Calculated Gamble","Adrenaline","Well Laid Plans+1","Backflip+1","Wraith Form v2+1","Backflip+1","Noxious Fumes"],"relics":["Calling Bell","Strawberry","Sundial","Incense Burner","WarpedTongs","PreservedInsect","Bag of Preparation","Regal Pillow","Lantern","Black Star","Mercury Hourglass","Blue Candle","Blood Vial","Akabeko","War Paint","Omamori","Vajra","Velvet Choker","Smiling Mask","Orichalcum","Girya","Dream Catcher","Pen Nib","Nunchaku","Centennial Puzzle"],"acts_visited":["Exordium","TheCity","TheBeyond","TheEnding"],"potions_floor_usage":[6,8,23,28,31,47,55,56],"damage_taken":[{"damage":9,"enemies":"2 Louse","floor":1,"turns":3},{"damage":3,"enemies":"Cultist","floor":3,"turns":4},{"damage":2,"enemies":"Small Slimes","floor":4,"turns":4},{"damage":3,"enemies":"Red Slaver","floor":5,"turns":4},{"damage":18,"enemies":"Lagavulin","floor":6,"turns":6},{"damage":17,"enemies":"3 Sentries","floor":8,"turns":8},{"damage":3,"enemies":"Looter","floor":11,"turns":3},{"damage":8,"enemies":"Lots of Slimes","floor":13,"turns":9},{"damage":1,"enemies":"3 Louse","floor":14,"turns":5},{"damage":9,"enemies":"The Guardian","floor":16,"turns":10},{"damage":0,"enemies":"Spheric Guardian","floor":18,"turns":2},{"damage":0,"enemies":"3 Byrds","floor":21,"turns":2},{"damage":16,"enemies":"Snake Plant","floor":22,"turns":2},{"damage":21,"enemies":"Slavers","floor":23,"turns":5},{"damage":5,"enemies":"Cultist and Chosen","floor":25,"turns":3},{"damage":2,"enemies":"Gremlin Leader","floor":28,"turns":6},{"damage":0,"enemies":"Chosen and Byrds","floor":29,"turns":3},{"damage":28,"enemies":"Slavers","floor":30,"turns":3},{"damage":0,"enemies":"Snake Plant","floor":31,"turns":3},{"damage":27,"enemies":"Champ","floor":33,"turns":11},{"damage":0,"enemies":"3 Shapes","floor":35,"turns":2},{"damage":1,"enemies":"Orb Walker","floor":36,"turns":3},{"damage":0,"enemies":"4 Shapes","floor":38,"turns":1},{"damage":1,"enemies":"Giant Head","floor":41,"turns":7},{"damage":0,"enemies":"Mind Bloom Boss Battle","floor":44,"turns":5},{"damage":1,"enemies":"Nemesis","floor":45,"turns":7},{"damage":2,"enemies":"3 Darklings","floor":47,"turns":3},{"damage":0,"enemies":"Sphere and 2 Shapes","floor":48,"turns":6},{"damage":33,"enemies":"Donu and Deca","floor":50,"turns":10},{"damage":31,"enemies":"Time Eater","floor":51,"turns":10},{"damage":1,"enemies":"Shield and Spear","floor":55,"turns":8},{"damage":75,"enemies":"The Heart","floor":56,"turns":8}],"seed_played":"3972089324650874656","potions_obtained":[{"floor":4,"key":"Strength Potion"},{"floor":5,"key":"ColorlessPotion"},{"floor":8,"key":"Strength Potion"},{"floor":13,"key":"BlessingOfTheForge"},{"floor":25,"key":"Energy Potion"},{"floor":30,"key":"FearPotion"},{"floor":31,"key":"Fire Potion"},{"floor":41,"key":"Fire Potion"},{"floor":44,"key":"Dexterity Potion"},{"floor":47,"key":"Ancient Potion"}],"is_trial":false,"path_per_floor":["M","?","M","M","M","E","R","E","T","R","M","$","M","M","R","B",null,"M","$","?","M","M","E","?","M","T","R","E","M","E","M","R","B",null,"M","M","$","M","$","R","E","R","T","?","E","?","M","M","R","B","B",null,"R","$","E","B"],"character_chosen":"THE_SILENT","items_purchased":["Lantern","Wraith Form v2","Noxious Fumes","Swift Potion"],"campfire_rested":3,"item_purchase_floors":[12,39,54,54],"current_hp_per_floor":[57,57,54,52,49,31,31,14,14,50,47,47,39,38,38,29,62,62,62,62,62,46,25,25,20,20,56,56,58,32,34,34,9,57,59,60,60,62,62,62,63,63,63,65,66,66,66,68,68,37,8,57,73,73,72,0,0],"gold":66,"neow_bonus":"BOSS_RELIC","is_daily":false,"chose_seed":false,"campfire_upgraded":5,"win_rate":0.0,"timestamp":1610215731,"path_taken":["M","?","?","M","M","E","R","E","T","R","M","$","M","M","R","BOSS","M","$","?","M","M","E","?","M","T","R","E","M","E","M","R","BOSS","M","M","$","M","$","R","E","R","T","?","E","?","M","M","R","BOSS","BOSS","R","$","E","BOSS"],"items_purchased_type":["Relic","Card","Card","Potion"],"build_version":"2020-12-18","purchased_purges":4,"victory":false,"max_hp_per_floor":[73,73,73,73,73,73,73,73,73,73,73,73,73,73,73,73,73,73,73,73,73,73,73,73,73,73,73,73,73,73,73,73,73,73,73,73,73,73,73,73,73,73,73,73,73,73,73,73,73,73,73,73,73,73,73,73,73],"relic_stats":{"Regal Pillow":30,"counters":[32,166],"Blue Candle":[2],"PreservedInsect":417,"Pen Nib":[2],"Bag of Preparation":[52],"War Paint":["Crippling Poison","Defend_G"],"Orichalcum":[102],"Smiling Mask":100,"WarpedTongs":[160],"Mercury Hourglass":[328],"Blood Vial":31,"Dream Catcher":1,"Nunchaku":[0],"Centennial Puzzle":[3],"Sundial":[18],"Black Star":6,"obtain_stats":[{"Regal Pillow":9,"Lantern":12,"Vajra":30,"Incense Burner":0,"Bag of Preparation":8,"Smiling Mask":41,"Blood Vial":26,"Dream Catcher":45,"Nunchaku":55,"Centennial Puzzle":55,"Sundial":0,"Strawberry":0,"Ring of the Snake":0,"Girya":44,"Blue Candle":23,"Velvet Choker":34,"PreservedInsect":6,"Pen Nib":45,"Omamori":30,"War Paint":28,"Orichalcum":41,"Akabeko":28,"WarpedTongs":2,"Mercury Hourglass":23,"Calling Bell":0,"Black Star":17},{"Regal Pillow":6,"Lantern":7,"Vajra":18,"Incense Burner":0,"Bag of Preparation":6,"Smiling Mask":24,"Blood Vial":15,"Dream Catcher":26,"Nunchaku":31,"Centennial Puzzle":31,"Sundial":0,"Strawberry":0,"Ring of the Snake":0,"Girya":25,"Blue Candle":14,"Velvet Choker":20,"PreservedInsect":5,"Pen Nib":26,"Omamori":18,"War Paint":16,"Orichalcum":24,"Akabeko":16,"WarpedTongs":1,"Mercury Hourglass":14,"Calling Bell":0,"Black Star":10},{"Regal Pillow":29,"Lantern":32,"Vajra":82,"Incense Burner":0,"Bag of Preparation":29,"Smiling Mask":109,"Blood Vial":70,"Dream Catcher":121,"Nunchaku":158,"Centennial Puzzle":158,"Sundial":0,"Strawberry":0,"Ring of the Snake":0,"Girya":114,"Blue Candle":67,"Velvet Choker":96,"PreservedInsect":21,"Pen Nib":121,"Omamori":82,"War Paint":76,"Orichalcum":109,"Akabeko":76,"WarpedTongs":3,"Mercury Hourglass":67,"Calling Bell":0,"Black Star":56}]},"card_choices":[{"not_picked":["Accuracy","Backstab"],"picked":"Flying Knee","floor":1},{"not_picked":["Skewer","Backflip"],"picked":"Dagger Throw","floor":3},{"not_picked":["Leg Sweep","Catalyst"],"picked":"Bouncing Flask","floor":4},{"not_picked":["Dagger Spray","Tactician"],"picked":"Leg Sweep","floor":5},{"not_picked":["Prepared","Dagger Throw","Reflex"],"picked":"SKIP","floor":6},{"not_picked":["Blade Dance","Unload"],"picked":"Deadly Poison","floor":8},{"not_picked":["Concentrate","Skewer"],"picked":"Blur","floor":11},{"not_picked":["All Out Attack","Quick Slash"],"picked":"Footwork","floor":13},{"not_picked":["Dodge and Roll","Bane","Acrobatics"],"picked":"SKIP","floor":14},{"not_picked":["Storm of Steel","Unload"],"picked":"Corpse Explosion","floor":16},{"not_picked":["Outmaneuver+1","Poisoned Stab"],"picked":"Catalyst+1","floor":18},{"not_picked":["Dodge and Roll","Poisoned Stab","Deflect"],"picked":"SKIP","floor":21},{"not_picked":["Die Die Die","Quick Slash+1"],"picked":"PiercingWail","floor":22},{"not_picked":["Expertise","Blade Dance"],"picked":"Calculated Gamble","floor":23},{"not_picked":["Flechettes","Deflect","Dagger Throw"],"picked":"SKIP","floor":25},{"not_picked":["Sucker Punch","Dagger Spray","Calculated Gamble"],"picked":"SKIP","floor":28},{"not_picked":["Quick Slash","Slice","Acrobatics"],"picked":"SKIP","floor":29},{"not_picked":["Poisoned Stab","Choke","Expertise+1"],"picked":"SKIP","floor":30},{"not_picked":["Blade Dance","Bane+1","Poisoned Stab"],"picked":"SKIP","floor":31},{"not_picked":["A Thousand Cuts","Grand Finale"],"picked":"Adrenaline","floor":33},{"not_picked":["Masterful Stab","Bouncing Flask"],"picked":"Well Laid Plans","floor":35},{"not_picked":["Cloak And Dagger+1","Finisher","Sucker Punch+1"],"picked":"SKIP","floor":36},{"not_picked":["All Out Attack","Outmaneuver"],"picked":"Backflip","floor":38},{"not_picked":["Sucker Punch","Heel Hook"],"picked":"Backflip+1","floor":41},{"not_picked":["Quick Slash","Terror","Acrobatics"],"picked":"SKIP","floor":45},{"not_picked":["Sucker Punch+1","Expertise+1","Dagger Spray"],"picked":"SKIP","floor":47},{"not_picked":["Sucker Punch+1","Expertise+1","Dagger Spray"],"picked":"SKIP","floor":47},{"not_picked":["Setup+1","Blade Dance","Flying Knee+1"],"picked":"SKIP","floor":48},{"not_picked":["Escape Plan+1","Blade Dance","Reflex"],"picked":"SKIP","floor":55}],"player_experience":3869223,"relics_obtained":[{"floor":0,"key":"Strawberry"},{"floor":0,"key":"Sundial"},{"floor":0,"key":"Incense Burner"},{"floor":6,"key":"PreservedInsect"},{"floor":8,"key":"Bag of Preparation"},{"floor":9,"key":"Regal Pillow"},{"floor":23,"key":"Mercury Hourglass"},{"floor":23,"key":"Blue Candle"},{"floor":26,"key":"Blood Vial"},{"floor":28,"key":"Akabeko"},{"floor":28,"key":"War Paint"},{"floor":30,"key":"Omamori"},{"floor":30,"key":"Vajra"},{"floor":41,"key":"Smiling Mask"},{"floor":41,"key":"Orichalcum"},{"floor":44,"key":"Girya"},{"floor":45,"key":"Dream Catcher"},{"floor":45,"key":"Pen Nib"},{"floor":55,"key":"Nunchaku"},{"floor":55,"key":"Centennial Puzzle"}],"event_choices":[{"damage_healed":0,"gold_gain":0,"player_choice":"Rummage","damage_taken":0,"relics_obtained":["WarpedTongs"],"max_hp_gain":0,"max_hp_loss":0,"event_name":"Accursed Blacksmith","floor":2,"gold_loss":0,"cards_obtained":["Pain"]},{"damage_healed":0,"gold_gain":0,"player_choice":"Read","damage_taken":0,"max_hp_gain":0,"max_hp_loss":0,"event_name":"The Library","floor":20,"gold_loss":0,"cards_obtained":["Crippling Poison"]},{"damage_healed":0,"gold_gain":50,"player_choice":"Pray","damage_taken":0,"max_hp_gain":0,"max_hp_loss":0,"event_name":"Golden Shrine","floor":24,"gold_loss":0},{"damage_healed":0,"gold_gain":0,"player_choice":"Fight","damage_taken":0,"max_hp_gain":0,"max_hp_loss":0,"event_name":"MindBloom","floor":44,"gold_loss":0},{"damage_healed":0,"gold_gain":0,"player_choice":"Upgraded","damage_taken":0,"max_hp_gain":0,"max_hp_loss":0,"event_name":"Upgrade Shrine","floor":46,"gold_loss":0,"cards_upgraded":["Well Laid Plans"]}],"is_beta":true,"boss_relics":[{"not_picked":["Coffee Dripper","Tiny House"],"picked":"Black Star"},{"not_picked":["Pandora\u0027s Box","Astrolabe"],"picked":"Velvet Choker"}],"items_purged_floors":[12,19,37,54],"is_endless":false,"potions_floor_spawned":[4,5,8,13,16,25,30,31,33,41,44,47],"killed_by":"The Heart","ascension_level":20}}