{"host":"dl7h25vjpuplx29g","time":1610153955,"event":{"mods":["BaseMod","Colored Map","Minty Spire (QoL Compilation)"],"gold_per_floor":[112,131,131,184,40,69,69,88,88,14,14,14,79,106,106,179,179,162,162,180,105,117,117,117,117],"floor_reached":24,"playtime":1625,"items_purged":["Defend_R"],"score":354,"play_id":"4441193f-5f7c-45d9-a4be-c8601e6e590d","local_time":"20210109095915","is_ascension_mode":true,"campfire_choices":[{"data":"Armaments","floor":7.0,"key":"SMITH"},{"data":"Hemokinesis","floor":12.0,"key":"SMITH"},{"data":"Double Tap","floor":15.0,"key":"SMITH"},{"data":"Corruption","floor":23,"key":"SMITH"}],"circlet_count":0,"master_deck":["AscendersBane","Strike_R","Strike_R","Defend_R","Defend_R","Bash","Twin Strike","Armaments+1","Uppercut","Shrug It Off","Hemokinesis+1","Double Tap+1","Impervious","Corruption+1","True Grit","Heavy Blade","Rage","Shrug It Off+1"],"relics":["Burning Blood","Ancient Tea Set","Eternal Feather","Art of War","Darkstone Periapt","Smiling Mask","Philosopher\u0027s Stone"],"acts_visited":["Exordium","TheCity"],"potions_floor_usage":[20,22],"damage_taken":[{"damage":1.0,"enemies":"Cultist","floor":1.0,"turns":4.0},{"damage":13.0,"enemies":"Jaw Worm","floor":2.0,"turns":4.0},{"damage":50.0,"enemies":"3 Sentries","floor":6.0,"turns":9.0},{"damage":0.0,"enemies":"Small Slimes","floor":8.0,"turns":1.0},{"damage":29.0,"enemies":"3 Sentries","floor":13.0,"turns":7.0},{"damage":22.0,"enemies":"Lagavulin","floor":14.0,"turns":6.0},{"damage":27.0,"enemies":"Hexaghost","floor":16.0,"turns":9.0},{"damage":21,"enemies":"2 Thieves","floor":18,"turns":4},{"damage":12,"enemies":"Shell Parasite","floor":20,"turns":4},{"damage":25,"enemies":"Sentry and Sphere","floor":22,"turns":5},{"damage":51,"enemies":"Gremlin Leader","floor":24,"turns":6}],"seed_played":"7149869785745536707","potions_obtained":[{"floor":8.0,"key":"SteroidPotion"},{"floor":14.0,"key":"SteroidPotion"},{"floor":16.0,"key":"Explosive Potion"},{"floor":18,"key":"Energy Potion"}],"is_trial":false,"path_per_floor":["M","M","?","T","$","E","R","M","T","$","?","R","?","E","R","B",null,"M","?","M","?","M","R","E"],"character_chosen":"IRONCLAD","items_purchased":["Uppercut","Regen Potion"],"campfire_rested":0,"item_purchase_floors":[5,10],"current_hp_per_floor":[80,73,66,66,66,22,28,34,34,34,39,45,37,21,30,9,68,53,53,47,47,28,37,0,0],"gold":117,"neow_bonus":"TEN_PERCENT_HP_BONUS","is_daily":false,"chose_seed":false,"campfire_upgraded":4,"win_rate":0.0,"timestamp":1610153955,"path_taken":["M","M","?","?","$","E","R","M","T","?","?","R","?","E","R","BOSS","M","?","M","?","M","R","E"],"items_purchased_type":["Card","Potion"],"build_version":"2020-12-22","purchased_purges":1,"victory":false,"max_hp_per_floor":[82,82,82,82,82,82,82,82,82,82,87,87,87,87,87,87,87,87,87,87,87,87,87,87,87],"card_choices":[{"not_picked":["Iron Wave","Spot Weakness"],"picked":"Twin Strike","floor":1.0},{"not_picked":["Dual Wield","Body Slam"],"picked":"Armaments","floor":2.0},{"not_picked":["Hemokinesis","True Grit"],"picked":"Shrug It Off","floor":6.0},{"not_picked":["Flame Barrier","Spot Weakness"],"picked":"Hemokinesis","floor":8.0},{"not_picked":["Flex","Dual Wield"],"picked":"Double Tap","floor":13.0},{"not_picked":["Armaments","True Grit"],"picked":"Impervious","floor":14.0},{"not_picked":["Barricade","Bludgeon"],"picked":"Corruption","floor":16.0},{"not_picked":["Sword Boomerang","Second Wind"],"picked":"True Grit","floor":18},{"not_picked":["Sever Soul","Combust"],"picked":"Shrug It Off+1","floor":20},{"not_picked":["Flex","Rage","Reckless Charge"],"picked":"SKIP","floor":22}],"player_experience":1526408,"relics_obtained":[{"floor":4.0,"key":"Ancient Tea Set"},{"floor":6.0,"key":"Eternal Feather"},{"floor":9.0,"key":"Art of War"},{"floor":13.0,"key":"Darkstone Periapt"},{"floor":14.0,"key":"Smiling Mask"}],"event_choices":[{"cards_removed":["Defend_R"],"damage_healed":0.0,"max_hp_gain":0.0,"max_hp_loss":0.0,"gold_gain":0.0,"event_name":"Golden Wing","player_choice":"Card Removal","floor":3.0,"gold_loss":0.0,"damage_taken":7.0},{"damage_healed":0.0,"max_hp_gain":5.0,"max_hp_loss":0.0,"gold_gain":0.0,"event_name":"Big Fish","player_choice":"Donut","floor":11.0,"gold_loss":0.0,"damage_taken":0.0},{"damage_healed":0.0,"max_hp_gain":0.0,"max_hp_loss":0.0,"gold_gain":30.0,"event_name":"Dead Adventurer","player_choice":"Searched \u00272\u0027 times","floor":13.0,"gold_loss":0.0,"damage_taken":0.0},{"damage_healed":0,"gold_gain":0,"cards_transformed":["Strike_R","Strike_R"],"player_choice":"Became Test Subject","damage_taken":0,"max_hp_gain":0,"max_hp_loss":0,"event_name":"Drug Dealer","floor":19,"gold_loss":0,"cards_obtained":["Heavy Blade","Rage"]},{"cards_removed":["Strike_R"],"damage_healed":0,"gold_gain":0,"player_choice":"Gave Gold","damage_taken":0,"max_hp_gain":0,"max_hp_loss":0,"event_name":"Beggar","floor":21,"gold_loss":75}],"is_beta":false,"boss_relics":[{"not_picked":["SacredBark","Black Star"],"picked":"Philosopher\u0027s Stone"}],"items_purged_floors":[5],"is_endless":false,"potions_floor_spawned":[8,14,16,18],"killed_by":"Gremlin Leader","ascension_level":15}}