{"host":"dnd25fcf5l5puhl9","time":1610205863,"event":{"mods":["AchievementEnabler","Act Like it!","BaseMod","BetterRewards","Colored Map","Colored Powertips","Downfall","Gensokyo","Hermit","Hubris","Infinite Spire","Lobotomy","Minty Spire (QoL Compilation)","Replay The Spire","Shop Mod","StSLib","SuperFastMode","The Cursed","The Disciple","The Jungle"],"gold_per_floor":[110,110,127,137,150,150,102,129,155,84,84,84],"floor_reached":11,"playtime":703,"items_purged":[],"score":88,"play_id":"3cedfb29-21c4-4362-ae2f-3cb11f0e307d","local_time":"20210109132423","is_ascension_mode":true,"campfire_choices":[{"floor":6,"key":"REST"}],"circlet_count":0,"master_deck":["Strike_P","Strike_P","Strike_P","Strike_P","Defend_P","Defend_P","Defend_P","Eruption","Vigilance","Finesse","Pray","FollowUp","Weave","Wireheading","Prostrate","Pot Of Greed","Pot Of Greed","Crescendo","Nirvana"],"relics":["PureWater","Grinning Jar","Orichalcum"],"acts_visited":["Exordium"],"potions_floor_usage":[8],"damage_taken":[{"damage":4,"enemies":"Small Slimes","floor":1,"turns":3},{"damage":3,"enemies":"Cultist","floor":3,"turns":4},{"damage":0,"enemies":"2 Louse","floor":4,"turns":1},{"damage":28,"enemies":"Large Slime","floor":5,"turns":10},{"damage":38,"enemies":"Gremlin Nob","floor":8,"turns":5},{"damage":23,"enemies":"Lagavulin","floor":11,"turns":7}],"seed_played":"-5415660654917133432","potions_obtained":[{"floor":4,"key":"sneckomod:MuddlingPotion"}],"is_trial":false,"path_per_floor":["M","?","M","M","M","R","$","E","T","$","E"],"character_chosen":"WATCHER","items_purchased":["Finesse","Prostrate","Nirvana"],"campfire_rested":1,"item_purchase_floors":[0,7,10],"current_hp_per_floor":[68,68,65,65,37,58,58,20,20,20,0,0],"gold":84,"neow_bonus":"","is_daily":false,"chose_seed":false,"campfire_upgraded":0,"win_rate":0.0,"timestamp":1610205863,"path_taken":["M","?","M","?","M","R","$","E","T","$","E"],"items_purchased_type":["Card","Card","Card"],"build_version":"2020-12-22","purchased_purges":0,"victory":false,"max_hp_per_floor":[72,72,72,72,72,72,72,72,72,72,72,72],"card_choices":[{"not_picked":["CrushJoints","Adaptation"],"picked":"Pray","floor":1},{"not_picked":["Replay:DivineShield","BowlingBash"],"picked":"FollowUp","floor":3},{"not_picked":["WindmillStrike","Vengeance"],"picked":"Weave","floor":4},{"not_picked":["CrushJoints","Consecrate"],"picked":"Wireheading","floor":5},{"not_picked":["Replay:ManipulateFuture","EmptyBody"],"picked":"Crescendo","floor":8}],"player_experience":562337,"relics_obtained":[{"floor":8,"key":"Grinning Jar"},{"floor":9,"key":"Orichalcum"}],"event_choices":[{"cards_removed":["Defend_P"],"damage_healed":0,"gold_gain":0,"player_choice":"Purged","damage_taken":0,"max_hp_gain":0,"max_hp_loss":0,"event_name":"Purifier","floor":2,"gold_loss":0}],"is_beta":false,"boss_relics":[],"items_purged_floors":[],"is_endless":false,"potions_floor_spawned":[4],"killed_by":"Lagavulin","ascension_level":4}}