{"host":"ig7tc0uedzltt2sr","time":1610234314,"event":{"mods":["BaseMod","Better Twitch Integration","Block Reminder","Colored Map","Colored Powertips","Communication Mod","Current Relic Mod","GifTheSpireLib","HexUI Lib","Minty Spire (QoL Compilation)","Quick Restart","Random Character Button","Rare Cards Sparkle","Relic Sorter","Relic Stats","Slay the Relics Exporter","StSLib","SuperFastMode","Synergy Search","Twitch Decklist","Twitch Utils","everything is the same but u backflip on backflip","slay the spire mod where everything is the same but ironclad has a cowboy hat"],"gold_per_floor":[116,116,116,85,85,85,103,103,130,130,130,150,218,268,268,268,268],"floor_reached":16,"playtime":90,"items_purged":[],"score":88,"play_id":"dabbcb84-44f4-4559-a5f9-3b77d1e4bf71","local_time":"20210109151834","is_ascension_mode":false,"campfire_choices":[{"data":"Defend_R","floor":6,"key":"SMITH"},{"floor":11,"key":"RECALL"},{"data":"Dark Embrace","floor":15,"key":"SMITH"}],"circlet_count":0,"master_deck":["Strike_R","Strike_R","Strike_R","Strike_R","Defend_R+1","Defend_R","Defend_R","Defend_R","Bash","Pummel","Injury","Metallicize","Reckless Charge","Dark Embrace+1"],"relics":["Burning Blood","Golden Idol","SsserpentHead","Nunchaku"],"acts_visited":["Exordium"],"potions_floor_usage":[],"damage_taken":[{"damage":10,"enemies":"2 Louse","floor":1,"turns":6},{"damage":15,"enemies":"Jaw Worm","floor":7,"turns":8},{"damage":10,"enemies":"Small Slimes","floor":12,"turns":7},{"damage":7,"enemies":"3 Louse","floor":13,"turns":6},{"damage":76,"enemies":"Slime Boss","floor":16,"turns":11}],"seed_played":"-6705621550507424382","potions_obtained":[{"floor":12,"key":"LiquidMemories"}],"is_trial":false,"path_per_floor":["M","?","?","?","?","R","M","?","T","$","R","M","M","$","R","B"],"character_chosen":"IRONCLAD","items_purchased":[],"campfire_rested":0,"item_purchase_floors":[],"current_hp_per_floor":[84,84,84,84,84,84,75,75,75,75,75,71,70,70,70,0,0],"gold":268,"neow_bonus":"TEN_PERCENT_HP_BONUS","is_daily":false,"chose_seed":false,"campfire_upgraded":2,"win_rate":0.0,"timestamp":1610234314,"path_taken":["M","?","?","?","?","R","M","?","T","$","R","M","?","?","R","BOSS"],"items_purchased_type":[],"build_version":"2020-12-22","purchased_purges":0,"victory":false,"max_hp_per_floor":[88,88,88,88,88,88,88,88,88,88,88,88,88,88,88,88,88],"relic_stats":{"SsserpentHead":100,"Nunchaku":[3],"counters":[5,38],"Golden Idol":12,"obtain_stats":[{"SsserpentHead":8,"Nunchaku":9,"Golden Idol":2,"Burning Blood":0},{"SsserpentHead":2,"Nunchaku":2,"Golden Idol":1,"Burning Blood":0},{"SsserpentHead":14,"Nunchaku":14,"Golden Idol":6,"Burning Blood":0}],"Burning Blood":24},"card_choices":[{"not_picked":["True Grit","Pommel Strike"],"picked":"Pummel","floor":1},{"not_picked":["Shrug It Off","Body Slam"],"picked":"Metallicize","floor":7},{"not_picked":["Body Slam","Armaments"],"picked":"Reckless Charge","floor":12},{"not_picked":["Sword Boomerang","Burning Pact"],"picked":"Dark Embrace","floor":13}],"player_experience":1473986,"relics_obtained":[{"floor":9,"key":"Nunchaku"}],"event_choices":[{"damage_healed":0,"gold_gain":0,"player_choice":"Take Wound","damage_taken":0,"relics_obtained":["Golden Idol"],"max_hp_gain":0,"max_hp_loss":0,"event_name":"Golden Idol","floor":2,"gold_loss":0,"cards_obtained":["Injury"]},{"damage_healed":0,"gold_gain":0,"player_choice":"Fled","damage_taken":0,"max_hp_gain":0,"max_hp_loss":0,"event_name":"Scrap Ooze","floor":3,"gold_loss":0},{"damage_healed":0,"gold_gain":0,"player_choice":"Left Gold","damage_taken":0,"max_hp_gain":0,"max_hp_loss":0,"event_name":"World of Goop","floor":4,"gold_loss":31},{"cards_removed":["Strike_R"],"damage_healed":0,"gold_gain":0,"player_choice":"Forget","damage_taken":0,"max_hp_gain":0,"max_hp_loss":0,"event_name":"Living Wall","floor":5,"gold_loss":0},{"damage_healed":0,"gold_gain":0,"player_choice":"Trade","damage_taken":0,"relics_obtained":["SsserpentHead"],"max_hp_gain":0,"max_hp_loss":0,"event_name":"FaceTrader","floor":8,"gold_loss":0}],"is_beta":false,"boss_relics":[],"items_purged_floors":[],"is_endless":false,"potions_floor_spawned":[12],"killed_by":"Slime Boss","ascension_level":0}}