{"host":"2yqfi47fogfu1ic4","time":1610175530,"event":{"mods":["AchievementEnabler","BaseMod","Colored Map","Colored Powertips","Highlight Path","Minty Spire (QoL Compilation)","Permanent Neow","Relic Stats","StSLib"],"gold_per_floor":[118,131,149,74,74,74,105,120,147,107,2,2,2,31,31,105,105,121,121,21,21,21,21,41,41,123,157,170,4,54,73,73,150,150,165,185,185,185,185,185,185],"floor_reached":40,"playtime":2715,"items_purged":["Defend_G","Strike_G","Pain"],"score":899,"play_id":"aff30986-d3d1-4613-9476-a4dcae9281fe","local_time":"20210109075850","is_ascension_mode":true,"campfire_choices":[{"data":"All Out Attack","floor":6.0,"key":"SMITH"},{"data":"Accuracy","floor":13.0,"key":"SMITH"},{"data":"Blade Dance","floor":15.0,"key":"SMITH"},{"data":"Burst","floor":23.0,"key":"SMITH"},{"floor":32.0,"key":"REST"}],"circlet_count":0,"master_deck":["AscendersBane","Defend_G","Defend_G","Defend_G","Defend_G","Survivor","Neutralize","Deadly Poison","Blade Dance+1","All Out Attack+1","Dagger Spray","Blur","Accuracy+1","Poisoned Stab","Burst+1","CurseOfTheBell","PiercingWail","Choke+1","Bite+1","Bite+1","Bite+1","Bite+1","Leg Sweep","Slice+1","Catalyst","Leg Sweep","Burst","Calculated Gamble+1","Well Laid Plans"],"relics":["SlaversCollar","Potion Belt","Strawberry","Calling Bell","Juzu Bracelet","Molten Egg 2","Dead Branch","WarpedTongs","Pantograph","Bag of Preparation","Philosopher\u0027s Stone"],"acts_visited":["Exordium","TheCity","TheBeyond"],"potions_floor_usage":[],"damage_taken":[{"damage":13.0,"enemies":"Cultist","floor":1.0,"turns":6.0},{"damage":5.0,"enemies":"Small Slimes","floor":2.0,"turns":5.0},{"damage":1.0,"enemies":"2 Louse","floor":3.0,"turns":3.0},{"damage":26.0,"enemies":"Lagavulin","floor":7.0,"turns":6.0},{"damage":6.0,"enemies":"Exordium Thugs","floor":8.0,"turns":4.0},{"damage":0.0,"enemies":"Gremlin Nob","floor":14.0,"turns":3.0},{"damage":8.0,"enemies":"Slime Boss","floor":16.0,"turns":6.0},{"damage":11.0,"enemies":"Spheric Guardian","floor":18.0,"turns":5.0},{"damage":0.0,"enemies":"3 Byrds","floor":19.0,"turns":2.0},{"damage":13.0,"enemies":"Centurion and Healer","floor":24.0,"turns":5.0},{"damage":26.0,"enemies":"Book of Stabbing","floor":27.0,"turns":4.0},{"damage":26.0,"enemies":"Snecko","floor":28.0,"turns":10.0},{"damage":20.0,"enemies":"Shelled Parasite and Fungi","floor":31.0,"turns":8.0},{"damage":26.0,"enemies":"Automaton","floor":33.0,"turns":9.0},{"damage":18.0,"enemies":"Orb Walker","floor":35.0,"turns":3.0},{"damage":35.0,"enemies":"3 Darklings","floor":36.0,"turns":5.0},{"damage":73,"enemies":"Giant Head","floor":40,"turns":7}],"seed_played":"2999620553358781280","potions_obtained":[{"floor":3.0,"key":"SteroidPotion"},{"floor":7.0,"key":"Ancient Potion"},{"floor":8.0,"key":"Poison Potion"},{"floor":10.0,"key":"Explosive Potion"},{"floor":10.0,"key":"Fruit Juice"},{"floor":10.0,"key":"SmokeBomb"},{"floor":16.0,"key":"BlessingOfTheForge"},{"floor":21.0,"key":"BlessingOfTheForge"},{"floor":21.0,"key":"CunningPotion"},{"floor":24.0,"key":"CunningPotion"},{"floor":27.0,"key":"LiquidMemories"},{"floor":33.0,"key":"Dexterity Potion"}],"is_trial":false,"path_per_floor":["M","M","M","$","?","R","E","M","T","?","$","$","R","E","R","B",null,"M","M","$","?","?","R","M","?","T","E","M","$","?","M","R","B",null,"M","M","?","?","?","E"],"character_chosen":"THE_SILENT","items_purchased":["Accuracy","Poisoned Stab","Catalyst"],"campfire_rested":1,"item_purchase_floors":[11,11,29],"current_hp_per_floor":[46,41,40,40,40,40,14,8,8,13,13,13,13,22,22,16,63,54,56,56,56,56,56,45,45,45,28,20,20,20,12,35,61,74,63,40,40,40,40,0,0],"gold":185,"neow_bonus":"BOSS_RELIC","is_daily":false,"chose_seed":false,"campfire_upgraded":4,"win_rate":0.0,"timestamp":1610175530,"path_taken":["M","M","?","?","?","R","E","?","T","?","?","$","R","E","R","BOSS","M","M","?","?","?","R","M","?","T","E","M","$","?","M","R","BOSS","M","M","?","?","?","E"],"items_purchased_type":["Card","Card","Card"],"build_version":"2020-12-22","purchased_purges":3,"victory":false,"max_hp_per_floor":[66,66,66,66,66,66,66,66,66,71,71,71,71,78,78,78,78,78,78,78,78,78,78,78,78,78,78,78,78,78,78,78,78,78,78,78,78,78,74,74,74],"relic_stats":{"counters":[17,91],"Dead Branch":[104],"Pantograph":25,"Juzu Bracelet":3,"Bag of Preparation":[12],"obtain_stats":[{"Potion Belt":7,"Dead Branch":17,"Juzu Bracelet":17,"Bag of Preparation":27,"WarpedTongs":22,"Blood Vial":9,"Calling Bell":17,"SlaversCollar":0,"Strawberry":14,"Pantograph":26,"Molten Egg 2":17,"Philosopher\u0027s Stone":34,"Ring of the Snake":0},{"Potion Belt":4,"Dead Branch":7,"Juzu Bracelet":7,"Bag of Preparation":11,"WarpedTongs":9,"Blood Vial":5,"Calling Bell":7,"SlaversCollar":0,"Strawberry":6,"Pantograph":10,"Molten Egg 2":7,"Philosopher\u0027s Stone":14,"Ring of the Snake":0},{"Potion Belt":20,"Dead Branch":33,"Juzu Bracelet":33,"Bag of Preparation":49,"WarpedTongs":40,"Blood Vial":24,"Calling Bell":33,"SlaversCollar":0,"Strawberry":27,"Pantograph":45,"Molten Egg 2":33,"Philosopher\u0027s Stone":76,"Ring of the Snake":0}],"WarpedTongs":[51]},"card_choices":[{"not_picked":["Sucker Punch","Deflect"],"picked":"Deadly Poison","floor":1.0},{"not_picked":["Distraction","Flying Knee"],"picked":"Blade Dance","floor":2.0},{"not_picked":["Deflect","Slice"],"picked":"All Out Attack","floor":3.0},{"not_picked":["Well Laid Plans","A Thousand Cuts"],"picked":"Dagger Spray","floor":7.0},{"not_picked":["Prepared","Quick Slash"],"picked":"Blur","floor":8.0},{"not_picked":["Caltrops","Deflect","Unload"],"picked":"SKIP","floor":14.0},{"not_picked":["Envenom","Malaise"],"picked":"Burst","floor":16.0},{"not_picked":["Dagger Throw+1","Calculated Gamble"],"picked":"PiercingWail","floor":18.0},{"not_picked":["Deflect","Cloak And Dagger"],"picked":"Choke+1","floor":24.0},{"not_picked":["Dagger Spray+1","Skewer+1"],"picked":"Leg Sweep","floor":27.0},{"not_picked":["Prepared","Underhanded Strike+1"],"picked":"Slice+1","floor":28.0},{"not_picked":["Caltrops","Flechettes+1"],"picked":"Leg Sweep","floor":31.0},{"not_picked":["Storm of Steel","Unload+1"],"picked":"Burst","floor":33.0},{"not_picked":["Outmaneuver","Slice+1"],"picked":"Calculated Gamble+1","floor":35.0},{"not_picked":["Flying Knee+1","Poisoned Stab+1"],"picked":"Well Laid Plans","floor":36.0}],"player_experience":2127811,"relics_obtained":[{"floor":7.0,"key":"Potion Belt"},{"floor":9.0,"key":"Blood Vial"},{"floor":14.0,"key":"Strawberry"},{"floor":17.0,"key":"Juzu Bracelet"},{"floor":17.0,"key":"Molten Egg 2"},{"floor":17.0,"key":"Dead Branch"},{"floor":26.0,"key":"Pantograph"},{"floor":27.0,"key":"Bag of Preparation"}],"event_choices":[{"cards_removed":["Strike_G"],"damage_healed":0.0,"max_hp_gain":0.0,"max_hp_loss":0.0,"gold_gain":0.0,"event_name":"Bonfire Elementals","player_choice":"Offered Basic","floor":5.0,"gold_loss":0.0,"damage_taken":0.0},{"damage_healed":0.0,"max_hp_gain":0.0,"max_hp_loss":0.0,"gold_gain":0.0,"event_name":"The Woman in Blue","player_choice":"Bought 3 Potions","floor":10.0,"gold_loss":0.0,"damage_taken":0.0},{"damage_healed":0.0,"max_hp_gain":0.0,"max_hp_loss":0.0,"gold_gain":0.0,"event_name":"Lab","player_choice":"Got Potions","floor":21.0,"gold_loss":0.0,"damage_taken":0.0},{"damage_healed":0.0,"max_hp_gain":0.0,"max_hp_loss":0.0,"gold_gain":0.0,"event_name":"Accursed Blacksmith","player_choice":"Rummage","floor":22.0,"gold_loss":0.0,"damage_taken":0.0,"relics_obtained":["WarpedTongs"],"cards_obtained":["Pain"]},{"damage_healed":0.0,"max_hp_gain":0.0,"max_hp_loss":0.0,"gold_gain":0.0,"event_name":"Vampires","player_choice":"Became a vampire (Vial)","floor":25.0,"relics_lost":["Blood Vial"],"gold_loss":0.0,"damage_taken":0.0,"cards_obtained":["Bite","Bite","Bite","Bite","Bite"]},{"damage_healed":0.0,"max_hp_gain":0.0,"max_hp_loss":0.0,"gold_gain":50.0,"event_name":"Nest","player_choice":"Stole From Cult","floor":30.0,"gold_loss":0.0,"damage_taken":0.0},{"damage_healed":0.0,"max_hp_gain":0.0,"max_hp_loss":0.0,"gold_gain":0.0,"event_name":"SecretPortal","player_choice":"Ignored","floor":37.0,"gold_loss":0.0,"damage_taken":0.0},{"cards_removed":["Bite"],"damage_healed":0.0,"max_hp_gain":0.0,"max_hp_loss":0.0,"gold_gain":0.0,"event_name":"Falling","player_choice":"Removed Attack","floor":38.0,"gold_loss":0.0,"damage_taken":0.0},{"damage_healed":0.0,"max_hp_gain":0.0,"max_hp_loss":4.0,"gold_gain":0.0,"event_name":"Winding Halls","player_choice":"Max HP","floor":39.0,"gold_loss":0.0,"damage_taken":0.0}],"is_beta":false,"boss_relics":[{"not_picked":["Runic Pyramid","Busted Crown"],"picked":"Calling Bell"},{"not_picked":["Astrolabe","Sozu"],"picked":"Philosopher\u0027s Stone"}],"items_purged_floors":[4,20,29],"is_endless":false,"potions_floor_spawned":[3,7,8,16,19,24,27,33],"killed_by":"Giant Head","ascension_level":20}}