{"host":"3y2rtlgteqp2nuo3","time":1610195862,"event":{"mods":["2.2 Compatiblity","AchievementEnabler","BaseMod","Colored Map","DeckTracker","Highlight Path","Keyboard Shortcuts","Minty Spire (QoL Compilation)","Permanent Neow","Quick Restart","StSLib","SuperFastMode","everything is the same but u backflip on backflip"],"gold_per_floor":[117,42,42,60,70,70,90,90,90],"floor_reached":8,"playtime":170,"items_purged":["Strike_P"],"score":96,"play_id":"ab87f2cf-5793-4cb3-9035-056aa5a30119","local_time":"20210109213742","is_ascension_mode":true,"campfire_choices":[{"data":"Enlightenment","floor":6.0,"key":"SMITH"}],"circlet_count":0,"master_deck":["AscendersBane","Strike_P","Strike_P","Strike_P","Defend_P","Defend_P","Defend_P","Defend_P","Eruption+1","Vigilance","Enlightenment+1","EmptyFist"],"relics":["PureWater"],"acts_visited":["Exordium"],"potions_floor_usage":[],"damage_taken":[{"damage":5.0,"enemies":"2 Louse","floor":1.0,"turns":2.0},{"damage":7.0,"enemies":"Small Slimes","floor":4.0,"turns":3.0},{"damage":0.0,"enemies":"Cultist","floor":5.0,"turns":3.0},{"damage":11.0,"enemies":"Exordium Thugs","floor":7.0,"turns":5.0},{"damage":40,"enemies":"Gremlin Nob","floor":8,"turns":3}],"seed_played":"4484908907588659530","potions_obtained":[{"floor":4.0,"key":"BottledMiracle"}],"is_trial":false,"path_per_floor":["M","$","?","M","M","R","M","E"],"character_chosen":"WATCHER","items_purchased":[],"campfire_rested":0,"item_purchase_floors":[],"current_hp_per_floor":[56,56,56,49,49,49,38,0,0],"gold":90,"neow_bonus":"RANDOM_COLORLESS","is_daily":false,"chose_seed":false,"campfire_upgraded":1,"win_rate":0.0,"timestamp":1610195862,"path_taken":["M","$","?","M","M","R","M","E"],"items_purchased_type":[],"build_version":"2020-12-22","purchased_purges":1,"victory":false,"max_hp_per_floor":[68,68,68,68,68,68,68,68,68],"card_choices":[{"not_picked":["Impatience","Dramatic Entrance"],"picked":"Enlightenment","floor":0.0},{"not_picked":["Protect","CutThroughFate"],"picked":"EmptyFist","floor":1.0},{"not_picked":["LikeWater","Pray","Evaluate"],"picked":"SKIP","floor":4.0},{"not_picked":["EmptyBody","Devotion","ThirdEye"],"picked":"SKIP","floor":5.0},{"not_picked":["FlurryOfBlows","Crescendo","Study"],"picked":"SKIP","floor":7.0}],"player_experience":653183,"relics_obtained":[],"event_choices":[{"damage_healed":0.0,"max_hp_gain":0.0,"max_hp_loss":0.0,"gold_gain":0.0,"event_name":"Living Wall","player_choice":"Grow","floor":3.0,"gold_loss":0.0,"damage_taken":0.0,"cards_upgraded":["Eruption"]}],"is_beta":false,"boss_relics":[],"items_purged_floors":[2],"is_endless":false,"potions_floor_spawned":[4],"killed_by":"Gremlin Nob","ascension_level":20}}