{"host":"ixbvfs3so5a39bhe","time":1610187155,"event":{"mods":["BaseMod","Downfall","Minty Spire (QoL Compilation)","Quick Restart","StSLib"],"gold_per_floor":[117,117,67,342,27,27,57,71,119,119,132,132,32,60,60,164,164,181,193,205,42,42,42,77,77,154,164,164,180,195,229,229,332,332,342,354,368,67,80,105,105,137,137,154,166,41,76,94,94,94,94,94,16,48,48,48],"floor_reached":55,"playtime":4687,"items_purged":["Regret","Bash","Parasite"],"score":938,"play_id":"15cf5008-10ef-43b8-bfae-7b2f670b5300","local_time":"20210109181235","is_ascension_mode":true,"campfire_choices":[{"data":"Barricade","floor":6.0,"key":"SMITH"},{"floor":10.0,"key":"RECALL"},{"data":"Iron Wave","floor":12.0,"key":"SMITH"},{"data":"Defend_R","floor":15.0,"key":"SMITH"},{"data":"Impervious","floor":23.0,"key":"SMITH"},{"data":"Body Slam","floor":32.0,"key":"SMITH"},{"data":"Impervious","floor":41.0,"key":"SMITH"},{"floor":49.0,"key":"REST"},{"data":"Intimidate","floor":52.0,"key":"SMITH"}],"circlet_count":0,"master_deck":["Defend_R","Defend_R","Defend_R","Defend_R+1","Barricade+1","Iron Wave+1","Impervious+1","Sentinel+1","Uppercut+1","Cleave+1","Impervious+1","Exhume","Intimidate+1","Brutality+1","Body Slam+1","Burning Pact+1","Feed","Juggernaut+1","Metallicize+1"],"relics":["Burning Blood","Ornamental Fan","HornCleat","MealTicket","Oddly Smooth Stone","Charon\u0027s Ashes","Astrolabe","Frozen Egg 2","Matryoshka","Blue Candle","Busted Crown","Art of War","Potion Belt","Molten Egg 2","Bronze Scales","Lantern","Torii"],"acts_visited":["Exordium","TheCity","TheBeyond","TheEnding"],"potions_floor_usage":[55],"damage_taken":[{"damage":6.0,"enemies":"Cultist","floor":1.0,"turns":3.0},{"damage":39.0,"enemies":"Lagavulin","floor":7.0,"turns":11.0},{"damage":7.0,"enemies":"Jaw Worm","floor":8.0,"turns":5.0},{"damage":4.0,"enemies":"Small Slimes","floor":11.0,"turns":3.0},{"damage":4.0,"enemies":"3 Sentries","floor":14.0,"turns":12.0},{"damage":36.0,"enemies":"The Guardian","floor":16.0,"turns":20.0},{"damage":0.0,"enemies":"Chosen","floor":18.0,"turns":8.0},{"damage":6.0,"enemies":"Shell Parasite","floor":19.0,"turns":8.0},{"damage":10.0,"enemies":"Snake Plant","floor":20.0,"turns":5.0},{"damage":79.0,"enemies":"Slavers","floor":24.0,"turns":10.0},{"damage":0.0,"enemies":"Centurion and Healer","floor":27.0,"turns":17.0},{"damage":6.0,"enemies":"Snecko","floor":29.0,"turns":7.0},{"damage":5.0,"enemies":"3 Cultists","floor":30.0,"turns":6.0},{"damage":5.0,"enemies":"Gremlin Leader","floor":31.0,"turns":5.0},{"damage":22.0,"enemies":"Champ","floor":33.0,"turns":11.0},{"damage":2.0,"enemies":"Orb Walker","floor":35.0,"turns":3.0},{"damage":13.0,"enemies":"3 Darklings","floor":36.0,"turns":6.0},{"damage":16.0,"enemies":"Maw","floor":37.0,"turns":9.0},{"damage":15.0,"enemies":"Spire Growth","floor":39.0,"turns":4.0},{"damage":8.0,"enemies":"Nemesis","floor":40.0,"turns":9.0},{"damage":15.0,"enemies":"Giant Head","floor":42.0,"turns":7.0},{"damage":19.0,"enemies":"Writhing Mass","floor":44.0,"turns":6.0},{"damage":7.0,"enemies":"Maw","floor":45.0,"turns":8.0},{"damage":30.0,"enemies":"Reptomancer","floor":47.0,"turns":11.0},{"damage":23.0,"enemies":"Sphere and 2 Shapes","floor":48.0,"turns":5.0},{"damage":15.0,"enemies":"Awakened One","floor":50.0,"turns":8.0},{"damage":12.0,"enemies":"Shield and Spear","floor":54.0,"turns":7.0},{"damage":122,"enemies":"The Heart","floor":55,"turns":12}],"seed_played":"-2037367392103870738","potions_obtained":[{"floor":11.0,"key":"BloodPotion"},{"floor":14.0,"key":"Block Potion"},{"floor":24.0,"key":"DuplicationPotion"},{"floor":27.0,"key":"SkillPotion"},{"floor":30.0,"key":"FearPotion"},{"floor":31.0,"key":"Block Potion"},{"floor":40.0,"key":"LiquidMemories"},{"floor":42.0,"key":"SmokeBomb"},{"floor":48.0,"key":"EssenceOfSteel"}],"is_trial":false,"path_per_floor":["M","?","?","?","$","R","E","M","T","R","M","R","$","E","R","B",null,"M","M","M","$","?","R","E","$","T","M","?","M","M","E","R","B",null,"M","M","M","$","M","E","R","E","T","M","M","$","E","M","R","B",null,"R","$","E","B"],"character_chosen":"IRONCLAD","items_purchased":["HornCleat","Impervious","Juggernaut+1","Art of War","EssenceOfSteel"],"campfire_rested":1,"item_purchase_floors":[5,21,38,38,53],"current_hp_per_floor":[56,56,56,56,56,56,23,22,22,22,24,24,39,41,41,11,80,80,80,76,80,80,80,23,38,38,44,44,44,45,46,46,30,80,83,76,69,84,78,76,76,67,67,57,56,71,47,33,60,54,95,95,95,89,0,0],"gold":48,"neow_bonus":"THREE_RARE_CARDS","is_daily":false,"chose_seed":false,"campfire_upgraded":7,"win_rate":0.0,"timestamp":1610187155,"path_taken":["M","?","?","?","$","R","E","M","T","R","M","R","$","E","R","BOSS","M","?","M","$","?","R","E","?","T","?","?","M","M","E","R","BOSS","M","M","?","$","M","E","R","E","T","M","M","$","E","M","R","BOSS","R","$","E","BOSS"],"items_purchased_type":["Relic","Card","Card","Relic","Potion"],"build_version":"2020-12-22","purchased_purges":3,"victory":false,"max_hp_per_floor":[80,80,80,80,80,80,80,80,80,80,80,80,80,80,80,80,80,80,80,80,80,80,80,80,80,80,80,80,80,80,80,80,80,80,83,83,86,86,89,89,89,89,89,92,92,89,89,92,92,95,95,95,95,95,95,95],"card_choices":[{"not_picked":["Bludgeon","Limit Break"],"picked":"Barricade","floor":0.0},{"not_picked":["Intimidate","Spot Weakness"],"picked":"Iron Wave","floor":1.0},{"not_picked":["Heavy Blade","Warcry","Clothesline"],"picked":"SKIP","floor":7.0},{"not_picked":["Clothesline","Warcry","Reckless Charge"],"picked":"SKIP","floor":8.0},{"not_picked":["Disarm","Warcry","Clothesline"],"picked":"SKIP","floor":11.0},{"not_picked":["Shrug It Off","Havoc","Clash"],"picked":"SKIP","floor":14.0},{"not_picked":["Fiend Fire","Double Tap"],"picked":"Impervious","floor":16.0},{"not_picked":["Clothesline","Clash+1"],"picked":"Cleave+1","floor":18.0},{"not_picked":["Cleave","Shockwave","Wild Strike"],"picked":"SKIP","floor":19.0},{"not_picked":["Combust+1","Searing Blow","Clash"],"picked":"SKIP","floor":20.0},{"not_picked":["Sword Boomerang","Clash","Pommel Strike+1"],"picked":"SKIP","floor":24.0},{"not_picked":["Perfected Strike+1","Sentinel+1","Ghostly Armor"],"picked":"SKIP","floor":27.0},{"not_picked":["Warcry","Dark Embrace+1"],"picked":"Body Slam","floor":29.0},{"not_picked":["Clash+1","Thunderclap"],"picked":"Burning Pact+1","floor":30.0},{"not_picked":["Armaments","Flex","Headbutt+1"],"picked":"SKIP","floor":31.0},{"not_picked":["Offering","Immolate"],"picked":"Feed","floor":33.0},{"not_picked":["Combust+1"],"picked":"SKIP","floor":35.0},{"not_picked":["Bloodletting+1"],"picked":"SKIP","floor":36.0},{"not_picked":["Pommel Strike"],"picked":"SKIP","floor":37.0},{"not_picked":["Hemokinesis+1"],"picked":"SKIP","floor":39.0},{"not_picked":["Rampage"],"picked":"SKIP","floor":40.0},{"not_picked":["Bloodletting+1"],"picked":"SKIP","floor":42.0},{"not_picked":[],"picked":"Metallicize+1","floor":44.0},{"not_picked":["Twin Strike+1"],"picked":"SKIP","floor":45.0},{"not_picked":["Uppercut+1"],"picked":"SKIP","floor":47.0},{"not_picked":["Whirlwind+1"],"picked":"SKIP","floor":48.0},{"not_picked":["Reckless Charge+1"],"picked":"SKIP","floor":54.0}],"player_experience":154367,"relics_obtained":[{"floor":7.0,"key":"MealTicket"},{"floor":9.0,"key":"Oddly Smooth Stone"},{"floor":14.0,"key":"Charon\u0027s Ashes"},{"floor":24.0,"key":"Frozen Egg 2"},{"floor":26.0,"key":"Matryoshka"},{"floor":31.0,"key":"Blue Candle"},{"floor":40.0,"key":"Potion Belt"},{"floor":42.0,"key":"Molten Egg 2"},{"floor":43.0,"key":"Bronze Scales"},{"floor":47.0,"key":"Lantern"},{"floor":54.0,"key":"Torii"}],"event_choices":[{"damage_healed":0.0,"max_hp_gain":0.0,"max_hp_loss":0.0,"gold_gain":0.0,"event_name":"Big Fish","player_choice":"Box","floor":2.0,"gold_loss":0.0,"damage_taken":0.0,"relics_obtained":["Ornamental Fan"],"cards_obtained":["Regret"]},{"cards_removed":["Regret"],"damage_healed":0.0,"max_hp_gain":0.0,"max_hp_loss":0.0,"gold_gain":0.0,"event_name":"The Cleric","player_choice":"Card Removal","floor":3.0,"gold_loss":50.0,"damage_taken":0.0},{"damage_healed":0.0,"max_hp_gain":0.0,"max_hp_loss":0.0,"gold_gain":275.0,"event_name":"Golden Shrine","player_choice":"Desecrate","floor":4.0,"gold_loss":0.0,"damage_taken":0.0,"cards_obtained":["Regret"]},{"damage_healed":0.0,"max_hp_gain":0.0,"max_hp_loss":0.0,"gold_gain":0.0,"cards_transformed":["Strike_R","Strike_R"],"event_name":"Drug Dealer","player_choice":"Became Test Subject","floor":22.0,"gold_loss":0.0,"damage_taken":0.0,"cards_obtained":["Exhume","Intimidate"]},{"damage_healed":0.0,"max_hp_gain":0.0,"max_hp_loss":0.0,"gold_gain":0.0,"cards_transformed":["Clash"],"event_name":"Transmorgrifier","player_choice":"Transformed","floor":28.0,"gold_loss":0.0,"damage_taken":0.0,"cards_obtained":["Brutality"]}],"is_beta":false,"boss_relics":[{"not_picked":["SacredBark","Calling Bell"],"picked":"Astrolabe"},{"not_picked":["Fusion Hammer","Runic Dome"],"picked":"Busted Crown"}],"items_purged_floors":[5,13,46],"is_endless":false,"potions_floor_spawned":[11,14,24,27,30,31,40,42,48],"killed_by":"The Heart","ascension_level":2}}