{"host":"fjaupvxe7fzqrf4j","time":1610191422,"event":{"mods":["ATMod(°¢èªMod)","BaseMod","Minty Spire (QoL Compilation)","StSLib"],"gold_per_floor":[109,109,109,125,125,163,163,198,198,198,237,280,316,241,241,337,337,360,360,192,192,192,227,262,297,297,340,353,353,486,630,630,823,823,837,633,1632,1153,632,771,1215,1354,1404,1547,1682,1815,1950,1950,1950,2150,2350,2350,2350,2114,2355,2455],"floor_reached":57,"playtime":1374,"items_purged":["FollowUp","Normality","Normality"],"score":4675,"play_id":"1d259f7e-d5e6-44ae-af69-698ea0648bb2","local_time":"20210109192342","daily_mods":["SealedDeck","Heirloom","Time Dilation","Flight","Elite Swarm"],"is_ascension_mode":true,"campfire_choices":[{"data":"Ragnarok","floor":7.0,"key":"SMITH"},{"data":"Scrawl","floor":10.0,"key":"SMITH"},{"data":"Scrawl","floor":15.0,"key":"SMITH"},{"data":"1","floor":32.0,"key":"LIFT"},{"floor":49,"key":"RECALL"},{"data":"2","floor":53,"key":"LIFT"}],"circlet_count":0,"master_deck":["AscendersBane","Wallop+1","Prostrate+1","Halt+1","Crescendo+1","ClearTheMind+1","Crescendo+1","EmptyMind+1","Consecrate+1","Ragnarok+1","Scrawl+1","LessonLearned+1","Scrawl+1","Brilliance+1","Blasphemy+1","AT_ChampionStep+1","DeusExMachina+1","Tantrum+1","InnerPeace","AT_ChampionStep+1","FearNoEvil+1","MentalFortress+1","Purity"],"relics":["PureWater","AT_ATBox","FossilizedHelix","Golden Idol","Bottled Lightning","Dream Catcher","TungstenRod","Regal Pillow","Art of War","Runic Pyramid","TheAbacus","Lantern","AT_GoldPhoenixTree","Vajra","Kunai","AT_BellDemon","AT_TheCollector","Nunchaku","Girya","Pen Nib","Tiny Chest","Bag of Preparation","Busted Crown","Akabeko","Membership Card","Bag of Marbles","Ornamental Fan","AT_ImmortalShieldbow","HandDrill","Thread and Needle","Mango","Bottled Tornado","Old Coin","Oddly Smooth Stone","Meat on the Bone","CloakClasp","AT_ArchangelStaff","Yang","CeramicFish","AT_BellowingDragoncrestRing","Calipers","AT_DeathDance","Gambling Chip","Omamori","MealTicket","AT_SunfireAegis","Strange Spoon","TeardropLocket","Bronze Scales"],"acts_visited":["Exordium","TheCity","TheBeyond","TheEnding"],"potions_floor_usage":[56,56],"damage_taken":[{"damage":0.0,"enemies":"2 Louse","floor":1.0,"turns":2.0},{"damage":0.0,"enemies":"Jaw Worm","floor":4.0,"turns":2.0},{"damage":0.0,"enemies":"Lagavulin","floor":6.0,"turns":4.0},{"damage":0.0,"enemies":"Gremlin Nob","floor":8.0,"turns":1.0},{"damage":0.0,"enemies":"Lagavulin","floor":11.0,"turns":2.0},{"damage":0.0,"enemies":"Gremlin Nob","floor":12.0,"turns":3.0},{"damage":0.0,"enemies":"Lagavulin","floor":13.0,"turns":1.0},{"damage":0.0,"enemies":"Slime Boss","floor":16.0,"turns":3.0},{"damage":0.0,"enemies":"3 Byrds","floor":18.0,"turns":2.0},{"damage":6.0,"enemies":"Book of Stabbing","floor":23.0,"turns":2.0},{"damage":0.0,"enemies":"Gremlin Leader","floor":24.0,"turns":2.0},{"damage":0.0,"enemies":"Book of Stabbing","floor":25.0,"turns":1.0},{"damage":0.0,"enemies":"Gremlin Leader","floor":27.0,"turns":1.0},{"damage":0.0,"enemies":"Chosen","floor":28.0,"turns":1.0},{"damage":0.0,"enemies":"Slavers","floor":30.0,"turns":1.0},{"damage":0.0,"enemies":"Gremlin Leader","floor":31.0,"turns":1.0},{"damage":0.0,"enemies":"Collector","floor":33.0,"turns":1.0},{"damage":0.0,"enemies":"3 Darklings","floor":35.0,"turns":1.0},{"damage":0,"enemies":"Nemesis","floor":40,"turns":1},{"damage":0,"enemies":"Reptomancer","floor":41,"turns":1},{"damage":0,"enemies":"Giant Head","floor":42,"turns":1},{"damage":0,"enemies":"Reptomancer","floor":44,"turns":1},{"damage":0,"enemies":"Giant Head","floor":45,"turns":1},{"damage":0,"enemies":"Reptomancer","floor":46,"turns":1},{"damage":0,"enemies":"Giant Head","floor":47,"turns":1},{"damage":0,"enemies":"Awakened One","floor":50,"turns":2},{"damage":0,"enemies":"Donu and Deca","floor":51,"turns":1},{"damage":0,"enemies":"Shield and Spear","floor":55,"turns":1},{"damage":0,"enemies":"The Heart","floor":56,"turns":4}],"seed_played":"169105142932603777","potions_obtained":[{"floor":1.0,"key":"Energy Potion"},{"floor":6.0,"key":"EssenceOfSteel"}],"is_trial":true,"path_per_floor":["M","?","?","M","$","E","R","E","T","R","E","E","E","?","R","B",null,"M","?","$","$","?","E","E","E","T","E","M","?","E","E","R","B",null,"M","$","?","$","$","E","E","E","T","E","E","E","E","?","R","B","B",null,"R","$","E","B",null],"character_chosen":"WATCHER","items_purchased":["TheAbacus","Tantrum","InnerPeace","Membership Card","Bag of Marbles","AT_ChampionStep","Ornamental Fan","FearNoEvil","AT_ImmortalShieldbow","HandDrill","Thread and Needle","PowerPotion","AT_SunfireAegis","Strange Spoon","MentalFortress","Purity"],"campfire_rested":0,"item_purchase_floors":[20,36,36,38,38,38,38,39,39,39,39,39,54,54,54,54],"current_hp_per_floor":[61,38,38,38,38,38,38,38,38,38,38,38,38,38,38,38,61,61,61,61,61,61,55,55,55,55,55,55,55,55,55,55,55,65,65,65,65,65,65,79,79,79,79,79,79,79,79,78,78,78,78,78,78,78,78,78],"gold":2455,"neow_bonus":"","is_daily":false,"chose_seed":false,"campfire_upgraded":3,"win_rate":0.0,"timestamp":1610191422,"path_taken":["M","?","?","?","?","E","R","E","T","R","E","E","E","?","R","BOSS","M","?","$","$","?","E","E","E","T","E","?","?","E","E","R","BOSS","M","$","?","$","$","E","E","E","T","E","E","E","E","?","R","BOSS","BOSS","R","$","E","BOSS"],"items_purchased_type":["Relic","Card","Card","Relic","Relic","Card","Relic","Card","Relic","Relic","Relic","Potion","Relic","Relic","Card","Card"],"build_version":"2020-12-22","purchased_purges":3,"victory":true,"max_hp_per_floor":[68,68,68,68,68,68,68,68,68,68,68,68,68,68,68,68,68,68,68,68,68,68,68,68,68,68,68,68,68,68,68,68,68,68,68,68,68,68,68,82,82,82,82,82,82,82,82,78,78,78,78,78,78,78,78,78],"card_choices":[{"not_picked":["ThirdEye","Protect","Crescendo"],"picked":"SKIP","floor":1.0},{"not_picked":["CrushJoints","SignatureMove"],"picked":"Consecrate","floor":4.0},{"not_picked":["Blasphemy","Alpha"],"picked":"Ragnarok","floor":6.0},{"not_picked":["MasterReality","Wish"],"picked":"Scrawl","floor":8.0},{"not_picked":["Blasphemy","Scrawl"],"picked":"LessonLearned","floor":11.0},{"not_picked":["AT_RealColorLess","AT_ChampionKick"],"picked":"Scrawl","floor":12.0},{"not_picked":["Omniscience","Judgement"],"picked":"Brilliance","floor":13.0},{"not_picked":["Judgement","ConjureBlade"],"picked":"Blasphemy","floor":16.0},{"not_picked":["CutThroughFate+1","EmptyFist","Crescendo"],"picked":"SKIP","floor":18.0},{"not_picked":["Wish","Scrawl","Omniscience"],"picked":"SKIP","floor":23.0},{"not_picked":["Ragnarok","Judgement","Wish"],"picked":"SKIP","floor":24.0},{"not_picked":["Establishment","DevaForm"],"picked":"DeusExMachina","floor":25.0},{"not_picked":["Wish","AT_MachinaRedman","ConjureBlade"],"picked":"SKIP","floor":27.0},{"not_picked":["SashWhip+1","Protect","BowlingBash"],"picked":"SKIP","floor":28.0},{"not_picked":["Alpha","SpiritShield","AT_IrregularMenstruation"],"picked":"SKIP","floor":30.0},{"not_picked":["LessonLearned","ConjureBlade","MasterReality"],"picked":"SKIP","floor":31.0},{"not_picked":["CarveReality+1"],"picked":"SKIP","floor":35.0},{"not_picked":["AT_RealColorLess"],"picked":"SKIP","floor":40},{"not_picked":["AT_ChampionKick"],"picked":"SKIP","floor":41},{"not_picked":["Ragnarok"],"picked":"SKIP","floor":42},{"not_picked":["AT_IrregularMenstruation"],"picked":"SKIP","floor":44},{"not_picked":["Ragnarok"],"picked":"SKIP","floor":45},{"not_picked":["Wish"],"picked":"SKIP","floor":46},{"not_picked":["DeusExMachina"],"picked":"SKIP","floor":47},{"not_picked":["Brilliance"],"picked":"SKIP","floor":55}],"player_experience":376474,"relics_obtained":[{"floor":6.0,"key":"Bottled Lightning"},{"floor":8.0,"key":"Dream Catcher"},{"floor":11.0,"key":"TungstenRod"},{"floor":12.0,"key":"Regal Pillow"},{"floor":13.0,"key":"Art of War"},{"floor":23.0,"key":"Lantern"},{"floor":24.0,"key":"AT_GoldPhoenixTree"},{"floor":25.0,"key":"Vajra"},{"floor":26.0,"key":"Kunai"},{"floor":27.0,"key":"AT_BellDemon"},{"floor":28.0,"key":"AT_TheCollector"},{"floor":30.0,"key":"Nunchaku"},{"floor":30.0,"key":"Girya"},{"floor":31.0,"key":"Pen Nib"},{"floor":31.0,"key":"Tiny Chest"},{"floor":33.0,"key":"Bag of Preparation"},{"floor":35.0,"key":"Akabeko"},{"floor":40,"key":"Mango"},{"floor":40,"key":"Bottled Tornado"},{"floor":41,"key":"Old Coin"},{"floor":41,"key":"Oddly Smooth Stone"},{"floor":42,"key":"Meat on the Bone"},{"floor":42,"key":"CloakClasp"},{"floor":43,"key":"AT_ArchangelStaff"},{"floor":44,"key":"Yang"},{"floor":44,"key":"CeramicFish"},{"floor":45,"key":"AT_BellowingDragoncrestRing"},{"floor":45,"key":"Calipers"},{"floor":46,"key":"AT_DeathDance"},{"floor":46,"key":"Gambling Chip"},{"floor":47,"key":"Omamori"},{"floor":47,"key":"MealTicket"},{"floor":55,"key":"TeardropLocket"},{"floor":55,"key":"Bronze Scales"}],"event_choices":[{"damage_healed":0.0,"max_hp_gain":0.0,"max_hp_loss":0.0,"gold_gain":0.0,"event_name":"Golden Idol","player_choice":"Take Damage","floor":2.0,"gold_loss":0.0,"damage_taken":23.0,"relics_obtained":["Golden Idol"]},{"damage_healed":0.0,"max_hp_gain":0.0,"max_hp_loss":0.0,"gold_gain":0.0,"event_name":"Transmorgrifier","player_choice":"Ignored","floor":3.0,"gold_loss":0.0,"damage_taken":0.0},{"cards_removed":["SignatureMove"],"damage_healed":0.0,"max_hp_gain":0.0,"max_hp_loss":0.0,"gold_gain":0.0,"event_name":"The Cleric","player_choice":"Card Removal","floor":14.0,"gold_loss":75.0,"damage_taken":0.0},{"damage_healed":0.0,"max_hp_gain":0.0,"max_hp_loss":0.0,"gold_gain":0.0,"event_name":"Vampires","player_choice":"Ignored","floor":19.0,"gold_loss":0.0,"damage_taken":0.0},{"damage_healed":0.0,"max_hp_gain":0.0,"max_hp_loss":0.0,"gold_gain":0.0,"cards_transformed":["Vengeance"],"event_name":"Transmorgrifier","player_choice":"Transformed","floor":22.0,"gold_loss":0.0,"damage_taken":0.0,"cards_obtained":["AT_ChampionStep"]},{"damage_healed":0.0,"max_hp_gain":0.0,"max_hp_loss":0.0,"gold_gain":0.0,"event_name":"Ghosts","player_choice":"Ignored","floor":29.0,"gold_loss":0.0,"damage_taken":0.0},{"damage_healed":0.0,"max_hp_gain":0.0,"max_hp_loss":0.0,"gold_gain":999.0,"event_name":"MindBloom","player_choice":"Gold","floor":37.0,"gold_loss":0.0,"damage_taken":0.0,"cards_obtained":["Normality","Normality"]},{"damage_healed":0,"gold_gain":0,"player_choice":"Max HP","damage_taken":0,"max_hp_gain":0,"max_hp_loss":4,"event_name":"Winding Halls","floor":48,"gold_loss":0}],"is_beta":false,"boss_relics":[{"not_picked":["Runic Dome","Empty Cage"],"picked":"Runic Pyramid"},{"not_picked":["Sozu","Tiny House"],"picked":"Busted Crown"}],"items_purged_floors":[36,38,39],"is_endless":false,"potions_floor_spawned":[1,6,8,23,25,30,35,45,46,47],"ascension_level":20}}