{"host":"ha6p5pdchuduffeg","time":1610205214,"event":{"mods":["Act Like it!","BaseMod","Gensokyo","KinomotoSakuraMod(ƒæ÷Æ±æ”£)","Koishi","Marisa£®ÏF”Í°°ƒß¿Ì…≥£©","Minty Spire (QoL Compilation)","Reimu£®≤©¿ˆ¡È√Œ£©","Remilia£®¿Ÿ√◊¿Ú—«£©","Replay The Spire","StSLib","The Servant 0.9.4","Youmu£®ªÍ∆«—˝√Œ£©"],"gold_per_floor":[114,131,131,151,151,151,186,186,186,206,220,235,248,248,248,346,346,357,317,337,337,350,350,350,350,374,374,393,409,427,440,440,543,543,553,254,254,254,110,110,110,110],"floor_reached":41,"playtime":1461,"items_purged":[],"score":415,"play_id":"f8429767-4e50-4a54-91c9-136c0363886c","local_time":"20210109231334","is_ascension_mode":false,"campfire_choices":[{"data":"Eruption","floor":6.0,"key":"SMITH"},{"floor":24.0,"key":"REST"},{"data":"DeusExMachina","floor":27.0,"key":"SMITH"},{"floor":32.0,"key":"REST"},{"data":"Madness","floor":40.0,"key":"SMITH"}],"circlet_count":0,"master_deck":["Strike_P","Strike_P","Strike_P","Defend_P","Defend_P","Defend_P","Eruption+1","Vigilance","EmptyFist","WheelKick+1","FlurryOfBlows","EmptyBody","DeusExMachina+1","ForeignInfluence","Steam","DeusExMachina+1","Consecrate+1","EmptyFist+1","Worship","Omniscience+1","Madness+1"],"relics":["PureWater","NeowsBlessing","Lizard Tail","White Beast Statue","Eternal Feather","ZunR:ReiMu","Potion Belt","VioletLotus","Guide Book","ReplayFunnel","Boot"],"acts_visited":["Exordium","TheCity","TheBeyond"],"potions_floor_usage":[41],"damage_taken":[{"damage":0.0,"enemies":"Small Slimes","floor":1.0,"turns":1.0},{"damage":0.0,"enemies":"Cultist","floor":2.0,"turns":1.0},{"damage":0.0,"enemies":"2 Louse","floor":4.0,"turns":1.0},{"damage":10.0,"enemies":"Gremlin Nob","floor":7.0,"turns":4.0},{"damage":16.0,"enemies":"Exordium Wildlife","floor":10.0,"turns":4.0},{"damage":12.0,"enemies":"Exordium Thugs","floor":11.0,"turns":3.0},{"damage":0.0,"enemies":"Lots of Slimes","floor":12.0,"turns":1.0},{"damage":0.0,"enemies":"2 Fungi Beasts","floor":13.0,"turns":3.0},{"damage":56.0,"enemies":"The Guardian","floor":16.0,"turns":12.0},{"damage":15.0,"enemies":"3 Byrds","floor":18.0,"turns":5.0},{"damage":14.0,"enemies":"Chosen","floor":20.0,"turns":5.0},{"damage":29.0,"enemies":"Snake Plant","floor":22.0,"turns":5.0},{"damage":7.0,"enemies":"Gremlin Leader","floor":25.0,"turns":3.0},{"damage":6.0,"enemies":"Centurion and Healer","floor":28.0,"turns":8.0},{"damage":20.0,"enemies":"Snecko","floor":29.0,"turns":5.0},{"damage":5.0,"enemies":"Sentry and Sphere","floor":30.0,"turns":3.0},{"damage":18.0,"enemies":"Snake Plant","floor":31.0,"turns":4.0},{"damage":22.0,"enemies":"Automaton","floor":33.0,"turns":5.0},{"damage":0.0,"enemies":"Orb Walker","floor":35.0,"turns":1.0},{"damage":127,"enemies":"Reptomancer","floor":41,"turns":8}],"seed_played":"-3676146103340392274","potions_obtained":[{"floor":1.0,"key":"ZuzhouPotion:ReiMu"},{"floor":2.0,"key":"AttackPotion"},{"floor":10.0,"key":"Explosive Potion"},{"floor":12.0,"key":"BottledMiracle"},{"floor":13.0,"key":"Ambrosia"},{"floor":16.0,"key":"Strength Potion"},{"floor":20.0,"key":"SmokeBomb"},{"floor":28.0,"key":"Energy Potion"},{"floor":29.0,"key":"Block Potion"},{"floor":30.0,"key":"EssenceOfSteel"},{"floor":33.0,"key":"SteroidPotion"},{"floor":35.0,"key":"FearPotion"}],"is_trial":false,"path_per_floor":["M","M","?","M","?","R","E","T","T","M","M","M","M","?","R","B",null,"M","?","M","?","M","?","R","E","T","R","M","M","M","M","R","B",null,"M","$","?","?","$","R","E"],"character_chosen":"WATCHER","items_purchased":["Guide Book","ReplayFunnel","Boot"],"campfire_rested":2,"item_purchase_floors":[36,36,39],"current_hp_per_floor":[72,72,72,72,72,72,62,62,62,46,34,34,34,34,64,8,72,57,57,43,43,14,38,68,61,61,70,64,44,39,21,51,29,72,72,72,63,63,63,72,0,0],"gold":110,"neow_bonus":"THREE_ENEMY_KILL","is_daily":false,"chose_seed":false,"campfire_upgraded":3,"win_rate":0.0,"timestamp":1610205214,"path_taken":["M","M","?","?","?","R","E","?","T","?","M","?","M","?","R","BOSS","M","?","M","?","M","?","R","E","T","R","M","M","?","M","R","BOSS","M","$","?","?","$","R","E"],"items_purchased_type":["Relic","Relic","Relic"],"build_version":"2020-12-22","purchased_purges":0,"victory":false,"max_hp_per_floor":[72,72,72,72,72,72,72,72,72,72,72,72,72,72,72,72,72,72,72,72,72,72,72,72,72,72,72,72,72,72,72,72,72,72,72,72,72,72,72,72,72,72],"card_choices":[{"not_picked":["Tantrum","Replay:Anticipation"],"picked":"EmptyFist","floor":1.0},{"not_picked":["Sanctity","Evaluate"],"picked":"Prostrate","floor":2.0},{"not_picked":["CrushJoints","Replay:Vibes","Tantrum"],"picked":"SKIP","floor":4.0},{"not_picked":["BowlingBash","ClearTheMind","Wallop"],"picked":"SKIP","floor":7.0},{"not_picked":["Vengeance","Halt","Indignation"],"picked":"SKIP","floor":10.0},{"not_picked":["Protect","Halt"],"picked":"FlurryOfBlows","floor":11.0},{"not_picked":["WheelKick","Halt"],"picked":"EmptyBody","floor":12.0},{"not_picked":["EmptyBody","DeceiveReality"],"picked":"DeusExMachina","floor":13.0},{"not_picked":["ConjureBlade","Scrawl"],"picked":"DeusExMachina","floor":16.0},{"not_picked":["Nirvana","BowlingBash+1","CrushJoints"],"picked":"SKIP","floor":18.0},{"not_picked":["Replay:Cycle+1","CrushJoints"],"picked":"Consecrate+1","floor":20.0},{"not_picked":["BowlingBash","SandsOfTime","Establishment"],"picked":"SKIP","floor":22.0},{"not_picked":["Replay:BluntJabs","Crescendo"],"picked":"EmptyFist+1","floor":28.0},{"not_picked":["Wallop","JustLucky+1","DeceiveReality"],"picked":"SKIP","floor":29.0},{"not_picked":["PathToVictory","Vengeance"],"picked":"Worship","floor":30.0},{"not_picked":["JustLucky","EmptyFist+1","FlurryOfBlows"],"picked":"SKIP","floor":31.0},{"not_picked":["Brilliance","Vault"],"picked":"Omniscience","floor":33.0},{"not_picked":["Halt+1","CarveReality","Evaluate"],"picked":"SKIP","floor":35.0}],"player_experience":38617,"relics_obtained":[{"floor":7.0,"key":"Lizard Tail"},{"floor":8.0,"key":"White Beast Statue"},{"floor":9.0,"key":"Eternal Feather"},{"floor":26.0,"key":"Potion Belt"}],"event_choices":[{"damage_healed":0.0,"max_hp_gain":0.0,"max_hp_loss":0.0,"gold_gain":0.0,"cards_transformed":["Prostrate"],"event_name":"Transmorgrifier","player_choice":"Transformed","floor":3.0,"gold_loss":0.0,"damage_taken":0.0,"cards_obtained":["WheelKick"]},{"damage_healed":0.0,"max_hp_gain":0.0,"max_hp_loss":0.0,"gold_gain":0.0,"event_name":"The Cleric","player_choice":"Leave","floor":5.0,"gold_loss":0.0,"damage_taken":0.0},{"damage_healed":0.0,"max_hp_gain":0.0,"max_hp_loss":0.0,"gold_gain":0.0,"event_name":"ZunEvent","player_choice":"π∫¬Ú…Òæ∆","floor":19.0,"gold_loss":40.0,"damage_taken":0.0,"relics_obtained":["ZunR:ReiMu"]},{"damage_healed":0.0,"max_hp_gain":0.0,"max_hp_loss":0.0,"gold_gain":0.0,"event_name":"Ghosts","player_choice":"Ignored","floor":21.0,"gold_loss":0.0,"damage_taken":0.0},{"damage_healed":24.0,"max_hp_gain":0.0,"max_hp_loss":0.0,"gold_gain":0.0,"event_name":"The Library","player_choice":"Heal","floor":23.0,"gold_loss":0.0,"damage_taken":0.0},{"damage_healed":0.0,"max_hp_gain":0.0,"max_hp_loss":0.0,"gold_gain":0.0,"event_name":"Winding Halls","player_choice":"Embrace Madness","floor":37.0,"gold_loss":0.0,"damage_taken":9.0,"cards_obtained":["Madness","Madness"]},{"cards_removed":["Madness"],"damage_healed":0.0,"max_hp_gain":0.0,"max_hp_loss":0.0,"gold_gain":0.0,"event_name":"Falling","player_choice":"Removed Skill","floor":38.0,"gold_loss":0.0,"damage_taken":0.0}],"is_beta":false,"boss_relics":[{"not_picked":["Kintsugi","ReplayTheSpireMod:DimensionalGlitch","Honey Jar"]},{"not_picked":["Astrolabe","Ring of Chaos"],"picked":"VioletLotus"}],"items_purged_floors":[],"is_endless":false,"potions_floor_spawned":[1,2,10,11,12,13,16,18,20,22,25,28,29,30,31,33,35],"killed_by":"Reptomancer","ascension_level":0}}