{"host":"byizzf0lry06owoh","time":1610162448,"event":{"mods":["Act Like it!","Aspiration","BaseMod","BetterRewards","Card Forge","Conspire","Downfall","Friendly Minions","GifTheSpireLib","Hallownest","Hubris","Infinite Spire","Minty Spire (QoL Compilation)","Relic Sorter","Replay The Spire","SIMod","StSLib","Wandering Minibosses"],"gold_per_floor":[115,115,115,35,35,35,61,61,85,105,163,14,79,117,117,155,155],"floor_reached":16,"playtime":2452,"items_purged":[],"score":148,"play_id":"a257e782-1dfe-46ae-927f-76f3aaa504f8","local_time":"20210108192048","is_ascension_mode":true,"campfire_choices":[{"data":"Poisoned Stab","floor":6,"key":"SMITH"},{"data":"Defend_G+1","floor":8,"key":"SMITH"},{"floor":15,"key":"REST"}],"circlet_count":0,"master_deck":["Strike_G","Strike_G","Strike_G","Strike_G","Strike_G","Defend_G+3","Defend_G+2","Defend_G+1","Defend_G+1","Defend_G+1","Survivor","Neutralize","Poisoned Stab+1","Injury","Blade Dance+1","Prepared+1","Die Die Die","Blade Dance+1","hubris:TrickCloak+1","hubris:SlightOfHand+1","Underhanded Strike"],"relics":["Ring of the Snake","Hammer of Thor","Seething Fire","Anvil of the Gods","NeowsBlessing","Toxic Egg 2","Simple Rune","Replay:Bandana","Happy Flower","aspiration:Nostalgia","m_SlimeRing","Replay:Bottled Eggs"],"acts_visited":["Exordium"],"potions_floor_usage":[],"damage_taken":[{"damage":0,"enemies":"Jaw Worm","floor":1,"turns":1},{"damage":0,"enemies":"3 Sentries","floor":7,"turns":1},{"damage":0,"enemies":"Small Slimes","floor":10,"turns":1},{"damage":10,"enemies":"Gremlin Nob","floor":11,"turns":3},{"damage":11,"enemies":"Lagavulin","floor":13,"turns":4},{"damage":0,"enemies":"Cultist","floor":14,"turns":2},{"damage":83,"enemies":"Fading Forest","floor":16,"turns":9}],"seed_played":"6217428944326007393","potions_obtained":[{"floor":1,"key":"Weak Potion"},{"floor":11,"key":"DistilledChaos"}],"is_trial":false,"path_per_floor":["M","?","?","$","?","R","E","R","T","M","E","$","E","M","R","B"],"character_chosen":"THE_SILENT","items_purchased":["Blade Dance+1","Prepared+1","aspiration:Nostalgia"],"campfire_rested":1,"item_purchase_floors":[4,4,12],"current_hp_per_floor":[70,70,70,70,70,70,70,70,70,70,60,60,49,49,70,0,0],"gold":155,"neow_bonus":"THREE_ENEMY_KILL","is_daily":false,"chose_seed":false,"campfire_upgraded":2,"win_rate":0.0,"timestamp":1610162448,"path_taken":["M","?","?","$","?","R","E","R","T","M","E","$","E","?","R","BOSS"],"items_purchased_type":["Card","Card","Relic"],"build_version":"2020-12-22","purchased_purges":0,"victory":false,"max_hp_per_floor":[70,70,70,70,70,70,70,70,70,70,70,70,70,70,70,70,70],"card_choices":[{"not_picked":["ReplayTheSpireMod:Tripwire","Blade Dance"],"picked":"Poisoned Stab","floor":1},{"not_picked":["Bouncing Flask+1","Dodge and Roll+1"],"picked":"Die Die Die","floor":7},{"not_picked":["Prepared+1","All Out Attack"],"picked":"Blade Dance+1","floor":10},{"not_picked":["PiercingWail+1","ReplayTheSpireMod:Exploit Weakness+1"],"picked":"hubris:TrickCloak+1","floor":11},{"not_picked":["Quick Slash","Outmaneuver+1"],"picked":"hubris:SlightOfHand+1","floor":13},{"not_picked":["Hidden Blade+1","Deadly Poison+1"],"picked":"Underhanded Strike","floor":14}],"player_experience":8715,"relics_obtained":[{"floor":7,"key":"Simple Rune"},{"floor":9,"key":"Replay:Bandana"},{"floor":11,"key":"Happy Flower"},{"floor":13,"key":"Replay:Bottled Eggs"}],"event_choices":[{"damage_healed":0,"gold_gain":0,"player_choice":"Disagree","damage_taken":0,"max_hp_gain":0,"max_hp_loss":0,"event_name":"conspire:LoneGhost","floor":5,"gold_loss":0}],"is_beta":false,"boss_relics":[],"items_purged_floors":[],"is_endless":false,"potions_floor_spawned":[1,11],"killed_by":"Fading Forest","ascension_level":1}}