{"host":"72mgytrs3lmoygvb","time":1610200297,"event":{"mods":["AchievementEnabler","BaseMod","Colored Powertips","Highlight Path","Minty Spire (QoL Compilation)","StSLib"],"gold_per_floor":[114,126,145,91,108,138,123,156,156,170,187,187,187,187],"floor_reached":13,"playtime":397,"items_purged":[],"score":144,"play_id":"6d6d3428-dc31-4bae-a91c-71d0b10d0dbc","local_time":"20210109155137","is_ascension_mode":true,"campfire_choices":[{"data":"Armaments","floor":12,"key":"SMITH"}],"circlet_count":0,"master_deck":["Strike_R","Strike_R","Strike_R","Strike_R","Strike_R","Defend_R","Defend_R","Defend_R","Defend_R","Bash","Iron Wave","Clothesline","Armaments+1","Thunderclap","Flame Barrier","Shrug It Off","True Grit"],"relics":["Burning Blood","NeowsBlessing","Potion Belt","Charon\u0027s Ashes","Bottled Flame"],"acts_visited":["Exordium"],"potions_floor_usage":[6,7,11],"damage_taken":[{"damage":0,"enemies":"Small Slimes","floor":1,"turns":1},{"damage":0,"enemies":"2 Louse","floor":2,"turns":1},{"damage":0,"enemies":"Cultist","floor":3,"turns":1},{"damage":8,"enemies":"Exordium Wildlife","floor":5,"turns":5},{"damage":26,"enemies":"Lagavulin","floor":6,"turns":7},{"damage":10,"enemies":"Exordium Thugs","floor":7,"turns":2},{"damage":42,"enemies":"Gremlin Nob","floor":8,"turns":5},{"damage":3,"enemies":"3 Louse","floor":10,"turns":3},{"damage":4,"enemies":"Large Slime","floor":11,"turns":6},{"damage":33,"enemies":"Lagavulin","floor":13,"turns":9}],"seed_played":"3812889139434961145","potions_obtained":[{"floor":1,"key":"BlessingOfTheForge"},{"floor":3,"key":"SmokeBomb"},{"floor":5,"key":"Energy Potion"},{"floor":11,"key":"LiquidBronze"}],"is_trial":false,"path_per_floor":["M","M","M","$","M","E","M","E","T","M","M","R","E"],"character_chosen":"IRONCLAD","items_purchased":["Armaments"],"campfire_rested":0,"item_purchase_floors":[4],"current_hp_per_floor":[78,80,80,80,78,58,54,18,18,21,23,23,0,0],"gold":187,"neow_bonus":"THREE_ENEMY_KILL","is_daily":false,"chose_seed":false,"campfire_upgraded":1,"win_rate":0.0,"timestamp":1610200297,"path_taken":["M","M","M","$","M","E","M","E","T","M","M","R","E"],"items_purchased_type":["Card"],"build_version":"2020-12-22","purchased_purges":0,"victory":false,"max_hp_per_floor":[80,80,80,80,80,80,80,80,80,80,80,80,80,80],"card_choices":[{"not_picked":["Whirlwind","Warcry"],"picked":"Iron Wave","floor":1},{"not_picked":["Body Slam","Dropkick"],"picked":"Clothesline","floor":2},{"not_picked":["Feel No Pain","Clothesline","True Grit"],"picked":"SKIP","floor":3},{"not_picked":["Uppercut","Wild Strike"],"picked":"Thunderclap","floor":5},{"not_picked":["Clash","Wild Strike","Clothesline"],"picked":"SKIP","floor":6},{"not_picked":["Juggernaut","Feel No Pain"],"picked":"Flame Barrier","floor":8},{"not_picked":["Whirlwind","Seeing Red"],"picked":"Shrug It Off","floor":10},{"not_picked":["Headbutt","Clothesline"],"picked":"True Grit","floor":11}],"player_experience":654272,"relics_obtained":[{"floor":6,"key":"Potion Belt"},{"floor":8,"key":"Charon\u0027s Ashes"},{"floor":9,"key":"Bottled Flame"}],"event_choices":[],"is_beta":false,"boss_relics":[],"items_purged_floors":[],"is_endless":false,"potions_floor_spawned":[1,3,5,11],"killed_by":"Lagavulin","ascension_level":9}}