{"host":"g01l53quoe6lrer0","time":1610208455,"event":{"mods":["2.2 Compatiblity","AchievementEnabler","BaseMod","Colored Map","Highlight Path","Keyboard Shortcuts","Minty Spire (QoL Compilation)","Permanent Neow","StSLib","SuperFastMode","everything is the same but u backflip on backflip"],"gold_per_floor":[115,125,125,125,125,156,156,167,167,201,201,218,293,304,304,304,304],"floor_reached":16,"playtime":2548,"items_purged":[],"score":209,"play_id":"278a4356-b32b-47e7-b63b-114772417e46","local_time":"20210110010735","is_ascension_mode":true,"campfire_choices":[{"floor":7.0,"key":"REST"},{"floor":15,"key":"REST"}],"circlet_count":0,"master_deck":["AscendersBane","Strike_R","Strike_R","Strike_R","Strike_R","Strike_R","Defend_R","Defend_R","Defend_R","Defend_R","Bash","Carnage","Second Wind","Regret","Iron Wave","Power Through","Body Slam+1","Flame Barrier","Sentinel"],"relics":["Burning Blood","Calipers","Ginger","Lantern","Gremlin Horn","Molten Egg 2","Blue Candle"],"acts_visited":["Exordium"],"potions_floor_usage":[12,14],"damage_taken":[{"damage":7.0,"enemies":"Cultist","floor":1.0,"turns":4.0},{"damage":4.0,"enemies":"Jaw Worm","floor":2.0,"turns":4.0},{"damage":45.0,"enemies":"Lagavulin","floor":6.0,"turns":6.0},{"damage":4,"enemies":"2 Louse","floor":8,"turns":2},{"damage":28,"enemies":"3 Sentries","floor":10,"turns":10},{"damage":0,"enemies":"Looter","floor":12,"turns":2},{"damage":1,"enemies":"3 Louse","floor":14,"turns":2},{"damage":19,"enemies":"Hexaghost","floor":16,"turns":5}],"seed_played":"-6175878817299617097","potions_obtained":[{"floor":1.0,"key":"SpeedPotion"},{"floor":2.0,"key":"Swift Potion"},{"floor":10,"key":"Block Potion"},{"floor":12,"key":"LiquidMemories"}],"is_trial":false,"path_per_floor":["M","M","?","?","?","E","R","M","T","E","$","M","?","M","R","B"],"character_chosen":"IRONCLAD","items_purchased":[],"campfire_rested":2,"item_purchase_floors":[],"current_hp_per_floor":[49,51,51,51,46,7,29,31,31,9,9,15,4,9,31,12,12],"gold":304,"neow_bonus":"ONE_RARE_RELIC","is_daily":false,"chose_seed":false,"campfire_upgraded":0,"win_rate":0.0,"timestamp":1610208455,"path_taken":["M","?","?","?","?","E","R","M","T","E","$","M","?","?","R","BOSS"],"items_purchased_type":[],"build_version":"2020-12-22","purchased_purges":0,"victory":false,"max_hp_per_floor":[75,75,75,75,75,75,75,75,75,75,75,75,75,75,75,75,75],"card_choices":[{"not_picked":["Twin Strike","Whirlwind"],"picked":"Carnage","floor":1.0},{"not_picked":["Inflame","Burning Pact"],"picked":"Second Wind","floor":2.0},{"not_picked":["Feed","Sword Boomerang"],"picked":"Iron Wave","floor":6.0},{"not_picked":["Perfected Strike","Shockwave"],"picked":"Power Through","floor":8},{"not_picked":["Sever Soul+1","Inflame"],"picked":"Body Slam+1","floor":10},{"not_picked":["Pommel Strike+1","Rupture"],"picked":"Flame Barrier","floor":12},{"not_picked":["Sword Boomerang+1","Havoc"],"picked":"Sentinel","floor":14}],"player_experience":108450,"relics_obtained":[{"floor":6.0,"key":"Gremlin Horn"},{"floor":9,"key":"Molten Egg 2"},{"floor":10,"key":"Blue Candle"}],"event_choices":[{"damage_healed":0.0,"max_hp_gain":0.0,"max_hp_loss":0.0,"gold_gain":0.0,"event_name":"Liars Game","player_choice":"Ignored","floor":3.0,"gold_loss":0.0,"damage_taken":0.0},{"damage_healed":0.0,"max_hp_gain":0.0,"max_hp_loss":0.0,"gold_gain":0.0,"event_name":"Big Fish","player_choice":"Box","floor":4.0,"gold_loss":0.0,"damage_taken":0.0,"relics_obtained":["Ginger"],"cards_obtained":["Regret"]},{"damage_healed":0.0,"max_hp_gain":0.0,"max_hp_loss":0.0,"gold_gain":0.0,"event_name":"Scrap Ooze","player_choice":"Success","floor":5.0,"gold_loss":0.0,"damage_taken":5.0,"relics_obtained":["Lantern"]},{"damage_healed":0,"gold_gain":75,"player_choice":"Gather Gold","damage_taken":11,"max_hp_gain":0,"max_hp_loss":0,"event_name":"World of Goop","floor":13,"gold_loss":0}],"is_beta":false,"boss_relics":[],"items_purged_floors":[],"is_endless":false,"potions_floor_spawned":[1,2,10,12],"killed_by":"Hexaghost","ascension_level":18}}