{"host":"873t0y8ybyo38pfq","time":1610210471,"event":{"mods":["BaseMod","Bestiary","Colored Map","Colored Powertips","Highlight Path","Minty Spire (QoL Compilation)","Quick Restart","RNG Fix","Rare Cards Sparkle","Relic Stats","StSLib"],"gold_per_floor":[111,111,27,27,56,56,94,115,184,206,37,37,87,121,121,121,121],"floor_reached":16,"playtime":364,"items_purged":[],"score":216,"play_id":"598feb8c-4a30-40be-851b-03899316cbab","local_time":"20210109114111","is_ascension_mode":true,"campfire_choices":[{"data":"Sweeping Beam","floor":6.0,"key":"SMITH"},{"data":"Defragment","floor":15,"key":"SMITH"}],"circlet_count":0,"master_deck":["AscendersBane","Strike_B","Strike_B","Strike_B","Defend_B","Defend_B","Defend_B","Defend_B","Zap","Dualcast","Sweeping Beam+1","Reinforced Body","Self Repair","Go for the Eyes","Defragment+1","Force Field","Glacier","Defragment"],"relics":["Cracked Core","Strawberry","CeramicFish","Bird Faced Urn","Mummified Hand","Bag of Preparation","Orichalcum"],"acts_visited":["Exordium"],"potions_floor_usage":[],"damage_taken":[{"damage":13.0,"enemies":"Small Slimes","floor":1.0,"turns":4.0},{"damage":0.0,"enemies":"Jaw Worm","floor":5.0,"turns":4.0},{"damage":29.0,"enemies":"Lagavulin","floor":7.0,"turns":10.0},{"damage":8.0,"enemies":"2 Louse","floor":8.0,"turns":3.0},{"damage":6.0,"enemies":"Looter","floor":10.0,"turns":3.0},{"damage":57,"enemies":"Gremlin Nob","floor":14,"turns":5},{"damage":25,"enemies":"Slime Boss","floor":16,"turns":8}],"seed_played":"8766435697909607717","potions_obtained":[{"floor":7.0,"key":"SneckoOil"}],"is_trial":false,"path_per_floor":["M","?","$","?","M","R","E","M","T","M","$","?","?","E","R","B"],"character_chosen":"DEFECT","items_purchased":["Self Repair","Bag of Preparation"],"campfire_rested":0,"item_purchase_floors":[3,11],"current_hp_per_floor":[58,58,58,53,60,60,38,41,41,46,46,72,65,19,19,0,0],"gold":121,"neow_bonus":"RANDOM_COMMON_RELIC","is_daily":false,"chose_seed":false,"campfire_upgraded":2,"win_rate":0.0,"timestamp":1610210471,"path_taken":["M","?","$","?","?","R","E","M","T","M","$","?","?","E","R","BOSS"],"items_purchased_type":["Card","Relic"],"build_version":"2020-12-22","purchased_purges":0,"victory":false,"max_hp_per_floor":[78,78,78,78,78,78,78,78,78,78,78,78,78,78,78,78,78],"relic_stats":{"counters":[7,37],"Mummified Hand":[7],"CeramicFish":45,"Bird Faced Urn":[18],"Bag of Preparation":[4],"Orichalcum":[18],"obtain_stats":[{"Mummified Hand":9,"Strawberry":0,"CeramicFish":4,"Bird Faced Urn":7,"Bag of Preparation":11,"Orichalcum":14,"Cracked Core":0},{"Mummified Hand":4,"Strawberry":0,"CeramicFish":1,"Bird Faced Urn":3,"Bag of Preparation":5,"Orichalcum":6,"Cracked Core":0},{"Mummified Hand":21,"Strawberry":0,"CeramicFish":4,"Bird Faced Urn":18,"Bag of Preparation":24,"Orichalcum":29,"Cracked Core":0}]},"card_choices":[{"not_picked":["Rebound","Barrage"],"picked":"Sweeping Beam","floor":1.0},{"not_picked":["Rebound","Leap"],"picked":"Go for the Eyes","floor":5.0},{"not_picked":["Cold Snap","Gash"],"picked":"Defragment","floor":7.0},{"not_picked":["Sweeping Beam","Tempest"],"picked":"Force Field","floor":8.0},{"not_picked":["Stack","Steam"],"picked":"Glacier","floor":10.0},{"not_picked":["Darkness","Hologram"],"picked":"Defragment","floor":14}],"player_experience":1569695,"relics_obtained":[{"floor":7.0,"key":"Bird Faced Urn"},{"floor":9.0,"key":"Mummified Hand"},{"floor":14,"key":"Orichalcum"}],"event_choices":[{"damage_healed":0.0,"max_hp_gain":0.0,"max_hp_loss":0.0,"gold_gain":0.0,"cards_transformed":["Strike_B"],"event_name":"Living Wall","player_choice":"Change","floor":2.0,"gold_loss":0.0,"damage_taken":0.0,"cards_obtained":["Reinforced Body"]},{"damage_healed":0.0,"max_hp_gain":0.0,"max_hp_loss":0.0,"gold_gain":0.0,"event_name":"Scrap Ooze","player_choice":"Success","floor":4.0,"gold_loss":0.0,"damage_taken":5.0,"relics_obtained":["CeramicFish"]},{"damage_healed":26.0,"max_hp_gain":0.0,"max_hp_loss":0.0,"gold_gain":0.0,"event_name":"Big Fish","player_choice":"Banana","floor":12.0,"gold_loss":0.0,"damage_taken":0.0},{"damage_healed":0,"gold_gain":50,"player_choice":"Touch","damage_taken":7,"max_hp_gain":0,"max_hp_loss":0,"event_name":"FaceTrader","floor":13,"gold_loss":0}],"is_beta":false,"boss_relics":[],"items_purged_floors":[],"is_endless":false,"potions_floor_spawned":[7],"killed_by":"Slime Boss","ascension_level":20}}