{"host":"otf1z5955ddlv5pq","time":1610226493,"event":{"mods":["BaseMod","Beaked The Cultist","Better Altar","Better Match","Better Note","Better Sensory Stone","Better Skull","Better Third Choice","Colored Map","Colored Powertips","Downfall","Minty Spire (QoL Compilation)","Rare Cards Sparkle","Replay The Spire","StSLib","The Dragon Tamer"],"gold_per_floor":[115,130,130,55,69,69,89,89,112,128,155,155,155,170,170,265,265,284,31,31,63,74,74,86,112,112,128,128,154,166,178,178,277,277,292,292,321,338,353,353,381,381,429,429,441,441,454,470,470,470],"floor_reached":51,"playtime":3737,"items_purged":["Defend_G","Strike_G"],"score":710,"play_id":"86e6bc8b-a7d0-4186-b736-14a3584ef1ca","local_time":"20210109130813","is_ascension_mode":true,"campfire_choices":[{"data":"Crippling Poison","floor":6.0,"key":"SMITH"},{"data":"Dash","floor":8.0,"key":"SMITH"},{"data":"Footwork","floor":12.0,"key":"SMITH"},{"data":"Poisoned Stab","floor":15.0,"key":"SMITH"},{"data":"Corpse Explosion","floor":23.0,"key":"SMITH"},{"data":"Neutralize","floor":28.0,"key":"SMITH"},{"data":"Survivor","floor":32.0,"key":"SMITH"},{"floor":40,"key":"REST"},{"data":"Poison Darts","floor":42,"key":"SMITH"},{"floor":46,"key":"REST"},{"floor":49,"key":"REST"}],"circlet_count":0,"master_deck":["Strike_G","Strike_G","Defend_G+1","Defend_G","Defend_G+1","Defend_G","Survivor+1","Neutralize+1","Crippling Poison+1","Dash+1","Acrobatics","Poisoned Stab+1","Footwork+1","Corpse Explosion+1","Bane+1","DTMod:CleansingStrike+1","Backstab+1","Backflip+1","Bane+1","Poison Darts+1","Leg Sweep+1","Die Die Die","Catalyst+1"],"relics":["Ring of the Snake","Pen Nib","Art of War","TwistedFunnel","Red Mask","Replay:Mystery Machine","ReplayTheSpireMod:TigerMarble","Regal Pillow","Ring of Chaos","Shovel","War Paint"],"acts_visited":["Exordium","TheCity","TheBeyond"],"potions_floor_usage":[41,50,50,50],"damage_taken":[{"damage":0.0,"enemies":"Small Slimes","floor":1.0,"turns":3.0},{"damage":3.0,"enemies":"Jaw Worm","floor":2.0,"turns":8.0},{"damage":0.0,"enemies":"Cultist","floor":5.0,"turns":4.0},{"damage":1.0,"enemies":"Lots of Slimes","floor":7.0,"turns":2.0},{"damage":0.0,"enemies":"Large Slime","floor":10.0,"turns":5.0},{"damage":4.0,"enemies":"3 Sentries","floor":11.0,"turns":10.0},{"damage":1.0,"enemies":"Blue Slaver","floor":14.0,"turns":4.0},{"damage":6.0,"enemies":"The Guardian","floor":16.0,"turns":12.0},{"damage":0.0,"enemies":"Chosen","floor":18.0,"turns":5.0},{"damage":0.0,"enemies":"Masked Bandits","floor":21.0,"turns":2.0},{"damage":0.0,"enemies":"Shell Parasite","floor":22.0,"turns":6.0},{"damage":0.0,"enemies":"3 Cultists","floor":24.0,"turns":2.0},{"damage":1.0,"enemies":"Replay:Snechameleon","floor":25.0,"turns":5.0},{"damage":0.0,"enemies":"Snecko","floor":27.0,"turns":4.0},{"damage":0.0,"enemies":"Snake Plant","floor":30.0,"turns":2.0},{"damage":0.0,"enemies":"Centurion and Healer","floor":31.0,"turns":3.0},{"damage":32.0,"enemies":"Champ","floor":33.0,"turns":9.0},{"damage":0,"enemies":"3 Shapes","floor":35,"turns":2},{"damage":0,"enemies":"Orb Walker","floor":38,"turns":2},{"damage":2,"enemies":"Sphere and 2 Shapes","floor":39,"turns":4},{"damage":20,"enemies":"Nemesis","floor":41,"turns":7},{"damage":38,"enemies":"Maw","floor":45,"turns":8},{"damage":10,"enemies":"Spire Growth","floor":47,"turns":5},{"damage":10,"enemies":"Sphere and 2 Shapes","floor":48,"turns":4},{"damage":53,"enemies":"Donu and Deca","floor":50,"turns":6}],"seed_played":"-1695518464212493027","potions_obtained":[{"floor":5.0,"key":"BlessingOfTheForge"},{"floor":10.0,"key":"Explosive Potion"},{"floor":13.0,"key":"EssenceOfSteel"},{"floor":13.0,"key":"EntropicBrew"},{"floor":13.0,"key":"GhostInAJar"},{"floor":16.0,"key":"AttackPotion"},{"floor":33.0,"key":"SpeedPotion"},{"floor":37,"key":"Venom Potion"},{"floor":37,"key":"SpeedPotion"},{"floor":39,"key":"Strength Potion"},{"floor":48,"key":"Energy Potion"}],"is_trial":false,"path_per_floor":["M","M","?","$","M","R","M","R","T","M","E","R","?","M","R","B",null,"M","$","?","?","M","R","M","E","T","M","R","T","M","M","R","B",null,"M","?","?","M","M","R","E","R","T","?","M","R","M","M","R","B",null],"character_chosen":"THE_SILENT","items_purchased":["TwistedFunnel"],"campfire_rested":3,"item_purchase_floors":[19],"current_hp_per_floor":[70,67,67,67,67,67,66,66,66,66,62,62,62,61,61,55,70,70,70,70,70,70,70,70,69,69,69,69,69,69,69,69,37,70,70,66,40,40,38,66,46,46,46,49,11,45,35,25,59,6],"gold":470,"neow_bonus":"REMOVE_CARD","is_daily":false,"chose_seed":false,"campfire_upgraded":8,"win_rate":0.0,"timestamp":1610226493,"path_taken":["M","M","?","$","M","R","M","R","T","M","E","R","?","M","R","BOSS","M","$","?","?","M","R","M","E","T","M","R","?","M","?","R","BOSS","M","?","?","M","M","R","E","R","T","?","M","R","?","M","R","BOSS"],"items_purchased_type":["Relic"],"build_version":"2020-12-22","purchased_purges":2,"victory":true,"max_hp_per_floor":[70,70,70,70,70,70,70,70,70,70,70,70,70,70,70,70,70,70,70,70,70,70,70,70,70,70,70,70,70,70,70,70,70,70,70,66,66,66,66,66,66,66,66,66,66,66,66,66,66,66],"card_choices":[{"not_picked":["Underhanded Strike","PiercingWail"],"picked":"Crippling Poison","floor":1.0},{"not_picked":["Bane","Caltrops"],"picked":"Dash","floor":2.0},{"not_picked":["Finisher","Flying Knee"],"picked":"Poisoned Stab","floor":5.0},{"not_picked":["Endless Agony","Sucker Punch"],"picked":"Footwork","floor":7.0},{"not_picked":["Dagger Spray","Acrobatics","Bane"],"picked":"SKIP","floor":10.0},{"not_picked":["Night Terror","Flechettes","Prepared"],"picked":"SKIP","floor":11.0},{"not_picked":["Predator","Hidden Blade","Bane"],"picked":"SKIP","floor":14.0},{"not_picked":["Wraith Form v2","ReplayTheSpireMod:Necrosis"],"picked":"Corpse Explosion","floor":16.0},{"not_picked":["Prepared","Deflect"],"picked":"Bane+1","floor":18.0},{"not_picked":["Footwork+1","Deflect"],"picked":"Backstab+1","floor":22.0},{"not_picked":["Quick Slash+1","Flying Knee"],"picked":"Backflip+1","floor":24.0},{"not_picked":["A Thousand Cuts","Grand Finale","Dagger Throw"],"picked":"SKIP","floor":25.0},{"not_picked":["Prepared","Flying Knee"],"picked":"Bane+1","floor":27.0},{"not_picked":["ReplayTheSpireMod:Tripwire","Hidden Blade+1","Dodge and Roll"],"picked":"SKIP","floor":30.0},{"not_picked":["Cloak And Dagger","Masterful Stab","Blade Dance"],"picked":"SKIP","floor":31.0},{"not_picked":["After Image","Unload"],"picked":"Poison Darts","floor":33.0},{"not_picked":["Footwork","Replay:Poison Smokescreen","Cloak And Dagger+1"],"picked":"SKIP","floor":35},{"not_picked":["Prepared+1","Blade Dance+1","Deflect+1"],"picked":"SKIP","floor":38},{"not_picked":["Infinite Blades+1","Distraction"],"picked":"Leg Sweep+1","floor":39},{"not_picked":["Cloak And Dagger","Bane","Blur+1"],"picked":"SKIP","floor":41},{"not_picked":["Endless Agony+1","Underhanded Strike"],"picked":"Die Die Die","floor":45},{"not_picked":["Setup+1","Bane"],"picked":"Catalyst+1","floor":47},{"not_picked":["Reflex+1","Dagger Spray+1","Finisher+1"],"picked":"SKIP","floor":48}],"player_experience":1167229,"relics_obtained":[{"floor":9.0,"key":"Pen Nib"},{"floor":11.0,"key":"Art of War"},{"floor":21.0,"key":"Red Mask"},{"floor":25.0,"key":"Replay:Mystery Machine"},{"floor":26.0,"key":"ReplayTheSpireMod:TigerMarble"},{"floor":29.0,"key":"Regal Pillow"},{"floor":41,"key":"Shovel"},{"floor":43,"key":"War Paint"}],"event_choices":[{"damage_healed":0.0,"max_hp_gain":0.0,"max_hp_loss":0.0,"gold_gain":0.0,"cards_transformed":["Strike_G"],"event_name":"Living Wall","player_choice":"Change","floor":3.0,"gold_loss":0.0,"damage_taken":0.0,"cards_obtained":["Acrobatics"]},{"damage_healed":0.0,"max_hp_gain":0.0,"max_hp_loss":0.0,"gold_gain":0.0,"event_name":"Lab","player_choice":"Got Potions","floor":13.0,"gold_loss":0.0,"damage_taken":0.0},{"cards_removed":["Footwork"],"damage_healed":0.0,"max_hp_gain":0.0,"max_hp_loss":0.0,"gold_gain":0.0,"event_name":"betterNote:BetterNote","player_choice":"Take \u0026 Give","floor":20.0,"gold_loss":0.0,"damage_taken":0.0,"cards_obtained":["DTMod:CleansingStrike"]},{"damage_healed":0.0,"max_hp_gain":0.0,"max_hp_loss":0.0,"gold_gain":0.0,"event_name":"Masked Bandits","player_choice":"Fought Bandits","floor":21.0,"gold_loss":0.0,"damage_taken":0.0},{"damage_healed":0,"gold_gain":0,"player_choice":"Max HP","damage_taken":0,"max_hp_gain":0,"max_hp_loss":4,"event_name":"Winding Halls","floor":36,"gold_loss":0},{"damage_healed":3,"gold_gain":0,"player_choice":"LEAVE ","damage_taken":0,"relics_obtained":[],"max_hp_gain":0,"max_hp_loss":0,"event_name":"betterSkull:BetterSkull","floor":44,"gold_loss":0,"cards_upgraded":[]}],"is_beta":false,"boss_relics":[{"not_picked":["Ectoplasm","beaked:MawFillet","Runic Pyramid"]},{"not_picked":["Snecko Scales","Replay:Bronze Core"],"picked":"Ring of Chaos"}],"items_purged_floors":[4,19],"is_endless":false,"potions_floor_spawned":[5,10,14,16,21,24,25,27,33,39,48],"ascension_level":1}}