{"host":"2se5dq1do2gp0x9k","time":1610217386,"event":{"mods":["AchievementEnabler","BaseMod","Block Reminder","Colored Map","Colored Powertips","Minty Spire (QoL Compilation)","Relic Stats","StSLib","SuperFastMode"],"gold_per_floor":[114,8,25,39,53,53,87,87,112,112,141,91,122,122,122,201,201,211,222,19,38,57,57,92,92,92,92,92,111,111,123,123,201,201,214,164,181,181,197,197,215,240,240,240,252,252,285,285,285,285,285],"floor_reached":50,"playtime":2635,"items_purged":["Defend_P","Defend_P","Strike_P"],"score":980,"play_id":"086e695e-a5a2-44b5-8c9b-6bf2f2b654eb","local_time":"20210109103626","is_ascension_mode":true,"campfire_choices":[{"data":"Worship","floor":6.0,"key":"SMITH"},{"data":"Wallop","floor":8.0,"key":"SMITH"},{"data":"Wallop","floor":10.0,"key":"SMITH"},{"data":"ThirdEye","floor":15.0,"key":"SMITH"},{"data":"Hologram","floor":23.0,"key":"SMITH"},{"floor":25.0,"key":"REST"},{"data":"Devotion","floor":30.0,"key":"SMITH"},{"data":"Collect","floor":32.0,"key":"SMITH"},{"floor":40.0,"key":"REST"},{"data":"Fusion","floor":46,"key":"SMITH"},{"data":"Night Terror","floor":49,"key":"SMITH"}],"circlet_count":0,"master_deck":["AscendersBane","Strike_P","Strike_P","Strike_P","Defend_P","Eruption","Vigilance","Tantrum","CutThroughFate","Wallop+1","Wallop+1","Vengeance","Worship+1","ClearTheMind","ThirdEye+1","CutThroughFate","Devotion+1","ThirdEye","Cleave","Hologram+1","Collect+1","Hologram+1","Clothesline","PiercingWail","Night Terror+1","Riddle With Holes","Dramatic Entrance","Armaments+1","Parasite","Body Slam","Terror","Fusion+1"],"relics":["PureWater","NeowsBlessing","Happy Flower","Smiling Mask","Centennial Puzzle","Dead Branch","SlaversCollar","PrismaticShard","Regal Pillow","Eternal Feather","Cursed Key","Calipers","Boot"],"acts_visited":["Exordium","TheCity","TheBeyond"],"potions_floor_usage":[47,50],"damage_taken":[{"damage":0.0,"enemies":"Small Slimes","floor":1.0,"turns":1.0},{"damage":0.0,"enemies":"2 Louse","floor":3.0,"turns":1.0},{"damage":0.0,"enemies":"Cultist","floor":4.0,"turns":1.0},{"damage":9.0,"enemies":"3 Louse","floor":5.0,"turns":3.0},{"damage":0.0,"enemies":"Gremlin Nob","floor":7.0,"turns":2.0},{"damage":10.0,"enemies":"3 Sentries","floor":11.0,"turns":4.0},{"damage":10.0,"enemies":"Gremlin Nob","floor":13.0,"turns":3.0},{"damage":3.0,"enemies":"Slime Boss","floor":16.0,"turns":7.0},{"damage":6.0,"enemies":"3 Byrds","floor":18.0,"turns":4.0},{"damage":4.0,"enemies":"Chosen","floor":19.0,"turns":3.0},{"damage":28.0,"enemies":"Sentry and Sphere","floor":21.0,"turns":5.0},{"damage":0.0,"enemies":"Chosen and Byrds","floor":22.0,"turns":4.0},{"damage":11.0,"enemies":"Slavers","floor":24.0,"turns":4.0},{"damage":15.0,"enemies":"Snake Plant","floor":29.0,"turns":4.0},{"damage":6.0,"enemies":"Centurion and Healer","floor":31.0,"turns":5.0},{"damage":7.0,"enemies":"Champ","floor":33.0,"turns":8.0},{"damage":0.0,"enemies":"Orb Walker","floor":35.0,"turns":3.0},{"damage":18.0,"enemies":"3 Shapes","floor":37.0,"turns":6.0},{"damage":23.0,"enemies":"3 Darklings","floor":39.0,"turns":4.0},{"damage":21.0,"enemies":"Writhing Mass","floor":41.0,"turns":8.0},{"damage":18.0,"enemies":"Mind Bloom Boss Battle","floor":42.0,"turns":8.0},{"damage":20,"enemies":"Transient","floor":45,"turns":6},{"damage":7,"enemies":"Giant Head","floor":47,"turns":5},{"damage":74,"enemies":"Awakened One","floor":50,"turns":4}],"seed_played":"-8210103725817529801","potions_obtained":[{"floor":3.0,"key":"FearPotion"},{"floor":11.0,"key":"LiquidBronze"},{"floor":13.0,"key":"StancePotion"},{"floor":16.0,"key":"Fire Potion"},{"floor":22.0,"key":"AttackPotion"},{"floor":24.0,"key":"LiquidMemories"},{"floor":29.0,"key":"Block Potion"},{"floor":33.0,"key":"BottledMiracle"},{"floor":41.0,"key":"DistilledChaos"},{"floor":47,"key":"DuplicationPotion"}],"is_trial":false,"path_per_floor":["M","$","M","M","M","R","E","R","T","R","E","$","E","?","R","B",null,"M","M","$","M","M","R","E","R","T","?","?","M","R","M","R","B",null,"M","$","M","?","M","R","M","?","T","?","M","R","E","?","R","B"],"character_chosen":"WATCHER","items_purchased":["CutThroughFate","Wallop","PrismaticShard"],"campfire_rested":2,"item_purchase_floors":[2,2,20],"current_hp_per_floor":[61,61,61,61,52,52,52,52,52,52,42,42,32,25,25,22,57,51,47,47,19,19,19,8,43,43,43,43,28,40,34,49,42,62,62,62,44,34,11,61,40,22,22,56,36,54,47,47,56,0,0],"gold":285,"neow_bonus":"THREE_ENEMY_KILL","is_daily":false,"chose_seed":false,"campfire_upgraded":9,"win_rate":0.0,"timestamp":1610217386,"path_taken":["M","$","M","M","M","R","E","R","T","R","E","$","E","?","R","BOSS","M","M","$","M","M","R","E","R","T","?","?","M","R","M","R","BOSS","M","$","M","?","M","R","M","?","T","?","?","R","E","?","R","BOSS"],"items_purchased_type":["Card","Card","Relic"],"build_version":"2020-12-22","purchased_purges":3,"victory":false,"max_hp_per_floor":[68,68,68,68,68,68,68,68,68,68,68,68,68,68,68,68,68,68,68,68,68,68,68,68,68,68,68,68,68,68,68,68,68,68,68,68,68,68,68,68,68,68,68,56,56,56,56,56,56,56,56],"relic_stats":{"Centennial Puzzle":[48],"Regal Pillow":30,"Happy Flower":[31],"counters":[24,103],"Dead Branch":[125],"Eternal Feather":69,"Smiling Mask":150,"Cursed Key":0,"Boot":[10],"obtain_stats":[{"Regal Pillow":24,"Calipers":42,"NeowsBlessing":0,"Happy Flower":7,"Dead Branch":13,"Eternal Feather":26,"Smiling Mask":9,"PrismaticShard":20,"Cursed Key":34,"Boot":47,"SlaversCollar":17,"Centennial Puzzle":11,"PureWater":0},{"Regal Pillow":13,"Calipers":21,"NeowsBlessing":0,"Happy Flower":5,"Dead Branch":7,"Eternal Feather":13,"Smiling Mask":5,"PrismaticShard":10,"Cursed Key":16,"Boot":23,"SlaversCollar":8,"Centennial Puzzle":6,"PureWater":0},{"Regal Pillow":42,"Calipers":88,"NeowsBlessing":0,"Happy Flower":8,"Dead Branch":15,"Eternal Feather":42,"Smiling Mask":8,"PrismaticShard":29,"Cursed Key":59,"Boot":99,"SlaversCollar":22,"Centennial Puzzle":12,"PureWater":0}]},"card_choices":[{"not_picked":["BowlingBash","WheelKick"],"picked":"Tantrum","floor":1.0},{"not_picked":["Conclude","BowlingBash"],"picked":"Wallop","floor":3.0},{"not_picked":["Swivel","FollowUp"],"picked":"Vengeance","floor":4.0},{"not_picked":["PathToVictory","SashWhip"],"picked":"Worship","floor":5.0},{"not_picked":["FollowUp","MasterReality"],"picked":"ClearTheMind","floor":7.0},{"not_picked":["JustLucky","EmptyFist"],"picked":"ThirdEye","floor":11.0},{"not_picked":["FollowUp","Wireheading"],"picked":"CutThroughFate","floor":13.0},{"not_picked":["LessonLearned","Scrawl"],"picked":"Devotion","floor":16.0},{"not_picked":["FlurryOfBlows","ClearTheMind"],"picked":"ThirdEye","floor":18.0},{"not_picked":["Sanctity","FlyingSleeves","FollowUp+1"],"picked":"SKIP","floor":19.0},{"not_picked":["Barrage","Multi-Cast"],"picked":"Cleave","floor":21.0},{"not_picked":["Slice+1","Beam Cell"],"picked":"Hologram","floor":22.0},{"not_picked":["WreathOfFlame+1","Infernal Blade","All For One"],"picked":"SKIP","floor":24.0},{"not_picked":["Quick Slash+1","Flame Barrier"],"picked":"Clothesline","floor":29.0},{"not_picked":["Headbutt","FearNoEvil"],"picked":"PiercingWail","floor":31.0},{"not_picked":["Wish","Machine Learning"],"picked":"Night Terror","floor":33.0},{"not_picked":["Quick Slash","Pommel Strike","Rage"],"picked":"SKIP","floor":35.0},{"not_picked":["Barrage","Uppercut"],"picked":"Riddle With Holes","floor":37.0},{"not_picked":["PanicButton","Panacea"],"picked":"Purity","floor":38.0},{"not_picked":["PanicButton","Swift Strike"],"picked":"Dramatic Entrance","floor":38.0},{"not_picked":["Reflex","WreathOfFlame+1"],"picked":"Armaments+1","floor":39.0},{"not_picked":["Blade Dance","EmptyBody+1"],"picked":"Body Slam","floor":41.0},{"not_picked":["CutThroughFate+1","Crescendo"],"picked":"Terror","floor":42.0},{"not_picked":["Headbutt","BowlingBash"],"picked":"Fusion","floor":45},{"not_picked":["Fasting2+1","Rupture","BowlingBash"],"picked":"SKIP","floor":47}],"player_experience":3818301,"relics_obtained":[{"floor":7.0,"key":"Happy Flower"},{"floor":9.0,"key":"Smiling Mask"},{"floor":11.0,"key":"Centennial Puzzle"},{"floor":13.0,"key":"Dead Branch"},{"floor":24.0,"key":"Regal Pillow"},{"floor":26.0,"key":"Eternal Feather"},{"floor":42.0,"key":"Calipers"},{"floor":47,"key":"Boot"}],"event_choices":[{"cards_removed":["Defend_P"],"damage_healed":0.0,"max_hp_gain":0.0,"max_hp_loss":0.0,"gold_gain":0.0,"event_name":"Golden Wing","player_choice":"Card Removal","floor":14.0,"gold_loss":0.0,"damage_taken":7.0},{"damage_healed":0.0,"max_hp_gain":0.0,"max_hp_loss":0.0,"gold_gain":0.0,"event_name":"The Library","player_choice":"Read","floor":27.0,"gold_loss":0.0,"damage_taken":0.0,"cards_obtained":["Collect"]},{"damage_healed":0.0,"max_hp_gain":0.0,"max_hp_loss":0.0,"gold_gain":0.0,"event_name":"Duplicator","player_choice":"Copied","floor":28.0,"gold_loss":0.0,"damage_taken":0.0,"cards_obtained":["Hologram"]},{"damage_healed":0.0,"max_hp_gain":0.0,"max_hp_loss":0.0,"gold_gain":0.0,"event_name":"SensoryStone","player_choice":"Memory 3","floor":38.0,"gold_loss":0.0,"damage_taken":10.0},{"damage_healed":0.0,"max_hp_gain":0.0,"max_hp_loss":0.0,"gold_gain":0.0,"event_name":"MindBloom","player_choice":"Fight","floor":42.0,"gold_loss":0.0,"damage_taken":0.0},{"damage_healed":56,"gold_gain":0,"player_choice":"Heal","damage_taken":0,"max_hp_gain":0,"max_hp_loss":12,"event_name":"The Moai Head","floor":44,"gold_loss":0},{"cards_removed":["Purity"],"damage_healed":0,"gold_gain":0,"player_choice":"Removed Skill","damage_taken":0,"max_hp_gain":0,"max_hp_loss":0,"event_name":"Falling","floor":48,"gold_loss":0}],"is_beta":false,"boss_relics":[{"not_picked":["Runic Dome","Coffee Dripper"],"picked":"SlaversCollar"},{"not_picked":["Tiny House","Calling Bell"],"picked":"Cursed Key"}],"items_purged_floors":[12,20,36],"is_endless":false,"potions_floor_spawned":[3,11,13,16,22,24,29,33,35,37,41,47],"killed_by":"Awakened One","ascension_level":15}}