{"host":"tjq6rykv202u6iqx","time":1610162931,"event":{"mods":["AchievementEnabler","BaseMod","Minty Spire (QoL Compilation)","Rare Cards Sparkle","Relic Stats"],"gold_per_floor":[114,133,151,226,226,226,253,253,333,377,377,396,425,425,425,508,508,533,557,482,9,21,21,50,50,59,59,59,96,115,142,142,227,227,244,253,302,20,49,83,83,121,121,144,158,158,192,227,227,227,227,227],"floor_reached":51,"playtime":4242,"items_purged":["Defend_P"],"score":1891,"play_id":"3187eefc-2e5c-41f6-b023-decec1297411","local_time":"20210108212850","is_ascension_mode":true,"campfire_choices":[{"data":"BowlingBash","floor":6.0,"key":"SMITH"},{"floor":8.0,"key":"REST"},{"data":"Devotion","floor":11.0,"key":"SMITH"},{"floor":15.0,"key":"REST"},{"data":"Pray","floor":23.0,"key":"SMITH"},{"floor":25.0,"key":"REST"},{"floor":27.0,"key":"REST"},{"data":"Vault","floor":32.0,"key":"SMITH"},{"data":"Wallop","floor":41.0,"key":"SMITH"},{"floor":46,"key":"RECALL"},{"floor":49,"key":"REST"}],"circlet_count":0,"master_deck":["AscendersBane","Strike_P","Strike_P","Strike_P","Strike_P","Defend_P","Defend_P","Eruption","Vigilance","Devotion+1","Halt","Pray+1","BowlingBash+1","CutThroughFate","FearNoEvil","Wireheading","Omniscience+1","Vault+1","WheelKick+1","Protect","Weave","Tantrum","Decay","Consecrate+1","Wallop+1","SpiritShield","PanicButton","Master of Strategy","FlurryOfBlows","Prostrate+1","Scrawl","MentalFortress+1","ThirdEye+1","WheelKick+1"],"relics":["HolyWater","Orichalcum","StrikeDummy","CeramicFish","Cursed Key","PreservedInsect","Blood Vial","HornCleat","Happy Flower","FossilizedHelix","Frozen Egg 2","Pen Nib","Torii","Art of War"],"acts_visited":["Exordium","TheCity","TheBeyond"],"potions_floor_usage":[45,50],"damage_taken":[{"damage":23.0,"enemies":"Jaw Worm","floor":1.0,"turns":4.0},{"damage":0.0,"enemies":"Cultist","floor":2.0,"turns":3.0},{"damage":0.0,"enemies":"Small Slimes","floor":3.0,"turns":2.0},{"damage":26.0,"enemies":"3 Sentries","floor":7.0,"turns":12.0},{"damage":0.0,"enemies":"Lagavulin","floor":10.0,"turns":4.0},{"damage":7.0,"enemies":"Exordium Thugs","floor":12.0,"turns":4.0},{"damage":9.0,"enemies":"Looter","floor":13.0,"turns":4.0},{"damage":0.0,"enemies":"Slime Boss","floor":16.0,"turns":6.0},{"damage":17.0,"enemies":"Spheric Guardian","floor":18.0,"turns":5.0},{"damage":19.0,"enemies":"Shell Parasite","floor":19.0,"turns":5.0},{"damage":3.0,"enemies":"Sentry and Sphere","floor":22.0,"turns":4.0},{"damage":16.0,"enemies":"Snake Plant","floor":24.0,"turns":3.0},{"damage":0.0,"enemies":"Book of Stabbing","floor":29.0,"turns":3.0},{"damage":13.0,"enemies":"Cultist and Chosen","floor":30.0,"turns":4.0},{"damage":0.0,"enemies":"Gremlin Leader","floor":31.0,"turns":3.0},{"damage":7.0,"enemies":"Collector","floor":33.0,"turns":4.0},{"damage":0.0,"enemies":"Orb Walker","floor":35.0,"turns":3.0},{"damage":22.0,"enemies":"2 Orb Walkers","floor":37.0,"turns":5.0},{"damage":11.0,"enemies":"3 Darklings","floor":39.0,"turns":4.0},{"damage":10.0,"enemies":"Reptomancer","floor":40.0,"turns":5.0},{"damage":0.0,"enemies":"Nemesis","floor":42.0,"turns":5.0},{"damage":0,"enemies":"Transient","floor":44,"turns":7},{"damage":0,"enemies":"4 Shapes","floor":45,"turns":3},{"damage":0,"enemies":"Mind Bloom Boss Battle","floor":47,"turns":8},{"damage":0,"enemies":"Giant Head","floor":48,"turns":5},{"damage":33,"enemies":"Awakened One","floor":50,"turns":12},{"damage":66,"enemies":"Time Eater","floor":51,"turns":5}],"seed_played":"4611979646561386608","potions_obtained":[{"floor":2.0,"key":"FearPotion"},{"floor":5.0,"key":"EntropicBrew"},{"floor":22.0,"key":"SpeedPotion"},{"floor":29.0,"key":"CultistPotion"},{"floor":35.0,"key":"SteroidPotion"},{"floor":44,"key":"Ancient Potion"},{"floor":45,"key":"StancePotion"}],"is_trial":false,"path_per_floor":["M","M","M","?","?","R","E","R","T","E","R","M","M","?","R","B",null,"M","M","?","$","M","R","M","R","T","R","?","E","M","E","R","B",null,"M","?","?","$","M","E","R","E","T","M","M","R","?","E","R","B","B"],"character_chosen":"WATCHER","items_purchased":["PreservedInsect","Weave","Blood Vial","Master of Strategy","Fruit Juice"],"campfire_rested":5,"item_purchase_floors":[21,21,21,38,38],"current_hp_per_floor":[38,38,38,27,27,27,1,19,19,19,19,12,3,3,21,21,52,35,16,16,16,15,15,1,19,19,37,20,22,11,13,13,8,52,54,49,29,29,20,12,12,14,14,16,23,23,25,27,48,17,0,0],"gold":227,"neow_bonus":"THREE_RARE_CARDS","is_daily":false,"chose_seed":false,"campfire_upgraded":5,"win_rate":0.0,"timestamp":1610162930,"path_taken":["M","M","M","?","?","R","E","R","T","E","R","M","?","?","R","BOSS","M","M","?","$","M","R","M","R","T","R","?","E","M","E","R","BOSS","M","?","?","$","M","E","R","E","T","M","M","R","?","E","R","BOSS","BOSS"],"items_purchased_type":["Relic","Card","Relic","Card","Potion"],"build_version":"2020-12-22","purchased_purges":1,"victory":false,"max_hp_per_floor":[62,62,62,62,62,62,62,62,62,62,62,62,62,62,62,62,62,62,62,62,62,62,62,62,62,62,62,67,67,67,67,67,67,67,67,67,67,67,67,67,67,67,67,67,72,72,72,72,72,72,72,72],"relic_stats":{"Blood Vial":34,"Happy Flower":[22],"Torii":0,"counters":[27,132],"CeramicFish":180,"PreservedInsect":335,"Pen Nib":[12],"Art of War":[2],"Orichalcum":[180],"Cursed Key":1,"obtain_stats":[{"Happy Flower":31,"Torii":47,"CeramicFish":10,"PreservedInsect":21,"Pen Nib":42,"Orichalcum":7,"Frozen Egg 2":40,"Cursed Key":17,"Blood Vial":21,"HornCleat":29,"HolyWater":34,"Art of War":48,"PureWater":0,"StrikeDummy":9,"FossilizedHelix":37},{"Happy Flower":15,"Torii":24,"CeramicFish":5,"PreservedInsect":10,"Pen Nib":21,"Orichalcum":4,"Frozen Egg 2":20,"Cursed Key":8,"Blood Vial":10,"HornCleat":13,"HolyWater":16,"Art of War":25,"PureWater":0,"StrikeDummy":4,"FossilizedHelix":18},{"Happy Flower":66,"Torii":110,"CeramicFish":25,"PreservedInsect":49,"Pen Nib":92,"Orichalcum":21,"Frozen Egg 2":87,"Cursed Key":39,"Blood Vial":49,"HornCleat":59,"HolyWater":70,"Art of War":115,"PureWater":0,"StrikeDummy":21,"FossilizedHelix":78}]},"card_choices":[{"not_picked":["MasterReality","Omniscience"],"picked":"Devotion","floor":0.0},{"not_picked":["PathToVictory","LikeWater"],"picked":"Halt","floor":1.0},{"not_picked":["JustLucky","Crescendo"],"picked":"Pray","floor":2.0},{"not_picked":["JustLucky","FollowUp"],"picked":"BowlingBash","floor":3.0},{"not_picked":["Evaluate","Conclude"],"picked":"CutThroughFate","floor":7.0},{"not_picked":["BowlingBash","Crescendo"],"picked":"FearNoEvil","floor":10.0},{"not_picked":["Halt","Indignation"],"picked":"Wireheading","floor":12.0},{"not_picked":["JustLucky","Meditate"],"picked":"Omniscience","floor":13.0},{"not_picked":["MasterReality","Alpha"],"picked":"Vault","floor":16.0},{"not_picked":["CutThroughFate","Consecrate"],"picked":"WheelKick+1","floor":18.0},{"not_picked":["InnerPeace","ClearTheMind"],"picked":"Protect","floor":19.0},{"not_picked":["Swivel","SignatureMove","JustLucky"],"picked":"SKIP","floor":22.0},{"not_picked":["Swivel","SignatureMove","JustLucky"],"picked":"SKIP","floor":22.0},{"not_picked":["Establishment","JustLucky"],"picked":"Tantrum","floor":24.0},{"not_picked":["Crescendo","CrushJoints"],"picked":"Consecrate+1","floor":29.0},{"not_picked":["Study","ClearTheMind"],"picked":"Wallop","floor":30.0},{"not_picked":["CutThroughFate","SandsOfTime","Perseverance"],"picked":"SKIP","floor":31.0},{"not_picked":["MasterReality","DevaForm"],"picked":"SpiritShield","floor":33.0},{"not_picked":["Worship","SandsOfTime","FollowUp"],"picked":"SKIP","floor":35.0},{"not_picked":["HandOfGreed","Jack Of All Trades"],"picked":"PanicButton","floor":36.0},{"not_picked":["Prostrate","ClearTheMind"],"picked":"FlurryOfBlows","floor":39.0},{"not_picked":["Crescendo","FlurryOfBlows"],"picked":"Prostrate+1","floor":40.0},{"not_picked":["SashWhip+1","EmptyFist"],"picked":"Scrawl","floor":42.0},{"not_picked":["FlyingSleeves","EmptyBody+1"],"picked":"MentalFortress+1","floor":44},{"not_picked":["CrushJoints","Conclude","Crescendo+1"],"picked":"SKIP","floor":45},{"not_picked":["WheelKick","Wallop"],"picked":"ThirdEye+1","floor":47},{"not_picked":["Wireheading+1","EmptyFist"],"picked":"WheelKick+1","floor":48}],"player_experience":807149,"relics_obtained":[{"floor":7.0,"key":"Orichalcum"},{"floor":9.0,"key":"StrikeDummy"},{"floor":10.0,"key":"CeramicFish"},{"floor":29.0,"key":"HornCleat"},{"floor":31.0,"key":"Happy Flower"},{"floor":37.0,"key":"FossilizedHelix"},{"floor":40.0,"key":"Frozen Egg 2"},{"floor":42.0,"key":"Pen Nib"},{"floor":47,"key":"Torii"},{"floor":48,"key":"Art of War"}],"event_choices":[{"damage_healed":0.0,"max_hp_gain":0.0,"max_hp_loss":0.0,"gold_gain":75.0,"event_name":"World of Goop","player_choice":"Gather Gold","floor":4.0,"gold_loss":0.0,"damage_taken":11.0},{"damage_healed":0.0,"max_hp_gain":0.0,"max_hp_loss":0.0,"gold_gain":0.0,"event_name":"Lab","player_choice":"Got Potions","floor":5.0,"gold_loss":0.0,"damage_taken":0.0},{"damage_healed":0.0,"max_hp_gain":0.0,"max_hp_loss":0.0,"gold_gain":0.0,"event_name":"Accursed Blacksmith","player_choice":"Forge","floor":14.0,"gold_loss":0.0,"damage_taken":0.0,"cards_upgraded":["Omniscience"]},{"cards_removed":["Defend_P"],"damage_healed":0.0,"max_hp_gain":0.0,"max_hp_loss":0.0,"gold_gain":0.0,"event_name":"Beggar","player_choice":"Gave Gold","floor":20.0,"gold_loss":75.0,"damage_taken":0.0},{"damage_healed":0.0,"max_hp_gain":5.0,"max_hp_loss":0.0,"gold_gain":0.0,"event_name":"Forgotten Altar","player_choice":"Shed Blood","floor":28.0,"gold_loss":0.0,"damage_taken":22.0},{"damage_healed":0.0,"max_hp_gain":0.0,"max_hp_loss":0.0,"gold_gain":0.0,"event_name":"SensoryStone","player_choice":"Memory 2","floor":36.0,"gold_loss":0.0,"damage_taken":5.0},{"damage_healed":0.0,"max_hp_gain":0.0,"max_hp_loss":0.0,"gold_gain":0.0,"event_name":"Mysterious Sphere","player_choice":"Fight","floor":37.0,"gold_loss":0.0,"damage_taken":0.0},{"damage_healed":0,"gold_gain":0,"player_choice":"Fight","damage_taken":0,"max_hp_gain":0,"max_hp_loss":0,"event_name":"MindBloom","floor":47,"gold_loss":0}],"is_beta":false,"boss_relics":[{"not_picked":["SlaversCollar","Fusion Hammer"],"picked":"Cursed Key"},{"not_picked":["Runic Dome","Sozu"],"picked":"HolyWater"}],"items_purged_floors":[21],"is_endless":false,"potions_floor_spawned":[2,7,13,22,29,31,35,44,45],"killed_by":"Time Eater","ascension_level":20}}