{"host":"7eytxr1oawi6r5nr","time":1610221387,"event":{"mods":["BaseMod","Bestiary","Better Third Choice","Curses Come First","Dark Map","Downfall","Gremlin Mod","Hermit","Hubris","Jorbs\u0027s Wanderer Trilogy","Minty Spire (QoL Compilation)","Permanent Neow","Quick Restart","Rare Cards Sparkle","Replay The Spire","Robot Space Explorer","Spicy Shops","StSLib","The Disciple","The Runesmith"],"gold_per_floor":[112,129,149,149,149,149,74,108,108,126,151,151,166,185,216,228,228,332,332,342,360,435,445,462,462,462,462,462,462,517,517,528,546,546,270,270,373,473,483,483,503,523,537,562,562,562,586,586,586,605,280,299,299,299,299],"floor_reached":54,"playtime":4567,"items_purged":["Runesmith:Strike_RS","Runesmith:Strike_RS","Runesmith:Strike_RS","Runesmith:Strike_RS+1","Runesmith:Defend_RS"],"score":586,"play_id":"524eeb53-869e-4830-89ed-488630d3416e","local_time":"20210109194307","is_ascension_mode":true,"campfire_choices":[{"data":"Runesmith:Grindstone","floor":9.0,"key":"SMITH"},{"data":"Runesmith:Permafrost","floor":12.0,"key":"SMITH"},{"data":"Runesmith:FieryHammer","floor":17.0,"key":"SMITH"},{"data":"Runesmith:PoweredAnvil","floor":25.0,"key":"SMITH"},{"data":"Runesmith:GrandSlam","floor":29.0,"key":"SMITH"},{"floor":31.0,"key":"REST"},{"floor":36,"key":"REST"},{"floor":45,"key":"REST"},{"floor":53,"key":"REST"}],"circlet_count":0,"master_deck":["Runesmith:Defend_RS","Runesmith:Defend_RS","Runesmith:Defend_RS","Runesmith:CraftFirestone","Runesmith:Fortify+1","Runesmith:RuneHurl","Runesmith:EnergizedChisel","Runesmith:Grindstone+1","Runesmith:Permafrost+1","Runesmith:CraftIncendium","Pot Of Greed","Pot Of Greed","Runesmith:HeatedChisel","Runesmith:FieryHammer+1","Runesmith:MakeshiftArmor","Runesmith:GrandSlam+1","Runesmith:StaticCage+1","Runesmith:HammerThrow","Runesmith:PoweredAnvil+1","Runesmith:FissionHammer","Runesmith:NanitesCloud","Runesmith:CraftObretio","Pot Of Greed","Runesmith:LithiumIon","Runesmith:LithiumIon","Runesmith:CreatorForm","Runesmith:CraftProtectio","Runesmith:EarthShield+1","Runesmith:CraftVitae"],"relics":["Runesmith:BrokenRuby","Lizard Tail","MealTicket","Grinning Jar","Regal Pillow","Sozu","hubris:Towel","Runesmith:MiniCore","Replay:Bottled Flurry","Replay:Wanted Poster","Juzu Bracelet","Runesmith:AutoHammer","hubris:Icosahedron"],"acts_visited":["Exordium","TheCity","TheBeyond"],"potions_floor_usage":[],"damage_taken":[{"damage":0.0,"enemies":"2 Louse","floor":1.0,"turns":3.0},{"damage":6.0,"enemies":"Jaw Worm","floor":2.0,"turns":3.0},{"damage":0.0,"enemies":"Cultist","floor":3.0,"turns":3.0},{"damage":5.0,"enemies":"Lagavulin","floor":8.0,"turns":7.0},{"damage":4.0,"enemies":"Large Slime","floor":10.0,"turns":4.0},{"damage":0.0,"enemies":"Exordium Wildlife","floor":13.0,"turns":6.0},{"damage":0.0,"enemies":"Looter","floor":14.0,"turns":4.0},{"damage":13.0,"enemies":"3 Sentries","floor":15.0,"turns":6.0},{"damage":0.0,"enemies":"Red Slaver","floor":16.0,"turns":3.0},{"damage":36.0,"enemies":"Hexaghost","floor":18.0,"turns":11.0},{"damage":0.0,"enemies":"Chosen","floor":20.0,"turns":4.0},{"damage":16.0,"enemies":"2 Thieves","floor":21.0,"turns":4.0},{"damage":7.0,"enemies":"3 Cultists","floor":23.0,"turns":4.0},{"damage":0.0,"enemies":"Snecko","floor":24.0,"turns":6.0},{"damage":47.0,"enemies":"Cultist and Chosen","floor":32.0,"turns":5.0},{"damage":20.0,"enemies":"Snake Plant","floor":33.0,"turns":5.0},{"damage":16,"enemies":"Collector","floor":37,"turns":9},{"damage":0,"enemies":"3 Darklings","floor":39,"turns":3},{"damage":39,"enemies":"Orb Walker","floor":41,"turns":6},{"damage":14,"enemies":"3 Darklings","floor":42,"turns":5},{"damage":8,"enemies":"Jaw Worm Horde","floor":43,"turns":6},{"damage":0,"enemies":"Giant Head","floor":44,"turns":10},{"damage":13,"enemies":"Spire Growth","floor":50,"turns":6},{"damage":1,"enemies":"Sphere and 2 Shapes","floor":52,"turns":6},{"damage":77,"enemies":"Awakened One","floor":54,"turns":6}],"seed_played":"2805980054757574217","potions_obtained":[{"floor":1.0,"key":"FearPotion"},{"floor":2.0,"key":"FearPotion"},{"floor":3.0,"key":"Dexterity Potion"},{"floor":10.0,"key":"Dexterity Potion"},{"floor":18.0,"key":"AttackPotion"}],"is_trial":false,"path_per_floor":["M","M","M","PTL","PTL","?","$","E","R","M","T","R","M","M","E","M","R","B",null,"M","M","?","M","M","R","?","PTL","PTL","R","T","R","M","M","T","$","R","B",null,"M","?","M","M","M","E","R","?","T","?","?","M","$","M","R","B"],"character_chosen":"RUNESMITH_CLASS","items_purchased":["Runesmith:LithiumIon"],"campfire_rested":4,"item_purchase_floors":[35],"current_hp_per_floor":[49,43,43,43,43,29,29,24,24,20,20,20,20,20,7,7,7,7,70,70,54,47,40,40,40,40,40,40,40,40,70,23,3,3,18,54,38,70,70,70,31,17,9,9,45,45,45,45,45,32,47,46,70,0,0],"gold":299,"neow_bonus":"ONE_RARE_RELIC","is_daily":false,"chose_seed":false,"campfire_upgraded":5,"win_rate":0.0,"timestamp":1610221387,"path_taken":["M","M","M","PTL","PTL","?","$","E","R","M","T","R","M","M","E","M","R","BOSS","M","M","?","M","?","R","?","PTL","PTL","R","T","R","M","M","?","$","R","BOSS","M","?","?","M","M","E","R","?","T","?","?","M","$","M","R","BOSS"],"items_purchased_type":["Card"],"build_version":"2020-12-22","purchased_purges":5,"victory":false,"max_hp_per_floor":[70,70,70,70,70,70,70,70,70,70,70,70,70,70,70,70,70,70,70,70,70,70,70,70,70,70,70,70,70,70,70,70,70,70,70,70,70,70,70,70,70,70,70,70,70,70,70,70,70,70,70,70,70,70,70],"card_choices":[{"not_picked":["Runesmith:Refine","Runesmith:Terraform"],"picked":"Runesmith:RuneHurl","floor":1.0},{"not_picked":["Runesmith:CraftMagma","Runesmith:BackupBattery"],"picked":"Runesmith:EnergizedChisel","floor":2.0},{"not_picked":["Runesmith:Empowerment","Runesmith:Repurpose"],"picked":"Runesmith:Grindstone","floor":3.0},{"not_picked":["Runesmith:PerfectChisel","Runesmith:StaticCage"],"picked":"Runesmith:Permafrost","floor":8.0},{"not_picked":["Runesmith:ShiftingStrike","Runesmith:EnergizedChisel"],"picked":"Runesmith:CraftIncendium","floor":10.0},{"not_picked":["Runesmith:WhiteBalance","Runesmith:LightningRod"],"picked":"Runesmith:HeatedChisel","floor":13.0},{"not_picked":["Runesmith:CraftSpiculum","Runesmith:WhiteBalance"],"picked":"Runesmith:FieryHammer","floor":14.0},{"not_picked":["Runesmith:Prism","Runesmith:HeatedChisel","Runesmith:ChargedHammer"],"picked":"SKIP","floor":15.0},{"not_picked":["Runesmith:Prism","Runesmith:HeatedChisel","Runesmith:ChargedHammer"],"picked":"SKIP","floor":15.0},{"not_picked":["Runesmith:UnstableHammer","Runesmith:Grindstone"],"picked":"Runesmith:MakeshiftArmor","floor":16.0},{"not_picked":["Runesmith:CraftIndustria","Runesmith:CraftMedicinae"],"picked":"Runesmith:GrandSlam","floor":18.0},{"not_picked":["Runesmith:ShiftingStrike","Runesmith:Overpower"],"picked":"Runesmith:StaticCage+1","floor":20.0},{"not_picked":["Runesmith:Repurpose","Runesmith:HeatExchange+1"],"picked":"Runesmith:HammerThrow","floor":21.0},{"not_picked":["Runesmith:CraftMagma+1","Runesmith:Repurpose"],"picked":"Runesmith:PoweredAnvil","floor":23.0},{"not_picked":["Runesmith:Repurpose","Runesmith:CraftReservo"],"picked":"Runesmith:FissionHammer","floor":24.0},{"not_picked":["Runesmith:BackupBattery+1","Runesmith:RuneHurl"],"picked":"Runesmith:NanitesCloud","floor":32.0},{"not_picked":["Runesmith:BackupBattery","Runesmith:EnergizedChisel"],"picked":"Runesmith:CraftObretio","floor":33.0},{"not_picked":["Runesmith:GenerateForcefield","Runesmith:LightningRod"],"picked":"Runesmith:CreatorForm","floor":37},{"not_picked":["Runesmith:HeatedChisel+1","Runesmith:HammerAndChisel+1","Runesmith:Accelerate+1"],"picked":"SKIP","floor":39},{"not_picked":["Runesmith:LightningRod","Runesmith:BackupBattery"],"picked":"Runesmith:CraftProtectio","floor":41},{"not_picked":["Runesmith:Grindstone","Runesmith:UnstableHammer+1"],"picked":"Runesmith:EarthShield+1","floor":42},{"not_picked":["Runesmith:EnergizedChisel","Runesmith:ChiselStab+1","Runesmith:MakeshiftArmor+1"],"picked":"SKIP","floor":43},{"not_picked":["Runesmith:Grindstone+1","Runesmith:Reinforce+1","Runesmith:GoWithTheFlow"],"picked":"SKIP","floor":44},{"not_picked":["Runesmith:Overpower","Runesmith:Retool","Runesmith:MakeshiftArmor+1"],"picked":"SKIP","floor":50},{"not_picked":["Runesmith:EnergizedChisel+1","Runesmith:StaticCage"],"picked":"Runesmith:CraftVitae","floor":52}],"player_experience":164182,"relics_obtained":[{"floor":8.0,"key":"MealTicket"},{"floor":11.0,"key":"Grinning Jar"},{"floor":15.0,"key":"Regal Pillow"},{"floor":30.0,"key":"Runesmith:MiniCore"},{"floor":34.0,"key":"Replay:Bottled Flurry"},{"floor":44,"key":"Juzu Bracelet"},{"floor":47,"key":"Runesmith:AutoHammer"}],"event_choices":[{"damage_healed":43.0,"max_hp_gain":0.0,"max_hp_loss":70.0,"gold_gain":0.0,"event_name":"betterThird:BetterShining","player_choice":"Upgrade","floor":6.0,"gold_loss":0.0,"damage_taken":14.0,"cards_upgraded":["Runesmith:Strike_RS","Runesmith:Fortify"]},{"damage_healed":0.0,"max_hp_gain":0.0,"max_hp_loss":0.0,"gold_gain":75.0,"event_name":"FaceTrader","player_choice":"Touch","floor":22.0,"gold_loss":0.0,"damage_taken":7.0},{"damage_healed":0,"gold_gain":0,"player_choice":"Bought 0 Potions","damage_taken":0,"max_hp_gain":0,"max_hp_loss":0,"event_name":"The Woman in Blue","floor":40,"gold_loss":0},{"damage_healed":0,"gold_gain":0,"player_choice":"Ignored","damage_taken":0,"max_hp_gain":0,"max_hp_loss":0,"event_name":"betterThird:BetterPortal","floor":46,"gold_loss":0},{"damage_healed":0,"gold_gain":0,"player_choice":"Ignored","damage_taken":0,"max_hp_gain":0,"max_hp_loss":0,"event_name":"Tomb of Lord Red Mask","floor":49,"gold_loss":0}],"is_beta":false,"boss_relics":[{"not_picked":["SacredBark","Runic Dome"],"picked":"Sozu"},{"not_picked":["Honey Jar","Replay:Grab Bag"],"picked":"Replay:Wanted Poster"}],"items_purged_floors":[7,35,35,51,51],"is_endless":false,"potions_floor_spawned":[1,2,3,10,14,18,20,32,33,39,43,50,52],"killed_by":"Awakened One","ascension_level":1}}