{"host":"i2ir6b55gxkcwpt4","time":1610209403,"event":{"mods":["BaseMod","Colored Map","Colored Powertips","Lobotomy","Marisa£®ÏF”Í°°ƒß¿Ì…≥£©","Minty Spire (QoL Compilation)","Reimu£®≤©¿ˆ¡È√Œ£©"],"gold_per_floor":[117,117,117,127,4,39,39,53,79,79,95,95,113,147,147,248,248,234,234,234,14,14,44,61,61,88,117,78,78,52,66,66,66,66],"floor_reached":33,"playtime":3732,"items_purged":[],"score":341,"play_id":"5b1f6c96-519b-4e4f-b209-42343f11d014","local_time":"20210110002323","is_ascension_mode":false,"campfire_choices":[{"floor":7,"key":"REST"},{"floor":15,"key":"REST"},{"floor":32,"key":"REST"}],"circlet_count":0,"master_deck":["SpecialBullet","SpecialBullet","SpecialBullet","SpecialBullet","SpecialBullet","SpecialBullet","SpecialBullet","SpecialBullet","TrainingCode","CentralCode","ControlCode","Bloodbath","Beak+1","CherryBlossoms","Penitence","ScreamingWedge","TodaysExpression","ShyLook","Spore","UniverseFragment","SoundOfStar","OldLady","Galaxy","InformationCode","Rudolta","Regret_ego","SpiderBud","Mimicry","VoidDream","ParadiseLost","BeautyBeast","SomewhereSpear","RitualDagger","Wingbeat","Tough","FourthMatchFlame","SpecialBullet","QueenBee","MagicBullet+1","Wellcheers","Wingbeat+1","Logging","Loneliness","Laetitia","Discord"],"relics":["CogitoBucket","Mastiff:ReiMu","Anchor","RuthlessExorcism:ReiMu","AspirationHeart","Whetstone","SlaversCollar","Bag of Marbles","Question Card","BackwardClock","Bronze Scales","Bottled Flame"],"acts_visited":["Exordium","TheCity"],"potions_floor_usage":[13,16,18,33,33],"damage_taken":[{"damage":0,"enemies":"Small Slimes","floor":1,"turns":2},{"damage":6,"enemies":"Cultist","floor":4,"turns":3},{"damage":21,"enemies":"3 Sentries","floor":6,"turns":8},{"damage":1,"enemies":"Jaw Worm","floor":8,"turns":3},{"damage":6,"enemies":"Exordium Wildlife","floor":11,"turns":3},{"damage":5,"enemies":"Large Slime","floor":13,"turns":10},{"damage":18,"enemies":"Lagavulin","floor":14,"turns":8},{"damage":18,"enemies":"Hexaghost","floor":16,"turns":12},{"damage":11,"enemies":"2 Thieves","floor":18,"turns":4},{"damage":0,"enemies":"Slavers","floor":23,"turns":1},{"damage":12,"enemies":"3 Byrds","floor":24,"turns":12},{"damage":13,"enemies":"Gremlin Leader","floor":27,"turns":9},{"damage":0,"enemies":"Sentry and Sphere","floor":31,"turns":4},{"damage":79,"enemies":"Automaton","floor":33,"turns":16}],"seed_played":"-1663572528484313651","potions_obtained":[{"floor":4,"key":"Fire Potion"},{"floor":6,"key":"Explosive Potion"},{"floor":13,"key":"Block Potion"},{"floor":24,"key":"Ancient Potion"},{"floor":31,"key":"MagicPotion:ReiMu"}],"is_trial":false,"path_per_floor":["M","?","?","M","$","E","R","M","T","R","M","R","M","E","R","B",null,"M","?","?","$","?","E","M","R","T","E","$","R","$","M","R","B"],"character_chosen":"Angela","items_purchased":["ScreamingWedge","TodaysExpression","Bag of Marbles","Wingbeat","Tough","Logging","Loneliness"],"campfire_rested":3,"item_purchase_floors":[5,5,21,21,21,28,30],"current_hp_per_floor":[70,56,56,51,51,32,53,52,52,52,47,47,55,39,63,47,80,69,63,63,63,63,63,51,51,51,40,40,40,40,43,67,0,0],"gold":66,"neow_bonus":"RANDOM_COMMON_RELIC","is_daily":false,"chose_seed":false,"campfire_upgraded":0,"win_rate":0.0,"timestamp":1610209403,"path_taken":["M","?","?","M","$","E","R","M","T","R","?","R","M","E","R","BOSS","M","?","?","$","?","E","M","R","T","E","?","R","$","M","R","BOSS"],"items_purchased_type":["Card","Card","Relic","Card","Card","Card","Card"],"build_version":"2020-12-22","purchased_purges":0,"victory":false,"max_hp_per_floor":[70,70,70,70,70,70,70,70,70,70,70,70,80,80,80,80,80,80,80,80,80,80,80,80,80,80,80,80,80,80,80,80,80,80],"card_choices":[{"not_picked":["WhitesApple","CrumblingArmor"],"picked":"Bloodbath","floor":1},{"not_picked":["Pleasure"],"picked":"Beak","floor":1},{"not_picked":["FairyFestival","Scorched"],"picked":"CherryBlossoms","floor":4},{"not_picked":["MagicBullet"],"picked":"Penitence","floor":4},{"not_picked":["Yin","FairyFestival"],"picked":"ShyLook","floor":6},{"not_picked":["FourthMatchFlame"],"picked":"Spore","floor":6},{"not_picked":["OSAHOGD","Wellcheers"],"picked":"UniverseFragment","floor":8},{"not_picked":["CUTE"],"picked":"SoundOfStar","floor":8},{"not_picked":["MeatLantern","FairyFestival"],"picked":"OldLady","floor":11},{"not_picked":["SomewhereSpear"],"picked":"Galaxy","floor":11},{"not_picked":["GreedKing","VoidDream"],"picked":"Rudolta","floor":13},{"not_picked":["Tough"],"picked":"Regret_ego","floor":13},{"not_picked":["Murderer","CENSORED"],"picked":"SpiderBud","floor":14},{"not_picked":["FeatherOfHonor"],"picked":"Mimicry","floor":14},{"not_picked":["FairyFestival","CrumblingArmor"],"picked":"VoidDream","floor":16},{"not_picked":["Twilight"],"picked":"ParadiseLost","floor":16},{"not_picked":["MHz","SnowQueen"],"picked":"BeautyBeast","floor":18},{"not_picked":["RapturousDream"],"picked":"SomewhereSpear","floor":18},{"not_picked":["ParadiseLost"],"picked":"FourthMatchFlame","floor":23},{"not_picked":["Wellcheers","WhiteNight"],"picked":"QueenBee","floor":24},{"not_picked":["TodaysExpression","Horn"],"picked":"MagicBullet+1","floor":24},{"not_picked":["FairyFestival","MeatLantern"],"picked":"Wellcheers","floor":27},{"not_picked":["SoundOfStar","FrostShard"],"picked":"Wingbeat+1","floor":27},{"not_picked":["Murderer","WallGazer"],"picked":"Laetitia","floor":31},{"not_picked":["TodaysExpression","CrimsonScar"],"picked":"Discord","floor":31}],"player_experience":75935,"relics_obtained":[{"floor":6,"key":"Anchor"},{"floor":9,"key":"RuthlessExorcism:ReiMu"},{"floor":14,"key":"Whetstone"},{"floor":23,"key":"Question Card"},{"floor":26,"key":"Bronze Scales"},{"floor":27,"key":"Bottled Flame"}],"event_choices":[{"damage_healed":0,"gold_gain":0,"player_choice":"Entered Light","damage_taken":14,"max_hp_gain":0,"max_hp_loss":0,"event_name":"Shining Light","floor":2,"gold_loss":0,"cards_upgraded":["Beak"]},{"damage_healed":0,"gold_gain":0,"player_choice":"Ignored","damage_taken":0,"max_hp_gain":0,"max_hp_loss":0,"event_name":"Upgrade Shrine","floor":3,"gold_loss":0},{"damage_healed":0,"gold_gain":0,"player_choice":"Joined the Cult","damage_taken":6,"max_hp_gain":0,"max_hp_loss":0,"event_name":"Nest","floor":19,"gold_loss":0,"cards_obtained":["RitualDagger"]},{"damage_healed":0,"gold_gain":0,"player_choice":"Ignored","damage_taken":0,"max_hp_gain":0,"max_hp_loss":0,"event_name":"Ghosts","floor":20,"gold_loss":0},{"damage_healed":0,"gold_gain":0,"player_choice":"Simplicity","damage_taken":0,"max_hp_gain":0,"max_hp_loss":0,"event_name":"Back to Basics","floor":22,"gold_loss":0,"cards_upgraded":[]}],"is_beta":false,"boss_relics":[{"not_picked":["Velvet Choker","SacredBark"],"picked":"SlaversCollar"}],"items_purged_floors":[],"is_endless":false,"potions_floor_spawned":[4,6,13,24,31],"killed_by":"Automaton","ascension_level":0}}