{"host":"4rvakrj1idbgia3f","time":1610153839,"event":{"mods":["BaseMod","Colored Map","Colored Powertips","DeckTracker","Highlight Path","Minty Spire (QoL Compilation)","Random Character Button","StSLib"],"gold_per_floor":[110,129,143,66,141,141,175,175,175,175,175,175],"floor_reached":11,"playtime":483,"items_purged":[],"score":142,"play_id":"4d5ff949-2066-4afe-998a-d8a7514526c6","local_time":"20210109095719","is_ascension_mode":true,"campfire_choices":[{"data":"Bash","floor":6,"key":"SMITH"},{"data":"True Grit","floor":8,"key":"SMITH"},{"data":"Clothesline","floor":10,"key":"SMITH"}],"circlet_count":0,"master_deck":["AscendersBane","Strike_R","Strike_R","Strike_R","Strike_R","Defend_R","Defend_R","Defend_R","Defend_R","Bash+1","Sword Boomerang","Shrug It Off","Clothesline+1","Feel No Pain","True Grit+1"],"relics":["Burning Blood","WingedGreaves","Molten Egg 2"],"acts_visited":["Exordium"],"potions_floor_usage":[11],"damage_taken":[{"damage":13,"enemies":"Cultist","floor":1,"turns":5},{"damage":6,"enemies":"Small Slimes","floor":2,"turns":5},{"damage":10,"enemies":"2 Louse","floor":3,"turns":3},{"damage":30,"enemies":"3 Sentries","floor":7,"turns":22},{"damage":33,"enemies":"Lagavulin","floor":11,"turns":8}],"seed_played":"6097588794090404648","potions_obtained":[{"floor":1,"key":"SmokeBomb"},{"floor":7,"key":"BloodPotion"}],"is_trial":false,"path_per_floor":["M","M","M","$","?","R","E","R","T","R","E"],"character_chosen":"IRONCLAD","items_purchased":["Feel No Pain"],"campfire_rested":0,"item_purchase_floors":[4],"current_hp_per_floor":[61,61,57,57,46,46,22,22,22,22,4,4],"gold":175,"neow_bonus":"REMOVE_CARD","is_daily":false,"chose_seed":false,"campfire_upgraded":3,"win_rate":0.0,"timestamp":1610153839,"path_taken":["M","M","M","?","?","R","E","R","T","R","E"],"items_purchased_type":["Card"],"build_version":"2020-12-22","purchased_purges":0,"victory":false,"max_hp_per_floor":[75,75,75,75,75,75,75,75,75,75,75,75],"card_choices":[{"not_picked":["Disarm","Rage"],"picked":"Sword Boomerang","floor":1},{"not_picked":["Headbutt","Dropkick"],"picked":"Shrug It Off","floor":2},{"not_picked":["Armaments","Fire Breathing"],"picked":"Clothesline","floor":3},{"not_picked":["Thunderclap","Infernal Blade"],"picked":"True Grit","floor":7}],"player_experience":1971118,"relics_obtained":[{"floor":7,"key":"WingedGreaves"},{"floor":9,"key":"Molten Egg 2"}],"event_choices":[{"damage_healed":0,"gold_gain":75,"player_choice":"Gather Gold","damage_taken":11,"max_hp_gain":0,"max_hp_loss":0,"event_name":"World of Goop","floor":5,"gold_loss":0}],"is_beta":false,"boss_relics":[],"items_purged_floors":[],"is_endless":false,"potions_floor_spawned":[1,7],"killed_by":"Lagavulin","ascension_level":20}}