{"host":"gzsdmyo07u314vug","time":1610227301,"event":{"mods":["2.2 Compatiblity","BaseMod","Downfall","GifTheSpireLib","Minty Spire (QoL Compilation)","Quick Restart","Rare Cards Sparkle","Relic Stats","Replay The Spire","Robot Space Explorer","Shop Mod","StSLib","The Bug Knight","The Construct","The Elementalist","The IronCluck","The Marked","The Servant 0.9.4","Unceasing Turn Reminder","everything is the same but u backflip on backflip","slay the spire mod where everything is the same but ironclad has a cowboy hat","vexMod"],"gold_per_floor":[99,99,99,99,28,28,28,46,46,57,57,71,71,90,100,197,197,197,215,230,230,250,250,276,276,309,329,329,329,65,75,86,186,186,186,198,198,215,234,264,264,114,125,26,26,36,68,68,82,82],"floor_reached":51,"playtime":4830,"items_purged":["Overencumbered"],"score":899,"play_id":"08e4021e-a40b-4fae-a36d-329e502a4c65","local_time":"20210109182141","is_ascension_mode":true,"campfire_choices":[{"floor":1.0,"key":"DIG"},{"data":"Guardian:CurlUp","floor":6.0,"key":"SMITH"},{"data":"Guardian:SpikerProtocol","floor":11.0,"key":"SMITH"},{"data":"Guardian:RevengeProtocol","floor":18.0,"key":"SMITH"},{"data":"Guardian:Harden","floor":23.0,"key":"SMITH"},{"data":"Guardian:EvasiveProtocol","floor":28.0,"key":"SMITH"},{"floor":35.0,"key":"RECALL"},{"data":"Guardian:PiercingHide","floor":42.0,"key":"SMITH"},{"data":"Mayhem","floor":45.0,"key":"SMITH"},{"floor":48.0,"key":"REST"}],"circlet_count":0,"master_deck":["Guardian:Strike_Guardian+1","Guardian:Strike_Guardian+1","Guardian:Strike_Guardian+1","Guardian:Defend_Guardian+1","Guardian:Defend_Guardian+1","Guardian:Defend_Guardian+1","Guardian:Defend_Guardian+1","Guardian:CurlUp+1","Guardian:TwinSlam","Guardian:EvasiveProtocol+1","Guardian:ArmoredProtocol+1","Guardian:Harden+1","Guardian:PiercingHide+1","Guardian:SpikerProtocol+1","Guardian:StasisStrike","Guardian:RollAttack","Guardian:RevengeProtocol+1","Guardian:ArmoredProtocol","Guardian:PolyBeam+1","Guardian:ChargeUp","Guardian:Orbwalk+1","Guardian:TemporalShield+1","Guardian:FierceBash","Guardian:Harden","Mayhem+1","Guardian:SpikerProtocol+1","Guardian:SpikerProtocol+1"],"relics":["Guardian:ModeShifter","downfall:HeartsMalice","Akabeko","Blue Candle","Simple Rune","Velvet Choker","Bronze Scales","Eternal Feather","Replay:WaspNest","construct:ClawGrip","Smiling Mask","Bottled Tornado","downfall:HeartBlessingBlue","downfall:HeartBlessingRed","ReplayTheSpireMod:CursedCoin","Iron Hammer"],"acts_visited":["Exordium","TheCity","TheBeyond"],"potions_floor_usage":[50,50],"damage_taken":[{"damage":0.0,"enemies":"Jaw Worm","floor":2.0,"turns":1.0},{"damage":0.0,"enemies":"Small Slimes","floor":3.0,"turns":1.0},{"damage":0.0,"enemies":"downfall:FleeingMerchant","floor":5.0,"turns":1.0},{"damage":0.0,"enemies":"2 Louse","floor":8.0,"turns":3.0},{"damage":0.0,"enemies":"2 Fungi Beasts","floor":10.0,"turns":3.0},{"damage":0.0,"enemies":"Exordium Wildlife","floor":12.0,"turns":4.0},{"damage":2.0,"enemies":"Red Slaver","floor":14.0,"turns":4.0},{"damage":0.0,"enemies":"Exordium Wildlife","floor":15.0,"turns":4.0},{"damage":26.0,"enemies":"downfall:Defect","floor":16.0,"turns":11.0},{"damage":0.0,"enemies":"Shell Parasite","floor":19.0,"turns":5.0},{"damage":0.0,"enemies":"3 Byrds","floor":20.0,"turns":1.0},{"damage":0.0,"enemies":"3 Cultists","floor":22.0,"turns":4.0},{"damage":8.0,"enemies":"Gremlin Leader","floor":26.0,"turns":6.0},{"damage":0.0,"enemies":"Shelled Parasite and Fungi","floor":27.0,"turns":5.0},{"damage":0.0,"enemies":"downfall:FleeingMerchant","floor":30.0,"turns":4.0},{"damage":0.0,"enemies":"Centurion and Healer","floor":31.0,"turns":8.0},{"damage":2.0,"enemies":"3 Cultists","floor":32.0,"turns":4.0},{"damage":0.0,"enemies":"downfall:Silent","floor":33.0,"turns":6.0},{"damage":0.0,"enemies":"Orb Walker","floor":36.0,"turns":3.0},{"damage":3.0,"enemies":"3 Darklings","floor":38.0,"turns":5.0},{"damage":31.0,"enemies":"4 Shapes","floor":39.0,"turns":4.0},{"damage":1.0,"enemies":"Nemesis","floor":40.0,"turns":9.0},{"damage":0.0,"enemies":"Writhing Mass","floor":43.0,"turns":7.0},{"damage":10.0,"enemies":"downfall:FleeingMerchant","floor":44.0,"turns":4.0},{"damage":6.0,"enemies":"Jaw Worm Horde","floor":46.0,"turns":5.0},{"damage":49.0,"enemies":"Reptomancer","floor":47.0,"turns":9.0},{"damage":20.0,"enemies":"3 Darklings","floor":49.0,"turns":5.0},{"damage":11,"enemies":"downfall:Ironclad","floor":50,"turns":11}],"seed_played":"7422035396047940475","potions_obtained":[{"floor":8.0,"key":"SpeedPotion"},{"floor":12.0,"key":"Slimebound:ThreeZeroPotion"},{"floor":14.0,"key":"Fire Potion"},{"floor":15.0,"key":"BlessingOfTheForge"},{"floor":22.0,"key":"Swift Potion"},{"floor":31.0,"key":"Adrenaline Potion"},{"floor":32.0,"key":"FearPotion"},{"floor":36.0,"key":"FearPotion"},{"floor":39.0,"key":"construct:ShiftPotion"},{"floor":46.0,"key":"FearPotion"},{"floor":47.0,"key":"Cursed Concoction"},{"floor":49.0,"key":"Elixir"}],"is_trial":false,"path_per_floor":["R","M","M","?","$","R","T","M","?","M","R","M","T","M","M","B",null,"R","M","M","?","M","R","T","?","E","M","R","?","$","M","M","B",null,"R","M","T","M","M","E","T","R","M","$","R","M","E","R","M","B",null],"character_chosen":"GUARDIAN","items_purchased":["Guardian:Harden","Replay:WaspNest","ReplayTheSpireMod:CursedCoin","Mayhem"],"campfire_rested":1,"item_purchase_floors":[5,30,44,44],"current_hp_per_floor":[80,80,80,80,80,80,80,80,80,80,80,80,80,78,78,52,73,73,73,73,73,73,73,73,73,65,65,74,74,74,74,72,72,78,80,80,80,77,46,45,45,67,67,57,72,66,17,59,39,28],"gold":82,"neow_bonus":"THREE_ENEMY_KILL","is_daily":false,"chose_seed":false,"campfire_upgraded":7,"win_rate":0.0,"timestamp":1610227301,"path_taken":["R","M","M","?","$","R","T","M","?","M","R","M","?","M","M","BOSS","R","M","M","?","M","R","T","?","E","?","R","?","$","M","M","BOSS","R","M","?","M","M","E","T","R","M","$","R","M","E","R","M","BOSS"],"items_purchased_type":["Card","Relic","Relic","Card"],"build_version":"2020-12-22","purchased_purges":1,"victory":true,"max_hp_per_floor":[80,80,80,80,80,80,80,80,80,80,80,80,80,80,80,80,80,80,80,80,80,80,80,80,80,80,80,80,80,80,80,80,80,80,80,80,80,80,80,80,80,90,90,90,90,90,90,90,90,90],"relic_stats":{"counters":[28,134],"Blue Candle":[0],"Bronze Scales":[317],"Eternal Feather":53,"Smiling Mask":25,"obtain_stats":[{"construct:ClawGrip":34,"downfall:HeartBlessingRed":42,"ReplayTheSpireMod:CursedCoin":44,"Blue Candle":7,"Guardian:ModeShifter":0,"Velvet Choker":17,"downfall:HeartsMalice":0,"Eternal Feather":26,"Replay:WaspNest":30,"Bottled Tornado":41,"Smiling Mask":40,"Akabeko":1,"downfall:HeartBlessingBlue":42,"Bronze Scales":24,"Simple Rune":13,"Iron Hammer":47},{"construct:ClawGrip":18,"downfall:HeartBlessingRed":22,"ReplayTheSpireMod:CursedCoin":24,"Blue Candle":3,"Guardian:ModeShifter":0,"Velvet Choker":9,"downfall:HeartsMalice":0,"Eternal Feather":13,"Replay:WaspNest":15,"Bottled Tornado":22,"Smiling Mask":22,"Akabeko":0,"downfall:HeartBlessingBlue":22,"Bronze Scales":12,"Simple Rune":6,"Iron Hammer":26},{"construct:ClawGrip":72,"downfall:HeartBlessingRed":93,"ReplayTheSpireMod:CursedCoin":104,"Blue Candle":0,"Guardian:ModeShifter":0,"Velvet Choker":29,"downfall:HeartsMalice":0,"Eternal Feather":45,"Replay:WaspNest":54,"Bottled Tornado":93,"Smiling Mask":93,"Akabeko":0,"downfall:HeartBlessingBlue":93,"Bronze Scales":39,"Simple Rune":10,"Iron Hammer":118}]},"card_choices":[{"not_picked":["Guardian:VentSteam","Guardian:Gem_Green"],"picked":"Guardian:EvasiveProtocol","floor":2.0},{"not_picked":["Guardian:Suspension","Guardian:TimeCapacitor"],"picked":"Guardian:ArmoredProtocol","floor":3.0},{"not_picked":["Guardian:Suspension","Guardian:Planning"],"picked":"Guardian:Gem_White","floor":5.0},{"not_picked":["Guardian:CrystalBeam","Guardian:EvasiveProtocol"],"picked":"Guardian:PiercingHide","floor":8.0},{"not_picked":["Guardian:VentSteam","Guardian:ArmoredProtocol"],"picked":"Guardian:SpikerProtocol","floor":10.0},{"not_picked":["Guardian:Gem_Green","Guardian:Recover"],"picked":"Guardian:StasisStrike","floor":12.0},{"not_picked":["Guardian:Gem_White","Guardian:PrismaticBeam"],"picked":"Guardian:Gem_Purple","floor":14.0},{"not_picked":["Guardian:BronzeOrb","Guardian:PrimingBeam"],"picked":"Guardian:RollAttack","floor":15.0},{"not_picked":["Guardian:HyperBeam_Guardian","Guardian:SphericShield"],"picked":"Guardian:RevengeProtocol","floor":16.0},{"not_picked":["Guardian:Recover+1","Guardian:Gem_Green","Guardian:Gem_Red"],"picked":"SKIP","floor":19.0},{"not_picked":["Guardian:FuturePlans","Guardian:Incinerate+1","Guardian:Suspension"],"picked":"SKIP","floor":20.0},{"not_picked":["Guardian:Gem_Red","Guardian:Suspension+1","Guardian:Incinerate+1"],"picked":"SKIP","floor":22.0},{"not_picked":["Guardian:TimeCapacitor","Guardian:Preprogram"],"picked":"Guardian:ArmoredProtocol","floor":26.0},{"not_picked":["Guardian:Gem_Green","Guardian:Reroute"],"picked":"Guardian:Gem_Purple","floor":27.0},{"not_picked":["Guardian:Recover","Guardian:Incinerate+1","Guardian:SphericShield"],"picked":"SKIP","floor":30.0},{"not_picked":["Guardian:PrimingBeam","Guardian:ChargeCore+1","Guardian:Gem_Fragmented"],"picked":"SKIP","floor":31.0},{"not_picked":["Guardian:Recover","Guardian:RollAttack"],"picked":"Guardian:PolyBeam+1","floor":32.0},{"not_picked":["Guardian:PiercingHide+1","Guardian:Repulse"],"picked":"Guardian:ChargeUp","floor":36.0},{"not_picked":["Guardian:TemporalStrike+1","Guardian:TimeCapacitor+1"],"picked":"Guardian:Orbwalk+1","floor":38.0},{"not_picked":["Guardian:EvasiveProtocol","Guardian:Orbwalk+1"],"picked":"Guardian:TemporalShield+1","floor":39.0},{"not_picked":["Guardian:FastForward","Guardian:BronzeOrb+1"],"picked":"Guardian:FierceBash","floor":40.0},{"not_picked":["Guardian:SentryBeam","Guardian:Gem_Blue"],"picked":"Guardian:Harden","floor":43.0},{"not_picked":["Guardian:Gem_Green","Guardian:WalkerClaw"],"picked":"Guardian:Gem_Yellow","floor":44.0},{"not_picked":["Guardian:Emergency","Guardian:Gem_Blue"],"picked":"Guardian:SpikerProtocol+1","floor":46.0},{"not_picked":["Guardian:Gem_Lightblue","Guardian:Gem_Cyan","Guardian:ChargeUp"],"picked":"SKIP","floor":47.0},{"not_picked":["Guardian:WalkerClaw","Guardian:Gem_Green"],"picked":"Guardian:SpikerProtocol+1","floor":49.0}],"player_experience":692634,"relics_obtained":[{"floor":1.0,"key":"Akabeko"},{"floor":7.0,"key":"Blue Candle"},{"floor":13.0,"key":"Simple Rune"},{"floor":24.0,"key":"Bronze Scales"},{"floor":26.0,"key":"Eternal Feather"},{"floor":40.0,"key":"Smiling Mask"},{"floor":41.0,"key":"Bottled Tornado"},{"floor":47.0,"key":"Iron Hammer"}],"event_choices":[{"damage_healed":0.0,"max_hp_gain":0.0,"max_hp_loss":0.0,"gold_gain":0.0,"event_name":"Back to Basics","player_choice":"Simplicity","floor":21.0,"gold_loss":0.0,"damage_taken":0.0,"cards_upgraded":["Guardian:Strike_Guardian","Guardian:Strike_Guardian","Guardian:Strike_Guardian","Guardian:Defend_Guardian","Guardian:Defend_Guardian","Guardian:Defend_Guardian","Guardian:Defend_Guardian"]},{"damage_healed":0.0,"max_hp_gain":0.0,"max_hp_loss":0.0,"gold_gain":0.0,"event_name":"Ghosts","player_choice":"Ignored","floor":25.0,"gold_loss":0.0,"damage_taken":0.0},{"damage_healed":0.0,"max_hp_gain":0.0,"max_hp_loss":0.0,"gold_gain":0.0,"event_name":"Upgrade Shrine","player_choice":"Upgraded","floor":29.0,"gold_loss":0.0,"damage_taken":0.0,"cards_upgraded":["Guardian:ArmoredProtocol"]}],"is_beta":false,"boss_relics":[{"not_picked":["Abe\u0027s Treasure","vexMod:MegatonBomb"],"picked":"Velvet Choker"},{"not_picked":["Replay:Grab Bag","Calling Bell"],"picked":"construct:ClawGrip"}],"items_purged_floors":[44],"is_endless":false,"potions_floor_spawned":[8,12,14,15,22,31,32,36,39,46,47,49],"ascension_level":5}}