{"host":"anpwk55bj6rntrcq","time":1610223072,"event":{"mods":["Act Like it!","BaseMod","BetterRewards","GifTheSpireLib","Hermit","Hubris","Kratos Character Expansion","Minty Spire (QoL Compilation)","Replay The Spire","Robot Space Explorer","SCP261 Mod","StSLib","The Blackbeard","The Death Knight","The Exalted","The Necromancer","The Servant 0.9.4"],"gold_per_floor":[142,161,161,161,176,208,208,227,227,243,257,257,291,291,291,390,390,400,400,411,411,91,126,139,150,150,150,150],"floor_reached":27,"playtime":837,"items_purged":[],"score":245,"play_id":"3a602b5b-586c-4a9d-8c0a-7ef48c054a8e","local_time":"20210109151112","is_ascension_mode":false,"campfire_choices":[{"data":"KratosMod:clawsofhades","floor":7,"key":"SMITH"},{"data":"KratosMod:BladeWhip","floor":15,"key":"SMITH"}],"circlet_count":0,"master_deck":["KratosMod:Strike_K+1","KratosMod:Strike_K+1","KratosMod:Strike_K+1","KratosMod:Strike_K+1","KratosMod:Defend_K","KratosMod:Defend_K","KratosMod:Defend_K","KratosMod:Defend_K","KratosMod:cyclone+1","KratosMod:AthenaBane","KratosMod:clawsofhades+1","KratosMod:Tempor","KratosMod:ShieldBash","KratosMod:BladeWhip","KratosMod:BladeWhip+1","KratosMod:ShieldBash","KratosMod:Roll+1","KratosMod:Revenge","KratosMod:ShieldBash","KratosMod:BladeWhip+1","KratosMod:tartarusrage","KratosMod:clawsofhades","KratosMod:Tempor+1","KratosMod:clawsofhades+1"],"relics":["KratosMod:eagle","hubris:Icosahedron","Orichalcum","Bromod:ArcaneVictory","hubris:TerracottaHorce","ClockworkSouvenir","Replay:Baseball","Juzu Bracelet"],"acts_visited":["Exordium","TheCity"],"potions_floor_usage":[13,13,16,24,25,27],"damage_taken":[{"damage":5,"enemies":"Cultist","floor":1,"turns":4},{"damage":0,"enemies":"Small Slimes","floor":2,"turns":2},{"damage":6,"enemies":"Jaw Worm","floor":5,"turns":4},{"damage":39,"enemies":"Lagavulin","floor":6,"turns":6},{"damage":0,"enemies":"2 Fungi Beasts","floor":8,"turns":2},{"damage":5,"enemies":"Red Slaver","floor":10,"turns":3},{"damage":3,"enemies":"Gremlin Gang","floor":11,"turns":3},{"damage":6,"enemies":"3 Sentries","floor":13,"turns":5},{"damage":49,"enemies":"Fading Forest","floor":16,"turns":11},{"damage":2,"enemies":"3 Byrds","floor":18,"turns":4},{"damage":0,"enemies":"Chosen","floor":20,"turns":3},{"damage":49,"enemies":"Gremlin Leader","floor":23,"turns":6},{"damage":5,"enemies":"Sentry and Sphere","floor":24,"turns":3},{"damage":18,"enemies":"Centurion and Healer","floor":25,"turns":5},{"damage":20,"enemies":"Slavers","floor":27,"turns":1}],"seed_played":"1368969117317838974","potions_obtained":[{"floor":1,"key":"Ancient Potion"},{"floor":6,"key":"SCP261:BarrettColaPotion"},{"floor":8,"key":"Weak Potion"},{"floor":13,"key":"DeathKnight:RimePotion"},{"floor":21,"key":"LiquidBronze"},{"floor":21,"key":"Reflective Coating"}],"is_trial":false,"path_per_floor":["M","M","?","?","M","E","R","M","T","M","M","?","E","?","R","B",null,"M","?","M","?","$","E","M","M","T","E"],"character_chosen":"KRATOS","items_purchased":["KratosMod:tartarusrage","ClockworkSouvenir"],"campfire_rested":0,"item_purchase_floors":[22,22],"current_hp_per_floor":[55,60,60,60,60,42,42,53,53,48,51,51,60,60,60,52,58,60,60,60,60,60,15,23,10,10,0,0],"gold":150,"neow_bonus":"RANDOM_EVENT","is_daily":false,"chose_seed":false,"campfire_upgraded":2,"win_rate":0.0,"timestamp":1610223072,"path_taken":["M","M","?","?","M","E","R","M","T","M","M","?","E","?","R","BOSS","M","?","M","?","$","E","M","M","T","E"],"items_purchased_type":["Card","Relic"],"build_version":"2020-12-22","purchased_purges":0,"victory":false,"max_hp_per_floor":[60,60,60,60,60,60,60,60,60,60,60,60,60,60,60,60,60,60,60,60,60,60,60,60,60,60,60,60],"card_choices":[{"not_picked":["KratosMod:conjuresoul","KratosMod:rattle"],"picked":"KratosMod:clawsofhades","floor":1},{"not_picked":["KratosMod:Endure","KratosMod:ShieldBash"],"picked":"KratosMod:Tempor","floor":2},{"not_picked":["KratosMod:Endure","KratosMod:Tempor"],"picked":"KratosMod:ShieldBash","floor":5},{"not_picked":["KratosMod:Roll","KratosMod:SmashStone"],"picked":"KratosMod:BladeWhip","floor":6},{"not_picked":["KratosMod:ShieldBash","KratosMod:Tempor"],"picked":"KratosMod:BladeWhip","floor":8},{"not_picked":["KratosMod:conjuresoul","KratosMod:styx","KratosMod:rattle"],"picked":"SKIP","floor":10},{"not_picked":["KratosMod:settle","KratosMod:Endure"],"picked":"KratosMod:ShieldBash","floor":11},{"not_picked":["KratosMod:Tempor","KratosMod:BladeWhip"],"picked":"KratosMod:Roll","floor":13},{"not_picked":["KratosMod:ablockalypse","KratosMod:styx"],"picked":"KratosMod:Revenge","floor":16},{"not_picked":["KratosMod:Tempor","KratosMod:Roll"],"picked":"KratosMod:ShieldBash","floor":18},{"not_picked":["KratosMod:Tempor","KratosMod:Roll+1"],"picked":"KratosMod:BladeWhip+1","floor":20},{"not_picked":["KratosMod:conjuresoul+1","KratosMod:settle"],"picked":"KratosMod:clawsofhades","floor":23},{"not_picked":["KratosMod:Roll","KratosMod:Endure"],"picked":"KratosMod:Tempor+1","floor":24},{"not_picked":["KratosMod:settle","KratosMod:Roll"],"picked":"KratosMod:clawsofhades+1","floor":25}],"player_experience":375200,"relics_obtained":[{"floor":6,"key":"Orichalcum"},{"floor":13,"key":"Bromod:ArcaneVictory"},{"floor":23,"key":"Replay:Baseball"},{"floor":26,"key":"Juzu Bracelet"}],"event_choices":[{"damage_healed":0,"gold_gain":0,"player_choice":"Grow","damage_taken":0,"max_hp_gain":0,"max_hp_loss":0,"event_name":"Living Wall","floor":0,"gold_loss":0,"cards_upgraded":["KratosMod:cyclone"]},{"damage_healed":0,"gold_gain":0,"player_choice":"Ignored","damage_taken":0,"max_hp_gain":0,"max_hp_loss":0,"event_name":"Golden Wing","floor":4,"gold_loss":0},{"damage_healed":0,"gold_gain":0,"player_choice":"Ignored","damage_taken":0,"max_hp_gain":0,"max_hp_loss":0,"event_name":"Liars Game","floor":12,"gold_loss":0},{"damage_healed":0,"gold_gain":0,"player_choice":"Forge","damage_taken":0,"max_hp_gain":0,"max_hp_loss":0,"event_name":"Accursed Blacksmith","floor":14,"gold_loss":0,"cards_upgraded":["KratosMod:Roll"]},{"damage_healed":0,"gold_gain":0,"player_choice":"Simplicity","damage_taken":0,"max_hp_gain":0,"max_hp_loss":0,"event_name":"Back to Basics","floor":19,"gold_loss":0,"cards_upgraded":["KratosMod:Strike_K","KratosMod:Strike_K","KratosMod:Strike_K","KratosMod:Strike_K"]},{"damage_healed":0,"gold_gain":0,"player_choice":"Got Potions","damage_taken":0,"max_hp_gain":0,"max_hp_loss":0,"event_name":"Lab","floor":21,"gold_loss":0}],"is_beta":false,"boss_relics":[{"not_picked":["Runic Dome","ChewingGum"],"picked":"hubris:TerracottaHorce"}],"items_purged_floors":[],"is_endless":false,"potions_floor_spawned":[1,6,8,13],"killed_by":"Slavers","ascension_level":0}}