{"host":"l84l8xigz5v5foa2","time":1610160287,"event":{"mods":["2.2 Compatiblity","AchievementEnabler","BaseMod","Better Note","Better Vampires","Card Filter","Colored Map","DeckTracker","Downfall","Gremlin Skip","Highlight Path","Keyboard Shortcuts","Minty Spire (QoL Compilation)","Permanent Neow","Quick Restart","Relic Filter","Relic Stats","StSLib","SuperFastMode","Transform Curses","Unknown Chances"],"gold_per_floor":[349,368,383,4,104,104,104,104,204,219,39,39,52,102,112,183,183,183,183,183,183,183,183,183,183,183,183,183,68,68,68,68,68,68,68,68,68,68,68,68,68,68,68,68,68,68,68,68,68,68,68,68,68,68],"floor_reached":52,"playtime":3911,"items_purged":["hexamod:Strike","hexamod:Defend"],"score":1547,"play_id":"cfbc25e9-ddd5-4b88-93f6-75626a4e2ccb","local_time":"20210109114447","is_ascension_mode":true,"campfire_choices":[{"data":"hexamod:Float","floor":1.0,"key":"SMITH"},{"data":"hexamod:FastForward","floor":6.0,"key":"SMITH"},{"data":"hexamod:HauntingEcho","floor":8.0,"key":"SMITH"},{"data":"hexamod:SwordOfDarkness","floor":12.0,"key":"SMITH"},{"data":"hexamod:VolcanoVisage","floor":18.0,"key":"SMITH"},{"floor":23.0,"key":"RECALL"},{"data":"hexamod:NightmareGuise","floor":26.0,"key":"SMITH"},{"data":"hexamod:GhostShield","floor":28.0,"key":"SMITH"},{"data":"hexamod:GiftsFromTheDead","floor":35.0,"key":"SMITH"},{"data":"hexamod:NecessarySacrifice","floor":43.0,"key":"SMITH"}],"circlet_count":0,"master_deck":["AscendersBane","hexamod:Strike+1","hexamod:Strike+1","hexamod:Defend","hexamod:Defend","hexamod:Sear","hexamod:Float+1","hexamod:RainOfEmbers+1","hexamod:FastForward+1","hexamod:AdvancingGuard","hexamod:SwordOfDarkness+1","hexamod:FourthSeal","hexamod:GhostflameInferno","hexamod:HauntingEcho+1","hexamod:Hexaguard","hexamod:Float+1","hexamod:HauntingEcho","hexamod:VolcanoVisage+1","hexamod:GhostShield+1","hexamod:NightmareGuise+1","hexamod:FirstSeal","hexamod:PhantomCloak+1","hexamod:GiftsFromTheDead+1","hexamod:InspiringFlames+1","hexamod:PowerFromBeyond+1","hexamod:ShieldOfDarkness+1","hexamod:NecessarySacrifice+1","hexamod:HeatCrush+1"],"relics":["hexamod:SpiritBrand","Pantograph","DollysMirror","downfall:Hecktoplasm","Spirit Poop","Gremlin Horn","downfall:HeartBlessingRed","Nloth\u0027s Gift","WingedGreaves","Busted Crown","downfall:HeartBlessingGreen","Ancient Tea Set","downfall:HeartBlessingBlue","Whetstone"],"acts_visited":["TheCity","TheBeyond","TheEnding"],"potions_floor_usage":[50],"damage_taken":[{"damage":0.0,"enemies":"Cultist","floor":2.0,"turns":3.0},{"damage":0.0,"enemies":"2 Louse","floor":3.0,"turns":3.0},{"damage":0.0,"enemies":"downfall:FleeingMerchant","floor":4.0,"turns":4.0},{"damage":34.0,"enemies":"downfall:Heads","floor":5.0,"turns":7.0},{"damage":0.0,"enemies":"Small Slimes","floor":10.0,"turns":3.0},{"damage":4.0,"enemies":"downfall:FleeingMerchant","floor":11.0,"turns":4.0},{"damage":1.0,"enemies":"Exordium Wildlife","floor":13.0,"turns":2.0},{"damage":3.0,"enemies":"3 Louse","floor":15.0,"turns":2.0},{"damage":4.0,"enemies":"downfall:Silent","floor":16.0,"turns":7.0},{"damage":9.0,"enemies":"Shell Parasite","floor":19.0,"turns":3.0},{"damage":5.0,"enemies":"3 Byrds","floor":21.0,"turns":3.0},{"damage":7.0,"enemies":"Snake Plant","floor":22.0,"turns":3.0},{"damage":0.0,"enemies":"Sentry and Sphere","floor":25.0,"turns":5.0},{"damage":6.0,"enemies":"Snecko","floor":27.0,"turns":3.0},{"damage":0.0,"enemies":"downfall:FleeingMerchant","floor":29.0,"turns":4.0},{"damage":18.0,"enemies":"Gremlin Leader","floor":31.0,"turns":6.0},{"damage":0.0,"enemies":"Centurion and Healer","floor":32.0,"turns":5.0},{"damage":0.0,"enemies":"downfall:Watcher","floor":33.0,"turns":12.0},{"damage":8.0,"enemies":"3 Darklings","floor":36.0,"turns":6.0},{"damage":0.0,"enemies":"3 Shapes","floor":37.0,"turns":6.0},{"damage":5.0,"enemies":"Maw","floor":39.0,"turns":7.0},{"damage":18.0,"enemies":"Writhing Mass","floor":40.0,"turns":7.0},{"damage":0.0,"enemies":"Nemesis","floor":42.0,"turns":7.0},{"damage":6.0,"enemies":"Sphere and 2 Shapes","floor":44.0,"turns":5.0},{"damage":6.0,"enemies":"Giant Head","floor":48.0,"turns":7.0},{"damage":5.0,"enemies":"Spire Growth","floor":49.0,"turns":4.0},{"damage":8,"enemies":"downfall:Ironclad","floor":50,"turns":13},{"damage":96,"enemies":"downfall:CharBossMerchant","floor":52,"turns":7}],"seed_played":"10291920215157487","potions_obtained":[{"floor":5.0,"key":"champ:CounterPotion"},{"floor":5.0,"key":"SneckoOil"},{"floor":10.0,"key":"SkillPotion"},{"floor":11.0,"key":"hexamod:DoubleChargePotion"},{"floor":13.0,"key":"champ:CounterPotion"},{"floor":15.0,"key":"SpeedPotion"},{"floor":16.0,"key":"SpeedPotion"},{"floor":19.0,"key":"Fire Potion"},{"floor":21.0,"key":"Weak Potion"},{"floor":21.0,"key":"CultistPotion"},{"floor":22.0,"key":"Fire Potion"},{"floor":27.0,"key":"Energy Potion"},{"floor":29.0,"key":"Ancient Potion"},{"floor":32.0,"key":"Weak Potion"},{"floor":36.0,"key":"SneckoOil"},{"floor":37.0,"key":"Explosive Potion"},{"floor":42.0,"key":"hexamod:EctoCoolerPotion"}],"is_trial":false,"path_per_floor":["R","M","M","$","?","R","T","R","?","M","$","R","M","?","M","B",null,"R","M","?","M","M","R","T","M","R","M","R","$","?","E","M","B",null,"R","M","M","?","M","M","T","E","R","M","$","?","?","E","M","B",null,"E"],"character_chosen":"THE_SPIRIT","items_purchased":["hexamod:SwordOfDarkness","Guardian:BottledAnomaly","hexamod:FourthSeal","DollysMirror"],"campfire_rested":0,"item_purchase_floors":[4,4,4,11],"current_hp_per_floor":[57,57,57,57,23,23,23,23,23,23,19,19,18,18,15,36,52,52,43,43,38,31,31,31,31,31,25,25,25,25,7,14,46,54,54,53,57,57,57,46,46,53,63,64,64,64,64,65,67,66,67,0,0,0],"gold":68,"neow_bonus":"TWO_FIFTY_GOLD","is_daily":false,"chose_seed":false,"campfire_upgraded":9,"win_rate":0.0,"timestamp":1610160287,"path_taken":["R","M","M","?","?","R","T","R","?","M","$","R","?","?","M","BOSS","R","M","?","M","?","R","T","M","R","M","R","$","?","E","M","BOSS","R","M","?","?","M","?","T","E","R","M","?","?","?","E","M","BOSS","E"],"items_purchased_type":["Card","Relic","Card","Relic"],"build_version":"2020-12-22","purchased_purges":2,"victory":false,"max_hp_per_floor":[57,57,57,57,57,57,57,57,57,57,57,57,57,57,57,57,57,57,57,57,57,57,57,57,57,57,57,57,57,57,57,57,57,57,57,57,57,57,57,57,57,57,67,67,67,67,67,67,67,67,67,67,67,67],"relic_stats":{"Busted Crown":16,"Gremlin Horn":[15,15],"counters":[28,148],"Pantograph":50,"Nloth\u0027s Gift":2,"Whetstone":["hexamod:Strike","hexamod:Strike"],"obtain_stats":[{"Gremlin Horn":24,"downfall:HeartBlessingRed":26,"Spirit Poop":20,"downfall:HeartBlessingGreen":35,"Whetstone":48,"Ancient Tea Set":42,"Busted Crown":34,"DollysMirror":11,"downfall:HeartBlessingBlue":43,"Pantograph":7,"WingedGreaves":31,"downfall:Hecktoplasm":17,"Nloth\u0027s Gift":30,"Guardian:BottledAnomaly":4,"hexamod:SpiritBrand":0},{"Gremlin Horn":12,"downfall:HeartBlessingRed":13,"Spirit Poop":10,"downfall:HeartBlessingGreen":18,"Whetstone":25,"Ancient Tea Set":23,"Busted Crown":18,"DollysMirror":6,"downfall:HeartBlessingBlue":23,"Pantograph":4,"WingedGreaves":16,"downfall:Hecktoplasm":9,"Nloth\u0027s Gift":15,"Guardian:BottledAnomaly":3,"hexamod:SpiritBrand":0},{"Gremlin Horn":44,"downfall:HeartBlessingRed":49,"Spirit Poop":38,"downfall:HeartBlessingGreen":79,"Whetstone":124,"Ancient Tea Set":112,"Busted Crown":79,"DollysMirror":24,"downfall:HeartBlessingBlue":112,"Pantograph":17,"WingedGreaves":62,"downfall:Hecktoplasm":35,"Nloth\u0027s Gift":56,"Guardian:BottledAnomaly":10,"hexamod:SpiritBrand":0}]},"card_choices":[{"not_picked":["hexamod:FastForward","hexamod:ShieldOfDarkness"],"picked":"hexamod:RainOfEmbers","floor":2.0},{"not_picked":["hexamod:ExtraCrispy","hexamod:SwordOfDarkness"],"picked":"hexamod:FastForward","floor":3.0},{"not_picked":["hexamod:GhostOfSpireFuture","hexamod:Again"],"picked":"hexamod:AdvancingGuard","floor":4.0},{"not_picked":["hexamod:BacktrackSmack","hexamod:RainOfEmbers"],"picked":"hexamod:HauntingEcho","floor":5.0},{"not_picked":["hexamod:DynamicBlow","hexamod:HeatCrush"],"picked":"hexamod:Hexaguard","floor":10.0},{"not_picked":["hexamod:Firestarter","hexamod:Hexaguard","hexamod:DynamicBlow"],"picked":"SKIP","floor":11.0},{"not_picked":["hexamod:RecurringNightmare","hexamod:VolcanoVisage","hexamod:SpectralAdrenaline"],"picked":"SKIP","floor":13.0},{"not_picked":["hexamod:FlamesFromBeyond","hexamod:GhostflameBarrier"],"picked":"hexamod:HauntingEcho","floor":15.0},{"not_picked":["hexamod:SearingWound","hexamod:ParanormalForm"],"picked":"hexamod:VolcanoVisage","floor":16.0},{"not_picked":["hexamod:SwordOfDarkness+1","hexamod:Hexaguard","hexamod:GhostLash"],"picked":"SKIP","floor":19.0},{"not_picked":["hexamod:RainOfEmbers","hexamod:HauntingEcho"],"picked":"hexamod:GhostShield","floor":21.0},{"not_picked":["hexamod:SpectersWail","hexamod:SwordOfDarkness","hexamod:AdvancingGuard"],"picked":"SKIP","floor":22.0},{"not_picked":["hexamod:Toasty","hexamod:EtherealExpedition"],"picked":"hexamod:NightmareGuise","floor":25.0},{"not_picked":["hexamod:NightmareStrike","hexamod:FastForward+1","hexamod:GhostflameBarrier"],"picked":"SKIP","floor":27.0},{"not_picked":["hexamod:FourthSeal","hexamod:PowerFromBeyond","hexamod:RainOfEmbers"],"picked":"SKIP","floor":29.0},{"not_picked":["hexamod:EmpoweringStance","hexamod:ShieldOfDarkness"],"picked":"hexamod:FirstSeal","floor":31.0},{"not_picked":["hexamod:FastForward+1","hexamod:RainOfEmbers"],"picked":"hexamod:PhantomCloak+1","floor":32.0},{"not_picked":["hexamod:GhostflameInferno","hexamod:UnleashSpirits"],"picked":"hexamod:GiftsFromTheDead","floor":33.0},{"not_picked":[],"picked":"hexamod:InspiringFlames","floor":36.0},{"not_picked":[],"picked":"hexamod:PowerFromBeyond+1","floor":37.0},{"not_picked":["hexamod:AdvancingGuard"],"picked":"SKIP","floor":39.0},{"not_picked":[],"picked":"hexamod:ShieldOfDarkness+1","floor":40.0},{"not_picked":[],"picked":"hexamod:NecessarySacrifice","floor":42.0},{"not_picked":[],"picked":"hexamod:HeatCrush+1","floor":44.0},{"not_picked":["hexamod:Firestarter+1"],"picked":"SKIP","floor":48.0},{"not_picked":["hexamod:Firestarter+1"],"picked":"SKIP","floor":48.0},{"not_picked":["hexamod:NightmareStrike"],"picked":"SKIP","floor":49.0}],"player_experience":3005009,"relics_obtained":[{"floor":7.0,"key":"Pantograph"},{"floor":24.0,"key":"Gremlin Horn"},{"floor":31.0,"key":"WingedGreaves"},{"floor":42.0,"key":"Ancient Tea Set"},{"floor":48.0,"key":"Whetstone"}],"event_choices":[{"cards_removed":["Slimebound:Icky"],"damage_healed":0.0,"max_hp_gain":0.0,"max_hp_loss":0.0,"gold_gain":0.0,"event_name":"Bonfire Elementals","player_choice":"Offered Curse","floor":20.0,"gold_loss":0.0,"damage_taken":0.0,"relics_obtained":["Spirit Poop"]},{"damage_healed":0.0,"max_hp_gain":0.0,"max_hp_loss":0.0,"gold_gain":0.0,"event_name":"Accursed Blacksmith","player_choice":"Forge","floor":38.0,"gold_loss":0.0,"damage_taken":0.0,"cards_upgraded":["hexamod:InspiringFlames"]}],"is_beta":false,"boss_relics":[{"not_picked":["SacredBark","Empty Cage"],"picked":"downfall:Hecktoplasm"},{"not_picked":["Sozu","Fusion Hammer"],"picked":"Busted Crown"}],"items_purged_floors":[4,29],"is_endless":false,"potions_floor_spawned":[5,13,15,16,21,22,31,33,37,39,42],"killed_by":"downfall:CharBossMerchant","ascension_level":20}}