{"host":"a1eatafr7pisesky","time":1610164535,"event":{"mods":["AchievementEnabler","BaseMod","Colored Map","Keyboard Shortcuts","Minty Spire (QoL Compilation)","Say the Spire","StSLib","SuperFastMode","everything is the same but u backflip on backflip"],"gold_per_floor":[111,130,149,149,161,188,188,138,138,172,172,26,26,46,46,151,151,163,180,191,131,31,31,50,50,50,66,66,66],"floor_reached":28,"playtime":2004,"items_purged":["Strike_B","Streamline"],"score":311,"play_id":"6a115d59-eae7-45dd-8a22-124d28b301c1","local_time":"20210109125535","is_ascension_mode":true,"campfire_choices":[{"floor":7.0,"key":"REST"},{"floor":11.0,"key":"REST"},{"data":"Self Repair","floor":13.0,"key":"SMITH"},{"floor":15.0,"key":"REST"},{"data":"Creative AI","floor":23.0,"key":"SMITH"},{"floor":25,"key":"REST"}],"circlet_count":0,"master_deck":["Zap","Dualcast","Sweeping Beam","Undo","Chill","Self Repair+1","Amplify","Force Field+1","Consume+1","Leap+1","Hologram","Doom and Gloom+1","Compile Driver","Creative AI+1","Capacitor+1","Coolheaded"],"relics":["Cracked Core","NeowsBlessing","Singing Bowl","WingedGreaves","Du-Vu Doll","Astrolabe","Mercury Hourglass"],"acts_visited":["Exordium","TheCity"],"potions_floor_usage":[24],"damage_taken":[{"damage":0.0,"enemies":"Cultist","floor":1.0,"turns":1.0},{"damage":0.0,"enemies":"Jaw Worm","floor":2.0,"turns":1.0},{"damage":0.0,"enemies":"Small Slimes","floor":3.0,"turns":1.0},{"damage":41.0,"enemies":"Exordium Thugs","floor":5.0,"turns":4.0},{"damage":23.0,"enemies":"Gremlin Nob","floor":6.0,"turns":4.0},{"damage":20.0,"enemies":"Lagavulin","floor":10.0,"turns":8.0},{"damage":26.0,"enemies":"Gremlin Gang","floor":14.0,"turns":6.0},{"damage":18.0,"enemies":"The Guardian","floor":16.0,"turns":12.0},{"damage":8.0,"enemies":"Chosen","floor":18.0,"turns":6.0},{"damage":33.0,"enemies":"Shell Parasite","floor":19.0,"turns":8.0},{"damage":38.0,"enemies":"Snake Plant","floor":20.0,"turns":5.0},{"damage":16,"enemies":"Centurion and Healer","floor":24,"turns":6},{"damage":27,"enemies":"Cultist and Chosen","floor":27,"turns":10},{"damage":11,"enemies":"Snake Plant","floor":28,"turns":2}],"seed_played":"8696150310514244016","potions_obtained":[{"floor":2.0,"key":"Swift Potion"},{"floor":6.0,"key":"Weak Potion"},{"floor":10.0,"key":"FearPotion"},{"floor":14.0,"key":"LiquidBronze"},{"floor":19.0,"key":"Fire Potion"},{"floor":24,"key":"Strength Potion"}],"is_trial":false,"path_per_floor":["M","M","M","?","M","E","R","?","T","E","R","$","R","M","R","B",null,"M","M","M","?","$","R","M","R","T","M","M"],"character_chosen":"DEFECT","items_purchased":["Self Repair"],"campfire_rested":4,"item_purchase_floors":[12],"current_hp_per_floor":[68,68,68,68,27,4,26,26,26,8,31,31,31,17,40,32,67,59,46,20,20,20,20,4,28,28,11,0,0],"gold":66,"neow_bonus":"THREE_ENEMY_KILL","is_daily":false,"chose_seed":false,"campfire_upgraded":2,"win_rate":0.0,"timestamp":1610164535,"path_taken":["M","M","?","?","?","E","R","?","T","E","R","?","R","M","R","BOSS","M","M","?","?","$","R","?","R","T","M","M"],"items_purchased_type":["Card"],"build_version":"2020-12-22","purchased_purges":2,"victory":false,"max_hp_per_floor":[75,75,75,75,75,75,75,75,75,77,77,77,77,79,79,79,79,79,79,81,81,81,81,81,81,81,81,81,81],"card_choices":[{"not_picked":["Steam","Barrage"],"picked":"Streamline","floor":1.0},{"not_picked":["Leap","Scrape","Compile Driver"],"picked":"SKIP","floor":2.0},{"not_picked":["Stack","Heatsinks"],"picked":"Sweeping Beam","floor":3.0},{"not_picked":["Steam","Sweeping Beam"],"picked":"Undo","floor":5.0},{"not_picked":["Leap","Streamline"],"picked":"Chill","floor":6.0},{"not_picked":["Stack","Loop","Fission"],"picked":"Singing Bowl","floor":10.0},{"not_picked":["Steam","Steam Power","Aggregate"],"picked":"Singing Bowl","floor":14.0},{"not_picked":["All For One","Reboot"],"picked":"Amplify","floor":16.0},{"not_picked":["Self Repair","Steam"],"picked":"Hologram","floor":18.0},{"not_picked":["Force Field","Auto Shields"],"picked":"Doom and Gloom+1","floor":19.0},{"not_picked":["Turbo","Redo","Blizzard"],"picked":"Singing Bowl","floor":20.0},{"not_picked":["Barrage+1","Reprogram"],"picked":"Capacitor+1","floor":24},{"not_picked":["Darkness","Self Repair"],"picked":"Coolheaded","floor":27}],"player_experience":295745,"relics_obtained":[{"floor":6.0,"key":"Singing Bowl"},{"floor":9.0,"key":"WingedGreaves"},{"floor":10.0,"key":"Du-Vu Doll"},{"floor":26,"key":"Mercury Hourglass"}],"event_choices":[{"cards_removed":["Strike_B"],"damage_healed":0.0,"max_hp_gain":0.0,"max_hp_loss":0.0,"gold_gain":0.0,"event_name":"Wheel of Change","player_choice":"Card Removal","floor":4.0,"gold_loss":0.0,"damage_taken":0.0},{"cards_removed":["Strike_B"],"damage_healed":0.0,"max_hp_gain":0.0,"max_hp_loss":0.0,"gold_gain":0.0,"event_name":"The Cleric","player_choice":"Card Removal","floor":8.0,"gold_loss":50.0,"damage_taken":0.0},{"damage_healed":0.0,"max_hp_gain":0.0,"max_hp_loss":0.0,"gold_gain":0.0,"cards_transformed":["Defend_B","Defend_B"],"event_name":"Designer","player_choice":"Transformed Cards","floor":21.0,"gold_loss":60.0,"damage_taken":0.0,"cards_obtained":["Compile Driver","Creative AI"]}],"is_beta":false,"boss_relics":[{"not_picked":["Black Star","FrozenCore"],"picked":"Astrolabe"}],"items_purged_floors":[12,22],"is_endless":false,"potions_floor_spawned":[2,6,10,14,19,24],"killed_by":"Snake Plant","ascension_level":7}}