{"host":"ly8vj2opk1y3o1w7","time":1610192841,"event":{"mods":["Act Like it!","BaseMod","Conspire","Friendly Minions","GifTheSpireLib","Hubris","MarisaÅiñ∂âJÅ@ñÇóùçπÅj","Minty Spire (QoL Compilation)","Permanent Neow","Remove Card Discount Mod","Replay The Spire","StSLib","The Animator","Waifu the Spire"],"gold_per_floor":[111,111,123,103,120,146,158,171,171,186,71,84,84,104,104,206,206,220,258,278,278,93,119,119,132,214,214,239,239,48,228,228,330,330,345,362,66,66,81,106,123,139,193,193,208,208,208,261,261,261,261,261,17,43,43],"floor_reached":56,"playtime":3108,"items_purged":["Pain","Defend_G","Strike_G","Defend_G","Strike_G","Strike_G","Defend_G","Defend_G","Strike_G","Defend_G","Strike_G","Quick Slash","Flying Knee"],"score":1594,"play_id":"d5040f62-fb9f-4769-9dfa-04a2612bb0cd","local_time":"20210109194721","is_ascension_mode":false,"campfire_choices":[{"data":"Prepared","floor":13,"key":"SMITH"},{"data":"hubris:TrickCloak","floor":15,"key":"SMITH"},{"data":"After Image","floor":27,"key":"SMITH"},{"data":"Envenom","floor":29,"key":"SMITH"},{"floor":32,"key":"REST"},{"floor":49,"key":"RECALL"},{"data":"conspire:PoisonWeapons","floor":52,"key":"SMITH"}],"circlet_count":0,"master_deck":["Survivor","Neutralize","Endless Agony","Prepared+1","Die Die Die+1","Backflip","Backstab","Underhanded Strike","Escape Plan","hubris:TrickCloak+1","Corpse Explosion+1","Dagger Throw+1","PiercingWail","Hidden Blade+1","Backstab","After Image+1","Underhanded Strike","Envenom+1","Dagger Throw+1","Envenom","ReplayTheSpireMod:Scrap Shanks","Tactician+1","Escape Plan+1","Acrobatics","Terror","Footwork+1","Acrobatics+1","conspire:PoisonWeapons+1","Dodge and Roll+1","Finesse","Cloak And Dagger+1"],"relics":["Ring of the Snake","hubris:BundleOfHerbs","WarpedTongs","Ninja Scroll","hubris:ScarierMask","Art of War","conspire:Dentures","BranchBurnRelic","Bottled Lightning","Guide Book","conspire:RoyalGoblet","Iron Hammer","MealTicket","ReplayTheSpireMod:Lightbulb","Replay:Wax Seal","CatCart","Snake Skull","hubris:SphereOfDissonance"],"acts_visited":["Exordium","TheCity","TheBeyond","TheEnding"],"potions_floor_usage":[6,6,19,23,28,40,48,55],"damage_taken":[{"damage":0,"enemies":"Jaw Worm","floor":1,"turns":4},{"damage":6,"enemies":"Cultist","floor":3,"turns":3},{"damage":2,"enemies":"Small Slimes","floor":5,"turns":3},{"damage":15,"enemies":"Lagavulin","floor":6,"turns":6},{"damage":1,"enemies":"Looter","floor":7,"turns":2},{"damage":0,"enemies":"Exordium Wildlife","floor":8,"turns":2},{"damage":0,"enemies":"Blue Slaver","floor":10,"turns":2},{"damage":0,"enemies":"Large Slime","floor":12,"turns":2},{"damage":0,"enemies":"Exordium Thugs","floor":14,"turns":2},{"damage":11,"enemies":"The Guardian","floor":16,"turns":9},{"damage":4,"enemies":"Shell Parasite","floor":18,"turns":3},{"damage":33,"enemies":"conspire:MimicChest","floor":19,"turns":7},{"damage":0,"enemies":"3 Byrds","floor":20,"turns":1},{"damage":0,"enemies":"Gremlin Leader","floor":23,"turns":4},{"damage":0,"enemies":"Centurion and Healer","floor":25,"turns":3},{"damage":6,"enemies":"Book of Stabbing","floor":28,"turns":5},{"damage":4,"enemies":"Pondfish","floor":33,"turns":11},{"damage":0,"enemies":"3 Darklings","floor":35,"turns":3},{"damage":1,"enemies":"3 Shapes","floor":36,"turns":1},{"damage":0,"enemies":"Spire Growth","floor":39,"turns":3},{"damage":0,"enemies":"Giant Head","floor":40,"turns":6},{"damage":13,"enemies":"Maw","floor":41,"turns":5},{"damage":0,"enemies":"Jaw Worm Horde","floor":42,"turns":1},{"damage":2,"enemies":"Writhing Mass","floor":45,"turns":2},{"damage":27,"enemies":"Orin","floor":48,"turns":6},{"damage":24,"enemies":"Donu and Deca","floor":50,"turns":5},{"damage":0,"enemies":"Shield and Spear","floor":54,"turns":2},{"damage":104,"enemies":"The Heart","floor":55,"turns":6}],"seed_played":"4569351552081524418","potions_obtained":[{"floor":1,"key":"Poison Potion"},{"floor":4,"key":"AttackPotion"},{"floor":8,"key":"Languid Potion"},{"floor":12,"key":"SkillPotion"},{"floor":18,"key":"Adrenaline Potion"},{"floor":33,"key":"FairyPotion"},{"floor":35,"key":"BlessingOfTheForge"},{"floor":39,"key":"BlessingOfTheForge"},{"floor":41,"key":"Poison Potion"},{"floor":45,"key":"Reflective Coating"}],"is_trial":false,"path_per_floor":["M","?","M","?","M","E","M","M","T","M","$","M","R","M","R","B",null,"M","?","M","?","$","E","?","M","T","R","E","R","$","?","R","B",null,"M","M","$","?","M","E","M","M","T","?","M","?","?","?","R","B",null,"R","$","E","B",null],"character_chosen":"THE_SILENT","items_purchased":["Backstab","Underhanded Strike","After Image","Underhanded Strike","ReplayTheSpireMod:Scrap Shanks","Guide Book","Iron Hammer","Acrobatics","Snake Skull","Finesse"],"campfire_rested":1,"item_purchase_floors":[11,11,22,22,30,30,37,37,53,53],"current_hp_per_floor":[63,63,57,57,55,40,39,39,39,39,39,39,39,42,42,31,63,59,26,26,26,26,26,26,37,37,37,45,45,45,26,44,63,63,63,62,62,62,62,62,49,49,49,49,47,47,47,20,20,11,63,63,63,63,18],"gold":43,"neow_bonus":"ONE_RARE_RELIC","is_daily":false,"chose_seed":false,"campfire_upgraded":5,"win_rate":0.0,"timestamp":1610192841,"path_taken":["M","?","?","?","M","E","M","M","T","?","$","?","R","M","R","BOSS","M","?","M","?","$","E","?","M","T","R","E","R","$","?","R","BOSS","M","M","$","?","M","E","M","?","T","?","?","?","?","?","R","BOSS","R","$","E","BOSS"],"items_purchased_type":["Card","Card","Card","Card","Card","Relic","Relic","Card","Relic","Card"],"build_version":"2020-12-22","purchased_purges":13,"victory":true,"max_hp_per_floor":[63,63,63,63,63,63,63,63,63,63,63,63,63,63,63,63,63,63,63,63,63,63,63,63,63,63,63,63,63,63,63,63,63,63,63,63,63,63,63,63,63,63,63,63,63,63,63,63,63,63,63,63,63,63,63],"card_choices":[{"not_picked":["hubris:Counter","Riddle With Holes"],"picked":"Quick Slash","floor":1},{"not_picked":["Outmaneuver","Finisher"],"picked":"Endless Agony","floor":3},{"not_picked":["Replay:Poison Smokescreen","PiercingWail"],"picked":"Prepared","floor":5},{"not_picked":["Outmaneuver","ReplayTheSpireMod:Shiv Toss"],"picked":"Die Die Die","floor":6},{"not_picked":["hubris:Counter","Draining Mist"],"picked":"Backflip","floor":7},{"not_picked":["Poisoned Stab","Bane"],"picked":"Flying Knee","floor":8},{"not_picked":["ReplayTheSpireMod:Tripwire","Flying Knee"],"picked":"Dodge and Roll","floor":10},{"not_picked":["Backflip","Toxin Wave"],"picked":"Escape Plan","floor":12},{"not_picked":["Accuracy","Dagger Spray"],"picked":"hubris:TrickCloak","floor":14},{"not_picked":["Grand Finale","Glass Knife"],"picked":"Corpse Explosion","floor":16},{"not_picked":["Dash+1","Dagger Spray"],"picked":"Dagger Throw+1","floor":18},{"not_picked":["Acrobatics","hubris:SlightOfHand"],"picked":"PiercingWail","floor":19},{"not_picked":["Bullet Time","Infinite Blades"],"picked":"Hidden Blade+1","floor":20},{"not_picked":["Venomology","Calculated Gamble+1"],"picked":"Envenom","floor":23},{"not_picked":["Deadly Poison","Infinite Blades+1"],"picked":"Dagger Throw+1","floor":25},{"not_picked":["Blade Dance","Poisoned Stab"],"picked":"Envenom","floor":28},{"not_picked":["Prepared+1","Riddle With Holes"],"picked":"Tactician+1","floor":35},{"not_picked":["hubris:SlightOfHand+1","Outmaneuver+1"],"picked":"Escape Plan+1","floor":36},{"not_picked":["Bane+1","Replay:Poison Smokescreen+1"],"picked":"Terror","floor":39},{"not_picked":["Toxin Wave+1","Terror+1"],"picked":"Footwork+1","floor":40},{"not_picked":["Poisoned Stab+1","hubris:SlightOfHand+1"],"picked":"Acrobatics+1","floor":41},{"not_picked":["Endless Agony","Dodge and Roll"],"picked":"conspire:PoisonWeapons","floor":42},{"not_picked":["Draining Mist","ReplayTheSpireMod:Shiv Toss+1","Bouncing Flask+1"],"picked":"SKIP","floor":45},{"not_picked":["Underhanded Strike","Footwork+1"],"picked":"Dodge and Roll+1","floor":48},{"not_picked":["Predator+1","Riddle With Holes+1"],"picked":"Cloak And Dagger+1","floor":54}],"player_experience":520730,"relics_obtained":[{"floor":6,"key":"Ninja Scroll"},{"floor":19,"key":"Dead Branch"},{"floor":23,"key":"Art of War"},{"floor":26,"key":"conspire:Dentures"},{"floor":28,"key":"Bottled Lightning"},{"floor":40,"key":"MealTicket"},{"floor":43,"key":"ReplayTheSpireMod:Lightbulb"},{"floor":48,"key":"CatCart"},{"floor":54,"key":"hubris:SphereOfDissonance"}],"event_choices":[{"damage_healed":0,"gold_gain":0,"player_choice":"Rummage","damage_taken":0,"relics_obtained":["WarpedTongs"],"max_hp_gain":0,"max_hp_loss":0,"event_name":"Accursed Blacksmith","floor":2,"gold_loss":0,"cards_obtained":["Pain"]},{"damage_healed":0,"gold_gain":0,"player_choice":"Bought 1 Potion","damage_taken":0,"max_hp_gain":0,"max_hp_loss":0,"event_name":"The Woman in Blue","floor":4,"gold_loss":0},{"damage_healed":0,"gold_gain":0,"player_choice":"Read","damage_taken":0,"max_hp_gain":0,"max_hp_loss":0,"event_name":"The Library","floor":21,"gold_loss":0,"cards_obtained":["Backstab"]},{"damage_healed":0,"gold_gain":0,"player_choice":"Ignored","damage_taken":0,"max_hp_gain":0,"max_hp_loss":0,"event_name":"Cursed Tome","floor":24,"gold_loss":0},{"damage_healed":0,"gold_gain":180,"player_choice":"GOLD GOLD ","damage_taken":19,"max_hp_gain":0,"max_hp_loss":0,"event_name":"Knowing Skull","floor":31,"potions_obtained":[],"gold_loss":0,"cards_obtained":[]},{"cards_removed":["Dodge and Roll"],"damage_healed":0,"gold_gain":0,"player_choice":"Purged","damage_taken":0,"max_hp_gain":0,"max_hp_loss":0,"event_name":"Purifier","floor":38,"gold_loss":0},{"damage_healed":0,"gold_gain":0,"player_choice":"Gave Potion","damage_taken":0,"relics_obtained":["Replay:Wax Seal"],"max_hp_gain":0,"max_hp_loss":0,"event_name":"WeMeetAgain","floor":44,"gold_loss":0},{"damage_healed":0,"gold_gain":0,"player_choice":"Leave","damage_taken":0,"max_hp_gain":0,"max_hp_loss":0,"event_name":"conspire:Investor","floor":46,"gold_loss":0},{"damage_healed":0,"gold_gain":0,"player_choice":"Ignored","damage_taken":0,"max_hp_gain":0,"max_hp_loss":0,"event_name":"Tomb of Lord Red Mask","floor":47,"gold_loss":0},{"damage_healed":0,"gold_gain":0,"player_choice":"Fight","damage_taken":0,"max_hp_gain":0,"max_hp_loss":0,"event_name":"OrinTheCat","floor":48,"gold_loss":0}],"is_beta":false,"boss_relics":[{"not_picked":["Replay:Grab Bag","conspire:SlowCooker"],"picked":"hubris:ScarierMask"},{"not_picked":["conspire:SeveredTorchhead","hubris:RunicObelisk"],"picked":"conspire:RoyalGoblet"}],"items_purged_floors":[11,11,11,11,11,11,11,11,11,11,22,30,53],"is_endless":false,"potions_floor_spawned":[1,8,12,18,33,35,39,41,45],"ascension_level":0}}