{"host":"z7p9vpu3tdvnhwui","time":1610233666,"event":{"mods":["2.2 Compatiblity","Act Like it!","BaseMod","Better Third Choice","Colored Powertips","DeckTracker","Defuse TimeMaze Blight","Friendly Minions","Hermit","Hubris","Infinite Spire","Marisa????????","Minty Spire (QoL Compilation)","Quick Restart","Rare Cards Sparkle","Replay The Spire","Shop Mod","Somnambulant","Spicy Shops","StSLib","The Cursed","The Forsaken","The Necromancer","The Servant 0.9.4","TheSwordswoman"],"gold_per_floor":[113,162,162,174,174,206,206,235,258,284,45,45,63,63,63,163,163,179,179,179,199,3,35,35,50,50,65,90,90,90,121,121,226,226,237,237,287,310,333,370,398,451,476,476,503,535,580,608,608,731,731,760,760,487,439,439],"floor_reached":55,"playtime":4274,"items_purged":[],"score":1524,"play_id":"f6cf6317-a527-4608-a41a-562aadc21965","local_time":"20210109230746","is_ascension_mode":true,"campfire_choices":[{"data":"TheCursedMod:SpitefulPlan","floor":7.0,"key":"SMITH"},{"data":"TheCursedMod:CleanUpWorkshop","floor":12.0,"key":"SMITH"},{"data":"TheCursedMod:CursedBlade","floor":12.0,"key":"SMITH"},{"data":"TheCursedMod:VoidForm","floor":24.0,"key":"SMITH"},{"data":"TheCursedMod:CursedWand","floor":24.0,"key":"SMITH"},{"data":"TheCursedMod:TroublousMinions","floor":32.0,"key":"SMITH"},{"data":"TheCursedMod:ReleasedStrength","floor":32.0,"key":"SMITH"},{"data":"TheCursedMod:CollectTribute","floor":44.0,"key":"SMITH"},{"data":"TheCursedMod:DarkBarrier","floor":44.0,"key":"SMITH"},{"data":"TheCursedMod:ReleasedStrength","floor":49.0,"key":"SMITH"},{"data":"Ghostly","floor":49.0,"key":"SMITH"}],"circlet_count":0,"master_deck":["TheCursedMod:CursedWand+1","TheCursedMod:CleanUpWorkshop+1","TheCursedMod:Dregs","TheCursedMod:SpitefulPlan+1","ReplayTheSpireMod:Splinters","TheCursedMod:RapidMovement","TheCursedMod:Obscuration","TheCursedMod:CursedStaff","TheCursedMod:CursedAmulet","TheCursedMod:CursedMace+1","TheCursedMod:CursedBlade+1","TheCursedMod:TroublousMinions+1","TheCursedMod:VoidForm+1","TheCursedMod:SmokeScreen","TheCursedMod:Obscuration","TheCursedMod:CursedShiv+1","TheCursedMod:CursedSpellbook+1","TheCursedMod:CursedShiv","TheCursedMod:SurpriseAttack","Ghostly+1","Ghostly","Ghostly","Ghostly","Ghostly","TheCursedMod:ReleasedStrength+1","TheCursedMod:CollectTribute+1","TheCursedMod:Dregs","Injury","Looming Evil","TheCursedMod:LuckyCharm+1","TheCursedMod:DarkBarrier+1","Overencumbered","TheCursedMod:CursedBoomerang","TheCursedMod:CollectTribute+1","Parasite","TheCursedMod:LuckyCharm+1","hubris:Greed","TheCursedMod:ReleasedStrength+1","Voices","TheCursedMod:DarkBarrier","TheCursedMod:UltimatePain","TheCursedMod:CircleOfCorruption","TheCursedMod:StunningStrike","TheCursedMod:HellsGateOpen+1","TheCursedMod:DarkBarrier","TheCursedMod:RavingStaff","TheCursedMod:FleshFromBone","hubris:Envy","ReplayTheSpireMod:Faulty Equipment","hubris:Greed","Clumsy","infinitespire:Pacifist","TheCursedMod:DoubleShield","infinitespire:Pacifist","ReplayTheSpireMod:Restless Dread","Replay:BasicMightCard+1","TheCursedMod:LuckyCharm+1"],"relics":["TheCursedMod:BlackMagic101","NeowsBlessing","TheCursedMod:Tack","hubris:EvacipatedBox","Sling","Potion Belt","infinitespire:Broken Mirror","hubris:SlimyHat","infinitespire:FocusingShard","Ancient Tea Set","Replay:Arrowhead","hubris:RunicObelisk","hubris:BottledHeart","Nunchaku","Gremlin Food","PreservedInsect","Chameleon Ring","Juzu Bracelet","Bronze Scales","Replay:Ancient Bell","Strawberry","Frozen Egg 2","Durian","hubris:Icosahedron","Ring of Greed","ReplayTheSpireMod:Ring of Collecting","Replay:Wax Seal","Replay:Bandana","ReplayTheSpireMod:TigerMarble","Pondfish Scales","ReplayFunnel","ReplayTheSpireMod:Ring of Challenge","infinitespire:BottledMercury","Pandora\u0027s Box","ReplayTheSpireMod:CursedCoin"],"acts_visited":["Exordium","TheCity","TheBeyond"],"potions_floor_usage":[],"damage_taken":[{"damage":0.0,"enemies":"2 Louse","floor":1.0,"turns":1.0},{"damage":0.0,"enemies":"Jaw Worm","floor":4.0,"turns":1.0},{"damage":2.0,"enemies":"3 Sentries","floor":6.0,"turns":2.0},{"damage":11.0,"enemies":"Lagavulin","floor":8.0,"turns":7.0},{"damage":18.0,"enemies":"3 Sentries","floor":10.0,"turns":8.0},{"damage":2.0,"enemies":"Small Slimes","floor":13.0,"turns":3.0},{"damage":0.0,"enemies":"Red Slaver","floor":14.0,"turns":1.0},{"damage":9.0,"enemies":"The Guardian","floor":16.0,"turns":9.0},{"damage":20.0,"enemies":"2 Thieves","floor":18.0,"turns":3.0},{"damage":0.0,"enemies":"Spheric Guardian","floor":21.0,"turns":4.0},{"damage":0.0,"enemies":"Nightmare","floor":23.0,"turns":6.0},{"damage":0.0,"enemies":"Chosen and Byrds","floor":25.0,"turns":4.0},{"damage":0.0,"enemies":"Cultist and Chosen","floor":27.0,"turns":3.0},{"damage":0.0,"enemies":"Slavers","floor":28.0,"turns":3.0},{"damage":0.0,"enemies":"Gremlin Leader","floor":31.0,"turns":3.0},{"damage":0.0,"enemies":"hubris:MusketHawk","floor":33.0,"turns":6.0},{"damage":0.0,"enemies":"3 Shapes","floor":35.0,"turns":4.0},{"damage":0.0,"enemies":"Orb Walker","floor":38.0,"turns":4.0},{"damage":0.0,"enemies":"Transient","floor":39.0,"turns":5.0},{"damage":0.0,"enemies":"R_Hoarder","floor":40.0,"turns":7.0},{"damage":0.0,"enemies":"3 Darklings","floor":41.0,"turns":5.0},{"damage":0.0,"enemies":"Reptomancer","floor":42.0,"turns":2.0},{"damage":0.0,"enemies":"Writhing Mass","floor":45.0,"turns":5.0},{"damage":0.0,"enemies":"Spire Growth","floor":46.0,"turns":7.0},{"damage":0.0,"enemies":"R_Hoarder","floor":47.0,"turns":6.0},{"damage":0.0,"enemies":"4 Shapes","floor":48.0,"turns":6.0},{"damage":0.0,"enemies":"Time Eater","floor":50.0,"turns":9.0},{"damage":0,"enemies":"Small Slimes","floor":52,"turns":2}],"seed_played":"2524719947086248836","potions_obtained":[{"floor":1.0,"key":"Adrenaline Potion"},{"floor":2.0,"key":"SmokeBomb"},{"floor":4.0,"key":"Reflective Coating"},{"floor":13.0,"key":"FearPotion"},{"floor":16.0,"key":"Dexterity Potion"},{"floor":21.0,"key":"Strength Potion"},{"floor":23.0,"key":"Fire Potion"},{"floor":27.0,"key":"Weak Potion"},{"floor":30.0,"key":"Milkshake"},{"floor":30.0,"key":"SneckoOil"},{"floor":38.0,"key":"SkillPotion"},{"floor":41.0,"key":"AttackPotion"},{"floor":42.0,"key":"Elixir"},{"floor":45.0,"key":"GamblersBrew"},{"floor":50.0,"key":"FearPotion"}],"is_trial":false,"path_per_floor":["M","?","?","M","$","E","R","E","T","E","$","R","M","M","R","B",null,"M","?","?","M","$","NM","R","M","T","M","E","?","R","E","R","B",null,"M","?","?","M","M","E","M","E","T","R","M","M","E","M","R","B",null,"M","?","$","?"],"character_chosen":"THE_CURSED","items_purchased":["hubris:EvacipatedBox","Sling","Ancient Tea Set","Replay:Arrowhead","Gremlin Food","SkillPotion","ReplayTheSpireMod:CursedCoin","Replay:BasicMightCard+1","TheCursedMod:LuckyCharm+1","Adrenaline Potion","Energy Potion"],"campfire_rested":0,"item_purchase_floors":[5,5,11,11,22,22,54,54,54,54,54],"current_hp_per_floor":[75,75,68,68,39,37,37,26,26,8,8,8,6,6,28,19,75,55,1,1,1,1,1,1,1,1,1,1,1,1,1,1,1,1,1,1,1,1,1,1,1,1,1,1,1,1,1,1,1,1,1,1,1,1,0,0],"gold":439,"neow_bonus":"THREE_ENEMY_KILL","is_daily":false,"chose_seed":false,"campfire_upgraded":11,"win_rate":0.0,"timestamp":1610233666,"path_taken":["M","?","?","?","?","E","R","E","T","E","$","R","?","M","R","BOSS","M","?","?","M","$","NM","R","?","T","M","E","?","R","E","R","BOSS","M","?","?","M","M","E","M","E","T","R","M","M","E","M","R","BOSS","M","?","?","?"],"items_purchased_type":["Relic","Relic","Relic","Relic","Relic","Potion","Relic","Card","Card","Potion","Potion"],"build_version":"2020-12-22","purchased_purges":0,"victory":false,"max_hp_per_floor":[75,75,75,75,75,75,75,75,75,75,75,75,75,75,75,75,75,75,1,1,1,1,1,1,1,1,1,1,1,1,1,1,1,1,1,1,1,1,1,1,1,1,1,1,1,1,1,1,1,1,1,1,1,1,1,1],"card_choices":[{"not_picked":["TheCursedMod:EmpowerCircles","TheCursedMod:Stigma"],"picked":"TheCursedMod:SpitefulPlan","floor":1.0},{"not_picked":["TheCursedMod:Wield","TheCursedMod:WearCloak"],"picked":"TheCursedMod:RapidMovement","floor":2.0},{"not_picked":["TheCursedMod:SpitefulStrike","TheCursedMod:Stretching"],"picked":"TheCursedMod:Obscuration","floor":2.0},{"not_picked":["TheCursedMod:CircleOfCorruption","TheCursedMod:WearCloak"],"picked":"TheCursedMod:CursedStaff","floor":4.0},{"not_picked":["TheCursedMod:FleshFromBone","TheCursedMod:Mangle"],"picked":"TheCursedMod:CursedAmulet","floor":6.0},{"not_picked":["TheCursedMod:DoubleShield","TheCursedMod:Torture"],"picked":"TheCursedMod:CursedMace","floor":8.0},{"not_picked":["TheCursedMod:Hemoplague","TheCursedMod:DemonicPact"],"picked":"TheCursedMod:CursedBlade","floor":10.0},{"not_picked":["TheCursedMod:ManaBullet","TheCursedMod:CursedMace"],"picked":"TheCursedMod:TroublousMinions","floor":13.0},{"not_picked":["TheCursedMod:CursedRelics","TheCursedMod:NeowsMight"],"picked":"TheCursedMod:VoidForm","floor":16.0},{"not_picked":["TheCursedMod:RapidMovement","TheCursedMod:Stigma"],"picked":"TheCursedMod:SmokeScreen","floor":18.0},{"not_picked":["TheCursedMod:Torture","TheCursedMod:CursedAmulet"],"picked":"TheCursedMod:Obscuration","floor":21.0},{"not_picked":["TheCursedMod:CursedRelics","TheCursedMod:CursedAmulet+1"],"picked":"TheCursedMod:CursedShiv+1","floor":23.0},{"not_picked":["TheCursedMod:Torture+1","TheCursedMod:RapidMovement"],"picked":"TheCursedMod:CursedSpellbook+1","floor":25.0},{"not_picked":["TheCursedMod:Stigma","TheCursedMod:Stretching"],"picked":"TheCursedMod:CursedShiv","floor":27.0},{"not_picked":["TheCursedMod:CursedArmor","TheCursedMod:AshesToAshes+1"],"picked":"TheCursedMod:SurpriseAttack","floor":28.0},{"not_picked":["TheCursedMod:PrepareRite+1","TheCursedMod:TacticalStrike"],"picked":"TheCursedMod:ReleasedStrength","floor":31.0},{"not_picked":["TheCursedMod:CircleOfAbyss","TheCursedMod:OutForBlood"],"picked":"TheCursedMod:CollectTribute","floor":33.0},{"not_picked":["Hallucinations","infinitespire:Pacifist"],"picked":"TheCursedMod:Dregs","floor":34.0},{"not_picked":["infinitespire:Pacifist","Overencumbered"],"picked":"Injury","floor":34.0},{"not_picked":["hubris:Lust","hubris:Disease"],"picked":"Looming Evil","floor":34.0},{"not_picked":["TheCursedMod:CircleOfBlood","TheCursedMod:Grudge","TheCursedMod:ManaBullet"],"picked":"SKIP","floor":35.0},{"not_picked":["TheCursedMod:TacticalStrike+1","TheCursedMod:CursedBlade+1"],"picked":"TheCursedMod:LuckyCharm+1","floor":38.0},{"not_picked":["TheCursedMod:FleshFromBone","TheCursedMod:WearCloak","TheCursedMod:TacticalStrike"],"picked":"SKIP","floor":39.0},{"not_picked":["TheCursedMod:ReleasedStrength","TheCursedMod:CursedArmor"],"picked":"TheCursedMod:DarkBarrier","floor":40.0},{"not_picked":["TheCursedMod:Evocation","TheCursedMod:CursedShiv+1"],"picked":"TheCursedMod:CursedBoomerang","floor":41.0},{"not_picked":["TheCursedMod:CursedShiv+1","TheCursedMod:FleshFromBone+1"],"picked":"TheCursedMod:CollectTribute+1","floor":42.0},{"not_picked":["TheCursedMod:CursedAmulet+1","TheCursedMod:WearCloak"],"picked":"TheCursedMod:LuckyCharm+1","floor":45.0},{"not_picked":["TheCursedMod:CircleOfCorruption+1","TheCursedMod:CursedAmulet","TheCursedMod:SmokeScreen"],"picked":"SKIP","floor":46.0},{"not_picked":["TheCursedMod:RapidMovement","TheCursedMod:ReleasedKnowledge"],"picked":"TheCursedMod:ReleasedStrength","floor":47.0},{"not_picked":["TheCursedMod:RavingStaff","TheCursedMod:CursedMace+1","TheCursedMod:WearCloak"],"picked":"SKIP","floor":48.0},{"not_picked":["TheCursedMod:DemonicPact+1","TheCursedMod:CircleOfAbyss"],"picked":"TheCursedMod:DarkBarrier","floor":50.0},{"not_picked":["TheCursedMod:SmokeScreen","TheCursedMod:WearCloak","TheCursedMod:AbyssShockwave"],"picked":"SKIP","floor":52}],"player_experience":621913,"relics_obtained":[{"floor":2.0,"key":"TheCursedMod:Tack"},{"floor":6.0,"key":"Potion Belt"},{"floor":8.0,"key":"infinitespire:Broken Mirror"},{"floor":9.0,"key":"hubris:SlimyHat"},{"floor":10.0,"key":"infinitespire:FocusingShard"},{"floor":23.0,"key":"PreservedInsect"},{"floor":26.0,"key":"Chameleon Ring"},{"floor":28.0,"key":"Juzu Bracelet"},{"floor":31.0,"key":"Bronze Scales"},{"floor":37.0,"key":"Ring of Greed"},{"floor":37.0,"key":"ReplayTheSpireMod:Ring of Collecting"},{"floor":37.0,"key":"Replay:Wax Seal"},{"floor":37.0,"key":"Replay:Bandana"},{"floor":40.0,"key":"ReplayTheSpireMod:TigerMarble"},{"floor":42.0,"key":"Pondfish Scales"},{"floor":43.0,"key":"ReplayFunnel"},{"floor":43.0,"key":"ReplayTheSpireMod:Ring of Challenge"},{"floor":47.0,"key":"infinitespire:BottledMercury"}],"event_choices":[{"damage_healed":0.0,"max_hp_gain":0.0,"max_hp_loss":0.0,"gold_gain":0.0,"event_name":"Wheel of Change","player_choice":"Damaged","floor":3.0,"gold_loss":0.0,"damage_taken":7.0},{"damage_healed":0.0,"max_hp_gain":0.0,"max_hp_loss":0.0,"gold_gain":0.0,"event_name":"WeMeetAgain","player_choice":"Gave Potion","floor":20.0,"gold_loss":0.0,"damage_taken":0.0,"relics_obtained":["Nunchaku"]},{"damage_healed":0.0,"max_hp_gain":0.0,"max_hp_loss":0.0,"gold_gain":0.0,"event_name":"Ghosts","player_choice":"Became a Ghost","floor":29.0,"gold_loss":0.0,"damage_taken":0.0,"cards_obtained":["Ghostly","Ghostly","Ghostly","Ghostly","Ghostly"]},{"damage_healed":0,"gold_gain":0,"cards_transformed":["TheCursedMod:PrepareRite"],"player_choice":"Transformed","damage_taken":0,"max_hp_gain":0,"max_hp_loss":0,"event_name":"Transmorgrifier","floor":53,"gold_loss":0,"cards_obtained":["TheCursedMod:DoubleShield"]}],"is_beta":false,"boss_relics":[{"not_picked":["Abe\u0027s Treasure","ReplayTheSpireMod:SealedPack","hubris:ScarierMask"],"picked":"hubris:RunicObelisk"},{"not_picked":["SacredBark","hubris:Backtick","Astrolabe"],"picked":"Replay:Ancient Bell"},{"not_picked":["Bag of Preparation","Vajra","Snecko Eye"],"picked":"Strawberry"},{"not_picked":["TheCursedMod:DemonicMark","Mercury Hourglass","Sozu"],"picked":"Frozen Egg 2"},{"not_picked":["Pocketwatch","Dead Branch","Coffee Dripper"],"picked":"Durian"},{"not_picked":["hubris:GrandSneckoEye","SlaversCollar","Fusion Hammer"],"picked":"Pandora\u0027s Box"}],"items_purged_floors":[],"is_endless":true,"potions_floor_spawned":[1,4,13,16,21,23,27,38,41,42,45,50],"ascension_level":4}}