{"host":"k9alh40840m0u455","time":1610221324,"event":{"mods":["BaseMod","Minty Spire (QoL Compilation)","Relic Stats","ojb\u0027s Info Mod"],"gold_per_floor":[114,130,130,80,92,92,126,126,178,212,12,12,27,56,56,56,56],"floor_reached":16,"playtime":2067,"items_purged":[],"score":177,"play_id":"fb7a7fe5-4573-467e-824b-37d862c044b8","local_time":"20210109114204","is_ascension_mode":true,"campfire_choices":[{"data":"Bash","floor":6,"key":"SMITH"},{"data":"Dropkick","floor":8,"key":"SMITH"},{"floor":15,"key":"REST"}],"circlet_count":0,"master_deck":["AscendersBane","Strike_R","Strike_R","Strike_R","Strike_R","Defend_R","Defend_R","Defend_R","Defend_R","Bash+1","Thunderclap","Shockwave","Dropkick+1","Dark Embrace","Pain","Battle Trance","Armaments"],"relics":["Burning Blood","Pen Nib","Oddly Smooth Stone","Blood Vial","Lantern","Potion Belt","WarpedTongs","Question Card"],"acts_visited":[],"potions_floor_usage":[13,16],"damage_taken":[{"damage":1.0,"enemies":"Small Slimes","floor":1.0,"turns":5.0},{"damage":7.0,"enemies":"Jaw Worm","floor":2.0,"turns":3.0},{"damage":2,"enemies":"Cultist","floor":5,"turns":4},{"damage":33,"enemies":"Gremlin Nob","floor":7,"turns":5},{"damage":28,"enemies":"3 Sentries","floor":10,"turns":7},{"damage":3,"enemies":"Large Slime","floor":13,"turns":5},{"damage":28,"enemies":"Gremlin Nob","floor":14,"turns":4},{"damage":45,"enemies":"Slime Boss","floor":16,"turns":8}],"seed_played":"-1640798844257566412","potions_obtained":[{"floor":2.0,"key":"Ancient Potion"},{"floor":7,"key":"Swift Potion"},{"floor":10,"key":"FearPotion"}],"is_trial":false,"path_per_floor":["M","M","?","?","M","R","E","R","T","E","$","?","M","E","R","B"],"character_chosen":"IRONCLAD","items_purchased":["Potion Belt","BlessingOfTheForge"],"campfire_rested":1,"item_purchase_floors":[11,11],"current_hp_per_floor":[77,76,76,76,80,80,53,53,53,33,33,33,38,18,42,0,0],"gold":56,"neow_bonus":"RANDOM_COMMON_RELIC","is_daily":false,"chose_seed":false,"campfire_upgraded":2,"win_rate":0.0,"timestamp":1610221324,"path_taken":["M","M","?","?","M","R","E","R","T","E","$","?","?","E","R","BOSS"],"items_purchased_type":["Relic","Potion"],"build_version":"2020-12-22","purchased_purges":0,"victory":false,"max_hp_per_floor":[80,80,80,80,80,80,80,80,80,80,80,80,80,80,80,80,80],"relic_stats":{"Blood Vial":8,"counters":[8,41],"Pen Nib":[7],"Question Card":0,"obtain_stats":[{"Blood Vial":9,"Potion Belt":11,"Lantern":10,"Oddly Smooth Stone":7,"Pen Nib":0,"Question Card":14,"Burning Blood":0,"WarpedTongs":12},{"Blood Vial":4,"Potion Belt":5,"Lantern":5,"Oddly Smooth Stone":4,"Pen Nib":0,"Question Card":7,"Burning Blood":0,"WarpedTongs":5},{"Blood Vial":17,"Potion Belt":24,"Lantern":24,"Oddly Smooth Stone":17,"Pen Nib":0,"Question Card":33,"Burning Blood":0,"WarpedTongs":24}],"Burning Blood":42,"WarpedTongs":[16]},"card_choices":[{"not_picked":["Clash","Sword Boomerang"],"picked":"Thunderclap","floor":1.0},{"not_picked":["Searing Blow","Armaments"],"picked":"Shockwave","floor":2.0},{"not_picked":["Entrench","Flex"],"picked":"Dropkick","floor":5},{"not_picked":["Headbutt","Cleave"],"picked":"Dark Embrace","floor":7},{"not_picked":["Headbutt","Limit Break","Perfected Strike"],"picked":"SKIP","floor":10},{"not_picked":["Wild Strike","Clash"],"picked":"Battle Trance","floor":13},{"not_picked":["Bloodletting","Clash"],"picked":"Armaments","floor":14}],"player_experience":166407,"relics_obtained":[{"floor":7,"key":"Oddly Smooth Stone"},{"floor":9,"key":"Blood Vial"},{"floor":10,"key":"Lantern"},{"floor":14,"key":"Question Card"}],"event_choices":[{"damage_healed":0.0,"max_hp_gain":0.0,"max_hp_loss":0.0,"gold_gain":0.0,"cards_transformed":["Strike_R"],"event_name":"Living Wall","player_choice":"Change","floor":3.0,"gold_loss":0.0,"damage_taken":0.0,"cards_obtained":["Seeing Red"]},{"cards_removed":["Seeing Red"],"damage_healed":0.0,"max_hp_gain":0.0,"max_hp_loss":0.0,"gold_gain":0.0,"event_name":"The Cleric","player_choice":"Card Removal","floor":4.0,"gold_loss":50.0,"damage_taken":0.0},{"damage_healed":0,"gold_gain":0,"player_choice":"Rummage","damage_taken":0,"relics_obtained":["WarpedTongs"],"max_hp_gain":0,"max_hp_loss":0,"event_name":"Accursed Blacksmith","floor":12,"gold_loss":0,"cards_obtained":["Pain"]}],"is_beta":false,"boss_relics":[],"items_purged_floors":[],"is_endless":false,"potions_floor_spawned":[2,7,10],"killed_by":"Slime Boss","ascension_level":10}}