{"host":"yii5it3292r9xs7s","time":1610185919,"event":{"mods":["ATMod(°¢èªMod)","Act Like it!","BaseMod","Better Vampires","Colored Powertips","Hallownest","Minty Spire (QoL Compilation)","Red Circlet Mod","StSLib","The Bug Knight","¡¾¹¦ÄÜMod¡¿»ìãçÖ®»·ÐÞ¸´²¹¶¡","¡¾ÒÅÎï¿¨ÅÆ¡¿REMEMod","óô»ðÖ¸ÄÏ"],"gold_per_floor":[114,165,165,165,181,211,231,246,246,281,281,130,130,130,130,225,225,241,161,161,6,6,35,35,35,60,60,70,70,101,118,118,222,222,232,164,164,164,14,45,63,63,63,96,96,96],"floor_reached":45,"playtime":2954,"items_purged":["Writhe"],"score":545,"play_id":"6bddc416-62ab-4ab9-81c2-d1547d890fc6","local_time":"20210109175159","daily_mods":["Flight"],"is_ascension_mode":false,"campfire_choices":[{"floor":15,"key":"REST"},{"floor":24,"key":"REST"},{"data":"HollowMod:GoodIntentions","floor":27,"key":"SMITH"},{"data":"HollowMod:CycloneSlash","floor":32,"key":"SMITH"},{"data":"HollowMod:MylasSalvation","floor":42,"key":"SMITH"}],"circlet_count":0,"master_deck":["HollowMod:NailStrikeStart","HollowMod:NailStrikeStart","HollowMod:NailStrikeStart","HollowMod:NailStrikeStart","HollowMod:QuickDashStart","HollowMod:QuickDashStart","HollowMod:QuickDashStart","HollowMod:QuickDashStart","HollowMod:FocusHealStart","HollowMod:PogoStrike","AT_DarkMatter","HollowMod:NewLittleFool","HollowMod:FastStrike","HollowMod:SoulSplash","HollowMod:SoulStrike","HollowMod:GoodIntentions+1","HollowMod:SoulMaster","HollowMod:CoiledNail","HollowMod:FocusHealStart","HollowMod:Weaversong+1","HollowMod:SoulVessel","HollowMod:AwokenDreamNail","HollowMod:ChannelNail","HollowMod:CycloneSlash+1","HollowMod:GrimmsGift","HollowMod:SoulEater","CurseOfTheBell","HollowMod:CornifersMapStart+1","HollowMod:BaldurShell","HollowMod:ShapeofUnn","HollowMod:MylasSalvation+1","HollowMod:Weaversong+1","HollowMod:Weaversong+1","HollowMod:PerfectDash","HollowMod:GoodIntentions+1","HollowMod:SlysStrikes"],"relics":["HollowMod:VesselMask","REME_ComplimentaryCards","AT_ATBox","Hallownest:DreamNailRelic","AT_TimeSand","Bird Faced Urn","Prayer Wheel","Hallownest:SalubrasBlessingRelic","AT_TrinityForce","Hallownest:NailmastersGloryRelic","Matryoshka","AT_ChloranthyRing","Letter Opener","Calling Bell","AT_LudenTempest","REME_HourglassOfDeath","Orichalcum","HollowMod:StagPassRelic","Art of War","Mummified Hand","Question Card","HollowMod:PaleOreRelic"],"acts_visited":["Hallownest:Greenpath","Hallownest:CityofTears","Hallownest:KingdomsEdge"],"potions_floor_usage":[33,45,45],"damage_taken":[{"damage":1,"enemies":"Hallownest:2_MossCreeps","floor":1,"turns":4},{"damage":11,"enemies":"Hallownest:2_Tiktiks_and_1_Crawlid","floor":5,"turns":6},{"damage":12,"enemies":"Hallownest:eliteVengeflyKing","floor":6,"turns":10},{"damage":4,"enemies":"Hallownest:monsterHuskGuard","floor":7,"turns":3},{"damage":13,"enemies":"Hallownest:MossCreep_and_Mosskin","floor":8,"turns":4},{"damage":39,"enemies":"Hallownest:eliteCrystalGuardian","floor":10,"turns":8},{"damage":46,"enemies":"Hallownest:BossHornet","floor":16,"turns":12},{"damage":36,"enemies":"Hallownest:3_Youths","floor":18,"turns":6},{"damage":53,"enemies":"Hallownest:eliteWatcherKnight","floor":23,"turns":10},{"damage":0,"enemies":"Hallownest:Guard_and_Sentry","floor":28,"turns":2},{"damage":3,"enemies":"Hallownest:Glutton_and_Coward","floor":30,"turns":3},{"damage":19,"enemies":"Hallownest:2_Flukemon","floor":31,"turns":6},{"damage":43,"enemies":"Hallownest:BossGrimm","floor":33,"turns":8},{"damage":11,"enemies":"Hallownest:2_Littles","floor":35,"turns":4},{"damage":17,"enemies":"Hallownest:eliteCollector","floor":40,"turns":7},{"damage":0,"enemies":"Hallownest:Shield_Heavy","floor":41,"turns":2},{"damage":36,"enemies":"Hallownest:eliteHiveKnight","floor":44,"turns":5},{"damage":116,"enemies":"Hallownest:2_Primals","floor":45,"turns":3}],"seed_played":"5196983131819204529","potions_obtained":[{"floor":6,"key":"FearPotion"},{"floor":10,"key":"FairyPotion"},{"floor":23,"key":"Ancient Potion"},{"floor":31,"key":"AttackPotion"},{"floor":44,"key":"ColorlessPotion"}],"is_trial":true,"path_per_floor":["M","?","?","?","M","E","M","M","T","E","?","$","R","?","R","B",null,"M","?","?","$","?","E","R","?","T","R","M","?","M","M","R","B",null,"M","$","?","?","?","E","M","R","T","E","?"],"character_chosen":"THE_BUGKNIGHT","items_purchased":["HollowMod:CoiledNail","HollowMod:AwokenDreamNail","HollowMod:ShapeofUnn"],"campfire_rested":2,"item_purchase_floors":[12,21,36],"current_hp_per_floor":[74,74,83,83,78,76,78,65,65,36,36,36,36,36,63,33,86,56,56,56,56,56,21,48,88,88,88,88,88,87,76,76,49,88,77,77,77,77,77,78,78,78,78,62,0,0],"gold":96,"neow_bonus":"","is_daily":false,"chose_seed":false,"campfire_upgraded":3,"win_rate":0.0,"timestamp":1610185919,"path_taken":["M","?","?","?","M","E","?","M","T","E","?","?","R","?","R","BOSS","M","?","?","?","?","E","R","?","T","R","?","?","?","M","R","BOSS","M","$","?","?","?","E","?","R","T","E","?"],"items_purchased_type":["Card","Card","Card"],"build_version":"2020-12-22","purchased_purges":1,"victory":false,"max_hp_per_floor":[75,75,84,84,84,84,84,84,84,84,84,84,84,84,86,86,86,86,86,86,86,86,86,88,88,88,88,88,88,88,88,88,88,88,88,88,88,88,88,88,88,88,88,88,88,88],"card_choices":[{"not_picked":["HollowMod:HuntersJournal","HollowMod:CornifersMapStart"],"picked":"HollowMod:NewLittleFool","floor":1},{"not_picked":["HollowMod:FallenFury","HollowMod:SiblingsSouls"],"picked":"HollowMod:FastStrike","floor":5},{"not_picked":["HollowMod:PureNailStrike","HollowMod:ShadowDash"],"picked":"HollowMod:SoulSplash","floor":6},{"not_picked":["HollowMod:WraithStrike","HollowMod:SharpenedNail"],"picked":"HollowMod:SoulStrike","floor":7},{"not_picked":["HollowMod:CornifersMapStart","HollowMod:ChannelNail"],"picked":"HollowMod:GoodIntentions","floor":8},{"not_picked":["HollowMod:SharpenedShadows","HollowMod:SoulVessel"],"picked":"HollowMod:SoulMaster","floor":10},{"not_picked":["HollowMod:theNailsmith","HollowMod:ZotesMagnificence"],"picked":"HollowMod:Weaversong","floor":16},{"not_picked":["HollowMod:NewJinnsSoul","HollowMod:HeavyBlow"],"picked":"HollowMod:CloakDash","floor":18},{"not_picked":["HollowMod:SoulStrike","HollowMod:VengefulVoid+1"],"picked":"HollowMod:SoulVessel","floor":18},{"not_picked":["HollowMod:CrystalDash","HollowMod:DescendingDark","HollowMod:NewJinnsSoul"],"picked":"SKIP","floor":23},{"not_picked":["HollowMod:Weaversong","HollowMod:DescendingDark"],"picked":"HollowMod:ChannelNail","floor":28},{"not_picked":["HollowMod:SiblingsShadow","HollowMod:SoulSplash+1"],"picked":"HollowMod:CycloneSlash","floor":28},{"not_picked":["HollowMod:ShapeofUnn","HollowMod:ChannelNail"],"picked":"HollowMod:GrimmsGift","floor":30},{"not_picked":["HollowMod:NewJinnsSoul","HollowMod:InfectedAttack","HollowMod:TaintedHusks+1"],"picked":"SKIP","floor":30},{"not_picked":["HollowMod:CoiledNail","HollowMod:PureNailStrike"],"picked":"HollowMod:SoulEater","floor":31},{"not_picked":["HollowMod:InfectedCysts","HollowMod:NewLittleFool","HollowMod:DungDefenderAura"],"picked":"SKIP","floor":31},{"not_picked":["HollowMod:SoulMaster","HollowMod:Hiveblood"],"picked":"HollowMod:theNailsmith","floor":33},{"not_picked":["HollowMod:CycloneSlash","HollowMod:InfectedCysts"],"picked":"HollowMod:CornifersMapStart+1","floor":35},{"not_picked":["HollowMod:CoiledNail","HollowMod:GrimmsGift+1"],"picked":"HollowMod:BaldurShell","floor":35},{"not_picked":["HollowMod:SharpenedShadows","HollowMod:ZotesMagnificence"],"picked":"HollowMod:PerfectDash","floor":40},{"not_picked":["HollowMod:HeavyBlow+1","HollowMod:CycloneSlash+1"],"picked":"HollowMod:GoodIntentions+1","floor":41},{"not_picked":["HollowMod:CornifersMapStart+1","HollowMod:DescendingDark+1","HollowMod:HeavyBlow+1"],"picked":"SKIP","floor":41},{"not_picked":["HollowMod:CornifersMapStart+1","HollowMod:NewLittleFool+1","HollowMod:VoidDash"],"picked":"HollowMod:SlysStrikes","floor":44}],"player_experience":0,"relics_obtained":[{"floor":6,"key":"AT_TimeSand"},{"floor":9,"key":"Bird Faced Urn"},{"floor":10,"key":"Prayer Wheel"},{"floor":23,"key":"Matryoshka"},{"floor":26,"key":"AT_ChloranthyRing"},{"floor":26,"key":"Letter Opener"},{"floor":34,"key":"AT_LudenTempest"},{"floor":34,"key":"REME_HourglassOfDeath"},{"floor":34,"key":"Orichalcum"},{"floor":40,"key":"Art of War"},{"floor":43,"key":"Mummified Hand"},{"floor":43,"key":"Question Card"},{"floor":44,"key":"HollowMod:PaleOreRelic"}],"event_choices":[],"is_beta":false,"boss_relics":[{"not_picked":["Velvet Choker","REME_DemonsWealth"],"picked":"AT_TrinityForce"},{"not_picked":["Philosopher\u0027s Stone","Black Star"],"picked":"Calling Bell"}],"items_purged_floors":[12],"is_endless":false,"potions_floor_spawned":[6,10,23,31,44],"killed_by":"Hallownest:2_Primals","ascension_level":0}}