{"host":"s794kqxf2n1qz2yr","time":1610175035,"event":{"mods":["100% Spire Juice","2.2 Compatiblity","AchievementEnabler","Aspiration","BaseMod","ChefMod","Downfall","Friendly Minions","Hermit","HololiveMod","Melee Mod","Minty Spire (QoL Compilation)","Permanent Neow","StSLib","The Alterego","The Animator","The Disciple","The Marked"],"gold_per_floor":[110,124,4,4,16,48,48,61,61,61,72,84,100,119,119,222,102,118,118,128,128,128,128,162,7,7,7,19,19,19,19,19,114,114,124,136,147,147,147],"floor_reached":40,"playtime":1699,"items_purged":[],"score":808,"play_id":"19d6710f-71c9-4b6b-adc5-5f04a8eb5fd3","local_time":"20210109065035","daily_mods":["SealedDeck"],"is_ascension_mode":false,"campfire_choices":[{"data":"Moonworks:CloudOfSeagulls","floor":7,"key":"SMITH"},{"data":"Moonworks:CloudOfSeagulls","floor":15,"key":"SMITH"},{"data":"Moonworks:CrystalBarrier","floor":23,"key":"SMITH"},{"data":"Moonworks:JonathanRush","floor":27,"key":"SMITH"},{"data":"Moonworks:JonathanRush","floor":29,"key":"SMITH"},{"data":"Moonworks:JonathanRush","floor":32,"key":"SMITH"}],"circlet_count":0,"master_deck":["Moonworks:LulusLuckyEgg","Moonworks:LulusLuckyEgg","Moonworks:StiffCrystal","Moonworks:WindyEnchantment","Moonworks:WindyEnchantment","Moonworks:CloudOfSeagulls+1","Moonworks:EvilSpyWorkPreparation+1","Moonworks:JonathanRush+1","Moonworks:JonathanRush+1","Moonworks:JonathanRush+1","Moonworks:CloudOfSeagulls+1","Moonworks:StiffCrystal","Moonworks:JonathanRush+1","Moonworks:WindyEnchantment","Moonworks:CloudOfSeagulls+1","Moonworks:WindyEnchantment","Moonworks:CrystalBarrier+1","Moonworks:WindyEnchantment","Moonworks:CloudOfSeagulls+1","Discovery"],"relics":["Moonworks:BrokenBomb","Moonworks:Homemark","Molten Egg 2","Guardian:PocketSentry","Gambling Chip","GremlinMask","Runic Pyramid","Ginger","Torii","Boot","Pear","aspiration:DefectSkillbook"],"acts_visited":["Exordium","TheCity","TheBeyond"],"potions_floor_usage":[35,39,39],"damage_taken":[{"damage":0,"enemies":"Small Slimes","floor":1,"turns":2},{"damage":0,"enemies":"2 Louse","floor":2,"turns":2},{"damage":0,"enemies":"Cultist","floor":5,"turns":2},{"damage":5,"enemies":"Gremlin Nob","floor":6,"turns":3},{"damage":1,"enemies":"Gremlin Gang","floor":8,"turns":3},{"damage":8,"enemies":"Looter","floor":11,"turns":2},{"damage":0,"enemies":"2 Fungi Beasts","floor":12,"turns":2},{"damage":8,"enemies":"Gremlin Gang","floor":13,"turns":3},{"damage":0,"enemies":"3 Louse","floor":14,"turns":2},{"damage":0,"enemies":"Hexaghost","floor":16,"turns":5},{"damage":0,"enemies":"Shell Parasite","floor":18,"turns":2},{"damage":0,"enemies":"2 Thieves","floor":20,"turns":3},{"damage":2,"enemies":"Book of Stabbing","floor":24,"turns":4},{"damage":0,"enemies":"3 Cultists","floor":28,"turns":4},{"damage":0,"enemies":"Collector","floor":33,"turns":5},{"damage":0,"enemies":"3 Darklings","floor":35,"turns":4},{"damage":0,"enemies":"Orb Walker","floor":36,"turns":2},{"damage":9,"enemies":"Sphere and 2 Shapes","floor":37,"turns":4},{"damage":31,"enemies":"Donu and Deca","floor":39,"turns":7}],"seed_played":"-6456269078126283948","potions_obtained":[{"floor":5,"key":"GamblersBrew"},{"floor":12,"key":"Ancient Potion"},{"floor":13,"key":"hexamod:EctoCoolerPotion"},{"floor":20,"key":"DuplicationPotion"},{"floor":37,"key":"Strength Potion"}],"is_trial":true,"path_per_floor":["M","M","?","?","M","E","R","M","T","?","M","M","M","M","R","B",null,"M","?","M","?","?","R","E","$","T","R","M","R","?","?","R","B",null,"M","M","M","?","B",null],"character_chosen":"THE_STARBREAKER","items_purchased":["Boot"],"campfire_rested":0,"item_purchase_floors":[25],"current_hp_per_floor":[60,60,60,53,53,48,48,47,47,47,39,39,31,31,31,31,60,60,60,60,60,60,60,58,58,68,68,68,68,55,43,43,43,75,75,75,66,66,35],"gold":147,"neow_bonus":"","is_daily":false,"chose_seed":false,"campfire_upgraded":6,"win_rate":0.0,"timestamp":1610175035,"path_taken":["M","M","?","?","M","E","R","M","T","?","M","M","?","?","R","BOSS","M","?","M","?","?","R","E","$","T","R","?","R","?","?","R","BOSS","M","M","?","?","BOSS"],"items_purchased_type":["Relic"],"build_version":"2020-12-22","purchased_purges":0,"victory":true,"max_hp_per_floor":[60,60,60,60,60,60,60,60,60,60,60,60,60,60,60,60,60,60,60,60,60,60,60,60,60,70,70,70,70,75,75,75,75,75,75,75,75,75,75],"card_choices":[{"not_picked":["Moonworks:Assault","Moonworks:DeployBits"],"picked":"Moonworks:CloudOfSeagulls","floor":1},{"not_picked":["Moonworks:Flamethrower","Moonworks:BackdoorTrade","Moonworks:ExtendedPhotonRifle"],"picked":"SKIP","floor":2},{"not_picked":["Moonworks:BigMagnum","Moonworks:SakisCookie"],"picked":"Moonworks:StiffCrystal","floor":5},{"not_picked":["Moonworks:Assault+1","Moonworks:IndiscriminateFireSupport+1"],"picked":"Moonworks:JonathanRush+1","floor":6},{"not_picked":["Moonworks:SakisCookie","Moonworks:BigMagnum"],"picked":"Moonworks:WindyEnchantment","floor":8},{"not_picked":["Moonworks:CrystalBarrier","Moonworks:LulusLuckyEgg"],"picked":"Moonworks:CloudOfSeagulls+1","floor":11},{"not_picked":["Moonworks:TacticalRetreat","Moonworks:FullSpeedAlicianrone+1","Moonworks:NicePresent"],"picked":"SKIP","floor":12},{"not_picked":["Moonworks:BigMagnum","Moonworks:ImOnFire"],"picked":"Moonworks:WindyEnchantment","floor":13},{"not_picked":["Moonworks:AwakeningOfTalent+1","Moonworks:NicePresent","Moonworks:LulusLuckyEgg"],"picked":"SKIP","floor":14},{"not_picked":["Moonworks:Wanted","Moonworks:Blazing"],"picked":"Moonworks:CrystalBarrier","floor":16},{"not_picked":["Moonworks:NicePresent","Moonworks:EvilSpyWorkPreparation+1","Moonworks:Flamethrower+1"],"picked":"SKIP","floor":18},{"not_picked":["Moonworks:CookingTime+1","Moonworks:IndiscriminateFireSupport+1"],"picked":"Moonworks:WindyEnchantment","floor":20},{"not_picked":["Moonworks:ScrambledEve","Moonworks:LulusLuckyEgg"],"picked":"Moonworks:CloudOfSeagulls+1","floor":24},{"not_picked":["Moonworks:Assault+1","Moonworks:PlushieMaster","Moonworks:IndiscriminateFireSupport+1"],"picked":"SKIP","floor":28},{"not_picked":["Sunder+1","Moonworks:IndiscriminateFireSupport+1","Turbo","Capacitor"],"picked":"SKIP","floor":35},{"not_picked":["Heatsinks+1","Barrage+1","Blizzard+1","Moonworks:DevilHand+1"],"picked":"SKIP","floor":36},{"not_picked":["Ball Lightning+1","Moonworks:StiffCrystal+1","Undo+1","aspiration:Polymerization+1"],"picked":"SKIP","floor":37}],"player_experience":369005,"relics_obtained":[{"floor":6,"key":"Guardian:PocketSentry"},{"floor":9,"key":"Gambling Chip"},{"floor":24,"key":"Torii"},{"floor":26,"key":"Pear"}],"event_choices":[{"cards_removed":["Injury"],"damage_healed":0,"gold_gain":0,"player_choice":"Card Removal","damage_taken":7,"max_hp_gain":0,"max_hp_loss":0,"event_name":"Golden Wing","floor":4,"gold_loss":0},{"damage_healed":0,"gold_gain":0,"player_choice":"Trade","damage_taken":0,"relics_obtained":["GremlinMask"],"max_hp_gain":0,"max_hp_loss":0,"event_name":"FaceTrader","floor":10,"gold_loss":0},{"damage_healed":0,"gold_gain":0,"player_choice":"Opened","damage_taken":0,"relics_obtained":["Ginger"],"max_hp_gain":0,"max_hp_loss":0,"event_name":"The Mausoleum","floor":21,"gold_loss":0},{"damage_healed":0,"gold_gain":0,"player_choice":"Forge","damage_taken":0,"max_hp_gain":0,"max_hp_loss":0,"event_name":"Accursed Blacksmith","floor":22,"gold_loss":0,"cards_upgraded":["Moonworks:EvilSpyWorkPreparation"]},{"damage_healed":0,"gold_gain":0,"player_choice":"Shed Blood","damage_taken":18,"max_hp_gain":5,"max_hp_loss":0,"event_name":"Forgotten Altar","floor":30,"gold_loss":0},{"damage_healed":0,"gold_gain":0,"player_choice":"CARD ","damage_taken":12,"max_hp_gain":0,"max_hp_loss":0,"event_name":"Knowing Skull","floor":31,"potions_obtained":[],"gold_loss":0,"cards_obtained":["Discovery"]},{"damage_healed":0,"gold_gain":0,"player_choice":"Took Portal","damage_taken":0,"max_hp_gain":0,"max_hp_loss":0,"event_name":"SecretPortal","floor":38,"gold_loss":0}],"is_beta":false,"boss_relics":[{"not_picked":["Hololive_Finger","SacredBark"],"picked":"Runic Pyramid"},{"not_picked":["Astrolabe","aspiration:SilentSkillbook"],"picked":"aspiration:DefectSkillbook"}],"items_purged_floors":[],"is_endless":false,"potions_floor_spawned":[5,12,13,20,37],"ascension_level":0}}