{"host":"z9grmtg2w0nmz8n1","time":1610173058,"event":{"mods":["Aspiration","Bard","BaseMod","Beaked The Cultist","Better Altar","Better Match","Better Note","Better Sensory Stone","Better Skull","Better Third Choice","BetterRewards","CCEM","Colored Map","Conspire","Downfall","GifTheSpireLib","Googly Eyes","Halation","Hermit","Highlight Path","Hubris","Hunter ??","Jedi Mod","Jorbs\u0027s Wanderer Trilogy","Mad Scientist","Marisa????????","Minty Spire (QoL Compilation)","Permanent Neow","Replay The Spire","Shade Mod","Shop Mod","Spicy Shops","StSLib","Stuff the Spire","The Bug Knight","The Construct","The Necromancer","The Runesmith","The Witch"],"gold_per_floor":[115,115,40,40,40,67,77,108,108,121,141,205,233,82,82,82,82],"floor_reached":16,"playtime":598,"items_purged":["Strike_B","Strike_B"],"score":126,"play_id":"f46b27ab-def8-4cb9-ab69-1c98bf2af705","local_time":"20210109041738","is_ascension_mode":true,"campfire_choices":[{"floor":15,"key":"REST"}],"circlet_count":0,"master_deck":["Strike_B","Defend_B","Defend_B","Defend_B","Defend_B","Zap","Dualcast","Go for the Eyes","StuffTheSpire:Plugnplay","BootSequence+1","jedi:blockon","Ball Lightning","Ball Lightning","Gash"],"relics":["Cracked Core","SsserpentHead","Strawberry","Prayer Wheel","hubris:Zylophone","jedi:shrinkray"],"acts_visited":["Exordium"],"potions_floor_usage":[13,13],"damage_taken":[{"damage":0,"enemies":"Cultist","floor":1,"turns":3},{"damage":20,"enemies":"3 Sentries","floor":6,"turns":7},{"damage":7,"enemies":"Jaw Worm","floor":7,"turns":5},{"damage":18,"enemies":"Lagavulin","floor":8,"turns":6},{"damage":6,"enemies":"2 Louse","floor":10,"turns":3},{"damage":13,"enemies":"Exordium Thugs","floor":11,"turns":5},{"damage":2,"enemies":"Exordium Wildlife","floor":12,"turns":3},{"damage":10,"enemies":"Gremlin Nob","floor":13,"turns":3},{"damage":33,"enemies":"Slime Boss","floor":16,"turns":7}],"seed_played":"7492543972403345354","potions_obtained":[{"floor":8,"key":"AttackPotion"},{"floor":12,"key":"Fire Potion"},{"floor":13,"key":"Elixir"}],"is_trial":false,"path_per_floor":["M","?","$","?","?","E","M","E","T","M","M","M","E","$","R","B"],"character_chosen":"DEFECT","items_purchased":["Gash"],"campfire_rested":1,"item_purchase_floors":[14],"current_hp_per_floor":[75,75,75,75,75,62,55,37,37,31,18,16,6,6,30,0,0],"gold":82,"neow_bonus":"THREE_CARDS","is_daily":false,"chose_seed":false,"campfire_upgraded":0,"win_rate":0.0,"timestamp":1610173058,"path_taken":["M","?","$","?","?","E","M","E","T","M","M","?","E","$","R","BOSS"],"items_purchased_type":["Card"],"build_version":"2020-12-22","purchased_purges":2,"victory":false,"max_hp_per_floor":[75,75,75,75,75,82,82,82,82,82,82,82,82,82,82,82,82],"card_choices":[{"not_picked":["Stack","Cold Snap"],"picked":"Go for the Eyes","floor":0},{"not_picked":["Rebound","Compile Driver"],"picked":"StuffTheSpire:Plugnplay","floor":1},{"not_picked":["Coolheaded","StuffTheSpire:SnapShoot"],"picked":"ReplayTheSpireMod:Fabricate Wheel","floor":6},{"not_picked":["jedi:BurstLightning","Rebound","Double Energy"],"picked":"SKIP","floor":7},{"not_picked":["Undo","Crystallizer","Stack"],"picked":"SKIP","floor":7},{"not_picked":["Echo Form","jedi:BurstFrost","StuffTheSpire:ForEach"],"picked":"SKIP","floor":8},{"not_picked":["jedi:BurstLightning","jedi:BurstFrost"],"picked":"jedi:blockon","floor":10},{"not_picked":["Turbo","Redo","conspire:SharedLibrary"],"picked":"SKIP","floor":10},{"not_picked":["ReplayTheSpireMod:Dual Polarity","jedi:BurstFrost"],"picked":"Ball Lightning","floor":11},{"not_picked":["Coolheaded","Chaos","Stack"],"picked":"SKIP","floor":11},{"not_picked":["Go for the Eyes","Meteor Strike"],"picked":"Ball Lightning","floor":12},{"not_picked":["BasicCrystalCard","Barrage","conspire:SharedLibrary"],"picked":"SKIP","floor":12},{"not_picked":["Blizzard","Panic Button","Redo"],"picked":"SKIP","floor":13}],"player_experience":817859,"relics_obtained":[{"floor":6,"key":"Strawberry"},{"floor":8,"key":"hubris:Zylophone"},{"floor":13,"key":"jedi:shrinkray"}],"event_choices":[{"damage_healed":0,"gold_gain":0,"player_choice":"Leave","damage_taken":0,"max_hp_gain":0,"max_hp_loss":0,"event_name":"conspire:Investor","floor":2,"gold_loss":0},{"damage_healed":0,"gold_gain":0,"player_choice":"Trade","damage_taken":0,"relics_obtained":["SsserpentHead"],"max_hp_gain":0,"max_hp_loss":0,"event_name":"FaceTrader","floor":5,"gold_loss":0}],"is_beta":false,"boss_relics":[],"items_purged_floors":[3,14],"is_endless":false,"potions_floor_spawned":[8,12,13],"killed_by":"Slime Boss","ascension_level":1}}