{"host":"7l2t4psy44vpcd9q","time":1610186474,"event":{"mods":["AchievementEnabler","BaseMod","DeckTracker","Minty Spire (QoL Compilation)","SuperFastMode"],"gold_per_floor":[115,127,127,140,151,151,76,76,101,127,127,141,155,225,225,303,303,317,18,18,18,29,29,47,76,76,93,93,120,120,134,134,205,205,223,148,160,160,160,160,190,190,190,190,190,221,221,4,4,4,4,4],"floor_reached":51,"playtime":2403,"items_purged":["Strike_G+1"],"score":1486,"play_id":"01195ba4-46d0-432b-940c-81e2f30605fa","local_time":"20210109190114","is_ascension_mode":true,"campfire_choices":[{"data":"Blade Dance","floor":6.0,"key":"SMITH"},{"data":"Sucker Punch","floor":8.0,"key":"SMITH"},{"floor":15.0,"key":"REST"},{"data":"A Thousand Cuts","floor":23.0,"key":"SMITH"},{"floor":28.0,"key":"REST"},{"data":"Venomology","floor":30.0,"key":"SMITH"},{"data":"Calculated Gamble","floor":32.0,"key":"SMITH"},{"data":"Footwork","floor":40.0,"key":"SMITH"},{"floor":42.0,"key":"REST"},{"data":"Well Laid Plans","floor":49.0,"key":"SMITH"}],"circlet_count":0,"master_deck":["AscendersBane","Strike_G+1","Strike_G+1","Defend_G+1","Defend_G+1","Defend_G+1","Defend_G+1","Survivor","Neutralize","Flying Knee","Choke","Blade Dance+1","Sucker Punch+1","Finisher+1","Cloak And Dagger","Glass Knife","Bullet Time","Infinite Blades+1","Backflip","A Thousand Cuts+1","Slice","Calculated Gamble+1","Cloak And Dagger+1","Venomology+1","After Image","CurseOfTheBell","Footwork+1","Acrobatics","Blur","Backflip","Well Laid Plans+1"],"relics":["HoveringKite","Vajra","Happy Flower","WristBlade","HornCleat","Art of War","Nunchaku","Bronze Scales","Calling Bell","Oddly Smooth Stone","Paper Crane","Prayer Wheel","Mummified Hand","InkBottle","Ancient Tea Set"],"acts_visited":["Exordium","TheCity","TheBeyond"],"potions_floor_usage":[50,50,50],"damage_taken":[{"damage":4.0,"enemies":"Jaw Worm","floor":1.0,"turns":5.0},{"damage":0.0,"enemies":"Small Slimes","floor":2.0,"turns":5.0},{"damage":0.0,"enemies":"Cultist","floor":4.0,"turns":3.0},{"damage":13.0,"enemies":"Large Slime","floor":5.0,"turns":2.0},{"damage":16.0,"enemies":"Lagavulin","floor":10.0,"turns":6.0},{"damage":3.0,"enemies":"Looter","floor":12.0,"turns":2.0},{"damage":2.0,"enemies":"Blue Slaver","floor":13.0,"turns":4.0},{"damage":41.0,"enemies":"The Guardian","floor":16.0,"turns":12.0},{"damage":1.0,"enemies":"Spheric Guardian","floor":18.0,"turns":3.0},{"damage":9.0,"enemies":"3 Byrds","floor":22.0,"turns":6.0},{"damage":0.0,"enemies":"Centurion and Healer","floor":24.0,"turns":2.0},{"damage":10.0,"enemies":"Book of Stabbing","floor":25.0,"turns":4.0},{"damage":0.0,"enemies":"Shelled Parasite and Fungi","floor":27.0,"turns":2.0},{"damage":0.0,"enemies":"Slavers","floor":29.0,"turns":3.0},{"damage":0.0,"enemies":"Snecko","floor":31.0,"turns":3.0},{"damage":26.0,"enemies":"Automaton","floor":33.0,"turns":5.0},{"damage":30.0,"enemies":"3 Darklings","floor":35.0,"turns":6.0},{"damage":4.0,"enemies":"Orb Walker","floor":37.0,"turns":4.0},{"damage":36.0,"enemies":"Nemesis","floor":41.0,"turns":10.0},{"damage":0.0,"enemies":"Reptomancer","floor":46.0,"turns":6.0},{"damage":0.0,"enemies":"Sphere and 2 Shapes","floor":47.0,"turns":4.0},{"damage":30,"enemies":"Awakened One","floor":50,"turns":11},{"damage":18,"enemies":"Time Eater","floor":51,"turns":4}],"seed_played":"-7799480856108950798","potions_obtained":[{"floor":2.0,"key":"FairyPotion"},{"floor":4.0,"key":"FearPotion"},{"floor":13.0,"key":"DuplicationPotion"},{"floor":22.0,"key":"Poison Potion"},{"floor":24.0,"key":"PowerPotion"},{"floor":27.0,"key":"ColorlessPotion"},{"floor":33.0,"key":"GamblersBrew"},{"floor":41.0,"key":"Dexterity Potion"}],"is_trial":false,"path_per_floor":["M","M","?","M","M","R","?","R","T","E","?","M","M","?","R","B",null,"M","$","?","?","M","R","M","E","T","M","R","E","R","M","R","B",null,"M","$","M","?","?","R","E","R","T","?","?","E","M","$","R","B","B"],"character_chosen":"THE_SILENT","items_purchased":["Backflip","HornCleat","CunningPotion","Backflip","Well Laid Plans"],"campfire_rested":3,"item_purchase_floors":[19,19,48,48,48],"current_hp_per_floor":[55,55,55,55,42,42,42,42,42,26,26,23,21,21,40,18,54,53,53,53,53,44,44,44,34,34,34,53,53,53,53,53,27,56,26,26,22,54,54,54,18,34,34,34,34,34,34,34,34,4,0,0],"gold":4,"neow_bonus":"BOSS_RELIC","is_daily":false,"chose_seed":false,"campfire_upgraded":7,"win_rate":0.0,"timestamp":1610186474,"path_taken":["M","M","?","M","M","R","?","R","T","E","?","?","M","?","R","BOSS","M","$","?","?","M","R","M","E","T","M","R","E","R","?","R","BOSS","M","$","?","?","?","R","E","R","T","?","?","E","M","$","R","BOSS","BOSS"],"items_purchased_type":["Card","Relic","Potion","Card","Card"],"build_version":"2020-12-22","purchased_purges":1,"victory":false,"max_hp_per_floor":[66,66,66,66,66,66,66,66,66,66,66,66,66,66,66,66,66,66,66,66,66,66,66,66,66,66,66,66,66,66,66,66,66,66,66,66,66,54,54,54,54,54,54,54,54,54,54,54,54,54,54,54],"card_choices":[{"not_picked":["Prepared","Leg Sweep"],"picked":"Flying Knee","floor":1.0},{"not_picked":["Well Laid Plans","Outmaneuver"],"picked":"Choke","floor":2.0},{"not_picked":["Deflect","Outmaneuver"],"picked":"Blade Dance","floor":4.0},{"not_picked":["Tactician","Acrobatics"],"picked":"Sucker Punch","floor":5.0},{"not_picked":["Adrenaline","Cloak And Dagger"],"picked":"Finisher","floor":10.0},{"not_picked":["Predator","Prepared"],"picked":"Cloak And Dagger","floor":12.0},{"not_picked":["Predator","Slice"],"picked":"Glass Knife","floor":13.0},{"not_picked":["Storm of Steel","A Thousand Cuts"],"picked":"Bullet Time","floor":16.0},{"not_picked":["Deflect","Flying Knee"],"picked":"Infinite Blades+1","floor":18.0},{"not_picked":["Cloak And Dagger","Tactician"],"picked":"Slice","floor":22.0},{"not_picked":["Flechettes","Dodge and Roll"],"picked":"Calculated Gamble","floor":24.0},{"not_picked":["A Thousand Cuts","Prepared","Leg Sweep"],"picked":"SKIP","floor":25.0},{"not_picked":["Crippling Poison+1","Outmaneuver"],"picked":"Cloak And Dagger+1","floor":27.0},{"not_picked":["Leg Sweep+1","PiercingWail"],"picked":"Venomology","floor":29.0},{"not_picked":["Flying Knee","Deflect","Skewer"],"picked":"SKIP","floor":31.0},{"not_picked":["Die Die Die","Night Terror"],"picked":"After Image","floor":33.0},{"not_picked":["Terror","Expertise+1","Calculated Gamble+1"],"picked":"SKIP","floor":35.0},{"not_picked":["Flying Knee","Deflect+1","Slice"],"picked":"SKIP","floor":35.0},{"not_picked":["Bullet Time","Bouncing Flask+1"],"picked":"Footwork","floor":37.0},{"not_picked":["Dagger Spray","Flying Knee+1","Infinite Blades"],"picked":"SKIP","floor":37.0},{"not_picked":["PiercingWail","Concentrate"],"picked":"Acrobatics","floor":41.0},{"not_picked":["Dodge and Roll","Caltrops"],"picked":"Blur","floor":46.0}],"player_experience":1163585,"relics_obtained":[{"floor":9.0,"key":"Vajra"},{"floor":10.0,"key":"Happy Flower"},{"floor":25.0,"key":"Art of War"},{"floor":26.0,"key":"Nunchaku"},{"floor":29.0,"key":"Bronze Scales"},{"floor":34.0,"key":"Oddly Smooth Stone"},{"floor":34.0,"key":"Paper Crane"},{"floor":34.0,"key":"Prayer Wheel"},{"floor":41.0,"key":"Mummified Hand"},{"floor":43.0,"key":"InkBottle"},{"floor":46.0,"key":"Ancient Tea Set"}],"event_choices":[{"damage_healed":0.0,"max_hp_gain":0.0,"max_hp_loss":0.0,"gold_gain":0.0,"event_name":"Liars Game","player_choice":"Ignored","floor":3.0,"gold_loss":0.0,"damage_taken":0.0},{"cards_removed":["Strike_G"],"damage_healed":0.0,"max_hp_gain":0.0,"max_hp_loss":0.0,"gold_gain":0.0,"event_name":"The Cleric","player_choice":"Card Removal","floor":7.0,"gold_loss":75.0,"damage_taken":0.0},{"damage_healed":0.0,"max_hp_gain":0.0,"max_hp_loss":0.0,"gold_gain":0.0,"event_name":"Upgrade Shrine","player_choice":"Upgraded","floor":11.0,"gold_loss":0.0,"damage_taken":0.0,"cards_upgraded":["Finisher"]},{"damage_healed":0.0,"max_hp_gain":0.0,"max_hp_loss":0.0,"gold_gain":70.0,"event_name":"Golden Wing","player_choice":"Gained Gold","floor":14.0,"gold_loss":0.0,"damage_taken":0.0},{"damage_healed":0.0,"max_hp_gain":0.0,"max_hp_loss":0.0,"gold_gain":0.0,"event_name":"Back to Basics","player_choice":"Simplicity","floor":20.0,"gold_loss":0.0,"damage_taken":0.0,"cards_upgraded":["Strike_G","Strike_G","Strike_G","Strike_G","Defend_G","Defend_G","Defend_G","Defend_G","Defend_G"]},{"damage_healed":0.0,"max_hp_gain":0.0,"max_hp_loss":0.0,"gold_gain":0.0,"cards_transformed":["Defend_G"],"event_name":"Transmorgrifier","player_choice":"Transformed","floor":21.0,"gold_loss":0.0,"damage_taken":0.0,"cards_obtained":["A Thousand Cuts"]},{"damage_healed":54.0,"max_hp_gain":0.0,"max_hp_loss":12.0,"gold_gain":0.0,"event_name":"The Moai Head","player_choice":"Heal","floor":38.0,"gold_loss":0.0,"damage_taken":0.0},{"cards_removed":["Strike_G"],"damage_healed":0.0,"max_hp_gain":0.0,"max_hp_loss":0.0,"gold_gain":0.0,"event_name":"Falling","player_choice":"Removed Attack","floor":39.0,"gold_loss":0.0,"damage_taken":0.0},{"damage_healed":0.0,"max_hp_gain":0.0,"max_hp_loss":0.0,"gold_gain":0.0,"event_name":"Tomb of Lord Red Mask","player_choice":"Ignored","floor":44.0,"gold_loss":0.0,"damage_taken":0.0},{"damage_healed":0.0,"max_hp_gain":0.0,"max_hp_loss":0.0,"gold_gain":0.0,"event_name":"SensoryStone","player_choice":"Memory 1","floor":45.0,"gold_loss":0.0,"damage_taken":0.0}],"is_beta":false,"boss_relics":[{"not_picked":["Cursed Key","Sozu"],"picked":"WristBlade"},{"not_picked":["Black Star","Coffee Dripper"],"picked":"Calling Bell"}],"items_purged_floors":[36],"is_endless":false,"potions_floor_spawned":[2,4,13,22,24,27,33,41,47],"killed_by":"Time Eater","ascension_level":20}}