{"host":"Bilverbakes","time":1610220598,"event":{"mods":["2.2 Compatiblity","AchievementEnabler","BaseMod","Bestiary","Colored Map","Minty Spire (QoL Compilation)","Relic Stats","StSLib","ojb\u0027s Info Mod"],"gold_per_floor":[113,132,146,146,160,160,190,209,209,209,134,148,113,138,138,215,215,234,244,244,244,244,244,244,244],"floor_reached":24,"playtime":1545,"items_purged":["Strike_R"],"score":437,"play_id":"2f6b96f4-892c-467a-b893-da581bd5f2fd","local_time":"20210109132958","is_ascension_mode":true,"campfire_choices":[{"data":"Feed","floor":6,"key":"SMITH"},{"data":"True Grit","floor":10,"key":"SMITH"},{"floor":15,"key":"REST"},{"data":"Dark Embrace","floor":23,"key":"SMITH"}],"circlet_count":0,"master_deck":["AscendersBane","Strike_R","Strike_R","Strike_R","Defend_R","Defend_R","Defend_R","Bash","Fire Breathing","Dark Embrace+1","Thunderclap","Feed+1","Wild Strike","True Grit+1","Feel No Pain","Headbutt","Burning Pact","Fiend Fire","Sentinel","Decay"],"relics":["Burning Blood","Strawberry","Akabeko","Red Skull","Runic Pyramid"],"acts_visited":["Exordium","TheCity"],"potions_floor_usage":[7,8,14,16,18],"damage_taken":[{"damage":0,"enemies":"2 Louse","floor":1,"turns":3},{"damage":19,"enemies":"Jaw Worm","floor":2,"turns":4},{"damage":10,"enemies":"Small Slimes","floor":3,"turns":4},{"damage":21,"enemies":"2 Fungi Beasts","floor":5,"turns":3},{"damage":24,"enemies":"Gremlin Nob","floor":7,"turns":4},{"damage":18,"enemies":"Exordium Thugs","floor":8,"turns":6},{"damage":8,"enemies":"Blue Slaver","floor":12,"turns":2},{"damage":7,"enemies":"3 Sentries","floor":14,"turns":6},{"damage":48,"enemies":"Slime Boss","floor":16,"turns":10},{"damage":21,"enemies":"Shell Parasite","floor":18,"turns":3},{"damage":21,"enemies":"3 Byrds","floor":19,"turns":6},{"damage":40,"enemies":"Book of Stabbing","floor":24,"turns":5}],"seed_played":"7893786279822084108","potions_obtained":[{"floor":3,"key":"Ancient Potion"},{"floor":5,"key":"Ancient Potion"},{"floor":7,"key":"Dexterity Potion"},{"floor":12,"key":"Swift Potion"},{"floor":14,"key":"HeartOfIron"}],"is_trial":false,"path_per_floor":["M","M","M","?","M","R","E","M","T","R","$","M","?","E","R","B",null,"M","M","?","?","?","R","E"],"character_chosen":"IRONCLAD","items_purchased":[],"campfire_rested":1,"item_purchase_floors":[],"current_hp_per_floor":[68,55,54,54,42,42,31,23,23,23,23,25,25,24,50,12,73,62,47,47,47,47,47,7,7],"gold":244,"neow_bonus":"TRANSFORM_TWO_CARDS","is_daily":false,"chose_seed":false,"campfire_upgraded":3,"win_rate":0.0,"timestamp":1610220598,"path_taken":["M","M","M","?","M","R","E","M","T","R","$","M","?","E","R","BOSS","M","M","?","?","?","R","E"],"items_purchased_type":[],"build_version":"2020-12-18","purchased_purges":1,"victory":false,"max_hp_per_floor":[68,68,71,71,74,74,81,85,85,85,85,89,89,89,89,93,93,97,97,97,97,97,97,97,97],"relic_stats":{"counters":[12,56],"obtain_stats":[{"Strawberry":7,"Burning Blood":0,"Akabeko":9,"Red Skull":14,"Runic Pyramid":17},{"Strawberry":5,"Burning Blood":0,"Akabeko":6,"Red Skull":8,"Runic Pyramid":9},{"Strawberry":18,"Burning Blood":0,"Akabeko":24,"Red Skull":32,"Runic Pyramid":42}],"Burning Blood":60},"card_choices":[{"not_picked":["Body Slam","Flex"],"picked":"Thunderclap","floor":1},{"not_picked":["Burning Pact","Sever Soul"],"picked":"Feed","floor":2},{"not_picked":["Shrug It Off","Body Slam"],"picked":"Wild Strike","floor":3},{"not_picked":["Pommel Strike","Sentinel"],"picked":"True Grit","floor":5},{"not_picked":["Wild Strike","Sever Soul"],"picked":"Feel No Pain","floor":7},{"not_picked":["Body Slam","Spot Weakness"],"picked":"Headbutt","floor":8},{"not_picked":["Disarm","Havoc"],"picked":"Burning Pact","floor":12},{"not_picked":["True Grit","Clash","Anger"],"picked":"SKIP","floor":14},{"not_picked":["Demon Form","Barricade"],"picked":"Fiend Fire","floor":16},{"not_picked":["Wild Strike","Armaments"],"picked":"Sentinel","floor":18},{"not_picked":["Iron Wave","Cleave","Armaments"],"picked":"SKIP","floor":19}],"player_experience":643509,"relics_obtained":[{"floor":7,"key":"Strawberry"},{"floor":9,"key":"Akabeko"},{"floor":14,"key":"Red Skull"}],"event_choices":[{"damage_healed":0,"gold_gain":0,"player_choice":"Fled","damage_taken":0,"max_hp_gain":0,"max_hp_loss":0,"event_name":"Scrap Ooze","floor":4,"gold_loss":0},{"damage_healed":0,"gold_gain":0,"player_choice":"Left Gold","damage_taken":0,"max_hp_gain":0,"max_hp_loss":0,"event_name":"World of Goop","floor":13,"gold_loss":35},{"damage_healed":0,"gold_gain":0,"player_choice":"Ignored","damage_taken":0,"max_hp_gain":0,"max_hp_loss":0,"event_name":"Ghosts","floor":20,"gold_loss":0},{"damage_healed":0,"gold_gain":0,"player_choice":"Ignored","damage_taken":0,"max_hp_gain":0,"max_hp_loss":0,"event_name":"The Mausoleum","floor":21,"gold_loss":0},{"damage_healed":0,"gold_gain":0,"player_choice":"Smashed Altar","damage_taken":0,"max_hp_gain":0,"max_hp_loss":0,"event_name":"Forgotten Altar","floor":22,"gold_loss":0,"cards_obtained":["Decay"]}],"is_beta":true,"boss_relics":[{"not_picked":["Mark of Pain","Tiny House"],"picked":"Runic Pyramid"}],"items_purged_floors":[11],"is_endless":false,"potions_floor_spawned":[3,5,7,12,14],"killed_by":"Book of Stabbing","ascension_level":20}}