{"host":"lxihx0b6awoz2w1j","time":1610214967,"event":{"mods":["Act Like it!","Aspiration","BaseMod","Better Third Choice","CapriCore","Colored Powertips","Downfall","Gensokyo","Hermit","HololiveMod","Hubris","Infinite Spire","JesterMod","Luminous","Marisa????????","Melee Mod","Minty Spire (QoL Compilation)","Prisma Mod","Quick Restart","Relic Stats","Replay The Spire","Shade Mod","Spicy Shops","StSLib","The Alterego","The Blue Laboratory","The Cursed","The Disciple","The Forsaken","The Immortal","The Jungle","The Marked","The Runesmith","The Senshi","The Servant 0.9.4","Waifu the Spire"],"gold_per_floor":[119,11,30,30,49,49,67,93,93,112,132,132,146,146,146,250,250,267,285,285,303,303,337,337,351,351,301,320,320,339,351,351,456,456,468,488,51,63,79,79,79,79,103,128,128,128,141,176,176,176],"floor_reached":51,"playtime":2695,"items_purged":["theForsaken:PlagueCurse"],"score":758,"play_id":"0e3c4842-811b-40e1-a224-c381dad159f6","local_time":"20210109185607","is_ascension_mode":false,"campfire_choices":[{"data":"Neutralize","floor":6.0,"key":"SMITH"},{"floor":12.0,"key":"REST"},{"data":"Infinite Blades","floor":15.0,"key":"SMITH"},{"floor":24.0,"key":"REST"},{"floor":29,"key":"REST"},{"data":"infinitespire:SevenWalls","floor":32,"key":"SMITH"},{"floor":40,"key":"REST"},{"data":"Envenom","floor":40,"key":"SMITH"},{"floor":42,"key":"REST"},{"data":"ReplayTheSpireMod:Black Plague","floor":42,"key":"SMITH"},{"floor":45,"key":"REST"},{"data":"Infinite Blades","floor":45,"key":"SMITH"}],"circlet_count":0,"master_deck":["Strike_G","Strike_G","Strike_G","Strike_G+1","Strike_G","Defend_G","Defend_G","Defend_G","Defend_G","Defend_G","Survivor","Neutralize+1","Sucker Punch+1","Replay:Parry+1","Dash","Masterful Stab","Infinite Blades+1","hubris:Counter","Caltrops","ReplayTheSpireMod:Scrap Shanks","Cloak And Dagger","Corpse Explosion","Quick Slash","Dagger Throw","Leg Sweep","infinitespire:SevenWalls+1","ReplayTheSpireMod:Black Plague+1","ReplayTheSpireMod:Shiv Toss","Infinite Blades+1","hubris:Sniper+1","ReplayTheSpireMod:Exploit Weakness+1","ReplayTheSpireMod:Speed Training","Envenom+1","Blur","Toxin Wave+1","Noxious Fumes","Cloak And Dagger","Cloak And Dagger","Bane+1","infinitespire:Starlight","Replay:Poison Smokescreen+1"],"relics":["Sozu","ReplayTheSpireMod:CursedCoin","Whetstone","infinitespire:Satchel","Quantum Egg","hubris:ScarierMask","infinitespire:Lucky Rock","hubris:MysteriousPyramids","hubris:BundleOfHerbs","Hololive_Finger","infinitespire:Magic Flask","Pet Ghost","hubris:Icosahedron","Oddly Smooth Stone","Chameleon Ring","Boot"],"acts_visited":["Exordium","TheCity","TheBeyond"],"potions_floor_usage":[],"damage_taken":[{"damage":1.0,"enemies":"Jaw Worm","floor":1.0,"turns":4.0},{"damage":0.0,"enemies":"Cultist","floor":3.0,"turns":3.0},{"damage":4.0,"enemies":"2 Louse","floor":5.0,"turns":2.0},{"damage":0.0,"enemies":"Large Slime","floor":7.0,"turns":4.0},{"damage":10.0,"enemies":"Gremlin Nob","floor":8.0,"turns":5.0},{"damage":7.0,"enemies":"Looter","floor":10.0,"turns":2.0},{"damage":3.0,"enemies":"Red Slaver","floor":11.0,"turns":4.0},{"damage":0.0,"enemies":"3 Louse","floor":13.0,"turns":4.0},{"damage":21.0,"enemies":"Hexaghost","floor":16.0,"turns":9.0},{"damage":1.0,"enemies":"2 Thieves","floor":18.0,"turns":3.0},{"damage":22.0,"enemies":"Chosen","floor":19.0,"turns":5.0},{"damage":20.0,"enemies":"Snake Plant","floor":21.0,"turns":5.0},{"damage":12.0,"enemies":"Nightmare","floor":23.0,"turns":8.0},{"damage":0.0,"enemies":"Chosen and Byrds","floor":25.0,"turns":4.0},{"damage":0.0,"enemies":"Snecko","floor":28.0,"turns":4.0},{"damage":0,"enemies":"Snake Plant","floor":30,"turns":4},{"damage":0,"enemies":"Shelled Parasite and Fungi","floor":31,"turns":5},{"damage":39,"enemies":"hubris:MusketHawk","floor":33,"turns":10},{"damage":0,"enemies":"Orb Walker","floor":35,"turns":4},{"damage":5,"enemies":"3 Darklings","floor":36,"turns":5},{"damage":37,"enemies":"Writhing Mass","floor":38,"turns":6},{"damage":15,"enemies":"4 Shapes","floor":39,"turns":5},{"damage":21,"enemies":"Nightmare","floor":44,"turns":8},{"damage":0,"enemies":"3 Darklings","floor":47,"turns":4},{"damage":13,"enemies":"Giant Head","floor":48,"turns":7},{"damage":33,"enemies":"Awakened One","floor":50,"turns":10}],"seed_played":"-4593683468509924174","potions_obtained":[],"is_trial":false,"path_per_floor":["M","$","M","?","M","R","M","E","T","M","M","R","M","T","R","B",null,"M","M","?","M","AVR","NM","R","M","T","?","M","R","M","M","R","B",null,"M","M","$","M","M","R","?","R","T","NM","R","?","M","E","R","B",null],"character_chosen":"THE_SILENT","items_purchased":["ReplayTheSpireMod:CursedCoin","Replay:Parry","Dash","Noxious Fumes","infinitespire:Magic Flask","Pet Ghost","Cloak And Dagger"],"campfire_rested":6,"item_purchase_floors":[2,2,2,37,37,37,37],"current_hp_per_floor":[69,69,69,69,65,65,65,55,55,48,45,66,66,66,66,45,70,69,47,47,27,27,15,36,36,36,36,36,57,70,70,70,31,70,70,65,65,48,33,54,54,70,70,49,70,70,70,57,70,47],"gold":176,"neow_bonus":"BOSS_RELIC","is_daily":false,"chose_seed":false,"campfire_upgraded":6,"win_rate":0.0,"timestamp":1610214967,"path_taken":["M","$","M","?","M","R","M","E","T","M","M","R","M","?","R","BOSS","M","M","?","M","AVR","NM","R","M","T","?","M","R","M","M","R","BOSS","M","M","$","M","?","R","?","R","T","NM","R","?","M","E","R","BOSS"],"items_purchased_type":["Relic","Card","Card","Card","Relic","Relic","Card"],"build_version":"2020-12-22","purchased_purges":1,"victory":true,"max_hp_per_floor":[70,70,70,70,70,70,70,70,70,70,70,70,70,70,70,70,70,70,70,70,70,70,70,70,70,70,70,70,70,70,70,70,70,70,70,70,70,70,70,70,70,70,70,70,70,70,70,70,70,70],"relic_stats":{"Sozu":13,"counters":[26,134],"Whetstone":["Sucker Punch","Strike_G"],"Boot":[2],"obtain_stats":[{"ReplayTheSpireMod:CursedCoin":2,"Quantum Egg":14,"Oddly Smooth Stone":43,"Whetstone":8,"infinitespire:Lucky Rock":22,"infinitespire:Magic Flask":37,"hubris:MysteriousPyramids":23,"Boot":48,"Pet Ghost":37,"Sozu":0,"hubris:Icosahedron":41,"Chameleon Ring":44,"infinitespire:Satchel":9,"hubris:ScarierMask":17,"hubris:BundleOfHerbs":26,"Hololive_Finger":34,"Ring of the Snake":0},{"ReplayTheSpireMod:CursedCoin":1,"Quantum Egg":8,"Oddly Smooth Stone":22,"Whetstone":5,"infinitespire:Lucky Rock":12,"infinitespire:Magic Flask":20,"hubris:MysteriousPyramids":13,"Boot":25,"Pet Ghost":20,"Sozu":0,"hubris:Icosahedron":22,"Chameleon Ring":23,"infinitespire:Satchel":5,"hubris:ScarierMask":9,"hubris:BundleOfHerbs":14,"Hololive_Finger":18,"Ring of the Snake":0},{"ReplayTheSpireMod:CursedCoin":4,"Quantum Egg":28,"Oddly Smooth Stone":105,"Whetstone":18,"infinitespire:Lucky Rock":50,"infinitespire:Magic Flask":94,"hubris:MysteriousPyramids":58,"Boot":124,"Pet Ghost":94,"Sozu":0,"hubris:Icosahedron":105,"Chameleon Ring":113,"infinitespire:Satchel":18,"hubris:ScarierMask":37,"hubris:BundleOfHerbs":62,"Hololive_Finger":85,"Ring of the Snake":0}]},"card_choices":[{"not_picked":["Concentrate","Calculated Gamble"],"picked":"Sucker Punch","floor":1.0},{"not_picked":["Acrobatics","Skewer"],"picked":"Masterful Stab","floor":3.0},{"not_picked":["Dagger Throw","Fluid Movement"],"picked":"Infinite Blades","floor":5.0},{"not_picked":["Backflip","Setup"],"picked":"hubris:Counter","floor":7.0},{"not_picked":["Quick Slash","Calculated Gamble"],"picked":"Caltrops","floor":8.0},{"not_picked":["PiercingWail","Prepared"],"picked":"ReplayTheSpireMod:Scrap Shanks","floor":10.0},{"not_picked":["Deadly Poison","Heel Hook"],"picked":"Cloak And Dagger","floor":11.0},{"not_picked":["Backflip","Deflect","Bane"],"picked":"SKIP","floor":13.0},{"not_picked":["aspiration:Lunge","Night Terror"],"picked":"Corpse Explosion","floor":16.0},{"not_picked":["Sucker Punch","Underhanded Strike"],"picked":"Quick Slash","floor":18.0},{"not_picked":["Endless Agony","ReplayTheSpireMod:Exploit Weakness"],"picked":"Dagger Throw","floor":19.0},{"not_picked":["Sucker Punch+1","Backflip"],"picked":"Leg Sweep","floor":21.0},{"not_picked":["Sucker Punch","Prepared"],"picked":"ReplayTheSpireMod:Shiv Toss","floor":23.0},{"not_picked":["Skewer","Cloak And Dagger"],"picked":"Infinite Blades","floor":25.0},{"not_picked":["Dodge and Roll+1","Flying Knee+1"],"picked":"hubris:Sniper+1","floor":28},{"not_picked":["Backflip+1","Underhanded Strike+1"],"picked":"ReplayTheSpireMod:Exploit Weakness+1","floor":30},{"not_picked":["Deflect","Underhanded Strike+1"],"picked":"ReplayTheSpireMod:Speed Training","floor":31},{"not_picked":["Corpse Explosion","Phantasmal Killer"],"picked":"Envenom","floor":33},{"not_picked":["Deadly Poison","Hidden Blade+1"],"picked":"Blur","floor":35},{"not_picked":["Skewer+1","Dagger Throw+1"],"picked":"Toxin Wave+1","floor":36},{"not_picked":["Skewer","Prepared","Quick Slash"],"picked":"SKIP","floor":38},{"not_picked":["Slice","Endless Agony"],"picked":"Bane+1","floor":39},{"not_picked":["infinitespire:Collect","infinitespire:TheBestDefense"],"picked":"infinitespire:Starlight","floor":44},{"not_picked":["Dagger Throw","Crippling Poison+1"],"picked":"Bane","floor":44},{"not_picked":["Finisher","Underhanded Strike+1","Deflect+1"],"picked":"SKIP","floor":47},{"not_picked":["Calculated Gamble+1","Deadly Poison"],"picked":"Replay:Poison Smokescreen+1","floor":48}],"player_experience":553543,"relics_obtained":[{"floor":8.0,"key":"Whetstone"},{"floor":9.0,"key":"infinitespire:Satchel"},{"floor":14.0,"key":"Quantum Egg"},{"floor":23.0,"key":"hubris:MysteriousPyramids"},{"floor":26.0,"key":"hubris:BundleOfHerbs"},{"floor":43,"key":"Oddly Smooth Stone"},{"floor":44,"key":"Chameleon Ring"},{"floor":48,"key":"Boot"}],"event_choices":[{"damage_healed":0.0,"max_hp_gain":0.0,"max_hp_loss":0.0,"gold_gain":0.0,"event_name":"The Joust","player_choice":"Bet on Murderer","floor":27.0,"gold_loss":50.0,"damage_taken":0.0},{"cards_removed":["Bane"],"damage_healed":0,"gold_gain":0,"player_choice":"Removed Attack","damage_taken":0,"max_hp_gain":0,"max_hp_loss":0,"event_name":"Falling","floor":46,"gold_loss":0}],"is_beta":false,"boss_relics":[{"not_picked":["SacredBark","Hololive_ChaosS"],"picked":"hubris:ScarierMask"},{"not_picked":["Empty Cage","Philosopher\u0027s Stone"],"picked":"Hololive_Finger"}],"items_purged_floors":[2],"is_endless":false,"potions_floor_spawned":[1,5,8,16,18,21,23,30,31,36,39,44,48],"ascension_level":0}}