{"host":"m5bsg12zcyqnofur","time":1610187140,"event":{"mods":["BaseMod","BetterRewards","Colored Powertips","Downfall","Highlight Path","Minty Spire (QoL Compilation)","Quick Restart","Replay The Spire","Shop Mod","StSLib"],"gold_per_floor":[119,131,149,224,237,252,286,311,323,335,361,373,52,80,80,175,175,175],"floor_reached":17,"playtime":1598,"items_purged":[],"score":282,"play_id":"b20d6132-6ffc-4bb8-ab2b-1ff33fc9d1c0","local_time":"20210109041220","is_ascension_mode":true,"campfire_choices":[{"floor":10,"key":"REST"},{"floor":12,"key":"REST"},{"floor":15,"key":"DIG"}],"circlet_count":0,"master_deck":["Bash","Pommel Strike","ReplayTheSpireMod:Muscle Training","Double Tap","Limit Break","Flex+1","Inflame","Perfected Strike","Flex","Body Slam","Dual Wield","Intimidate","Corruption","Bludgeon","Seeing Red","Immolate"],"relics":["Burning Blood","Torii","MawBank","Mercury Hourglass","Red Skull","Sundial","InkBottle","Pandora\u0027s Box"],"acts_visited":["Exordium","TheCity"],"potions_floor_usage":[8,16,16,16],"damage_taken":[{"damage":2,"enemies":"Jaw Worm","floor":1,"turns":4},{"damage":1,"enemies":"Small Slimes","floor":2,"turns":4},{"damage":0,"enemies":"2 Louse","floor":3,"turns":2},{"damage":12,"enemies":"2 Fungi Beasts","floor":5,"turns":4},{"damage":24,"enemies":"Exordium Thugs","floor":6,"turns":6},{"damage":32,"enemies":"Gremlin Nob","floor":7,"turns":5},{"damage":18,"enemies":"Gremlin Gang","floor":8,"turns":5},{"damage":7,"enemies":"3 Louse","floor":11,"turns":3},{"damage":33,"enemies":"Lagavulin","floor":14,"turns":6},{"damage":20,"enemies":"Fading Forest","floor":16,"turns":11}],"seed_played":"8223707579404851257","potions_obtained":[{"floor":3,"key":"CultistPotion"},{"floor":5,"key":"SkillPotion"},{"floor":6,"key":"BlessingOfTheForge"},{"floor":14,"key":"Dexterity Potion"},{"floor":16,"key":"PowerPotion"}],"is_trial":false,"path_per_floor":["M","M","M","?","M","M","E","M","T","R","M","R","$","E","R","B",null],"character_chosen":"IRONCLAD","items_purchased":["Torii","Limit Break","Flex+1","Red Skull"],"campfire_rested":2,"item_purchase_floors":[0,13,13,13],"current_hp_per_floor":[74,79,80,69,63,45,19,7,7,31,30,54,54,27,27,23,80,80],"gold":175,"neow_bonus":"","is_daily":false,"chose_seed":false,"campfire_upgraded":0,"win_rate":0.0,"timestamp":1610187140,"path_taken":["M","M","M","?","M","M","E","M","T","R","M","R","$","E","R","BOSS"],"items_purchased_type":["Relic","Card","Card","Relic"],"build_version":"2020-12-22","purchased_purges":0,"victory":false,"max_hp_per_floor":[80,80,80,80,80,80,80,80,80,80,80,80,80,80,80,80,80,80],"card_choices":[{"not_picked":["Carnage","True Grit"],"picked":"Pommel Strike","floor":1},{"not_picked":["Rampage","Whirlwind","Combust"],"picked":"SKIP","floor":2},{"not_picked":["Flame Barrier","Hemokinesis"],"picked":"ReplayTheSpireMod:Muscle Training","floor":3},{"not_picked":["Anger","Run Through","Warcry"],"picked":"SKIP","floor":5},{"not_picked":["Heavy Blade","Fire Breathing"],"picked":"Double Tap","floor":6},{"not_picked":["Dropkick","Headbutt","Searing Blow"],"picked":"SKIP","floor":7},{"not_picked":["Wild Strike","Bloodletting","Iron Wave"],"picked":"SKIP","floor":8},{"not_picked":["ReplayTheSpireMod:Stacked","Cleave","Shrug It Off"],"picked":"SKIP","floor":11},{"not_picked":["Intimidate","Rampage"],"picked":"Inflame","floor":14}],"player_experience":107732,"relics_obtained":[{"floor":7,"key":"MawBank"},{"floor":9,"key":"Mercury Hourglass"},{"floor":14,"key":"Sundial"},{"floor":15,"key":"InkBottle"}],"event_choices":[{"damage_healed":0,"gold_gain":75,"player_choice":"Gather Gold","damage_taken":11,"max_hp_gain":0,"max_hp_loss":0,"event_name":"World of Goop","floor":4,"gold_loss":0}],"is_beta":false,"boss_relics":[{"not_picked":["Mark of Pain","Replay:Wanted Poster"],"picked":"Pandora\u0027s Box"}],"items_purged_floors":[],"is_endless":false,"potions_floor_spawned":[3,5,6,7,14,16],"ascension_level":1}}