{"host":"7c402rm0fqc13zvz","time":1610217354,"event":{"mods":["BaseMod","Marisa£®ÏF”Í°°ƒß¿Ì…≥£©","Minty Spire (QoL Compilation)","Reimu£®≤©¿ˆ¡È√Œ£©","StSLib","The Administrix","Youmu£®ªÍ∆«—˝√Œ£©","[π¶ƒ‹]π¶ƒ‹‘ˆ«ø∫Õ–ﬁ∏¥MOD"],"gold_per_floor":[217,229,229,295,295,277,270,225,225,187,199,199,199,194,194,212,212,230,215,170,170,141,141,141,136,161,161,161,161,195,207,207,231,231,204,215,210,226,208,208,228,213,213,225,225,239,239,239,239,169],"floor_reached":51,"playtime":2506,"items_purged":["Regret","Defend_Lin:ReiMu","Defend_Lin:ReiMu","Strike_Lin:ReiMu","Strike_Lin:ReiMu","Strike_Lin:ReiMu","Strike_Lin:ReiMu","Defend_Lin:ReiMu","Defend_Lin:ReiMu","WonderfulDomain:ReiMu","SpreadBorder2:ReiMu","UpKicking:ReiMu","NB:ReiMu","Writhe","Stagnation:ReiMu"],"score":862,"play_id":"c06e7eb1-f4d9-4fc9-83d7-1ed23f310634","local_time":"20210110023554","is_ascension_mode":true,"campfire_choices":[{"data":"Conquer:ReiMu","floor":12.0,"key":"SMITH"},{"data":"PassingAway:ReiMu","floor":15.0,"key":"SMITH"},{"data":"NineCharacters:ReiMu","floor":23.0,"key":"SMITH"},{"data":"PrayRite:ReiMu","floor":27.0,"key":"SMITH"},{"data":"MikOfLucky:ReiMu","floor":29.0,"key":"SMITH"},{"data":"Gathering:ReiMu","floor":32.0,"key":"SMITH"},{"data":"Free:ReiMu","floor":40.0,"key":"SMITH"},{"data":"CardOfSanctity:ReiMu","floor":45.0,"key":"SMITH"},{"data":"Revelation:ReiMu","floor":47.0,"key":"SMITH"},{"data":"ForcedLanding:ReiMu","floor":49.0,"key":"SMITH"}],"circlet_count":0,"master_deck":["Conquer:ReiMu+1","BarrageOfMoneybags:ReiMu","WonderfulDomain:ReiMu","PassingAway:ReiMu+1","RainPray2:ReiMu","LovePray:ReiMu","ForcedLanding:ReiMu+1","PrayRite:ReiMu+1","SpreadBorder2:ReiMu+1","UpKicking:ReiMu","NineCharacters:ReiMu+1","Meditation:ReiMu+1","UpKicking:ReiMu+1","MikOfLucky:ReiMu+1","Revelation:ReiMu+1","Gathering:ReiMu+1","Intuition:ReiMu+1","Free:ReiMu+1","AirStrike:ReiMu+1","SubAcupoint:ReiMu","RainPray2:ReiMu","FantasyMoon:ReiMu+1","MikOfLucky:ReiMu+1","CardOfSanctity:ReiMu+1"],"relics":["ShineYinYang:ReiMu","Mercury Hourglass","Tea:ReiMu","Matryoshka","Meat on the Bone","Mastiff:ReiMu","Medical Kit","Shuriken","Letter Opener","PreservedInsect","FaceOfCleric","Ornamental Fan","TheAbacus","CrownOfHeavens:ReiMu","RuthlessExorcism:ReiMu","Sling","Kunai","Omamori","Pocketwatch","Bottled Lightning","HandDrill","Bag of Marbles","Blood Vial","Happy Flower","Pen Nib","CaptainsWheel","Frozen Egg 2"],"acts_visited":["Exordium","TheCity","TheBeyond"],"potions_floor_usage":[50,50,50,50,50,50],"damage_taken":[{"damage":5.0,"enemies":"Small Slimes","floor":1.0,"turns":5.0},{"damage":0.0,"enemies":"2 Louse","floor":2.0,"turns":1.0},{"damage":5.0,"enemies":"Gremlin Nob","floor":6.0,"turns":3.0},{"damage":3.0,"enemies":"Jaw Worm","floor":7.0,"turns":2.0},{"damage":2.0,"enemies":"Lagavulin","floor":10.0,"turns":4.0},{"damage":0.0,"enemies":"3 Louse","floor":11.0,"turns":1.0},{"damage":13.0,"enemies":"The Guardian","floor":16.0,"turns":6.0},{"damage":0.0,"enemies":"3 Byrds","floor":18.0,"turns":2.0},{"damage":0.0,"enemies":"Shell Parasite","floor":20.0,"turns":2.0},{"damage":5.0,"enemies":"Snake Plant","floor":22.0,"turns":3.0},{"damage":0.0,"enemies":"Slavers","floor":30.0,"turns":1.0},{"damage":17.0,"enemies":"Snecko","floor":31.0,"turns":6.0},{"damage":0.0,"enemies":"Champ","floor":33.0,"turns":7.0},{"damage":6.0,"enemies":"3 Shapes","floor":35.0,"turns":1.0},{"damage":0.0,"enemies":"3 Darklings","floor":36.0,"turns":1.0},{"damage":0.0,"enemies":"Spire Growth","floor":38.0,"turns":4.0},{"damage":2.0,"enemies":"Jaw Worm Horde","floor":39.0,"turns":3.0},{"damage":8.0,"enemies":"4 Shapes","floor":41.0,"turns":2.0},{"damage":19.0,"enemies":"Writhing Mass","floor":42.0,"turns":5.0},{"damage":0.0,"enemies":"Transient","floor":44.0,"turns":5.0},{"damage":8.0,"enemies":"4 Shapes","floor":46.0,"turns":2.0},{"damage":8,"enemies":"Time Eater","floor":50,"turns":8}],"seed_played":"-6195477946818266950","potions_obtained":[{"floor":1.0,"key":"GrandPatriotsElixir:ReiMu"},{"floor":10.0,"key":"Regen Potion"},{"floor":16.0,"key":"Block Potion"},{"floor":18.0,"key":"GamblersBrew"},{"floor":20.0,"key":"Explosive Potion"},{"floor":31.0,"key":"Swift Potion"},{"floor":33.0,"key":"Swift Potion"},{"floor":35.0,"key":"EntropicBrew"},{"floor":38.0,"key":"Fruit Juice"},{"floor":38.0,"key":"Energy Potion"}],"is_trial":false,"path_per_floor":["M","M","?","?","T","E","M","$","T","E","M","R","?","$","R","B",null,"M","$","M","?","M","R","?","$","T","R","?","R","E","M","R","B",null,"M","M","$","M","M","R","M","M","T","M","R","M","R","?","R","B",null],"character_chosen":"REIMU","items_purchased":["WonderfulDomain:ReiMu","Meat on the Bone","Mastiff:ReiMu","Medical Kit","Explosive Potion","LiquidFlight:ReiMu","Ornamental Fan","TheAbacus","RainPray2:ReiMu","LovePray:ReiMu","UpKicking:ReiMu","ForcedLanding:ReiMu","RuthlessExorcism:ReiMu","Sling","Kunai","UpKicking:ReiMu","NineCharacters:ReiMu","Pocketwatch","Bottled Lightning","HandDrill","Revelation:ReiMu","Explosive Potion","Regen Potion","SubAcupoint:ReiMu","RainPray2:ReiMu","Pen Nib","CaptainsWheel","Strength Potion","LiquidFlight:ReiMu"],"campfire_rested":0,"item_purchase_floors":[8,8,8,8,8,8,14,14,14,14,14,14,19,19,19,19,19,25,25,25,25,25,25,37,37,37,37,37,37],"current_hp_per_floor":[60,60,60,60,60,55,52,52,52,50,50,50,50,50,50,53,66,67,67,68,68,64,64,64,64,64,64,64,64,67,61,61,64,72,67,70,70,78,79,79,74,58,58,61,61,56,56,56,56,51],"gold":169,"neow_bonus":"HUNDRED_GOLD","is_daily":false,"chose_seed":false,"campfire_upgraded":10,"win_rate":0.0,"timestamp":1610217354,"path_taken":["M","M","?","?","?","E","M","$","T","E","M","R","?","$","R","BOSS","M","$","?","?","M","R","?","$","T","R","?","R","E","M","R","BOSS","M","M","$","M","M","R","M","M","T","M","R","M","R","?","R","BOSS"],"items_purchased_type":["Card","Relic","Relic","Relic","Potion","Potion","Relic","Relic","Card","Card","Card","Card","Relic","Relic","Relic","Card","Card","Relic","Relic","Relic","Card","Potion","Potion","Card","Card","Relic","Relic","Potion","Potion"],"build_version":"2020-12-22","purchased_purges":15,"victory":true,"max_hp_per_floor":[65,65,65,65,65,65,65,65,65,65,65,65,65,65,65,66,66,67,67,68,68,69,69,69,69,69,69,69,69,70,71,71,72,72,73,74,74,80,81,81,82,83,83,84,84,85,85,85,85,86],"card_choices":[{"not_picked":["Conquer:ReiMu","FineLineFantasy:ReiMu","AlertArray:ReiMu"],"picked":"SKIP","floor":1.0},{"not_picked":["FineLineFantasy:ReiMu","AlertArray:ReiMu"],"picked":"Conquer:ReiMu","floor":1.0},{"not_picked":["Enchanting:ReiMu","Conquer:ReiMu"],"picked":"BarrageOfMoneybags:ReiMu","floor":2.0},{"not_picked":["YinYangSign:ReiMu","MountainWay:ReiMu","FantasyBorder:ReiMu"],"picked":"SKIP","floor":6.0},{"not_picked":["OctopathSalyBorderN:ReiMu","MountainWay:ReiMu"],"picked":"WonderfulDomain:ReiMu","floor":7.0},{"not_picked":["FantasyBorder:ReiMu","WonderfulDomain:ReiMu"],"picked":"PassingAway:ReiMu","floor":10.0},{"not_picked":["SafetyPray:ReiMu","Intuition:ReiMu"],"picked":"SpreadBorder2:ReiMu","floor":11.0},{"not_picked":["Dreaming:ReiMu","YinYang:ReiMu"],"picked":"PrayRite:ReiMu","floor":16.0},{"not_picked":["Amulet:ReiMu","TakeOff:ReiMu+1"],"picked":"SpreadBorder2:ReiMu+1","floor":18.0},{"not_picked":["FantasyBorder:ReiMu","FantasyMoon:ReiMu"],"picked":"Meditation:ReiMu+1","floor":20.0},{"not_picked":["AlertArray:ReiMu","Meditation:ReiMu"],"picked":"UpKicking:ReiMu+1","floor":22.0},{"not_picked":["Enchanting:ReiMu","HakureiPhantom:ReiMu"],"picked":"Gathering:ReiMu","floor":30.0},{"not_picked":["SpreadBorder2:ReiMu","Amulet:ReiMu"],"picked":"Intuition:ReiMu+1","floor":31.0},{"not_picked":["RunawayExorcism:ReiMu","OctopathSalyBorderN:ReiMu"],"picked":"Free:ReiMu","floor":33.0},{"not_picked":["SealNeedle:ReiMu+1","Meditation:ReiMu","AlertArray:ReiMu+1"],"picked":"SKIP","floor":35.0},{"not_picked":["WonderfulDomain:ReiMu","Meditation:ReiMu"],"picked":"AirStrike:ReiMu+1","floor":36.0},{"not_picked":["PayForSelf:ReiMu","CareerPray:ReiMu+1","SpreadBorder2:ReiMu"],"picked":"SKIP","floor":38.0},{"not_picked":["SpiritualOutbreak2:ReiMu","Conquer:ReiMu"],"picked":"FantasyMoon:ReiMu+1","floor":39.0},{"not_picked":["Conquer:ReiMu","SpreadBorder2:ReiMu"],"picked":"MikOfLucky:ReiMu+1","floor":41.0},{"not_picked":["SpreadBorder2:ReiMu","FoulBorder2:ReiMu","Amulet:ReiMu+1"],"picked":"SKIP","floor":42.0},{"not_picked":["Gathering:ReiMu+1","RainPray2:ReiMu"],"picked":"CardOfSanctity:ReiMu","floor":44.0},{"not_picked":["AirStrike:ReiMu","CollectionFlower2:ReiMu+1","OctopathBindingBorder2:ReiMu+1"],"picked":"SKIP","floor":46.0}],"player_experience":49501,"relics_obtained":[{"floor":5.0,"key":"Tea:ReiMu"},{"floor":6.0,"key":"Matryoshka"},{"floor":9.0,"key":"Shuriken"},{"floor":9.0,"key":"Letter Opener"},{"floor":10.0,"key":"PreservedInsect"},{"floor":26.0,"key":"Bag of Marbles"},{"floor":26.0,"key":"Blood Vial"},{"floor":30.0,"key":"Happy Flower"},{"floor":43.0,"key":"Frozen Egg 2"}],"event_choices":[{"damage_healed":0.0,"max_hp_gain":0.0,"max_hp_loss":0.0,"gold_gain":0.0,"event_name":"Big Fish","player_choice":"Box","floor":3.0,"gold_loss":0.0,"damage_taken":0.0,"relics_obtained":["Mercury Hourglass"],"cards_obtained":["Regret"]},{"damage_healed":0.0,"max_hp_gain":0.0,"max_hp_loss":0.0,"gold_gain":66.0,"event_name":"Golden Wing","player_choice":"Gained Gold","floor":4.0,"gold_loss":0.0,"damage_taken":0.0},{"damage_healed":0.0,"max_hp_gain":0.0,"max_hp_loss":0.0,"gold_gain":0.0,"event_name":"FaceTrader","player_choice":"Trade","floor":13.0,"gold_loss":0.0,"damage_taken":0.0,"relics_obtained":["FaceOfCleric"]},{"damage_healed":0.0,"max_hp_gain":0.0,"max_hp_loss":0.0,"gold_gain":0.0,"event_name":"The Mausoleum","player_choice":"Opened","floor":21.0,"gold_loss":0.0,"damage_taken":0.0,"relics_obtained":["Omamori"],"cards_obtained":["Writhe"]},{"damage_healed":0.0,"max_hp_gain":0.0,"max_hp_loss":0.0,"gold_gain":0.0,"event_name":"The Library","player_choice":"Read","floor":24.0,"gold_loss":0.0,"damage_taken":0.0,"cards_obtained":["MikOfLucky:ReiMu"]},{"damage_healed":0.0,"max_hp_gain":0.0,"max_hp_loss":0.0,"gold_gain":0.0,"event_name":"Forgotten Altar","player_choice":"Smashed Altar","floor":28.0,"gold_loss":0.0,"damage_taken":0.0,"cards_obtained":["Decay"]},{"damage_healed":0.0,"max_hp_gain":0.0,"max_hp_loss":0.0,"gold_gain":0.0,"event_name":"Lab","player_choice":"Got Potions","floor":48.0,"gold_loss":0.0,"damage_taken":0.0}],"is_beta":false,"boss_relics":[{"not_picked":["SlaversCollar","Cursed Key"],"picked":"CrownOfHeavens:ReiMu"},{"not_picked":["Velvet Choker","DonationBox:ReiMu"],"picked":"ShineYinYang:ReiMu"}],"items_purged_floors":[8,8,8,8,8,8,8,8,8,14,19,19,19,25,37],"is_endless":false,"potions_floor_spawned":[1,10,11,16,18,20,31,33,35,38,38,39,41,41,42,46],"ascension_level":1}}