{"host":"on8rz1ayhhz269sg","time":1610171205,"event":{"mods":["BaseMod","Hermit","Minty Spire (QoL Compilation)","StSLib","The Cursed"],"gold_per_floor":[114,114,132,144,65,65,95,95,95,95,95,95,128,144,144,144,144],"floor_reached":16,"playtime":1332,"items_purged":[],"score":133,"play_id":"8b166d35-d8d6-4dc1-9398-7acbab79a58d","local_time":"20210109134645","is_ascension_mode":false,"campfire_choices":[{"data":"TheCursedMod:CursedWand","floor":6.0,"key":"SMITH"},{"data":"TheCursedMod:Stretching","floor":11.0,"key":"SMITH"},{"data":"TheCursedMod:Hemoplague","floor":15.0,"key":"SMITH"}],"circlet_count":0,"master_deck":["TheCursedMod:Strike_TheCursed","TheCursedMod:Strike_TheCursed","TheCursedMod:Strike_TheCursed","TheCursedMod:Strike_TheCursed","TheCursedMod:Defend_TheCursed","TheCursedMod:Defend_TheCursed","TheCursedMod:Defend_TheCursed","TheCursedMod:Defend_TheCursed","TheCursedMod:CursedWand+1","TheCursedMod:CleanUpWorkshop","TheCursedMod:Dregs","Doubt","TheCursedMod:FleshFromBone","TheCursedMod:Stigma","TheCursedMod:Stretching+1","TheCursedMod:WearCloak","TheCursedMod:FleshFromBone","TheCursedMod:AbyssShockwave","TheCursedMod:Hemoplague+1","TheCursedMod:Grudge"],"relics":["TheCursedMod:BlackMagic101","Meat on the Bone","Shuriken","Boot"],"acts_visited":["Exordium"],"potions_floor_usage":[16],"damage_taken":[{"damage":3.0,"enemies":"Small Slimes","floor":1.0,"turns":3.0},{"damage":0.0,"enemies":"2 Louse","floor":3.0,"turns":3.0},{"damage":0.0,"enemies":"Jaw Worm","floor":4.0,"turns":4.0},{"damage":11.0,"enemies":"Lagavulin","floor":7.0,"turns":15.0},{"damage":6.0,"enemies":"3 Sentries","floor":13.0,"turns":6.0},{"damage":0.0,"enemies":"3 Louse","floor":14.0,"turns":3.0},{"damage":78,"enemies":"Slime Boss","floor":16,"turns":14}],"seed_played":"7328490436797814935","potions_obtained":[{"floor":1.0,"key":"Swift Potion"},{"floor":4.0,"key":"DuplicationPotion"}],"is_trial":false,"path_per_floor":["M","?","M","M","$","R","E","?","T","?","R","?","E","M","R","B"],"character_chosen":"THE_CURSED","items_purchased":["TheCursedMod:WearCloak","TheCursedMod:FleshFromBone"],"campfire_rested":0,"item_purchase_floors":[5,5],"current_hp_per_floor":[86,86,86,86,86,86,75,75,75,80,80,80,74,74,74,0,0],"gold":144,"neow_bonus":"TWENTY_PERCENT_HP_BONUS","is_daily":false,"chose_seed":false,"campfire_upgraded":3,"win_rate":0.0,"timestamp":1610171205,"path_taken":["M","?","M","M","$","R","E","?","T","?","R","?","E","M","R","BOSS"],"items_purchased_type":["Card","Card"],"build_version":"2020-12-22","purchased_purges":0,"victory":false,"max_hp_per_floor":[89,89,89,89,89,89,89,89,89,94,94,94,94,94,94,94,94],"card_choices":[{"not_picked":["TheCursedMod:CursedShiv","TheCursedMod:Torture"],"picked":"TheCursedMod:FleshFromBone","floor":1.0},{"not_picked":["TheCursedMod:SaltUponWound","TheCursedMod:CircleOfWindfury"],"picked":"TheCursedMod:Stigma","floor":3.0},{"not_picked":["TheCursedMod:TacticalStrike","TheCursedMod:ReleasedKnowledge"],"picked":"TheCursedMod:Stretching","floor":4.0},{"not_picked":["TheCursedMod:TacticalStrike","TheCursedMod:VitalStrike"],"picked":"TheCursedMod:AbyssShockwave","floor":7.0},{"not_picked":["TheCursedMod:SoulCrush","TheCursedMod:DemonSword"],"picked":"TheCursedMod:Hemoplague","floor":13.0},{"not_picked":["TheCursedMod:FleshFromBone","TheCursedMod:CursedShiv"],"picked":"TheCursedMod:Grudge","floor":14.0}],"player_experience":139969,"relics_obtained":[{"floor":7.0,"key":"Meat on the Bone"},{"floor":9.0,"key":"Shuriken"},{"floor":13.0,"key":"Boot"}],"event_choices":[{"damage_healed":0.0,"max_hp_gain":0.0,"max_hp_loss":0.0,"gold_gain":0.0,"event_name":"The Cleric","player_choice":"Leave","floor":2.0,"gold_loss":0.0,"damage_taken":0.0},{"damage_healed":0.0,"max_hp_gain":0.0,"max_hp_loss":0.0,"gold_gain":0.0,"event_name":"Dead Adventurer","player_choice":"Searched \u00271\u0027 times","floor":8.0,"gold_loss":0.0,"damage_taken":0.0},{"damage_healed":0.0,"max_hp_gain":5.0,"max_hp_loss":0.0,"gold_gain":0.0,"event_name":"Big Fish","player_choice":"Donut","floor":10.0,"gold_loss":0.0,"damage_taken":0.0},{"damage_healed":0.0,"max_hp_gain":0.0,"max_hp_loss":0.0,"gold_gain":0.0,"event_name":"Shining Light","player_choice":"Ignored","floor":12.0,"gold_loss":0.0,"damage_taken":0.0}],"is_beta":false,"boss_relics":[],"items_purged_floors":[],"is_endless":false,"potions_floor_spawned":[1,4],"killed_by":"Slime Boss","ascension_level":0}}