{"host":"3vgzk5mhz751jdrj","time":1610234307,"event":{"mods":["2.2 Compatiblity","AchievementEnabler","Act Like it!","Aspiration","BaseMod","Better Altar","Better Match","Better Note","Better Sensory Stone","Better Skull","Better Third Choice","Block Reminder","Colored Map","Conspire","Curses Come First","Dark Map","Displayed Cursed Tome","Downfall","Friendly Minions","GifTheSpireLib","Halation","Hubris","Marked Mod","Mimic Mod","Minty Spire (QoL Compilation)","Quick Restart","Rare Cards Sparkle","Replay The Spire","Reworked Bosses","Shop Mod","Spicy Shops","Spikes Relics","StSLib","Stuff the Spire","Thieving Mod","Trackpad","vexMod"],"gold_per_floor":[199,210,385,398,7,41,77,111,36,36,36,50,66,202,218,319,319,244,262,22,39,39,39,39,56,56,56,56],"floor_reached":26,"playtime":2080,"items_purged":["Injury"],"score":318,"play_id":"66685a35-84e5-41f3-a021-a3820c2e1ac8","local_time":"20210109181827","is_ascension_mode":true,"campfire_choices":[{"data":"hexamod:Float","floor":1.0,"key":"SMITH"},{"data":"hexamod:GhostOfSpirePast","floor":9.0,"key":"SMITH"},{"data":"hexamod:Rewind","floor":11.0,"key":"SMITH"},{"data":"hexamod:RadiantFlame","floor":18.0,"key":"SMITH"},{"floor":23,"key":"RECALL"}],"circlet_count":0,"master_deck":["hexamod:Strike","hexamod:Strike","hexamod:Strike","hexamod:Defend","hexamod:Defend","hexamod:Defend","hexamod:Defend","hexamod:Sear","hexamod:Float+1","hexamod:EmpoweredFlame","hexamod:FastForward","hexamod:StepThrough","hexamod:Rewind+1","hexamod:BurningTouch","hexamod:GhostOfSpirePast+1","hexamod:BurningTouch","hexamod:WildfireWeapon","hexamod:TimeWarp","hexamod:RadiantFlame+1","hexamod:ExtraCrispy+1","hexamod:ParanormalForm+1","hexamod:FirstSeal","hexamod:TimeWarp","Injury","hexamod:EmpoweredFlame","hexamod:EmpoweredFlame","hexamod:FastForward"],"relics":["hexamod:SpiritBrand","Replay:Kaleidoscope","Blue Doll","StuffTheSpire:TintedRock","downfall:HeartBlessingBlue","Pear","Astrolabe","downfall:HeartBlessingGreen","halation:TwoAmDonut","Snack Pack"],"acts_visited":["Exordium","TheCity"],"potions_floor_usage":[26,26],"damage_taken":[{"damage":0.0,"enemies":"Cultist","floor":2.0,"turns":3.0},{"damage":4.0,"enemies":"Small Slimes","floor":4.0,"turns":5.0},{"damage":5.0,"enemies":"downfall:FleeingMerchant","floor":5.0,"turns":4.0},{"damage":0.0,"enemies":"Jaw Worm","floor":6.0,"turns":7.0},{"damage":0.0,"enemies":"Jaw Worm","floor":7.0,"turns":6.0},{"damage":11.0,"enemies":"Gremlin Nob","floor":8.0,"turns":4.0},{"damage":0.0,"enemies":"Jaw Worm","floor":12.0,"turns":2.0},{"damage":14.0,"enemies":"3 Louse","floor":13.0,"turns":4.0},{"damage":0.0,"enemies":"Replay:BlueRogue","floor":14.0,"turns":3.0},{"damage":6.0,"enemies":"conspire:2 RoseBushes","floor":15.0,"turns":3.0},{"damage":19.0,"enemies":"downfall:Watcher","floor":16.0,"turns":5.0},{"damage":39.0,"enemies":"3 Byrds","floor":19.0,"turns":5.0},{"damage":0,"enemies":"downfall:FleeingMerchant","floor":20,"turns":4},{"damage":6,"enemies":"Chosen","floor":21,"turns":4},{"damage":34,"enemies":"Centurion and Healer","floor":25,"turns":6},{"damage":29,"enemies":"Sentry and Sphere","floor":26,"turns":5}],"seed_played":"1604741955684128664","potions_obtained":[{"floor":2.0,"key":"Block Potion"},{"floor":4.0,"key":"Energy Potion"},{"floor":8.0,"key":"champ:CounterPotion"},{"floor":13.0,"key":"champ:CounterPotion"},{"floor":15.0,"key":"champ:CounterPotion"},{"floor":16.0,"key":"PowerPotion"},{"floor":21,"key":"Elixir"},{"floor":22,"key":"downfall:CursedFountainPotion"},{"floor":25,"key":"SkillPotion"}],"is_trial":false,"path_per_floor":["R","M","?","M","$","MIM","MIM","E","R","?","R","M","M","E","M","B",null,"R_BF","M","$","M","?","R","T","M","M"],"character_chosen":"THE_SPIRIT","items_purchased":["hexamod:StepThrough","Replay:Kaleidoscope","halation:TwoAmDonut","hexamod:EmpoweredFlame"],"campfire_rested":0,"item_purchase_floors":[5,5,20,20],"current_hp_per_floor":[70,70,70,66,61,61,61,50,60,60,60,60,46,56,50,31,90,90,51,58,59,59,59,59,27,0,0,0],"gold":56,"neow_bonus":"HUNDRED_GOLD","is_daily":false,"chose_seed":false,"campfire_upgraded":4,"win_rate":0.0,"timestamp":1610234307,"path_taken":["R","?","?","M","$","?","MIM","E","R","?","R","M","M","E","M","BOSS","R_BF","M","$","M","?","R","T","?","M"],"items_purchased_type":["Card","Relic","Relic","Card"],"build_version":"2020-12-22","purchased_purges":1,"victory":false,"max_hp_per_floor":[70,70,70,70,70,70,70,70,80,80,80,80,80,90,90,90,90,90,90,90,90,90,90,90,90,90,90,90],"card_choices":[{"not_picked":["hexamod:SpectersWail","hexamod:NightmareGuise"],"picked":"hexamod:EmpoweredFlame","floor":2.0},{"not_picked":["hexamod:BacktrackSmack","hexamod:AdvancingGuard"],"picked":"hexamod:PhantomFireball","floor":4.0},{"not_picked":["hexamod:FourthSeal","hexamod:GhostLash"],"picked":"hexamod:FastForward","floor":5.0},{"not_picked":["hexamod:BurningTouch","hexamod:BacktrackSmack"],"picked":"hexamod:Rewind","floor":6.0},{"not_picked":["hexamod:NecessarySacrifice","hexamod:AdvancingGuard"],"picked":"hexamod:BurningTouch","floor":7.0},{"not_picked":["hexamod:NecessarySacrifice","hexamod:SecondSeal"],"picked":"hexamod:GhostOfSpirePast","floor":8.0},{"not_picked":["hexamod:Firestarter","hexamod:GhostOfSpireFuture"],"picked":"hexamod:BurningTouch","floor":12.0},{"not_picked":["hexamod:Firestarter","hexamod:ShieldOfDarkness"],"picked":"hexamod:WildfireWeapon","floor":13.0},{"not_picked":["hexamod:SixthSeal","hexamod:ThermalTransfer"],"picked":"hexamod:TimeWarp","floor":14.0},{"not_picked":["hexamod:NecessarySacrifice","hexamod:SuperheatedStrike"],"picked":"hexamod:RadiantFlame","floor":15.0},{"not_picked":["hexamod:SpectralAdrenaline","hexamod:HeatCrush"],"picked":"hexamod:FirstSeal","floor":19.0},{"not_picked":["hexamod:EtherealExpedition","hexamod:GhostOfSpireFuture+1"],"picked":"hexamod:TimeWarp","floor":20},{"not_picked":["hexamod:SpectralAdrenaline","hexamod:Again+1"],"picked":"hexamod:FastForward","floor":21},{"not_picked":["hexamod:Again","hexamod:BurningTouch","hexamod:GhostLash"],"picked":"SKIP","floor":25}],"player_experience":392172,"relics_obtained":[{"floor":7.0,"key":"Blue Doll"},{"floor":8.0,"key":"StuffTheSpire:TintedRock"},{"floor":14.0,"key":"Pear"},{"floor":24,"key":"Snack Pack"}],"event_choices":[],"is_beta":false,"boss_relics":[{"not_picked":["Sandwich","Replay:Ancient Bell"],"picked":"Astrolabe"}],"items_purged_floors":[20],"is_endless":false,"potions_floor_spawned":[2,4,8,13,15,16,21,25],"killed_by":"Sentry and Sphere","ascension_level":2}}