{"host":"51mqhfpmwwd4kxyt","time":1610191870,"event":{"mods":["BaseMod","Downfall","Googly Eyes","Highlight Path","Minty Spire (QoL Compilation)","READ ME - Guardian Mod","StSLib","The Cursed","The Servant 0.9.4"],"gold_per_floor":[115,115,128,128,78,108,108,108,108,128,139,157,174,192,192,289,289,276,276,293,137,148,181,200,227,254,254,254,254,281,281,281,384,384,399,399,419,436,17,47,60,95,95,110,135,135,145,92,92,92],"floor_reached":51,"playtime":2929,"items_purged":["Strike_B","Pain"],"score":1286,"play_id":"51a7dd03-91a4-4dd9-bfed-db354d8ac5c1","local_time":"20210109063110","is_ascension_mode":true,"campfire_choices":[{"floor":7,"key":"REST"},{"data":"Turbo","floor":15,"key":"SMITH"},{"floor":28,"key":"REST"},{"floor":32,"key":"REST"},{"floor":46,"key":"DIG"},{"floor":49,"key":"REST"}],"circlet_count":0,"master_deck":["Strike_B+1","Defend_B","Defend_B","Defend_B","Zap","Dualcast","Hello World","Lockon","Reinforced Body","Coolheaded","All For One","Turbo+1","Melter+1","Loop","Meteor Strike","Ghostly","Ghostly","Ghostly","Ghostly","Ghostly","Turbo","Skim","Hologram","Steam Power+1","Slimebound:CheckThePlaybook","Skim","All For One","Heatsinks","Chaos+1","Secret Technique","Turbo","Meteor Strike","Coolheaded+1","Coolheaded+1","Steam+1","Hologram","Turbo"],"relics":["Cracked Core","NeowsBlessing","Dream Catcher","Cables","Thread and Needle","Bag of Marbles","Black Star","DataDisk","StrikeDummy","Mercury Hourglass","Nunchaku","Akabeko","Shovel","Whetstone","Gremlin Horn","Philosopher\u0027s Stone","WarpedTongs","Strawberry","Toy Ornithopter","Sundial","CaptainsWheel","Blood Vial","Ginger","Pocketwatch","Ancient Tea Set","Boot"],"acts_visited":["Exordium","TheCity","TheBeyond"],"potions_floor_usage":[16,20,23,23,33],"damage_taken":[{"damage":0,"enemies":"2 Louse","floor":1,"turns":1},{"damage":0,"enemies":"Small Slimes","floor":3,"turns":1},{"damage":0,"enemies":"3 Sentries","floor":6,"turns":1},{"damage":0,"enemies":"Jaw Worm","floor":10,"turns":3},{"damage":0,"enemies":"Blue Slaver","floor":11,"turns":2},{"damage":0,"enemies":"Looter","floor":12,"turns":3},{"damage":0,"enemies":"Large Slime","floor":13,"turns":5},{"damage":4,"enemies":"Gremlin Gang","floor":14,"turns":7},{"damage":26,"enemies":"The Guardian","floor":16,"turns":10},{"damage":18,"enemies":"2 Thieves","floor":18,"turns":5},{"damage":0,"enemies":"Spheric Guardian","floor":20,"turns":1},{"damage":0,"enemies":"Snake Plant","floor":22,"turns":7},{"damage":18,"enemies":"Book of Stabbing","floor":23,"turns":7},{"damage":0,"enemies":"Cultist and Chosen","floor":24,"turns":7},{"damage":0,"enemies":"Gremlin Leader","floor":25,"turns":7},{"damage":26,"enemies":"Slavers","floor":30,"turns":6},{"damage":5,"enemies":"Champ","floor":33,"turns":8},{"damage":0,"enemies":"3 Darklings","floor":35,"turns":4},{"damage":1,"enemies":"Orb Walker","floor":37,"turns":3},{"damage":4,"enemies":"3 Darklings","floor":38,"turns":4},{"damage":0,"enemies":"Giant Head","floor":40,"turns":3},{"damage":1,"enemies":"4 Shapes","floor":41,"turns":4},{"damage":3,"enemies":"Reptomancer","floor":42,"turns":5},{"damage":0,"enemies":"Maw","floor":44,"turns":4},{"damage":0,"enemies":"Nemesis","floor":45,"turns":3},{"damage":0,"enemies":"Sphere and 2 Shapes","floor":47,"turns":2},{"damage":16,"enemies":"Donu and Deca","floor":50,"turns":8}],"seed_played":"187866666269818246","potions_obtained":[{"floor":1,"key":"FearPotion"},{"floor":10,"key":"LiquidBronze"},{"floor":13,"key":"FocusPotion"},{"floor":14,"key":"Ancient Potion"},{"floor":18,"key":"SkillPotion"},{"floor":22,"key":"BlessingOfTheForge"},{"floor":30,"key":"CultistPotion"},{"floor":37,"key":"Guardian:BlockOnCardUsePotion"},{"floor":38,"key":"LiquidBronze"},{"floor":41,"key":"SmokeBomb"}],"is_trial":false,"path_per_floor":["M","?","M","?","?","E","R","T","T","M","M","M","M","M","R","B",null,"M","?","M","$","M","E","M","E","T","T","R","?","E","?","R","B",null,"M","?","M","M","$","E","M","E","T","M","E","R","M","$","R","B",null],"character_chosen":"DEFECT","items_purchased":["Skim","Strawberry","Secret Technique","Hologram"],"campfire_rested":4,"item_purchase_floors":[21,39,39,48],"current_hp_per_floor":[68,61,61,49,49,49,71,71,71,71,71,71,71,67,67,41,67,49,37,37,37,37,19,19,19,19,19,30,30,4,4,14,9,28,28,28,27,23,30,30,29,26,26,28,30,30,32,32,41,25],"gold":92,"neow_bonus":"THREE_ENEMY_KILL","is_daily":false,"chose_seed":false,"campfire_upgraded":1,"win_rate":0.0,"timestamp":1610191870,"path_taken":["M","?","M","?","?","E","R","?","T","M","M","M","M","M","R","BOSS","M","?","M","$","M","E","M","E","T","?","R","?","E","?","R","BOSS","M","?","?","M","$","E","?","E","T","M","E","R","M","$","R","BOSS"],"items_purchased_type":["Card","Relic","Card","Card"],"build_version":"2020-12-22","purchased_purges":2,"victory":true,"max_hp_per_floor":[75,75,75,75,75,75,75,75,75,75,75,75,75,75,75,75,75,75,37,37,37,37,37,37,37,37,37,37,34,34,34,34,34,34,34,34,34,34,41,41,41,41,41,41,41,41,41,41,41,41],"card_choices":[{"not_picked":["Go for the Eyes","Rebound"],"picked":"Hello World","floor":1},{"not_picked":["Beam Cell","Cold Snap"],"picked":"Lockon","floor":3},{"not_picked":["Redo","Barrage"],"picked":"Reinforced Body","floor":6},{"not_picked":["Undo","Compile Driver"],"picked":"Coolheaded","floor":7},{"not_picked":["Streamline","Cold Snap"],"picked":"All For One","floor":10},{"not_picked":["Redo","Compile Driver","Sweeping Beam"],"picked":"SKIP","floor":11},{"not_picked":["Steam","Leap"],"picked":"Turbo","floor":12},{"not_picked":["Compile Driver","Ball Lightning"],"picked":"Melter","floor":13},{"not_picked":["Undo","Stack"],"picked":"Loop","floor":14},{"not_picked":["Hyperbeam","Fission"],"picked":"Meteor Strike","floor":16},{"not_picked":["Barrage","Cold Snap+1","Reinforced Body+1"],"picked":"SKIP","floor":18},{"not_picked":["Streamline","Beam Cell"],"picked":"Turbo","floor":20},{"not_picked":["Static Discharge+1","Conserve Battery","Gash"],"picked":"SKIP","floor":22},{"not_picked":["FTL","Barrage"],"picked":"Hologram","floor":23},{"not_picked":["Gash+1","Scrape","Steam"],"picked":"SKIP","floor":24},{"not_picked":["Ball Lightning","Skim"],"picked":"Steam Power+1","floor":25},{"not_picked":["Conserve Battery","Leap","Barrage"],"picked":"SKIP","floor":30},{"not_picked":["Fission","Go for the Eyes"],"picked":"Skim","floor":32},{"not_picked":["Buffer","Meteor Strike"],"picked":"All For One","floor":33},{"not_picked":["Go for the Eyes","Loop"],"picked":"Heatsinks","floor":35},{"not_picked":["Stack+1","Doom and Gloom+1"],"picked":"Chaos+1","floor":37},{"not_picked":["Redo+1","Leap","Cold Snap"],"picked":"SKIP","floor":38},{"not_picked":["Scrape","Consume+1","Rebound"],"picked":"SKIP","floor":40},{"not_picked":["Sweeping Beam","Heatsinks"],"picked":"Turbo","floor":41},{"not_picked":["Steam+1","Barrage"],"picked":"Meteor Strike","floor":42},{"not_picked":["Leap+1","Go for the Eyes"],"picked":"Coolheaded+1","floor":44},{"not_picked":["Force Field+1","Redo"],"picked":"Coolheaded+1","floor":45},{"not_picked":["Melter","Leap+1"],"picked":"Steam+1","floor":47},{"not_picked":["Hello World+1","Gash"],"picked":"Turbo","floor":49}],"player_experience":366458,"relics_obtained":[{"floor":6,"key":"Cables"},{"floor":8,"key":"Thread and Needle"},{"floor":9,"key":"Bag of Marbles"},{"floor":23,"key":"DataDisk"},{"floor":23,"key":"StrikeDummy"},{"floor":25,"key":"Mercury Hourglass"},{"floor":25,"key":"Nunchaku"},{"floor":26,"key":"Akabeko"},{"floor":27,"key":"Shovel"},{"floor":30,"key":"Whetstone"},{"floor":30,"key":"Gremlin Horn"},{"floor":40,"key":"Toy Ornithopter"},{"floor":40,"key":"Sundial"},{"floor":42,"key":"CaptainsWheel"},{"floor":42,"key":"Blood Vial"},{"floor":43,"key":"Ginger"},{"floor":45,"key":"Pocketwatch"},{"floor":45,"key":"Ancient Tea Set"},{"floor":46,"key":"Boot"}],"event_choices":[{"cards_removed":["Strike_B"],"damage_healed":0,"gold_gain":0,"player_choice":"Card Removal","damage_taken":7,"max_hp_gain":0,"max_hp_loss":0,"event_name":"Golden Wing","floor":2,"gold_loss":0},{"damage_healed":0,"gold_gain":0,"player_choice":"Success","damage_taken":12,"relics_obtained":["Dream Catcher"],"max_hp_gain":0,"max_hp_loss":0,"event_name":"Scrap Ooze","floor":4,"gold_loss":0},{"cards_removed":["Strike_B"],"damage_healed":0,"gold_gain":0,"player_choice":"Card Removal","damage_taken":0,"max_hp_gain":0,"max_hp_loss":0,"event_name":"The Cleric","floor":5,"gold_loss":50},{"damage_healed":0,"gold_gain":0,"player_choice":"Became a Ghost","damage_taken":0,"max_hp_gain":0,"max_hp_loss":38,"event_name":"Ghosts","floor":19,"gold_loss":0,"cards_obtained":["Ghostly","Ghostly","Ghostly","Ghostly","Ghostly"]},{"cards_removed":["Defend_B"],"damage_healed":0,"gold_gain":0,"player_choice":"Elegance","damage_taken":0,"max_hp_gain":0,"max_hp_loss":0,"event_name":"Back to Basics","floor":31,"gold_loss":0},{"damage_healed":0,"gold_gain":0,"player_choice":"Rummage","damage_taken":0,"relics_obtained":["WarpedTongs"],"max_hp_gain":0,"max_hp_loss":0,"event_name":"Accursed Blacksmith","floor":36,"gold_loss":0,"cards_obtained":["Pain"]}],"is_beta":false,"boss_relics":[{"not_picked":["Astrolabe","Runic Dome"],"picked":"Black Star"},{"not_picked":["Empty Cage","Coffee Dripper"],"picked":"Philosopher\u0027s Stone"}],"items_purged_floors":[21,39],"is_endless":false,"potions_floor_spawned":[1,10,13,14,18,22,30,37,38,41,44],"ascension_level":6}}