{"host":"mydft8i2zzydgggw","time":1610181875,"event":{"mods":["AchievementEnabler","BaseMod","BetterRewards","Colored Map","Colored Powertips","DeckTracker","Keyboard Shortcuts","Minty Spire (QoL Compilation)","Rare Cards Sparkle","StSLib","SuperFastMode","The Poker Player","everything is the same but u backflip on backflip"],"gold_per_floor":[110,126,146,21,40,72,72,85,85,115,115,147,164,174,174,277,277,289,306,321,16,28,28,28,41,87,105,124,124,124,134,134,232,232,248,263,263,280,21,21,47,47,74,74,84,101,101,119,119,119,119],"floor_reached":50,"playtime":1634,"items_purged":["Strike_R","Strike_R"],"score":656,"play_id":"5501a767-4d41-43cd-a394-01f67a5cde76","local_time":"20210109174435","is_ascension_mode":true,"campfire_choices":[{"data":"Feed","floor":7.0,"key":"SMITH"},{"data":"Armaments","floor":15.0,"key":"SMITH"},{"floor":23.0,"key":"DIG"},{"data":"Body Slam","floor":29.0,"key":"SMITH"},{"floor":32.0,"key":"REST"},{"data":"Body Slam","floor":40.0,"key":"SMITH"},{"floor":42.0,"key":"REST"},{"data":"Impervious","floor":44.0,"key":"SMITH"},{"floor":49.0,"key":"REST"}],"circlet_count":0,"master_deck":["Strike_R","Defend_R","Defend_R","Defend_R","Defend_R","Bash","Feed+1","Body Slam+1","Armaments+1","Ghostly Armor","Immolate","Flame Barrier","Body Slam+1","Pommel Strike+1","Reaper","Headbutt","True Grit+1","Impervious+1","Entrench+1"],"relics":["Black Blood","Happy Flower","Paper Frog","Vajra","Question Card","SlaversCollar","Shovel","Pocketwatch","Ancient Tea Set","Enchiridion","Darkstone Periapt","CeramicFish","Gremlin Horn"],"acts_visited":["Exordium","TheCity","TheBeyond"],"potions_floor_usage":[50],"damage_taken":[{"damage":5.0,"enemies":"Small Slimes","floor":1.0,"turns":4.0},{"damage":0.0,"enemies":"Cultist","floor":2.0,"turns":4.0},{"damage":13.0,"enemies":"2 Louse","floor":3.0,"turns":3.0},{"damage":24.0,"enemies":"Lots of Slimes","floor":5.0,"turns":6.0},{"damage":42.0,"enemies":"3 Sentries","floor":6.0,"turns":10.0},{"damage":11.0,"enemies":"Blue Slaver","floor":8.0,"turns":3.0},{"damage":9.0,"enemies":"Lagavulin","floor":10.0,"turns":7.0},{"damage":16.0,"enemies":"Gremlin Nob","floor":12.0,"turns":4.0},{"damage":6.0,"enemies":"Exordium Thugs","floor":13.0,"turns":4.0},{"damage":9.0,"enemies":"Red Slaver","floor":14.0,"turns":2.0},{"damage":35.0,"enemies":"The Guardian","floor":16.0,"turns":10.0},{"damage":28.0,"enemies":"2 Thieves","floor":18.0,"turns":4.0},{"damage":18.0,"enemies":"Chosen","floor":19.0,"turns":5.0},{"damage":3.0,"enemies":"Snake Plant","floor":20.0,"turns":3.0},{"damage":45.0,"enemies":"Centurion and Healer","floor":22.0,"turns":6.0},{"damage":3.0,"enemies":"Snecko","floor":25.0,"turns":4.0},{"damage":0.0,"enemies":"Snake Plant","floor":27.0,"turns":3.0},{"damage":5.0,"enemies":"Centurion and Healer","floor":28.0,"turns":8.0},{"damage":13.0,"enemies":"Sentry and Sphere","floor":31.0,"turns":5.0},{"damage":52.0,"enemies":"Collector","floor":33.0,"turns":10.0},{"damage":38.0,"enemies":"3 Darklings","floor":35.0,"turns":3.0},{"damage":6.0,"enemies":"3 Shapes","floor":36.0,"turns":3.0},{"damage":27.0,"enemies":"Sphere and 2 Shapes","floor":38.0,"turns":5.0},{"damage":100.0,"enemies":"Reptomancer","floor":41.0,"turns":6.0},{"damage":77.0,"enemies":"Transient","floor":45.0,"turns":5.0},{"damage":15.0,"enemies":"3 Darklings","floor":46.0,"turns":6.0},{"damage":47.0,"enemies":"Maw","floor":48.0,"turns":10.0},{"damage":65,"enemies":"Time Eater","floor":50,"turns":7}],"seed_played":"-2540219943909760643","potions_obtained":[{"floor":3.0,"key":"BlessingOfTheForge"},{"floor":5.0,"key":"DistilledChaos"},{"floor":8.0,"key":"Strength Potion"},{"floor":13.0,"key":"EntropicBrew"},{"floor":16.0,"key":"SpeedPotion"},{"floor":19.0,"key":"Block Potion"},{"floor":25.0,"key":"Swift Potion"},{"floor":27.0,"key":"SkillPotion"},{"floor":28.0,"key":"HeartOfIron"},{"floor":33.0,"key":"HeartOfIron"},{"floor":35.0,"key":"EntropicBrew"},{"floor":46.0,"key":"SpeedPotion"},{"floor":48.0,"key":"SkillPotion"}],"is_trial":false,"path_per_floor":["M","M","M","$","M","E","R","M","T","E","?","E","M","M","R","B",null,"M","M","M","$","M","R","?","M","T","M","M","R","?","M","R","B",null,"M","M","?","M","$","R","E","R","T","R","M","M","T","M","R","B"],"character_chosen":"IRONCLAD","items_purchased":["BloodPotion","Shovel","Impervious"],"campfire_rested":3,"item_purchase_floors":[4,21,39],"current_hp_per_floor":[75,78,74,74,59,43,43,42,42,43,43,37,41,42,42,13,108,86,74,81,81,46,46,46,49,49,55,60,60,44,37,73,27,120,104,110,110,95,95,95,15,51,51,51,25,48,48,13,49,0,0],"gold":119,"neow_bonus":"THREE_RARE_CARDS","is_daily":false,"chose_seed":false,"campfire_upgraded":5,"win_rate":0.0,"timestamp":1610181875,"path_taken":["M","M","M","$","M","E","R","M","T","E","?","E","M","M","R","BOSS","M","?","M","$","M","R","?","M","T","?","M","R","?","M","R","BOSS","M","M","?","?","$","R","E","R","T","R","?","M","?","?","R","BOSS"],"items_purchased_type":["Potion","Relic","Card"],"build_version":"2020-12-22","purchased_purges":2,"victory":false,"max_hp_per_floor":[75,78,81,81,84,88,88,92,92,96,96,100,104,108,108,108,108,108,108,112,112,116,116,116,116,116,116,120,120,120,120,120,120,120,120,120,120,120,120,120,120,120,120,120,120,120,120,120,120,120,120],"card_choices":[{"not_picked":["Brutality","Reaper"],"picked":"Feed","floor":0.0},{"not_picked":["True Grit","Cleave","Carnage"],"picked":"SKIP","floor":1.0},{"not_picked":["Wild Strike","Cleave"],"picked":"Body Slam","floor":2.0},{"not_picked":["Hemokinesis","Flex","Twin Strike"],"picked":"SKIP","floor":3.0},{"not_picked":["Anger","Clash","Pummel"],"picked":"SKIP","floor":5.0},{"not_picked":["Spot Weakness","Iron Wave","Burning Pact"],"picked":"SKIP","floor":6.0},{"not_picked":["Iron Wave","Pommel Strike"],"picked":"Armaments","floor":8.0},{"not_picked":["Offering","Rupture","Flex"],"picked":"SKIP","floor":10.0},{"not_picked":["Cleave","Perfected Strike","Clothesline"],"picked":"SKIP","floor":12.0},{"not_picked":["Twin Strike","Heavy Blade","Perfected Strike","Pommel Strike"],"picked":"SKIP","floor":13.0},{"not_picked":["Armaments","Clash","Sentinel","Clothesline"],"picked":"SKIP","floor":14.0},{"not_picked":["Brutality","Barricade","Double Tap"],"picked":"Immolate","floor":16.0},{"not_picked":["Inflame","Blood for Blood","Thunderclap+1","Anger"],"picked":"SKIP","floor":18.0},{"not_picked":["Flame Barrier","Thunderclap","Clash","Reckless Charge"],"picked":"SKIP","floor":19.0},{"not_picked":["Thunderclap","Clash","Reckless Charge"],"picked":"Flame Barrier","floor":19.0},{"not_picked":["Burning Pact","Heavy Blade+1","Clash"],"picked":"Body Slam","floor":20.0},{"not_picked":["Headbutt","Warcry","Armaments","Havoc"],"picked":"SKIP","floor":22.0},{"not_picked":["Warcry","Wild Strike","Clothesline+1","Perfected Strike+1"],"picked":"SKIP","floor":25.0},{"not_picked":["Berserk","Clothesline","Body Slam","Sword Boomerang"],"picked":"SKIP","floor":27.0},{"not_picked":["Thunderclap+1","Headbutt","Second Wind+1","Flame Barrier"],"picked":"SKIP","floor":28.0},{"not_picked":["Disarm+1","Sword Boomerang","Power Through"],"picked":"Pommel Strike+1","floor":31.0},{"not_picked":["Brutality","Demon Form","Bludgeon"],"picked":"Reaper","floor":33.0},{"not_picked":["Perfected Strike+1","Fire Breathing+1","Thunderclap","Iron Wave+1"],"picked":"SKIP","floor":35.0},{"not_picked":["Body Slam","Searing Blow","Flex+1","Iron Wave+1"],"picked":"SKIP","floor":36.0},{"not_picked":["Havoc","Demon Form","Warcry+1"],"picked":"True Grit+1","floor":38.0},{"not_picked":["Perfected Strike+1","Clash","True Grit"],"picked":"Entrench+1","floor":41.0},{"not_picked":["True Grit","Cleave","Clash","Hemokinesis+1"],"picked":"SKIP","floor":45.0},{"not_picked":["Searing Blow","Cleave","Havoc","Limit Break"],"picked":"SKIP","floor":46.0},{"not_picked":["Combust+1","Thunderclap","Spot Weakness","Warcry"],"picked":"SKIP","floor":48.0}],"player_experience":157188,"relics_obtained":[{"floor":6.0,"key":"Happy Flower"},{"floor":9.0,"key":"Paper Frog"},{"floor":10.0,"key":"Vajra"},{"floor":12.0,"key":"Question Card"},{"floor":23.0,"key":"Pocketwatch"},{"floor":26.0,"key":"Ancient Tea Set"},{"floor":30.0,"key":"Enchiridion"},{"floor":41.0,"key":"Darkstone Periapt"},{"floor":43.0,"key":"CeramicFish"},{"floor":47.0,"key":"Gremlin Horn"}],"event_choices":[{"damage_healed":0.0,"max_hp_gain":0.0,"max_hp_loss":0.0,"gold_gain":0.0,"event_name":"Match and Keep!","player_choice":"1 cards matched","floor":11.0,"gold_loss":0.0,"damage_taken":0.0,"cards_obtained":["Ghostly Armor"]},{"cards_removed":["Strike_R"],"damage_healed":0.0,"max_hp_gain":0.0,"max_hp_loss":0.0,"gold_gain":0.0,"event_name":"Bonfire Elementals","player_choice":"Offered Basic","floor":24.0,"gold_loss":0.0,"damage_taken":0.0},{"damage_healed":0.0,"max_hp_gain":0.0,"max_hp_loss":0.0,"gold_gain":0.0,"event_name":"Cursed Tome","player_choice":"Obtained Book","floor":30.0,"gold_loss":0.0,"damage_taken":16.0},{"damage_healed":0.0,"max_hp_gain":0.0,"max_hp_loss":0.0,"gold_gain":0.0,"cards_transformed":["Strike_R"],"event_name":"Transmorgrifier","player_choice":"Transformed","floor":37.0,"gold_loss":0.0,"damage_taken":0.0,"cards_obtained":["Headbutt"]}],"is_beta":false,"boss_relics":[{"not_picked":["Snecko Eye","Ectoplasm"],"picked":"SlaversCollar"},{"not_picked":["Velvet Choker","SacredBark"],"picked":"Black Blood"}],"items_purged_floors":[4,39],"is_endless":false,"potions_floor_spawned":[3,5,8,13,16,19,25,27,28,33,35,46,48],"killed_by":"Time Eater","ascension_level":3}}