{"host":"h5acbxt0wmjo1kpm","time":1610178123,"event":{"mods":["2.2 Compatiblity","Act Like it!","AlwaysNeverKeys","Aspiration","Bard","Bartender","BaseMod","Better Third Choice","Colored Map","Elementarium","Gensokyo","GifTheSpireLib","Hallownest","Marisa????????","Menagerie","Minty Spire (QoL Compilation)","Permanent Neow","Potionbrewer","Relic Filter","Replay The Spire","Robot Space Explorer","RumiaBox-????????","Shade Mod","Spicy Shops","StSLib","Strawberry Spire","The Blackbeard","The Dragon Tamer","The Gatherer","The Hayseed","The Problem Sleuth","The Servant 0.9.4","Wandering Minibosses","vexMod"],"gold_per_floor":[112,56,62,62,62,62,77,77,117,117,123,235,249,255,255,303,353,300,305,305,311,318,330,357,357,357,374,383,400,400,400,400,450,450,455,455,455,849,624,641,641,656,669,669,674,724,737,737,737,737,737,737,440,455,455],"floor_reached":56,"playtime":4722,"items_purged":["Shame"],"score":1939,"play_id":"7dc26d90-50b9-4422-b9e8-a397d6398b67","local_time":"20210108234203","is_ascension_mode":true,"campfire_choices":[{"data":"Menagerie:Slaughter","floor":6.0,"key":"SMITH"},{"data":"theSleuth:Diplomacy","floor":8.0,"key":"SMITH"},{"data":"theSleuth:TakeInventory","floor":10.0,"key":"SMITH"},{"data":"theSleuth:FudgeDeck","floor":15.0,"key":"SMITH"},{"floor":25.0,"key":"REST"},{"data":"theSleuth:HairpinMachinegun","floor":30.0,"key":"SMITH"},{"data":"theSleuth:Leer","floor":32.0,"key":"SMITH"},{"data":"theSleuth:Parry","floor":41,"key":"SMITH"},{"floor":49,"key":"RECALL"},{"data":"theSleuth:TootsieRollFrankenstein","floor":52,"key":"SMITH"}],"circlet_count":0,"master_deck":["AscendersBane","theSleuth:Strike","theSleuth:Defend","theSleuth:Defend","theSleuth:KeyHandgun","theSleuth:TakeInventory+1","theSleuth:Diplomacy+1","theSleuth:CandidBullets","theSleuth:Unscale","theSleuth:SnoopDoggBust","Menagerie:Slaughter+1","theSleuth:CharismaBlast","theSleuth:Distill","theSleuth:FudgeDeck+1","theSleuth:HeroBust","theSleuth:CandyCane","All Out Attack","ReplayTheSpireMod:From All Sides","Deadly Poison","theSleuth:Unscale+1","theSleuth:Fortify+1","theSleuth:PezUzi","theSleuth:HairpinMachinegun+1","theSleuth:Leer+1","theSleuth:TootsieRollFrankenstein+1","Coolheaded+1","Undo","theSleuth:Parry+1","Rip and Tear","Bandage Up","Self Repair","strawberrySpire:Ronchyble"],"relics":["theSleuth:Typewriter","Menagerie:Aurumvore","MagicDraw2","Meat on the Bone","Menagerie:GrandMagusSpellbook","Replay:Wanted Poster","Tiny Chest","Quantum Egg","Replay:Bottled Flurry","potionbrewer:AlchemistFlask","aspiration:DefectSkillbook","wanderingMiniBosses:MasterThiefsPresence","OrangePellets","Replay:Rubber Ducky","White Beast Statue","Akabeko","Centennial Puzzle","Boot"],"acts_visited":["Menagerie:Menagerie","Hallownest:CityofTears","TheBeyond","TheEnding"],"potions_floor_usage":[33,35,45,47,50,50,55,55,55],"damage_taken":[{"damage":6.0,"enemies":"Menagerie:2_RABBITS","floor":1.0,"turns":6.0},{"damage":0.0,"enemies":"Menagerie:MonstrousExperiment","floor":3.0,"turns":6.0},{"damage":37.0,"enemies":"Menagerie:Hydra","floor":7.0,"turns":9.0},{"damage":0.0,"enemies":"Menagerie:StygianBoar","floor":11.0,"turns":4.0},{"damage":2.0,"enemies":"Menagerie:GrandMagus","floor":13.0,"turns":12.0},{"damage":1.0,"enemies":"Menagerie:RedMage","floor":14.0,"turns":4.0},{"damage":7.0,"enemies":"Menagerie:AVATARS","floor":16.0,"turns":6.0},{"damage":0.0,"enemies":"Hallownest:2_Mistakes","floor":18.0,"turns":8.0},{"damage":26.0,"enemies":"Hallownest:3_Youths","floor":19.0,"turns":6.0},{"damage":17.0,"enemies":"Hallownest:monsterShrumalOgre","floor":21.0,"turns":5.0},{"damage":13.0,"enemies":"Hallownest:2_Husk_Sentries","floor":22.0,"turns":4.0},{"damage":0.0,"enemies":"Hallownest:Nosk","floor":23.0,"turns":7.0},{"damage":11.0,"enemies":"Hallownest:Glutton_and_Coward","floor":24.0,"turns":4.0},{"damage":23.0,"enemies":"Hallownest:eliteWatcherKnight","floor":27.0,"turns":10.0},{"damage":25.0,"enemies":"Hallownest:2_Flukemon","floor":28.0,"turns":6.0},{"damage":4.0,"enemies":"Hallownest:Nosk","floor":29.0,"turns":6.0},{"damage":32,"enemies":"Hallownest:BossGrimm","floor":33,"turns":16},{"damage":3,"enemies":"3 Shapes","floor":35,"turns":3},{"damage":29,"enemies":"3 Darklings","floor":38,"turns":5},{"damage":0,"enemies":"Reptomancer","floor":40,"turns":3},{"damage":1,"enemies":"strawberrySpire:EssenceStones","floor":42,"turns":2},{"damage":0,"enemies":"Spire Growth","floor":45,"turns":3},{"damage":0,"enemies":"Nemesis","floor":47,"turns":5},{"damage":25,"enemies":"Donu and Deca","floor":50,"turns":5},{"damage":18,"enemies":"Shield and Spear","floor":54,"turns":4},{"damage":1,"enemies":"The Heart","floor":55,"turns":6}],"seed_played":"1411235948401838139","potions_obtained":[{"floor":7.0,"key":"DuplicationPotion"},{"floor":11.0,"key":"Swift Potion"},{"floor":13.0,"key":"DuplicationPotion"},{"floor":18.0,"key":"potionbrewer:DiscountPotion"},{"floor":22.0,"key":"Adrenaline Potion"},{"floor":23.0,"key":"Strength Potion"},{"floor":33,"key":"Flashbang"},{"floor":35,"key":"FearPotion"},{"floor":40,"key":"Energy Potion"},{"floor":45,"key":"potionbrewer:QuicksilverPotion"},{"floor":47,"key":"Adrenaline Potion"},{"floor":54,"key":"Fire Potion"}],"is_trial":false,"path_per_floor":["M","?","M","?","?","R","E","R","T","R","M","?","?","M","R","B",null,"M","M","?","M","M","E","M","R","T","E","M","E","R","?","R","B",null,"M","?","$","M","$","E","R","E","T","?","M","?","E","?","R","B",null,"R","$","E","B",null],"character_chosen":"THE_sleuth","items_purchased":["OrangePellets","Self Repair","Centennial Puzzle"],"campfire_rested":1,"item_purchase_floors":[39,53,53],"current_hp_per_floor":[60,60,60,55,55,55,18,18,18,18,30,30,40,39,39,44,66,66,40,40,35,34,46,47,68,68,45,32,40,40,40,40,20,60,57,57,57,40,40,40,40,39,39,39,43,43,47,47,47,40,65,65,65,65,73],"gold":455,"neow_bonus":"ONE_RANDOM_RARE_CARD","is_daily":false,"chose_seed":false,"campfire_upgraded":8,"win_rate":0.0,"timestamp":1610178123,"path_taken":["M","?","M","?","?","R","E","R","T","R","M","?","?","M","R_BF","BOSS","M","M","?","M","M","E","M","R","T","E","M","E","R","?","R","BOSS","M","?","$","M","$","E","R","E","T","?","M","?","E","?","R","BOSS","R","$","E","BOSS"],"items_purchased_type":["Relic","Card","Relic"],"build_version":"2020-12-22","purchased_purges":1,"victory":true,"max_hp_per_floor":[73,73,73,73,73,73,73,73,73,73,73,73,73,73,73,73,73,73,73,73,73,73,73,73,73,73,73,73,73,73,73,73,73,73,73,73,73,73,73,73,73,73,73,73,73,73,73,73,73,73,73,73,73,73,73],"card_choices":[{"not_picked":["theSleuth:CandyCorn","theSleuth:RetainReturn"],"picked":"theSleuth:Unscale","floor":1.0},{"not_picked":["theSleuth:Ogle","theSleuth:Ignore"],"picked":"theSleuth:SnoopDoggBust","floor":3.0},{"not_picked":["theSleuth:WilsonBust","theSleuth:TorsoFlail"],"picked":"theSleuth:CharismaBlast","floor":7.0},{"not_picked":["theSleuth:Joust","theSleuth:WilsonBust"],"picked":"theSleuth:Distill","floor":11.0},{"not_picked":["theSleuth:FlaskOfWhiskey","theSleuth:Distill"],"picked":"theSleuth:FudgeDeck","floor":14.0},{"not_picked":["theSleuth:CandidBullets","theSleuth:MobRule"],"picked":"theSleuth:HeroBust","floor":16.0},{"not_picked":["theSleuth:ClubClubClub","theSleuth:CandyCorn","theSleuth:Pepperminthryl"],"picked":"SKIP","floor":18.0},{"not_picked":["theSleuth:CandyCorn","theSleuth:ThinkAhead+1"],"picked":"theSleuth:CandyCane","floor":19.0},{"not_picked":["theSleuth:BenStillerBust","theSleuth:Ignore","theSleuth:ThinkAhead"],"picked":"SKIP","floor":21.0},{"not_picked":["theSleuth:TruffleShuffle","theSleuth:BenStillerBust"],"picked":"theSleuth:Unscale+1","floor":22.0},{"not_picked":["theSleuth:HitTheMattresses","theSleuth:TootsieRollFrankenstein"],"picked":"theSleuth:Fortify","floor":23.0},{"not_picked":["theSleuth:Appropriate","theSleuth:CandyCorn","theSleuth:VictoryPose"],"picked":"SKIP","floor":24.0},{"not_picked":["theSleuth:WizardSudoku","theSleuth:ClubClubClub"],"picked":"theSleuth:OpportunityCost","floor":27.0},{"not_picked":["theSleuth:Unscale","theSleuth:Ignore"],"picked":"theSleuth:PezUzi","floor":28.0},{"not_picked":["theSleuth:HeartStab","theSleuth:Tootshotgun"],"picked":"theSleuth:HairpinMachinegun","floor":29.0},{"not_picked":["theSleuth:DiamondArmor+1","theSleuth:Frijolaegis"],"picked":"theSleuth:Leer","floor":31.0},{"not_picked":["theSleuth:BrassTacks","theSleuth:WeirdPuzzleShit"],"picked":"theSleuth:TootsieRollFrankenstein","floor":33},{"not_picked":["theSleuth:ThinkAhead+1","theSleuth:TruffleTrouble","theSleuth:CharismaBlast"],"picked":"Coolheaded","floor":35},{"not_picked":["theSleuth:CharismaBlast","Turbo+1","Beam Cell"],"picked":"Undo","floor":38},{"not_picked":["theSleuth:FlaskOfWhiskey","theSleuth:Supermassive","theSleuth:DiamondArmor+1"],"picked":"theSleuth:Parry","floor":40},{"not_picked":["theSleuth:BenStillerBust+1","theSleuth:Tootshotgun","Redo","theSleuth:KeyringTommygun"],"picked":"SKIP","floor":42},{"not_picked":["Static Discharge","theSleuth:Ogle","BasicCrystalCard+1"],"picked":"strawberrySpire:Compressor","floor":45},{"not_picked":["theSleuth:WilsonBust","strawberrySpire:DataDump","Double Energy","Steam Power+1"],"picked":"SKIP","floor":47},{"not_picked":["Blizzard","strawberrySpire:AnotherWinter","Tempest"],"picked":"strawberrySpire:Ronchyble","floor":54}],"player_experience":2184448,"relics_obtained":[{"floor":7.0,"key":"MagicDraw2"},{"floor":9.0,"key":"Meat on the Bone"},{"floor":23.0,"key":"Tiny Chest"},{"floor":26.0,"key":"Quantum Egg"},{"floor":27.0,"key":"Replay:Bottled Flurry"},{"floor":29.0,"key":"potionbrewer:AlchemistFlask"},{"floor":38,"key":"wanderingMiniBosses:MasterThiefsPresence"},{"floor":40,"key":"Replay:Rubber Ducky"},{"floor":42,"key":"White Beast Statue"},{"floor":47,"key":"Akabeko"},{"floor":54,"key":"Boot"}],"event_choices":[{"damage_healed":0.0,"max_hp_gain":0.0,"max_hp_loss":0.0,"gold_gain":0.0,"event_name":"Menagerie:ScentOfGold","player_choice":"Pacify","floor":2.0,"gold_loss":0.0,"damage_taken":0.0,"relics_obtained":["Menagerie:Aurumvore"]},{"damage_healed":0.0,"max_hp_gain":0.0,"max_hp_loss":0.0,"gold_gain":0.0,"event_name":"Menagerie:MageAndMonster","player_choice":"Help the mage","floor":4.0,"gold_loss":0.0,"damage_taken":5.0,"cards_obtained":["Menagerie:Slaughter"]},{"cards_removed":["theSleuth:Strike"],"damage_healed":0.0,"max_hp_gain":0.0,"max_hp_loss":0.0,"gold_gain":0.0,"event_name":"Menagerie:ThreeAnimals","player_choice":"Snake","floor":5.0,"gold_loss":0.0,"damage_taken":0.0},{"damage_healed":0.0,"max_hp_gain":0.0,"max_hp_loss":0.0,"gold_gain":0.0,"event_name":"Menagerie:SpiderNest","player_choice":"Ignored","floor":12.0,"gold_loss":0.0,"damage_taken":0.0},{"damage_healed":0.0,"max_hp_gain":0.0,"max_hp_loss":0.0,"gold_gain":225.0,"event_name":"Menagerie:SpiderNest","player_choice":"Raid","floor":12.0,"gold_loss":0.0,"damage_taken":0.0,"cards_obtained":["Shame"]},{"damage_healed":0.0,"max_hp_gain":0.0,"max_hp_loss":0.0,"gold_gain":0.0,"event_name":"Menagerie:GrandMagusTower","player_choice":"Steal","floor":13.0,"gold_loss":0.0,"damage_taken":0.0,"relics_obtained":["Menagerie:GrandMagusSpellbook"]},{"damage_healed":0,"gold_gain":0,"player_choice":"Upgraded","damage_taken":0,"max_hp_gain":0,"max_hp_loss":0,"event_name":"Upgrade Shrine","floor":36,"gold_loss":0,"cards_upgraded":["Coolheaded"]},{"damage_healed":0,"gold_gain":0,"player_choice":"2 cards matched","damage_taken":0,"max_hp_gain":0,"max_hp_loss":0,"event_name":"Match and Keep!","floor":44,"gold_loss":0,"cards_obtained":["Rip and Tear","Bandage Up"]},{"damage_healed":0,"gold_gain":100,"player_choice":"Pray","damage_taken":0,"max_hp_gain":0,"max_hp_loss":0,"event_name":"Golden Shrine","floor":46,"gold_loss":0},{"cards_removed":["strawberrySpire:Compressor"],"damage_healed":0,"gold_gain":0,"player_choice":"Purged","damage_taken":0,"max_hp_gain":0,"max_hp_loss":0,"event_name":"Purifier","floor":48,"gold_loss":0}],"is_beta":false,"boss_relics":[{"not_picked":["Runic Pyramid","Honey Jar"],"picked":"Replay:Wanted Poster"},{"not_picked":["ReplayTheSpireMod:DimensionalGlitch","aspiration:RandomNobGenerator"],"picked":"aspiration:DefectSkillbook"}],"items_purged_floors":[39],"is_endless":false,"potions_floor_spawned":[7,11,13,18,22,23,33,35,40,45,47,54],"ascension_level":12}}