{"host":"msa0wxqjs3jv1k3j","time":1610176941,"event":{"mods":["BaseMod","BetterRewards","Colored Map","Highlight Path","KOR Keyword Fix","Keyboard Shortcuts","Minty Spire (QoL Compilation)","Quick Restart","SuperFastMode","everything is the same but u backflip on backflip"],"gold_per_floor":[118,175,189,189,189,215,215,144,144,174,174,189,189,38,38,138,138,153,243,254,273,273,273,292,292,315,162,175,175,175,175,175,175,175],"floor_reached":33,"playtime":1277,"items_purged":[],"score":253,"play_id":"0be9ec82-12a2-4d5f-b92e-a0cbbda73fb3","local_time":"20210109162221","is_ascension_mode":false,"campfire_choices":[{"floor":7.0,"key":"REST"},{"floor":11.0,"key":"REST"},{"data":"Crippling Poison","floor":15.0,"key":"SMITH"},{"floor":23.0,"key":"REST"},{"data":"Noxious Fumes","floor":29.0,"key":"SMITH"},{"data":"Bouncing Flask","floor":32.0,"key":"SMITH"}],"circlet_count":0,"master_deck":["Strike_G","Strike_G","Defend_G","Defend_G","Survivor","Neutralize","PiercingWail+1","Endless Agony","Predator+1","Distraction","Crippling Poison+1","Acrobatics","Prepared","Bouncing Flask+1","Noxious Fumes+1","Venomology","Unload+1","Slice+1","Tactician+1","Deadly Poison","Caltrops","Terror+1","Phantasmal Killer","Escape Plan"],"relics":["Ring of the Snake","WingedGreaves","Matryoshka","White Beast Statue","MealTicket","Happy Flower","Anchor","Regal Pillow","Shuriken","PreservedInsect","Astrolabe","Snake Skull","Centennial Puzzle","Boot","Omamori"],"acts_visited":["Exordium","TheCity"],"potions_floor_usage":[33,33],"damage_taken":[{"damage":4.0,"enemies":"Jaw Worm","floor":1.0,"turns":3.0},{"damage":2.0,"enemies":"2 Louse","floor":3.0,"turns":3.0},{"damage":29.0,"enemies":"Lagavulin","floor":6.0,"turns":9.0},{"damage":13.0,"enemies":"3 Sentries","floor":10.0,"turns":9.0},{"damage":0.0,"enemies":"Small Slimes","floor":12.0,"turns":3.0},{"damage":44.0,"enemies":"Slime Boss","floor":16.0,"turns":8.0},{"damage":0.0,"enemies":"Chosen","floor":18.0,"turns":4.0},{"damage":0.0,"enemies":"Shell Parasite","floor":20.0,"turns":4.0},{"damage":20.0,"enemies":"Sentry and Sphere","floor":21.0,"turns":4.0},{"damage":12.0,"enemies":"Snake Plant","floor":24.0,"turns":2.0},{"damage":0.0,"enemies":"Chosen and Byrds","floor":28.0,"turns":4.0},{"damage":0.0,"enemies":"3 Cultists","floor":31.0,"turns":1.0},{"damage":83,"enemies":"Automaton","floor":33,"turns":6}],"seed_played":"-6300927264694512018","potions_obtained":[{"floor":1.0,"key":"SkillPotion"},{"floor":3.0,"key":"GhostInAJar"},{"floor":6.0,"key":"Swift Potion"},{"floor":10.0,"key":"PowerPotion"},{"floor":12.0,"key":"Poison Potion"},{"floor":16.0,"key":"Ancient Potion"},{"floor":18.0,"key":"Weak Potion"},{"floor":20.0,"key":"Strength Potion"},{"floor":21.0,"key":"SmokeBomb"},{"floor":24.0,"key":"SmokeBomb"}],"is_trial":false,"path_per_floor":["M","?","M","?","?","E","R","$","T","E","R","M","?","$","R","B",null,"M","?","M","M","?","R","M","?","T","$","M","R","?","M","R","B"],"character_chosen":"THE_SILENT","items_purchased":["Matryoshka","White Beast Statue","PiercingWail","Endless Agony","Predator","Bouncing Flask","PreservedInsect","Omamori"],"campfire_rested":3,"item_purchase_floors":[0,0,0,0,0,8,14,27],"current_hp_per_floor":[66,66,64,50,50,21,42,57,57,44,70,70,58,70,70,26,70,70,58,58,38,38,70,58,58,58,70,70,70,70,70,70,0,0],"gold":175,"neow_bonus":"","is_daily":false,"chose_seed":false,"campfire_upgraded":3,"win_rate":0.0,"timestamp":1610176941,"path_taken":["M","?","M","?","?","E","R","$","T","E","R","?","?","?","R","BOSS","M","?","?","M","?","R","M","?","T","?","M","R","?","M","R","BOSS"],"items_purchased_type":["Relic","Relic","Card","Card","Card","Card","Relic","Relic"],"build_version":"2020-12-22","purchased_purges":0,"victory":false,"max_hp_per_floor":[70,70,70,70,70,70,70,70,70,70,70,70,70,70,70,70,70,70,70,70,70,70,70,70,70,70,70,70,70,70,70,70,70,70],"card_choices":[{"not_picked":["Dagger Throw","Dash"],"picked":"Distraction","floor":1.0},{"not_picked":["Blade Dance","Expertise"],"picked":"Crippling Poison","floor":3.0},{"not_picked":["Acrobatics","Underhanded Strike"],"picked":"Prepared","floor":6.0},{"not_picked":["Predator","Choke","Quick Slash"],"picked":"SKIP","floor":10.0},{"not_picked":["Heel Hook","Choke"],"picked":"Noxious Fumes","floor":12.0},{"not_picked":["A Thousand Cuts","Malaise"],"picked":"Venomology","floor":16.0},{"not_picked":["Dash+1","Sucker Punch","PiercingWail+1"],"picked":"SKIP","floor":18.0},{"not_picked":["Acrobatics+1","Dagger Throw"],"picked":"Deadly Poison","floor":20.0},{"not_picked":["PiercingWail+1","Night Terror"],"picked":"Caltrops","floor":21.0},{"not_picked":["Choke","Deadly Poison"],"picked":"Terror","floor":24.0},{"not_picked":["Skewer","Backflip","Slice"],"picked":"SKIP","floor":28.0}],"player_experience":46167,"relics_obtained":[{"floor":6.0,"key":"MealTicket"},{"floor":9.0,"key":"Happy Flower"},{"floor":9.0,"key":"Anchor"},{"floor":10.0,"key":"Regal Pillow"},{"floor":26.0,"key":"Centennial Puzzle"},{"floor":26.0,"key":"Boot"}],"event_choices":[{"damage_healed":0.0,"max_hp_gain":0.0,"max_hp_loss":0.0,"gold_gain":57.0,"event_name":"Golden Wing","player_choice":"Gained Gold","floor":2.0,"gold_loss":0.0,"damage_taken":0.0},{"damage_healed":0.0,"max_hp_gain":0.0,"max_hp_loss":0.0,"gold_gain":0.0,"event_name":"Shining Light","player_choice":"Entered Light","floor":4.0,"gold_loss":0.0,"damage_taken":14.0,"cards_upgraded":["Predator","PiercingWail"]},{"damage_healed":0.0,"max_hp_gain":0.0,"max_hp_loss":0.0,"gold_gain":0.0,"cards_transformed":["Strike_G"],"event_name":"Living Wall","player_choice":"Change","floor":5.0,"gold_loss":0.0,"damage_taken":0.0,"cards_obtained":["Acrobatics"]},{"damage_healed":0.0,"max_hp_gain":0.0,"max_hp_loss":0.0,"gold_gain":0.0,"event_name":"Scrap Ooze","player_choice":"Success","floor":13.0,"gold_loss":0.0,"damage_taken":12.0,"relics_obtained":["Shuriken"]},{"damage_healed":0.0,"max_hp_gain":0.0,"max_hp_loss":0.0,"gold_gain":90.0,"event_name":"Knowing Skull","player_choice":"GOLD ","floor":19.0,"potions_obtained":[],"gold_loss":0.0,"damage_taken":12.0,"cards_obtained":[]},{"damage_healed":0.0,"max_hp_gain":0.0,"max_hp_loss":0.0,"gold_gain":0.0,"event_name":"The Mausoleum","player_choice":"Opened","floor":22.0,"gold_loss":0.0,"damage_taken":0.0,"relics_obtained":["Snake Skull"]},{"damage_healed":0.0,"max_hp_gain":0.0,"max_hp_loss":0.0,"gold_gain":0.0,"cards_transformed":["Strike_G","Defend_G"],"event_name":"Drug Dealer","player_choice":"Became Test Subject","floor":25.0,"gold_loss":0.0,"damage_taken":0.0,"cards_obtained":["Phantasmal Killer","Escape Plan"]},{"damage_healed":0.0,"max_hp_gain":0.0,"max_hp_loss":0.0,"gold_gain":0.0,"event_name":"Upgrade Shrine","player_choice":"Upgraded","floor":30.0,"gold_loss":0.0,"damage_taken":0.0,"cards_upgraded":["Terror"]}],"is_beta":false,"boss_relics":[{"not_picked":["Snecko Eye","SlaversCollar"],"picked":"Astrolabe"}],"items_purged_floors":[],"is_endless":false,"potions_floor_spawned":[1,3,6,10,12,16,18,20,21,24,28,31],"killed_by":"Automaton","ascension_level":0}}