{"host":"25fn74ijs2305xd4","time":1610190748,"event":{"mods":["AchievementEnabler","BaseMod","Colored Map","Colored Powertips","Minty Spire (QoL Compilation)","Relic Stats","StSLib"],"gold_per_floor":[368,46,46,58,3,3,32,42,42,42,61,81,99,99,99,194,194,209,134,59,78,42,42,42,42],"floor_reached":24,"playtime":1150,"items_purged":["Defend_B"],"score":225,"play_id":"8a2e4835-642e-420b-8b18-fb705d93a120","local_time":"20210109121228","is_ascension_mode":true,"campfire_choices":[{"data":"Defragment","floor":6,"key":"SMITH"},{"floor":10,"key":"REST"},{"data":"Coolheaded","floor":15,"key":"SMITH"},{"floor":23,"key":"REST"}],"circlet_count":0,"master_deck":["Strike_B","Strike_B","Strike_B","Strike_B","Defend_B","Defend_B","Defend_B","Zap","Dualcast","Defragment+1","Capacitor+1","Gash","Coolheaded+1","Recycle","Cold Snap","Force Field","Echo Form+1","Streamline","Darkness","Consume","Consume"],"relics":["FrozenCore","Frozen Egg 2","Kunai","Calipers"],"acts_visited":["Exordium","TheCity"],"potions_floor_usage":[7,11,12],"damage_taken":[{"damage":0,"enemies":"Small Slimes","floor":1,"turns":2},{"damage":13,"enemies":"Jaw Worm","floor":4,"turns":4},{"damage":33,"enemies":"Gremlin Nob","floor":7,"turns":5},{"damage":0,"enemies":"Cultist","floor":8,"turns":3},{"damage":7,"enemies":"Exordium Wildlife","floor":11,"turns":4},{"damage":10,"enemies":"Lots of Slimes","floor":12,"turns":4},{"damage":0,"enemies":"3 Louse","floor":13,"turns":4},{"damage":10,"enemies":"Hexaghost","floor":16,"turns":11},{"damage":5,"enemies":"Shell Parasite","floor":18,"turns":10},{"damage":24,"enemies":"2 Thieves","floor":20,"turns":5},{"damage":15,"enemies":"Snake Plant","floor":21,"turns":8},{"damage":52,"enemies":"Gremlin Leader","floor":24,"turns":4}],"seed_played":"8638537111838743540","potions_obtained":[{"floor":1,"key":"ColorlessPotion"},{"floor":7,"key":"ColorlessPotion"},{"floor":8,"key":"SteroidPotion"},{"floor":12,"key":"SpeedPotion"},{"floor":21,"key":"Swift Potion"}],"is_trial":false,"path_per_floor":["M","$","?","M","?","R","E","M","T","R","M","M","M","?","R","B",null,"M","$","M","M","$","R","E"],"character_chosen":"DEFECT","items_purchased":["Capacitor","Frozen Egg 2","Consume"],"campfire_rested":2,"item_purchase_floors":[2,2,22],"current_hp_per_floor":[68,68,73,60,60,60,27,27,27,48,41,31,31,31,31,21,73,68,68,44,29,29,50,0,0],"gold":42,"neow_bonus":"TWO_FIFTY_GOLD","is_daily":false,"chose_seed":false,"campfire_upgraded":2,"win_rate":0.0,"timestamp":1610190748,"path_taken":["M","$","?","M","?","R","E","M","T","R","M","?","M","?","R","BOSS","M","$","M","M","$","R","E"],"items_purchased_type":["Card","Relic","Card"],"build_version":"2020-12-22","purchased_purges":1,"victory":false,"max_hp_per_floor":[68,68,73,73,73,73,73,73,73,73,73,73,73,73,73,73,73,73,73,73,73,73,73,73,73],"relic_stats":{"counters":[12,64],"Kunai":[12],"obtain_stats":[{"Calipers":7,"Kunai":5,"Frozen Egg 2":2,"Cracked Core":0,"FrozenCore":17},{"Calipers":3,"Kunai":2,"Frozen Egg 2":1,"Cracked Core":0,"FrozenCore":8},{"Calipers":11,"Kunai":6,"Frozen Egg 2":2,"Cracked Core":0,"FrozenCore":37}],"FrozenCore":[15]},"card_choices":[{"not_picked":["Sunder","Hologram"],"picked":"Defragment","floor":1},{"not_picked":["Skim","Darkness"],"picked":"Gash","floor":4},{"not_picked":["Compile Driver","Conserve Battery"],"picked":"Coolheaded","floor":7},{"not_picked":["Chaos","BootSequence"],"picked":"Recycle","floor":8},{"not_picked":["Steam Power","Rebound"],"picked":"Cold Snap","floor":11},{"not_picked":["Turbo","Doom and Gloom"],"picked":"Force Field","floor":12},{"not_picked":["Reboot","Conserve Battery","Leap"],"picked":"SKIP","floor":13},{"not_picked":["Buffer+1","Multi-Cast"],"picked":"Echo Form+1","floor":16},{"not_picked":["Aggregate","Sweeping Beam"],"picked":"Streamline","floor":18},{"not_picked":["Streamline+1","Beam Cell"],"picked":"Darkness","floor":20},{"not_picked":["Gash+1","Steam"],"picked":"Consume","floor":21}],"player_experience":29725,"relics_obtained":[{"floor":7,"key":"Calipers"}],"event_choices":[{"damage_healed":0,"gold_gain":0,"player_choice":"Donut","damage_taken":0,"max_hp_gain":5,"max_hp_loss":0,"event_name":"Big Fish","floor":3,"gold_loss":0},{"damage_healed":0,"gold_gain":0,"player_choice":"Paid Gold","damage_taken":0,"relics_obtained":["Kunai"],"max_hp_gain":0,"max_hp_loss":0,"event_name":"WeMeetAgain","floor":5,"gold_loss":55},{"damage_healed":0,"gold_gain":0,"player_choice":"Upgraded","damage_taken":0,"max_hp_gain":0,"max_hp_loss":0,"event_name":"Upgrade Shrine","floor":14,"gold_loss":0,"cards_upgraded":["Capacitor"]}],"is_beta":false,"boss_relics":[{"not_picked":["Snecko Eye","Coffee Dripper"],"picked":"FrozenCore"}],"items_purged_floors":[19],"is_endless":false,"potions_floor_spawned":[1,7,8,12,21],"killed_by":"Gremlin Leader","ascension_level":3}}