{"host":"56ghxnzsglgdq727","time":1610208992,"event":{"mods":["AchievementEnabler","BaseMod","Downfall","Duelist Mod","Hermit","Marisa????????","Minty Spire (QoL Compilation)","Rare Cards Sparkle","Remilia??????","SOS???????","StSLib","The Bug Knight","The Senshi","The Servant 0.9.4","The Wild Card","Yuri Mod"],"gold_per_floor":[144,30,42,60,75,75,108,124,149,149,149,165,165,179,179,276,326,345,363,177,191,191,221,231,231,283,294,307,307,307],"floor_reached":29,"playtime":1184,"items_purged":["theDuelist:Sparks"],"score":251,"play_id":"86224951-755b-4eb2-a9df-6462130d44e1","local_time":"20210109111632","is_ascension_mode":false,"campfire_choices":[{"data":"theDuelist:BlueEyesToon","floor":6,"key":"SMITH"},{"data":"theDuelist:ToonKingdom","floor":13,"key":"SMITH"},{"data":"theDuelist:ShadowToon","floor":15,"key":"SMITH"},{"data":"theDuelist:ToonGeminiElf","floor":25,"key":"SMITH"}],"circlet_count":0,"master_deck":["theDuelist:ToonKingdom+1","theDuelist:CastleWalls","theDuelist:CastleWalls","theDuelist:MangaRyuRan","theDuelist:Sparks","theDuelist:Sparks+1","theDuelist:ToonAncientGear","theDuelist:ToonMermaid","theDuelist:ToonSummonedSkull","theDuelist:ToonWorld","theDuelist:RedEyesToon","theDuelist:ToonMaskedSorcerer","theDuelist:BlueEyesToon+1","theDuelist:ComicHand","theDuelist:ShadowToon+1","theDuelist:Solidarity","theDuelist:ToonBarrelDragon","Bandage Up+1","theDuelist:HeartUnderdog","theDuelist:ToonGeminiElf+1","theDuelist:TrapHole+1","theDuelist:SmashingGround"],"relics":["theDuelist:MillenniumPuzzle","theDuelist:CardPoolRelic","theDuelist:CardPoolBasicRelic","theDuelist:BoosterPackPoolRelic","theDuelist:CardPoolAddRelic","theDuelist:CardPoolMinusRelic","theDuelist:CardPoolSaveRelic","theDuelist:CardPoolOptionsRelic","NeowsBlessing","hexamod:BolsterEngine","Lantern","Tiny House","Membership Card","Bronze Scales","Omamori","Orichalcum"],"acts_visited":["Exordium","TheCity"],"potions_floor_usage":[7,7,8,16,19,23,28],"damage_taken":[{"damage":0,"enemies":"2 Louse","floor":1,"turns":2},{"damage":7,"enemies":"Small Slimes","floor":3,"turns":2},{"damage":0,"enemies":"Cultist","floor":4,"turns":1},{"damage":4,"enemies":"2 Fungi Beasts","floor":5,"turns":2},{"damage":10,"enemies":"3 Sentries","floor":7,"turns":3},{"damage":16,"enemies":"3 Louse","floor":8,"turns":3},{"damage":11,"enemies":"Exordium Thugs","floor":12,"turns":3},{"damage":0,"enemies":"2 Fungi Beasts","floor":14,"turns":2},{"damage":2,"enemies":"Slime Boss","floor":16,"turns":5},{"damage":22,"enemies":"2 Thieves","floor":18,"turns":5},{"damage":13,"enemies":"3 Byrds","floor":19,"turns":4},{"damage":37,"enemies":"Snake Plant","floor":21,"turns":4},{"damage":22,"enemies":"theDuelist:KaibaA2","floor":23,"turns":3},{"damage":12,"enemies":"Chosen and Byrds","floor":24,"turns":2},{"damage":16,"enemies":"Centurion and Healer","floor":27,"turns":5},{"damage":10,"enemies":"Sentry and Sphere","floor":28,"turns":3},{"damage":22,"enemies":"Slavers","floor":29,"turns":1}],"seed_played":"2641198391858346245","potions_obtained":[{"floor":1,"key":"theDuelist:WhiteBottle"},{"floor":3,"key":"Regen Potion"},{"floor":7,"key":"theDuelist:BurningPotionB"},{"floor":12,"key":"theDuelist:BigTributeBottle"},{"floor":17,"key":"theDuelist:SealedPackB"},{"floor":21,"key":"theDuelist:VoidBottle"},{"floor":24,"key":"theDuelist:DestructPotionPot"},{"floor":27,"key":"theDuelist:TokenPotionB"}],"is_trial":false,"path_per_floor":["M","$","M","M","M","R","E","M","T","?","?","M","R","M","R","B",null,"M","M","$","M","?","E","M","R","T","M","M","E"],"character_chosen":"THE_DUELIST","items_purchased":["theDuelist:ToonCannonSoldier","Membership Card","theDuelist:HeartUnderdog"],"campfire_rested":0,"item_purchase_floors":[2,20,20],"current_hp_per_floor":[80,80,73,73,69,69,68,52,52,52,52,45,45,49,49,59,85,68,67,67,42,42,26,26,26,26,22,12,0,0],"gold":307,"neow_bonus":"THREE_ENEMY_KILL","is_daily":false,"chose_seed":false,"campfire_upgraded":4,"win_rate":0.0,"timestamp":1610208992,"path_taken":["M","$","M","M","M","R","E","M","T","?","?","M","R","?","R","BOSS","M","M","$","M","?","E","M","R","T","M","M","E"],"items_purchased_type":["Card","Relic","Card"],"build_version":"2020-12-22","purchased_purges":1,"victory":false,"max_hp_per_floor":[80,80,80,80,80,80,80,80,80,80,80,80,80,80,80,80,85,85,85,85,85,85,85,85,85,85,85,85,85,85],"card_choices":[{"not_picked":["theDuelist:SpellShatteringArrow","theDuelist:CheerfulCoffin","theDuelist:MangaRyuRan"],"picked":"theDuelist:RedEyesToon","floor":1},{"not_picked":["theDuelist:SpellShatteringArrow","theDuelist:MangaRyuRan","theDuelist:ToonMermaid","theDuelist:ToonBarrelDragon"],"picked":"theDuelist:ToonMaskedSorcerer","floor":3},{"not_picked":["theDuelist:MangaRyuRan","theDuelist:RedEyesToon","theDuelist:GreenGraveOni","theDuelist:RainbowOverdragon"],"picked":"theDuelist:BlueEyesToon","floor":4},{"not_picked":["theDuelist:SpellShatteringArrow","theDuelist:GiantTrunade","theDuelist:ToonTable","theDuelist:ToonRollback"],"picked":"theDuelist:ComicHand","floor":5},{"not_picked":["theDuelist:AncientGearFist","theDuelist:FeatherShot","theDuelist:ToonRollback","theDuelist:SwordsConcealing"],"picked":"theDuelist:ShadowToon","floor":7},{"not_picked":["theDuelist:AttackTheMoon","theDuelist:FuryFire","theDuelist:Sangan","theDuelist:WormWarlord","theDuelist:EarthquakeGiant"],"picked":"SKIP","floor":8},{"not_picked":["theDuelist:BattleOx","theDuelist:BlackPendant","theDuelist:GilfordLegend","theDuelist:PreventRat","theDuelist:PotDichotomy"],"picked":"SKIP","floor":12},{"not_picked":["theDuelist:SpellShatteringArrow","theDuelist:ToonAncientGear","theDuelist:ToonMermaid","theDuelist:CheerfulCoffin","theDuelist:RedEyesToon"],"picked":"SKIP","floor":14},{"not_picked":["theDuelist:RainbowJar","theDuelist:SlotMachine","theDuelist:SmashingGround","theDuelist:YellowBelliedOni"],"picked":"theDuelist:Solidarity","floor":16},{"not_picked":["theDuelist:RedEyesToon","theDuelist:FlyingSaucer","theDuelist:ToonAncientGear","theDuelist:ToonMaskedSorcerer"],"picked":"theDuelist:ToonBarrelDragon","floor":17},{"not_picked":["Magnetism","Panache","The Bomb"],"picked":"Bandage Up+1","floor":18},{"not_picked":["theDuelist:ToonDarkMagician","theDuelist:BlueEyesToon","theDuelist:ToonMask","theDuelist:ToonMaskedSorcerer","theDuelist:FeatherShot"],"picked":"SKIP","floor":19},{"not_picked":["theDuelist:RedEyesToon","theDuelist:ToonMermaid","theDuelist:ToonGoblin","theDuelist:MangaRyuRan"],"picked":"theDuelist:ToonGeminiElf","floor":21},{"not_picked":["theDuelist:ImperialOrder","theDuelist:PowerWall","theDuelist:RainbowGravity+1","theDuelist:RainbowLife"],"picked":"theDuelist:TrapHole+1","floor":23},{"not_picked":["theDuelist:RedEyesToon","theDuelist:ToonMermaid","theDuelist:ToonAncientGear+1","theDuelist:ToonGoblin","theDuelist:ToonMaskedSorcerer"],"picked":"SKIP","floor":24},{"not_picked":["theDuelist:AncientGearFist","theDuelist:SolemnStrike+1"],"picked":"theDuelist:SmashingGround","floor":27},{"not_picked":["theDuelist:SpellShatteringArrow+1","theDuelist:MangaRyuRan+1","theDuelist:RedEyesToon","theDuelist:ToonMermaid","theDuelist:ToonDarkMagician"],"picked":"SKIP","floor":28}],"player_experience":205666,"relics_obtained":[{"floor":7,"key":"hexamod:BolsterEngine"},{"floor":9,"key":"Lantern"},{"floor":23,"key":"Omamori"},{"floor":26,"key":"Orichalcum"}],"event_choices":[{"damage_healed":0,"gold_gain":0,"player_choice":"Leave","duelist":true,"damage_taken":0,"max_hp_gain":0,"max_hp_loss":0,"event_name":"Relic Duplicator","floor":10,"gold_loss":0},{"damage_healed":0,"gold_gain":0,"player_choice":"Traded Toon Cannon Soldier for Toon Kingdom","duelist":true,"damage_taken":0,"max_hp_gain":0,"max_hp_loss":0,"event_name":"Card Trader","floor":11,"gold_loss":0},{"damage_healed":0,"gold_gain":0,"player_choice":"Opened","damage_taken":0,"relics_obtained":["Bronze Scales"],"max_hp_gain":0,"max_hp_loss":0,"event_name":"The Mausoleum","floor":22,"gold_loss":0}],"is_beta":false,"boss_relics":[{"not_picked":["Fusion Hammer","Cursed Key"],"picked":"Tiny House"}],"items_purged_floors":[2],"is_endless":false,"potions_floor_spawned":[1,3,7,12,21,24,27],"killed_by":"Slavers","ascension_level":0}}