{"host":"oigynbtg272c19pw","time":1610182225,"event":{"mods":["BaseMod","Colored Map","Minty Spire (QoL Compilation)","Relic Stats","StSLib"],"gold_per_floor":[113,163,178,196,23,57,57,85,140,165,181,181,181,201,201,275,275,285,285,72,87,87,87,87],"floor_reached":23,"playtime":935,"items_purged":["Strike_R"],"score":418,"play_id":"020219e8-922d-48f5-955e-6c77a85169a2","local_time":"20210109095025","is_ascension_mode":true,"campfire_choices":[{"data":"Whirlwind","floor":12,"key":"SMITH"},{"data":"Feel No Pain","floor":15,"key":"SMITH"}],"circlet_count":0,"master_deck":["AscendersBane","Strike_R+1","Strike_R+1","Strike_R+1","Defend_R+1","Defend_R+1","Defend_R+1","Defend_R+1","Bash","Whirlwind+1","Offering","Feel No Pain+1","Burning Pact","Shrug It Off","Rage","Intimidate","Reaper","Carnage","Flex","Rupture","Power Through"],"relics":["Burning Blood","NeowsBlessing","Toolbox","Letter Opener","War Paint","Bag of Marbles","Lantern","Sozu"],"acts_visited":["Exordium","TheCity"],"potions_floor_usage":[8,10,16,23],"damage_taken":[{"damage":0,"enemies":"Small Slimes","floor":1,"turns":1},{"damage":0,"enemies":"Cultist","floor":3,"turns":1},{"damage":0,"enemies":"2 Louse","floor":4,"turns":1},{"damage":18,"enemies":"3 Sentries","floor":6,"turns":3},{"damage":26,"enemies":"Lagavulin","floor":8,"turns":6},{"damage":42,"enemies":"Gremlin Nob","floor":10,"turns":4},{"damage":5,"enemies":"Blue Slaver","floor":11,"turns":5},{"damage":6,"enemies":"Looter","floor":14,"turns":2},{"damage":13,"enemies":"Slime Boss","floor":16,"turns":8},{"damage":14,"enemies":"Chosen","floor":18,"turns":6},{"damage":6,"enemies":"2 Thieves","floor":21,"turns":4},{"damage":77,"enemies":"Book of Stabbing","floor":23,"turns":6}],"seed_played":"5090730865175444737","potions_obtained":[{"floor":1,"key":"PowerPotion"},{"floor":4,"key":"BloodPotion"},{"floor":11,"key":"FearPotion"},{"floor":14,"key":"Weak Potion"}],"is_trial":false,"path_per_floor":["M","?","M","M","$","E","$","E","T","E","M","R","?","M","R","B",null,"M","?","$","M","?","E"],"character_chosen":"IRONCLAD","items_purchased":["Toolbox","Flex","Rupture"],"campfire_rested":0,"item_purchase_floors":[5,20,20],"current_hp_per_floor":[74,74,75,75,75,63,63,43,43,22,23,23,16,16,16,9,59,54,54,54,66,66,0,0],"gold":87,"neow_bonus":"THREE_ENEMY_KILL","is_daily":false,"chose_seed":false,"campfire_upgraded":2,"win_rate":0.0,"timestamp":1610182225,"path_taken":["M","?","M","?","?","E","$","E","T","E","M","R","?","M","R","BOSS","M","?","$","M","?","E"],"items_purchased_type":["Relic","Card","Card"],"build_version":"2020-12-13","purchased_purges":1,"victory":false,"max_hp_per_floor":[75,75,75,75,75,75,75,75,75,75,75,75,75,75,75,75,75,75,75,75,75,75,75,75],"relic_stats":{"Sozu":1,"counters":[12,47],"Letter Opener":[45],"War Paint":["Defend_R","Defend_R"],"obtain_stats":[{"Sozu":17,"Lantern":10,"NeowsBlessing":0,"Toolbox":5,"Bag of Marbles":9,"Letter Opener":6,"War Paint":8,"Burning Blood":0},{"Sozu":9,"Lantern":6,"NeowsBlessing":0,"Toolbox":3,"Bag of Marbles":5,"Letter Opener":4,"War Paint":5,"Burning Blood":0},{"Sozu":31,"Lantern":16,"NeowsBlessing":0,"Toolbox":3,"Bag of Marbles":12,"Letter Opener":6,"War Paint":12,"Burning Blood":0}],"Burning Blood":55},"card_choices":[{"not_picked":["Spot Weakness","Headbutt"],"picked":"Whirlwind","floor":1},{"not_picked":["Warcry","Havoc"],"picked":"Offering","floor":3},{"not_picked":["Sever Soul","Anger"],"picked":"Feel No Pain","floor":4},{"not_picked":["Clash","Warcry"],"picked":"Burning Pact","floor":6},{"not_picked":["Intimidate","Pommel Strike"],"picked":"Shrug It Off","floor":8},{"not_picked":["Headbutt","Wild Strike"],"picked":"Rage","floor":10},{"not_picked":["Headbutt","Combust"],"picked":"Intimidate","floor":11},{"not_picked":["Fire Breathing","Blood for Blood","Body Slam"],"picked":"SKIP","floor":14},{"not_picked":["Offering","Bludgeon"],"picked":"Reaper","floor":16},{"not_picked":["Twin Strike+1","Thunderclap"],"picked":"Carnage","floor":18},{"not_picked":["Heavy Blade","Seeing Red"],"picked":"Power Through","floor":21}],"player_experience":1351908,"relics_obtained":[{"floor":6,"key":"Letter Opener"},{"floor":8,"key":"War Paint"},{"floor":9,"key":"Bag of Marbles"},{"floor":10,"key":"Lantern"}],"event_choices":[{"damage_healed":0,"gold_gain":50,"player_choice":"Pray","damage_taken":0,"max_hp_gain":0,"max_hp_loss":0,"event_name":"Golden Shrine","floor":2,"gold_loss":0},{"cards_removed":["Strike_R"],"damage_healed":0,"gold_gain":0,"player_choice":"Card Removal","damage_taken":7,"max_hp_gain":0,"max_hp_loss":0,"event_name":"Golden Wing","floor":13,"gold_loss":0},{"damage_healed":0,"gold_gain":0,"player_choice":"Ignored","damage_taken":0,"max_hp_gain":0,"max_hp_loss":0,"event_name":"Ghosts","floor":19,"gold_loss":0},{"damage_healed":0,"gold_gain":0,"player_choice":"Simplicity","damage_taken":0,"max_hp_gain":0,"max_hp_loss":0,"event_name":"Back to Basics","floor":22,"gold_loss":0,"cards_upgraded":["Strike_R","Strike_R","Strike_R","Defend_R","Defend_R"]}],"is_beta":false,"boss_relics":[{"not_picked":["Runic Dome","Tiny House"],"picked":"Sozu"}],"items_purged_floors":[20],"is_endless":false,"potions_floor_spawned":[1,4,6,11,14,18],"killed_by":"Book of Stabbing","ascension_level":20}}