{"host":"wg33yb1rgt3nbe17","time":1610191670,"event":{"mods":["AchievementEnabler","BaseMod","Colored Map","Minty Spire (QoL Compilation)","Permanent Neow","Relic Stats","StSLib"],"gold_per_floor":[109,121,136,156,156,185,185,216,216,216,216,230,248,303,303,405,405,422,433,25,25,25,25,50,50,50],"floor_reached":25,"playtime":915,"items_purged":["Parasite"],"score":411,"play_id":"66f8089b-d19b-4ee2-b781-a3f3cf40fbae","local_time":"20210109062750","is_ascension_mode":true,"campfire_choices":[{"floor":7,"key":"REST"},{"floor":15,"key":"REST"},{"data":"Limit Break","floor":23,"key":"SMITH"}],"circlet_count":0,"master_deck":["AscendersBane","Strike_R+1","Strike_R","Strike_R","Strike_R","Strike_R+1","Defend_R","Defend_R","Defend_R","Defend_R","Bash","Offering","Shrug It Off","Cleave","Spot Weakness","Limit Break+1","Carnage","Flame Barrier","Ghostly Armor","Flex","Reaper","Flex","Bloodletting","Armaments+1","True Grit+1","Shame"],"relics":["Burning Blood","Magic Flower","Red Skull","Whetstone","Ornamental Fan","Pantograph","Runic Pyramid","Toxic Egg 2","Paper Frog","Ancient Tea Set"],"acts_visited":["Exordium","TheCity"],"potions_floor_usage":[6,6,14,16],"damage_taken":[{"damage":5,"enemies":"Small Slimes","floor":1,"turns":3},{"damage":8,"enemies":"2 Louse","floor":2,"turns":3},{"damage":17,"enemies":"Jaw Worm","floor":3,"turns":3},{"damage":16,"enemies":"2 Fungi Beasts","floor":4,"turns":3},{"damage":37,"enemies":"Lagavulin","floor":6,"turns":8},{"damage":45,"enemies":"Gremlin Nob","floor":8,"turns":4},{"damage":11,"enemies":"Looter","floor":12,"turns":2},{"damage":0,"enemies":"Exordium Thugs","floor":13,"turns":3},{"damage":16,"enemies":"Lagavulin Event","floor":14,"turns":4},{"damage":43,"enemies":"The Guardian","floor":16,"turns":9},{"damage":50,"enemies":"Chosen","floor":18,"turns":6},{"damage":38,"enemies":"3 Byrds","floor":19,"turns":4},{"damage":68,"enemies":"Book of Stabbing","floor":25,"turns":5}],"seed_played":"685057864244426396","potions_obtained":[{"floor":2,"key":"Fruit Juice"},{"floor":3,"key":"LiquidMemories"},{"floor":12,"key":"Weak Potion"},{"floor":14,"key":"ColorlessPotion"}],"is_trial":false,"path_per_floor":["M","M","M","M","?","E","R","E","T","?","?","M","M","?","R","B",null,"M","M","$","?","?","R","T","E"],"character_chosen":"IRONCLAD","items_purchased":["Toxic Egg 2","Armaments+1"],"campfire_rested":2,"item_purchase_floors":[20,20],"current_hp_per_floor":[51,49,38,28,53,27,51,15,15,35,17,15,24,17,41,45,71,39,37,37,37,37,37,37,0,0],"gold":50,"neow_bonus":"THREE_RARE_CARDS","is_daily":false,"chose_seed":false,"campfire_upgraded":1,"win_rate":0.0,"timestamp":1610191670,"path_taken":["M","M","M","M","?","E","R","E","T","?","?","M","M","?","R","BOSS","M","M","$","?","?","R","?","E"],"items_purchased_type":["Relic","Card"],"build_version":"2020-12-22","purchased_purges":1,"victory":false,"max_hp_per_floor":[75,75,75,75,75,80,80,80,80,80,80,80,80,80,80,80,80,80,80,77,77,77,77,77,77,77],"relic_stats":{"counters":[13,57],"Ornamental Fan":[24],"Pantograph":38,"Magic Flower":[55],"Whetstone":["Strike_R","Strike_R"],"obtain_stats":[{"Ornamental Fan":11,"Pantograph":14,"Magic Flower":6,"Whetstone":9,"Toxic Egg 2":20,"Ancient Tea Set":24,"Burning Blood":0,"Red Skull":8,"Runic Pyramid":17,"Paper Frog":22},{"Ornamental Fan":6,"Pantograph":9,"Magic Flower":5,"Whetstone":6,"Toxic Egg 2":12,"Ancient Tea Set":12,"Burning Blood":0,"Red Skull":6,"Runic Pyramid":10,"Paper Frog":12},{"Ornamental Fan":24,"Pantograph":33,"Magic Flower":20,"Whetstone":24,"Toxic Egg 2":52,"Ancient Tea Set":52,"Burning Blood":0,"Red Skull":24,"Runic Pyramid":42,"Paper Frog":52}],"Burning Blood":93},"card_choices":[{"not_picked":["Demon Form","Berserk"],"picked":"Offering","floor":0},{"not_picked":["Heavy Blade","Armaments"],"picked":"Shrug It Off","floor":1},{"not_picked":["Headbutt","Intimidate"],"picked":"Cleave","floor":2},{"not_picked":["Anger","Shrug It Off"],"picked":"Spot Weakness","floor":3},{"not_picked":["Perfected Strike","Sword Boomerang"],"picked":"Limit Break","floor":4},{"not_picked":["Cleave","Warcry"],"picked":"Carnage","floor":6},{"not_picked":["Perfected Strike","Inflame"],"picked":"Flame Barrier","floor":8},{"not_picked":["Anger","Clothesline"],"picked":"Ghostly Armor","floor":12},{"not_picked":["Heavy Blade","Carnage"],"picked":"Flex","floor":13},{"not_picked":["Brutality","Impervious"],"picked":"Reaper","floor":16},{"not_picked":["Twin Strike","Clash"],"picked":"Flex","floor":18},{"not_picked":["Flex","Warcry"],"picked":"Bloodletting","floor":19}],"player_experience":557878,"relics_obtained":[{"floor":6,"key":"Magic Flower"},{"floor":8,"key":"Red Skull"},{"floor":9,"key":"Whetstone"},{"floor":14,"key":"Pantograph"},{"floor":24,"key":"Ancient Tea Set"}],"event_choices":[{"damage_healed":25,"gold_gain":0,"player_choice":"Banana","damage_taken":0,"max_hp_gain":0,"max_hp_loss":0,"event_name":"Big Fish","floor":5,"gold_loss":0},{"damage_healed":20,"gold_gain":0,"player_choice":"Healed and dodged fight","damage_taken":0,"max_hp_gain":0,"max_hp_loss":0,"event_name":"Mushrooms","floor":10,"gold_loss":0,"cards_obtained":["Parasite"]},{"damage_healed":0,"gold_gain":0,"player_choice":"Success","damage_taken":18,"relics_obtained":["Ornamental Fan"],"max_hp_gain":0,"max_hp_loss":0,"event_name":"Scrap Ooze","floor":11,"gold_loss":0},{"damage_healed":0,"gold_gain":0,"player_choice":"Searched \u00271\u0027 times","damage_taken":0,"max_hp_gain":0,"max_hp_loss":0,"event_name":"Dead Adventurer","floor":14,"gold_loss":0},{"damage_healed":0,"gold_gain":0,"player_choice":"Read","damage_taken":0,"max_hp_gain":0,"max_hp_loss":0,"event_name":"The Library","floor":21,"gold_loss":0,"cards_obtained":["True Grit"]},{"damage_healed":0,"gold_gain":0,"player_choice":"Stole Relic","damage_taken":0,"relics_obtained":["Paper Frog"],"max_hp_gain":0,"max_hp_loss":0,"event_name":"Addict","floor":22,"gold_loss":0,"cards_obtained":["Shame"]}],"is_beta":false,"boss_relics":[{"not_picked":["Runic Cube","Ectoplasm"],"picked":"Runic Pyramid"}],"items_purged_floors":[20],"is_endless":false,"potions_floor_spawned":[2,3,12,14],"killed_by":"Book of Stabbing","ascension_level":19}}