{"host":"oqzvrvdjimp5tr2r","time":1610168567,"event":{"mods":["Aspiration","BaseMod","Colored Map","Colored Powertips","DeckTracker","Downfall","Highlight Path","Hubris","Infinite Spire","Minty Spire (QoL Compilation)","Quick Restart","Random Character Button","Relic Sorter","Replay The Spire","StSLib","SuperFastMode","Synergy Search","The Cursed","The Disciple","The Jungle","The Runesmith"],"gold_per_floor":[110,110,110,128,140,140,167,185,185,185,198,210,210,238,238,333,333,349,274,291,291,291,291,303,335,360,360,374,473,473,46,46,46,46],"floor_reached":33,"playtime":2806,"items_purged":[],"score":300,"play_id":"6ea262dc-6a70-427c-b9f9-df5e3ea3953a","local_time":"20210108220247","is_ascension_mode":false,"campfire_choices":[{"data":"TheCursedMod:VoidForm","floor":6,"key":"SMITH"},{"data":"TheCursedMod:Hemoplague","floor":10,"key":"SMITH"},{"floor":13,"key":"REST"},{"floor":15,"key":"REST"},{"data":"TheCursedMod:SpitefulPlan","floor":23,"key":"SMITH"},{"data":"TheCursedMod:CircleOfAbyss","floor":27,"key":"SMITH"},{"floor":32,"key":"DIG"}],"circlet_count":0,"master_deck":["TheCursedMod:Strike_TheCursed","TheCursedMod:Strike_TheCursed","TheCursedMod:Strike_TheCursed","TheCursedMod:Strike_TheCursed","TheCursedMod:Defend_TheCursed","TheCursedMod:Defend_TheCursed","TheCursedMod:Defend_TheCursed","TheCursedMod:CursedWand","TheCursedMod:CleanUpWorkshop","TheCursedMod:Dregs","TheCursedMod:Hemoplague+1","TheCursedMod:CircleOfWindfury+1","TheCursedMod:WearCloak","TheCursedMod:VoidForm+1","TheCursedMod:Obscuration","TheCursedMod:BloodBarrier","TheCursedMod:SpitefulStrike","TheCursedMod:CursedBlade","TheCursedMod:SpitefulPlan+1","TheCursedMod:VitalStrike","TheCursedMod:NeowsMight+1","TheCursedMod:CircleOfAbyss+1","TheCursedMod:CursedBlade+1","TheCursedMod:CursedArmor","TheCursedMod:SaltUponWound+1","TheCursedMod:SpitefulStrike+1","TheCursedMod:CircleOfCorruption+1","TheCursedMod:Hemoplague"],"relics":["infinitespire:DarkRift","hubris:BundleOfHerbs","infinitespire:Cubic Diamond","Quantum Egg","Kunai","Bottled Lightning","Runic Pyramid","MutagenicStrength","hubris:BottledHeart","Dream Catcher","Dead Branch","Guide Book","Onion Ring","Matryoshka"],"acts_visited":["Exordium","TheCity"],"potions_floor_usage":[16,25,33],"damage_taken":[{"damage":1,"enemies":"2 Louse","floor":1,"turns":3},{"damage":10,"enemies":"Small Slimes","floor":4,"turns":4},{"damage":0,"enemies":"Cultist","floor":5,"turns":4},{"damage":11,"enemies":"Lagavulin","floor":7,"turns":7},{"damage":21,"enemies":"Lots of Slimes","floor":8,"turns":6},{"damage":12,"enemies":"Blue Slaver","floor":11,"turns":4},{"damage":15,"enemies":"2 Fungi Beasts","floor":12,"turns":4},{"damage":20,"enemies":"3 Sentries","floor":14,"turns":5},{"damage":21,"enemies":"Slime Boss","floor":16,"turns":9},{"damage":4,"enemies":"Chosen","floor":18,"turns":7},{"damage":20,"enemies":"2 Thieves","floor":20,"turns":5},{"damage":0,"enemies":"Centurion and Healer","floor":24,"turns":5},{"damage":0,"enemies":"Nightmare","floor":25,"turns":8},{"damage":0,"enemies":"Snecko","floor":28,"turns":5},{"damage":1,"enemies":"Automaton","floor":33,"turns":6}],"seed_played":"163828188354537165","potions_obtained":[{"floor":1,"key":"Doom Potion"},{"floor":8,"key":"Toxic Potion"},{"floor":14,"key":"SpeedPotion"},{"floor":16,"key":"SpeedPotion"},{"floor":24,"key":"Slimebound:ThreeZeroPotion"}],"is_trial":true,"path_per_floor":["M","?","?","M","M","R","E","M","T","R","M","M","R","E","R","B",null,"M","?","M","?","?","R","M","NM","T","R","M","?","T","$","R_BF","B"],"character_chosen":"THE_CURSED","items_purchased":["TheCursedMod:Hemoplague","Guide Book","Onion Ring"],"campfire_rested":2,"item_purchase_floors":[31,31,31],"current_hp_per_floor":[74,74,74,64,64,64,53,32,32,32,20,5,27,7,29,8,75,71,71,51,51,1,1,1,1,1,1,1,1,1,1,1,0,0],"gold":46,"neow_bonus":"","is_daily":false,"chose_seed":false,"campfire_upgraded":4,"win_rate":0.0,"timestamp":1610168567,"path_taken":["M","?","?","M","M","R","E","?","T","R","?","M","R","E","R","BOSS","M","?","M","?","?","R","M","NM","T","R","M","?","?","$","R_BF","BOSS"],"items_purchased_type":["Card","Relic","Relic"],"build_version":"2020-12-22","purchased_purges":0,"victory":false,"max_hp_per_floor":[75,75,75,75,75,75,75,75,75,75,75,75,75,75,75,75,75,75,75,75,75,1,1,1,1,1,1,1,1,1,1,1,1,1],"card_choices":[{"not_picked":["TheCursedMod:FleshFromBone","TheCursedMod:WearCloak"],"picked":"TheCursedMod:Hemoplague","floor":1},{"not_picked":["TheCursedMod:CursedShiv","TheCursedMod:CircleOfWindfury"],"picked":"TheCursedMod:Obscuration","floor":4},{"not_picked":["TheCursedMod:CircleOfCorruption","TheCursedMod:SpitefulStrike"],"picked":"TheCursedMod:BloodBarrier","floor":5},{"not_picked":["TheCursedMod:TacticalStrike","TheCursedMod:CircleOfCorruption"],"picked":"TheCursedMod:SpitefulStrike","floor":7},{"not_picked":["TheCursedMod:WearCloak","TheCursedMod:PrepareRite"],"picked":"TheCursedMod:CursedBlade","floor":8},{"not_picked":["TheCursedMod:Stigma","TheCursedMod:Wield"],"picked":"TheCursedMod:SpitefulPlan","floor":11},{"not_picked":["TheCursedMod:CursedArmor","TheCursedMod:EmpowerCircles"],"picked":"TheCursedMod:VitalStrike","floor":12},{"not_picked":["TheCursedMod:CursedBlade","TheCursedMod:DoubleShield"],"picked":"TheCursedMod:NeowsMight","floor":14},{"not_picked":["TheCursedMod:AntiAging","TheCursedMod:OutForBlood"],"picked":"TheCursedMod:CircleOfAbyss","floor":16},{"not_picked":["TheCursedMod:Obscuration+1","TheCursedMod:CircleOfFlame"],"picked":"TheCursedMod:CursedBlade+1","floor":18},{"not_picked":["TheCursedMod:Torture","TheCursedMod:SurpriseAttack+1"],"picked":"TheCursedMod:CursedArmor","floor":20},{"not_picked":["TheCursedMod:CursedBlade","TheCursedMod:SoulReap"],"picked":"TheCursedMod:SaltUponWound+1","floor":24},{"not_picked":["TheCursedMod:CircleOfFocus","TheCursedMod:WearCloak"],"picked":"TheCursedMod:SpitefulStrike+1","floor":25},{"not_picked":["TheCursedMod:BloodBarrier","TheCursedMod:VitalStrike"],"picked":"TheCursedMod:CircleOfCorruption+1","floor":28}],"player_experience":11612,"relics_obtained":[{"floor":7,"key":"Quantum Egg"},{"floor":9,"key":"Kunai"},{"floor":14,"key":"Bottled Lightning"},{"floor":25,"key":"hubris:BundleOfHerbs"},{"floor":26,"key":"Dream Catcher"},{"floor":30,"key":"Dead Branch"},{"floor":32,"key":"Matryoshka"}],"event_choices":[{"damage_healed":0,"gold_gain":0,"player_choice":"3 cards matched","damage_taken":0,"max_hp_gain":0,"max_hp_loss":0,"event_name":"Match and Keep!","floor":3,"gold_loss":0,"cards_obtained":["TheCursedMod:CircleOfWindfury","TheCursedMod:WearCloak","TheCursedMod:VoidForm"]},{"cards_removed":["TheCursedMod:Defend_TheCursed"],"damage_healed":0,"gold_gain":0,"player_choice":"Gave Gold","damage_taken":0,"max_hp_gain":0,"max_hp_loss":0,"event_name":"Beggar","floor":19,"gold_loss":75},{"damage_healed":0,"gold_gain":0,"player_choice":"Inject Mutagens","damage_taken":0,"relics_obtained":["MutagenicStrength"],"max_hp_gain":0,"max_hp_loss":0,"event_name":"Drug Dealer","floor":21,"gold_loss":0},{"damage_healed":0,"gold_gain":99,"player_choice":"Stole From Cult","damage_taken":0,"max_hp_gain":0,"max_hp_loss":0,"event_name":"Nest","floor":29,"gold_loss":0}],"is_beta":false,"boss_relics":[{"not_picked":["Coffee Dripper","Busted Crown"],"picked":"Runic Pyramid"}],"items_purged_floors":[],"is_endless":false,"potions_floor_spawned":[1,8,14,16,20,24],"killed_by":"Automaton","ascension_level":0}}