{"host":"hjw1ay65n7jm40lc","time":1610168665,"event":{"mods":["AchievementEnabler","BaseMod","Block Reminder","Colored Map","Colored Powertips","Curses Come First","Downfall","Googly Eyes","Hermit","Highlight Path","Minty Spire (QoL Compilation)","Quick Restart","Relic Stats","StSLib"],"gold_per_floor":[99,109,129,143,143,175,202,227,227,238,567,467,492,502,519,519,519,519],"floor_reached":16,"playtime":2458,"items_purged":[],"score":190,"play_id":"f1e141d7-8043-45d0-af43-9a3ba30efa31","local_time":"20210109000425","is_ascension_mode":true,"campfire_choices":[{"data":"champ:Taunt","floor":1,"key":"SMITH"},{"data":"champ:TripleStrike","floor":12,"key":"SMITH"}],"circlet_count":0,"master_deck":["champ:Strike","champ:Strike","champ:Strike","champ:Strike","champ:Defend","champ:Defend","champ:Defend","champ:Defend","champ:Execute","champ:Taunt+1","champ:RisingSlash","champ:Backstep","champ:PreciseThrust","champ:TripleStrike+1","champ:ShieldSlam","champ:CrownThrow","champ:BerserkersShout","champ:Haymaker","champ:Circumvent"],"relics":["champ:ChampionCrown","champ:DefensiveTrainingManual","PreservedInsect","Pen Nib","Old Coin","downfall:HeartBlessingGreen","Darkstone Periapt"],"acts_visited":["Exordium"],"potions_floor_usage":[6,15,16],"damage_taken":[{"damage":22,"enemies":"Cultist","floor":2,"turns":5},{"damage":8,"enemies":"Jaw Worm","floor":3,"turns":4},{"damage":0,"enemies":"2 Louse","floor":4,"turns":2},{"damage":28,"enemies":"Lagavulin","floor":6,"turns":8},{"damage":8,"enemies":"3 Sentries","floor":8,"turns":4},{"damage":5,"enemies":"Lots of Slimes","floor":10,"turns":3},{"damage":29,"enemies":"Lagavulin","floor":11,"turns":5},{"damage":6,"enemies":"Gremlin Nob","floor":13,"turns":2},{"damage":0,"enemies":"2 Fungi Beasts","floor":14,"turns":3},{"damage":10,"enemies":"3 Louse","floor":15,"turns":2},{"damage":86,"enemies":"downfall:Silent","floor":16,"turns":8}],"seed_played":"-807786368027293823","potions_obtained":[{"floor":3,"key":"champ:TechniquePotion"},{"floor":4,"key":"Block Potion"},{"floor":8,"key":"bronze:BurnAndBuffPotion"},{"floor":13,"key":"AttackPotion"},{"floor":15,"key":"Regen Potion"}],"is_trial":false,"path_per_floor":["R","M","M","M","?","E","T","E","?","M","E","R","E","M","M","B"],"character_chosen":"THE_CHAMP","items_purchased":[],"campfire_rested":0,"item_purchase_floors":[],"current_hp_per_floor":[99,87,87,87,97,91,91,91,91,91,73,73,67,67,67,11,11,11],"gold":519,"neow_bonus":"TEN_PERCENT_HP_BONUS","is_daily":false,"chose_seed":false,"campfire_upgraded":2,"win_rate":0.0,"timestamp":1610168665,"path_taken":["R","M","M","?","?","E","T","E","?","?","E","R","E","M","M","BOSS"],"items_purchased_type":[],"build_version":"2020-12-22","purchased_purges":0,"victory":false,"max_hp_per_floor":[99,99,99,99,109,109,109,109,109,109,109,109,109,109,109,109,109,109],"relic_stats":{"Darkstone Periapt":0,"counters":[11,46],"PreservedInsect":80,"Pen Nib":[5],"obtain_stats":[{"Darkstone Periapt":13,"champ:DefensiveTrainingManual":6,"champ:ChampionCrown":0,"downfall:HeartBlessingGreen":12,"PreservedInsect":7,"Pen Nib":8,"Old Coin":11},{"Darkstone Periapt":8,"champ:DefensiveTrainingManual":4,"champ:ChampionCrown":0,"downfall:HeartBlessingGreen":7,"PreservedInsect":4,"Pen Nib":5,"Old Coin":7},{"Darkstone Periapt":33,"champ:DefensiveTrainingManual":19,"champ:ChampionCrown":0,"downfall:HeartBlessingGreen":31,"PreservedInsect":19,"Pen Nib":23,"Old Coin":31}]},"card_choices":[{"not_picked":["champ:BerserkersShout","champ:PreemptiveStrike"],"picked":"champ:RisingSlash","floor":2},{"not_picked":["champ:Shatter","champ:ShieldSigil"],"picked":"champ:Backstep","floor":3},{"not_picked":["champ:MurderStrike","champ:IronFortress"],"picked":"champ:PreciseThrust","floor":4},{"not_picked":["champ:SetATrap","champ:CrookedStrike"],"picked":"champ:TripleStrike","floor":6},{"not_picked":["champ:Lariat","champ:GutPunch"],"picked":"champ:ShieldSlam","floor":8},{"not_picked":["champ:EndlessRage","champ:FlashCut","champ:Backstep"],"picked":"SKIP","floor":10},{"not_picked":["champ:IgnorePain","champ:BringItOn"],"picked":"champ:CrownThrow","floor":11},{"not_picked":["champ:DefensiveShout","champ:RageSigil"],"picked":"champ:BerserkersShout","floor":13},{"not_picked":["champ:PreciseThrust","champ:SkillfulDodge"],"picked":"champ:Haymaker","floor":14},{"not_picked":["champ:RapidStrikes","champ:CrownThrow"],"picked":"champ:Circumvent","floor":15}],"player_experience":808207,"relics_obtained":[{"floor":6,"key":"champ:DefensiveTrainingManual"},{"floor":7,"key":"PreservedInsect"},{"floor":8,"key":"Pen Nib"},{"floor":11,"key":"Old Coin"},{"floor":13,"key":"Darkstone Periapt"}],"event_choices":[],"is_beta":false,"boss_relics":[],"items_purged_floors":[],"is_endless":false,"potions_floor_spawned":[3,4,8,13,15],"killed_by":"downfall:Silent","ascension_level":1}}