{"host":"l97fnvmr74b5xfzs","time":1610174569,"event":{"mods":["AchievementEnabler","BaseMod","Better Third Choice","Evolution","Hermit","Koishi","Marisa（霧雨　魔理沙）","Minty Spire (QoL Compilation)","Relic Stats","StSLib","The Marked"],"gold_per_floor":[132,182,257,432,14,14,68,0,0,0,39,39,72,72,72,202,202,218,236,236,254,2,2,2],"floor_reached":23,"playtime":2821,"items_purged":["Defend_G"],"score":207,"play_id":"aa5c6c08-d5a0-4f4c-b463-35f5fe6e5f83","local_time":"20210109014249","is_ascension_mode":true,"campfire_choices":[{"data":"HandOfGreed","floor":6,"key":"SMITH"},{"data":"Noxious Fumes","floor":12,"key":"SMITH"},{"floor":15,"key":"REST"}],"circlet_count":0,"master_deck":["Strike_G","Strike_G","Strike_G","Strike_G","Strike_G","Defend_G","Defend_G","Defend_G","Defend_G","Survivor","Neutralize","HandOfGreed+1","Accuracy","Bane","Doubt","Noxious Fumes+1","Bandage Up","Deadly Poison","Noxious Fumes+1","Sucker Punch+1","Cloak And Dagger+1","Corpse Explosion+1","Dodge and Roll+1","Flying Knee+1","Bane+1","Blur+1","Dagger Spray+1","Flash of Steel+1"],"relics":["Ring of the Serpent","EVO:Axolotl","Pantograph","Molten Egg 2","Toxic Egg 2","Ninja Scroll","MutagenicStrength"],"acts_visited":["Exordium","TheCity"],"potions_floor_usage":[13,16],"damage_taken":[{"damage":0,"enemies":"Jaw Worm","floor":1,"turns":4},{"damage":0,"enemies":"2 Louse","floor":2,"turns":3},{"damage":17,"enemies":"Lagavulin","floor":7,"turns":7},{"damage":0,"enemies":"Small Slimes","floor":11,"turns":2},{"damage":22,"enemies":"3 Sentries","floor":13,"turns":6},{"damage":18,"enemies":"Slime Boss","floor":16,"turns":8},{"damage":28,"enemies":"Spheric Guardian","floor":18,"turns":6},{"damage":27,"enemies":"2 Thieves","floor":19,"turns":3},{"damage":9,"enemies":"Snake Plant","floor":21,"turns":4},{"damage":14,"enemies":"Slavers","floor":23,"turns":1}],"seed_played":"-8337332226435940789","potions_obtained":[{"floor":7,"key":"AttackPotion"},{"floor":13,"key":"LiquidMemories"},{"floor":16,"key":"CultistPotion"},{"floor":21,"key":"Fire Potion"}],"is_trial":false,"path_per_floor":["M","M","?","?","$","R","E","$","T","$","M","R","E","?","R","B",null,"M","M","?","M","$","E"],"character_chosen":"THE_SILENT","items_purchased":["Pantograph","Noxious Fumes","Bandage Up","Noxious Fumes","Blur+1","Dagger Spray+1","Flash of Steel+1"],"campfire_rested":1,"item_purchase_floors":[5,5,5,8,22,22,22],"current_hp_per_floor":[63,63,52,52,52,52,39,39,39,39,43,43,25,25,43,45,63,35,12,12,7,7,0,0],"gold":2,"neow_bonus":"RANDOM_COLORLESS_2","is_daily":false,"chose_seed":false,"campfire_upgraded":2,"win_rate":0.0,"timestamp":1610174569,"path_taken":["M","M","?","?","$","R","E","$","T","?","?","R","E","?","R","BOSS","M","M","?","M","$","E"],"items_purchased_type":["Relic","Card","Card","Card","Card","Card","Card"],"build_version":"2020-12-22","purchased_purges":1,"victory":false,"max_hp_per_floor":[63,63,63,63,63,63,63,63,63,63,63,63,63,63,63,63,63,63,63,63,63,63,63,63],"relic_stats":{"counters":[10,44],"Pantograph":20,"obtain_stats":[{"Ninja Scroll":13,"Pantograph":5,"MutagenicStrength":20,"Molten Egg 2":7,"EVO:Axolotl":0,"Toxic Egg 2":9,"Ring of the Serpent":17,"Ring of the Snake":0},{"Ninja Scroll":5,"Pantograph":2,"MutagenicStrength":8,"Molten Egg 2":3,"EVO:Axolotl":0,"Toxic Egg 2":3,"Ring of the Serpent":6,"Ring of the Snake":0},{"Ninja Scroll":22,"Pantograph":7,"MutagenicStrength":39,"Molten Egg 2":14,"EVO:Axolotl":0,"Toxic Egg 2":14,"Ring of the Serpent":30,"Ring of the Snake":0}]},"card_choices":[{"not_picked":["Violence","Panache"],"picked":"HandOfGreed","floor":0},{"not_picked":["Sucker Punch","Outmaneuver"],"picked":"Accuracy","floor":1},{"not_picked":["Poisoned Stab","Reflex"],"picked":"Bane","floor":2},{"not_picked":["Underhanded Strike+1","Crippling Poison"],"picked":"Deadly Poison","floor":7},{"not_picked":["Setup+1","Night Terror+1"],"picked":"Sucker Punch+1","floor":11},{"not_picked":["Outmaneuver+1","Prepared+1"],"picked":"Cloak And Dagger+1","floor":13},{"not_picked":["Grand Finale+1","Malaise+1"],"picked":"Corpse Explosion+1","floor":16},{"not_picked":["Caltrops+1","Predator+1"],"picked":"Dodge and Roll+1","floor":18},{"not_picked":["Tactician+1","Concentrate+1"],"picked":"Flying Knee+1","floor":19},{"not_picked":["Distraction+1","Flying Knee+1"],"picked":"Bane+1","floor":21}],"player_experience":284025,"relics_obtained":[{"floor":7,"key":"Molten Egg 2"},{"floor":9,"key":"Toxic Egg 2"},{"floor":13,"key":"Ninja Scroll"}],"event_choices":[{"damage_healed":0,"gold_gain":75,"player_choice":"Gold","damage_taken":11,"max_hp_gain":0,"max_hp_loss":0,"event_name":"betterThird:BetterGoop","floor":3,"gold_loss":0},{"damage_healed":0,"gold_gain":175,"player_choice":"AGREE","damage_taken":257,"max_hp_gain":0,"max_hp_loss":0,"event_name":"betterThird:BetterSerpent","floor":4,"gold_loss":0},{"damage_healed":0,"gold_gain":0,"player_choice":"Grow","damage_taken":0,"max_hp_gain":0,"max_hp_loss":0,"event_name":"Living Wall","floor":14,"gold_loss":0,"cards_upgraded":["Noxious Fumes"]},{"damage_healed":0,"gold_gain":0,"player_choice":"Inject Mutagens","damage_taken":0,"relics_obtained":["MutagenicStrength"],"max_hp_gain":0,"max_hp_loss":0,"event_name":"Drug Dealer","floor":20,"gold_loss":0}],"is_beta":false,"boss_relics":[{"not_picked":["SacredBark","Runic Dome"],"picked":"Ring of the Serpent"}],"items_purged_floors":[22],"is_endless":false,"potions_floor_spawned":[7,13,16,21],"killed_by":"Slavers","ascension_level":1}}