{"host":"Qube","time":1610234502,"event":{"mods":["AchievementEnabler","BaseMod","Colored Map","Colored Powertips","Minty Spire (QoL Compilation)","Quick Restart","Random Character Button","StSLib"],"gold_per_floor":[113,113,123,134,145,176,326,326,378,404,20,47,60,88,88,162,162,173,173,173,191,58,58,70,97,97,116,116,216,235,251,251,328,328,340,354,55,72,120,146,164,386,386,58,58,58,71,84,84,84],"floor_reached":51,"playtime":3092,"items_purged":["Doubt","Pain","Infinite Blades","Infinite Blades"],"score":1433,"play_id":"04ab297d-b5d4-4498-b1af-516cd341ed79","local_time":"20210109152142","is_ascension_mode":true,"campfire_choices":[{"data":"Corpse Explosion","floor":8.0,"key":"SMITH"},{"data":"Terror","floor":15.0,"key":"SMITH"},{"data":"Adrenaline","floor":23.0,"key":"SMITH"},{"data":"Well Laid Plans","floor":28.0,"key":"SMITH"},{"data":"Venomology","floor":32.0,"key":"SMITH"},{"data":"Well Laid Plans+1","floor":46.0,"key":"PURGE"},{"data":"Terror+1","floor":49.0,"key":"PURGE"}],"circlet_count":0,"master_deck":["AscendersBane","Survivor","Neutralize","Cloak And Dagger","Corpse Explosion+1","Leg Sweep","Poisoned Stab","Cloak And Dagger","Adrenaline+1","Venomology+1","Catalyst+1","Deadly Poison+1","Backflip+1","Calculated Gamble+1","Flash of Steel","Catalyst+1","Acrobatics+1","Deep Breath+1"],"relics":["Ring of the Snake","NeowsBlessing","Bottled Lightning","Smiling Mask","Centennial Puzzle","Pantograph","Calipers","Eternal Feather","Pandora\u0027s Box","WarpedTongs","Red Mask","Strawberry","Ice Cream","Toxic Egg 2","Calling Bell","Art of War","Mummified Hand","Thread and Needle","TwistedFunnel","Peace Pipe","Kunai","Mercury Hourglass","Membership Card","Meat on the Bone"],"acts_visited":["Exordium","TheCity","TheBeyond"],"potions_floor_usage":[50,50],"damage_taken":[{"damage":0.0,"enemies":"Small Slimes","floor":1.0,"turns":1.0},{"damage":0.0,"enemies":"Cultist","floor":3.0,"turns":1.0},{"damage":0.0,"enemies":"2 Louse","floor":4.0,"turns":1.0},{"damage":0.0,"enemies":"2 Fungi Beasts","floor":5.0,"turns":3.0},{"damage":10.0,"enemies":"3 Sentries","floor":6.0,"turns":5.0},{"damage":5.0,"enemies":"Lagavulin","floor":10.0,"turns":6.0},{"damage":8.0,"enemies":"Gremlin Nob","floor":12.0,"turns":3.0},{"damage":0.0,"enemies":"Lots of Slimes","floor":13.0,"turns":1.0},{"damage":20.0,"enemies":"3 Sentries","floor":14.0,"turns":9.0},{"damage":21.0,"enemies":"Slime Boss","floor":16.0,"turns":10.0},{"damage":14.0,"enemies":"2 Thieves","floor":18.0,"turns":2.0},{"damage":18.0,"enemies":"Chosen","floor":21.0,"turns":5.0},{"damage":5.0,"enemies":"Snake Plant","floor":24.0,"turns":6.0},{"damage":0.0,"enemies":"Masked Bandits","floor":25.0,"turns":1.0},{"damage":0.0,"enemies":"Chosen and Byrds","floor":27.0,"turns":3.0},{"damage":1.0,"enemies":"Colosseum Slavers","floor":29.0,"turns":2.0},{"damage":13.0,"enemies":"Colosseum Nobs","floor":29.0,"turns":3.0},{"damage":3.0,"enemies":"3 Cultists","floor":30.0,"turns":3.0},{"damage":7.0,"enemies":"Snake Plant","floor":31.0,"turns":4.0},{"damage":11.0,"enemies":"Automaton","floor":33.0,"turns":5.0},{"damage":0.0,"enemies":"3 Darklings","floor":35.0,"turns":2.0},{"damage":0.0,"enemies":"3 Shapes","floor":36.0,"turns":2.0},{"damage":0.0,"enemies":"3 Darklings","floor":38.0,"turns":2.0},{"damage":0.0,"enemies":"2 Orb Walkers","floor":39.0,"turns":2.0},{"damage":0.0,"enemies":"Reptomancer","floor":40.0,"turns":4.0},{"damage":0.0,"enemies":"4 Shapes","floor":41.0,"turns":1.0},{"damage":0.0,"enemies":"Spire Growth","floor":47.0,"turns":2.0},{"damage":0.0,"enemies":"Writhing Mass","floor":48.0,"turns":2.0},{"damage":16,"enemies":"Awakened One","floor":50,"turns":15}],"seed_played":"1080430690638514953","potions_obtained":[{"floor":3.0,"key":"Fruit Juice"},{"floor":4.0,"key":"GhostInAJar"},{"floor":5.0,"key":"SpeedPotion"},{"floor":6.0,"key":"BlessingOfTheForge"},{"floor":16.0,"key":"LiquidBronze"},{"floor":24.0,"key":"Fire Potion"},{"floor":25.0,"key":"Block Potion"},{"floor":30.0,"key":"Fire Potion"},{"floor":31.0,"key":"DistilledChaos"},{"floor":36.0,"key":"Energy Potion"}],"is_trial":false,"path_per_floor":["M","?","M","M","M","E","?","R","T","E","$","E","M","E","R","B",null,"M","?","?","M","$","R","M","?","T","M","R","?","M","M","R","B",null,"M","M","$","M","?","E","M","?","T","$","T","R","M","M","R","B",null],"character_chosen":"THE_SILENT","items_purchased":["Pantograph","Cloak And Dagger","DuplicationPotion","TwistedFunnel","Flash of Steel","Membership Card","Acrobatics+1","Deep Breath+1","DistilledChaos"],"campfire_rested":0,"item_purchase_floors":[11,11,22,37,37,44,44,44,44],"current_hp_per_floor":[59,59,59,59,59,49,49,49,49,44,44,36,36,16,28,32,58,44,44,44,26,26,32,27,27,34,34,40,26,23,16,25,39,65,65,65,65,65,65,65,65,65,65,65,65,73,73,73,73,57],"gold":84,"neow_bonus":"THREE_ENEMY_KILL","is_daily":false,"chose_seed":false,"campfire_upgraded":5,"win_rate":0.0,"timestamp":1610234502,"path_taken":["M","?","?","M","M","E","?","R","T","E","$","E","M","E","R","BOSS","M","?","?","?","$","R","M","?","T","M","R","?","M","M","R","BOSS","M","M","$","M","?","E","M","?","T","?","?","R","?","M","R","BOSS"],"items_purchased_type":["Relic","Card","Potion","Relic","Card","Relic","Card","Card","Potion"],"build_version":"2020-12-18","purchased_purges":4,"victory":true,"max_hp_per_floor":[66,66,66,66,66,66,66,66,66,66,66,66,66,66,66,66,66,66,66,66,66,66,66,66,66,73,73,73,73,73,73,73,73,73,73,73,73,73,73,73,73,73,73,73,73,73,73,73,73,73],"card_choices":[{"not_picked":["Slice","Deflect"],"picked":"Cloak And Dagger","floor":1.0},{"not_picked":["Expertise","Underhanded Strike"],"picked":"Flying Knee","floor":3.0},{"not_picked":["All Out Attack","Prepared"],"picked":"Leg Sweep","floor":4.0},{"not_picked":["Blade Dance","Escape Plan"],"picked":"Terror","floor":5.0},{"not_picked":["Noxious Fumes","Riddle With Holes"],"picked":"Poisoned Stab","floor":6.0},{"not_picked":["Accuracy","Choke"],"picked":"Infinite Blades","floor":10.0},{"not_picked":["Underhanded Strike","Prepared","Deadly Poison"],"picked":"SKIP","floor":12.0},{"not_picked":["Concentrate","Deadly Poison"],"picked":"Infinite Blades","floor":13.0},{"not_picked":["Outmaneuver","Flying Knee","Caltrops"],"picked":"SKIP","floor":14.0},{"not_picked":["Malaise","Die Die Die"],"picked":"Adrenaline","floor":16.0},{"not_picked":["Deflect+1","Riddle With Holes+1","Outmaneuver"],"picked":"SKIP","floor":18.0},{"not_picked":["Terror","Sucker Punch","Dodge and Roll"],"picked":"SKIP","floor":21.0},{"not_picked":["Dodge and Roll","Deadly Poison"],"picked":"Venomology","floor":24.0},{"not_picked":["Deflect","Caltrops"],"picked":"Well Laid Plans","floor":25.0},{"not_picked":["Poisoned Stab","Dash","Outmaneuver"],"picked":"SKIP","floor":27.0},{"not_picked":["Slice","Cloak And Dagger+1"],"picked":"Catalyst+1","floor":29.0},{"not_picked":["PiercingWail+1","Noxious Fumes"],"picked":"Deadly Poison+1","floor":30.0},{"not_picked":["Underhanded Strike","All Out Attack","Noxious Fumes"],"picked":"SKIP","floor":31.0},{"not_picked":["Infinite Blades+1","Deflect+1"],"picked":"Backflip+1","floor":35.0},{"not_picked":["Prepared+1","Dagger Throw"],"picked":"Calculated Gamble+1","floor":36.0},{"not_picked":["Backstab+1","Outmaneuver+1","Cloak And Dagger+1"],"picked":"SKIP","floor":38.0},{"not_picked":["Escape Plan+1","Reflex+1"],"picked":"Catalyst+1","floor":40.0},{"not_picked":["PiercingWail+1","Predator+1","Concentrate+1"],"picked":"SKIP","floor":41.0},{"not_picked":["Flying Knee","Cloak And Dagger+1","Acrobatics+1"],"picked":"SKIP","floor":47.0},{"not_picked":["Bouncing Flask+1","Dagger Spray","Well Laid Plans+1"],"picked":"SKIP","floor":48.0}],"player_experience":866924,"relics_obtained":[{"floor":6.0,"key":"Bottled Lightning"},{"floor":9.0,"key":"Smiling Mask"},{"floor":10.0,"key":"Centennial Puzzle"},{"floor":12.0,"key":"Calipers"},{"floor":14.0,"key":"Eternal Feather"},{"floor":25.0,"key":"Red Mask"},{"floor":26.0,"key":"Strawberry"},{"floor":29.0,"key":"Ice Cream"},{"floor":29.0,"key":"Toxic Egg 2"},{"floor":34.0,"key":"Art of War"},{"floor":34.0,"key":"Mummified Hand"},{"floor":34.0,"key":"Thread and Needle"},{"floor":39.0,"key":"Peace Pipe"},{"floor":40.0,"key":"Kunai"},{"floor":43.0,"key":"Mercury Hourglass"},{"floor":45.0,"key":"Meat on the Bone"}],"event_choices":[{"damage_healed":0.0,"max_hp_gain":0.0,"max_hp_loss":0.0,"gold_gain":0.0,"event_name":"Match and Keep!","player_choice":"1 cards matched","floor":2.0,"gold_loss":0.0,"damage_taken":0.0,"cards_obtained":["Corpse Explosion"]},{"damage_healed":0.0,"max_hp_gain":0.0,"max_hp_loss":0.0,"gold_gain":150.0,"event_name":"Liars Game","player_choice":"AGREE","floor":7.0,"gold_loss":0.0,"damage_taken":0.0,"cards_obtained":["Doubt"]},{"cards_removed":["Flying Knee"],"damage_healed":0.0,"max_hp_gain":0.0,"max_hp_loss":0.0,"gold_gain":0.0,"event_name":"Back to Basics","player_choice":"Elegance","floor":19.0,"gold_loss":0.0,"damage_taken":0.0},{"damage_healed":0.0,"max_hp_gain":0.0,"max_hp_loss":0.0,"gold_gain":0.0,"event_name":"Accursed Blacksmith","player_choice":"Rummage","floor":20.0,"gold_loss":0.0,"damage_taken":0.0,"relics_obtained":["WarpedTongs"],"cards_obtained":["Pain"]},{"damage_healed":0.0,"max_hp_gain":0.0,"max_hp_loss":0.0,"gold_gain":0.0,"event_name":"Masked Bandits","player_choice":"Fought Bandits","floor":25.0,"gold_loss":0.0,"damage_taken":0.0},{"damage_healed":0.0,"max_hp_gain":0.0,"max_hp_loss":0.0,"gold_gain":0.0,"event_name":"Colosseum","player_choice":"Fight","floor":29.0,"gold_loss":0.0,"damage_taken":0.0},{"damage_healed":0.0,"max_hp_gain":0.0,"max_hp_loss":0.0,"gold_gain":0.0,"event_name":"Colosseum","player_choice":"Fought Nobs","floor":29.0,"gold_loss":0.0,"damage_taken":0.0},{"damage_healed":0.0,"max_hp_gain":0.0,"max_hp_loss":0.0,"gold_gain":0.0,"event_name":"Mysterious Sphere","player_choice":"Fight","floor":39.0,"gold_loss":0.0,"damage_taken":0.0},{"damage_healed":0.0,"max_hp_gain":0.0,"max_hp_loss":0.0,"gold_gain":222.0,"event_name":"Tomb of Lord Red Mask","player_choice":"Wore Mask","floor":42.0,"gold_loss":0.0,"damage_taken":0.0}],"is_beta":true,"boss_relics":[{"not_picked":["HoveringKite","SacredBark"],"picked":"Pandora\u0027s Box"},{"not_picked":["Runic Dome","Busted Crown"],"picked":"Calling Bell"}],"items_purged_floors":[11,22,37,44],"is_endless":false,"potions_floor_spawned":[3,4,5,6,16,24,25,30,31,36,41,48],"ascension_level":19}}