{"host":"dyggtcpod2kd5hqt","time":1610213992,"event":{"mods":["2.2 Compatiblity","AchievementEnabler","BaseMod","Bestiary","Block Reminder","Colored Map","Colored Powertips","Minty Spire (QoL Compilation)","Quick Restart","Rare Cards Sparkle","Relic Stats","Unknown Chances"],"gold_per_floor":[119,119,394,409,5,5,30,61,61,74,74,74,74,94,94,220,220,243,243,243,243],"floor_reached":20,"playtime":2564,"items_purged":["Regret"],"score":249,"play_id":"8b650786-19de-4b64-8e05-1db25d7ca74c","local_time":"20210109123952","is_ascension_mode":true,"campfire_choices":[{"data":"Discovery","floor":6,"key":"SMITH"},{"data":"Creative AI","floor":11,"key":"SMITH"},{"floor":13,"key":"REST"},{"data":"Hologram","floor":15,"key":"SMITH"}],"circlet_count":0,"master_deck":["Strike_B","Strike_B","Defend_B","Defend_B","Defend_B","Zap","Dualcast","Gash","Steam","Discovery+1","Melter","Hologram+1","Creative AI+1","Steam","Meteor Strike","Sweeping Beam","Thunder Strike","Ball Lightning","Biased Cognition","Barrage"],"relics":["Cracked Core","NeowsBlessing","Golden Idol","Sling","Gremlin Horn","InkBottle","Sozu"],"acts_visited":["Exordium","TheCity"],"potions_floor_usage":[18,20],"damage_taken":[{"damage":0,"enemies":"Small Slimes","floor":1,"turns":1},{"damage":0,"enemies":"2 Louse","floor":4,"turns":1},{"damage":0,"enemies":"Cultist","floor":7,"turns":1},{"damage":36,"enemies":"Gremlin Nob","floor":8,"turns":4},{"damage":4,"enemies":"Lots of Slimes","floor":10,"turns":4},{"damage":0,"enemies":"Looter","floor":14,"turns":4},{"damage":25,"enemies":"Slime Boss","floor":16,"turns":9},{"damage":34,"enemies":"3 Byrds","floor":18,"turns":3},{"damage":25,"enemies":"Shell Parasite","floor":20,"turns":3}],"seed_played":"-1695220495550324083","potions_obtained":[{"floor":4,"key":"FearPotion"},{"floor":7,"key":"DuplicationPotion"},{"floor":16,"key":"LiquidBronze"}],"is_trial":false,"path_per_floor":["M","?","?","M","$","R","M","E","T","M","R","?","R","M","R","B",null,"M","?","M"],"character_chosen":"DEFECT","items_purchased":["Sling","Discovery","Melter"],"campfire_rested":1,"item_purchase_floors":[5,5,5],"current_hp_per_floor":[68,50,50,50,50,50,50,14,14,10,10,10,32,32,32,7,58,24,24,0,0],"gold":243,"neow_bonus":"THREE_ENEMY_KILL","is_daily":false,"chose_seed":false,"campfire_upgraded":3,"win_rate":0.0,"timestamp":1610213992,"path_taken":["M","?","?","?","?","R","M","E","T","M","R","?","R","M","R","BOSS","M","?","M"],"items_purchased_type":["Relic","Card","Card"],"build_version":"2020-12-22","purchased_purges":1,"victory":false,"max_hp_per_floor":[75,75,75,75,75,75,75,75,75,75,75,75,75,75,75,75,75,75,75,75,75],"relic_stats":{"Sozu":0,"Gremlin Horn":[9,9],"counters":[9,30],"Golden Idol":51,"obtain_stats":[{"Sozu":17,"NeowsBlessing":0,"Gremlin Horn":8,"Golden Idol":2,"Cracked Core":0,"Sling":5,"InkBottle":9},{"Sozu":7,"NeowsBlessing":0,"Gremlin Horn":4,"Golden Idol":1,"Cracked Core":0,"Sling":2,"InkBottle":4},{"Sozu":24,"NeowsBlessing":0,"Gremlin Horn":7,"Golden Idol":1,"Cracked Core":0,"Sling":2,"InkBottle":7}],"InkBottle":[10]},"card_choices":[{"not_picked":["Redo","Hologram"],"picked":"Gash","floor":1},{"not_picked":["Lockon","Redo"],"picked":"Steam","floor":4},{"not_picked":["Leap","Redo"],"picked":"Hologram","floor":7},{"not_picked":["Heatsinks","FTL"],"picked":"Creative AI","floor":8},{"not_picked":["Barrage","Reinforced Body"],"picked":"Steam","floor":10},{"not_picked":["Leap","Redo"],"picked":"Sweeping Beam","floor":14},{"not_picked":["Fission","Multi-Cast"],"picked":"Thunder Strike","floor":16},{"not_picked":["Compile Driver","Hello World"],"picked":"Ball Lightning","floor":18}],"player_experience":579163,"relics_obtained":[{"floor":8,"key":"Gremlin Horn"},{"floor":9,"key":"InkBottle"}],"event_choices":[{"damage_healed":0,"gold_gain":0,"player_choice":"Take Damage","damage_taken":18,"relics_obtained":["Golden Idol"],"max_hp_gain":0,"max_hp_loss":0,"event_name":"Golden Idol","floor":2,"gold_loss":0},{"damage_healed":0,"gold_gain":275,"player_choice":"Desecrate","damage_taken":0,"max_hp_gain":0,"max_hp_loss":0,"event_name":"Golden Shrine","floor":3,"gold_loss":0,"cards_obtained":["Regret"]},{"damage_healed":0,"gold_gain":0,"cards_transformed":["Defend_B"],"player_choice":"Change","damage_taken":0,"max_hp_gain":0,"max_hp_loss":0,"event_name":"Living Wall","floor":12,"gold_loss":0,"cards_obtained":["Meteor Strike"]},{"damage_healed":0,"gold_gain":0,"cards_transformed":["Strike_B","Strike_B"],"player_choice":"Became Test Subject","damage_taken":0,"max_hp_gain":0,"max_hp_loss":0,"event_name":"Drug Dealer","floor":19,"gold_loss":0,"cards_obtained":["Biased Cognition","Barrage"]}],"is_beta":false,"boss_relics":[{"not_picked":["Philosopher\u0027s Stone","Tiny House"],"picked":"Sozu"}],"items_purged_floors":[5],"is_endless":false,"potions_floor_spawned":[4,7,16,18],"killed_by":"Shell Parasite","ascension_level":9}}