{"host":"9hmnsypyq1c5u7i3","time":1610168083,"event":{"mods":["Ascension Unlocker","BaseMod","Bestiary","Hermit","Marisa????????","Minty Spire (QoL Compilation)","Quick Restart","Relic Stats","StSLib","The Cursed","The Hierophant"],"gold_per_floor":[113,125,139,139,149,149,168,196,246,246,279,289,300,225,225,302,302,321,321,341,341,355,381,381,105,105,105,131,51,51,71,71,71,71],"floor_reached":33,"playtime":7122,"items_purged":["EscapeVelocity","Strike_MRS"],"score":520,"play_id":"cfd5d269-2d6e-4046-b4a1-0be721fc2251","local_time":"20210108225443","is_ascension_mode":true,"campfire_choices":[{"data":"MasterSpark","floor":6.0,"key":"SMITH"},{"floor":10.0,"key":"REST"},{"floor":15.0,"key":"REST"},{"floor":24,"key":"REST"},{"data":"FairyDestructionRay","floor":27,"key":"SMITH"},{"floor":32,"key":"REST"}],"circlet_count":0,"master_deck":["AscendersBane","Strike_MRS","Strike_MRS+1","Defend_MRS","Defend_MRS","Defend_MRS","Defend_MRS","MasterSpark+1","UpSweep","DC+1","ShootingEcho","MagicChant","PulseMagic","Acceleration","AsteroidBelt","FairyDestructionRay+1","Occultation","OortCloud","MagicAbsorber","MysteriousBeam","MeteoricShower+1","Occultation+1"],"relics":["MiniHakkero","NeowsBlessing","White Beast Statue","Pen Nib","The Courier","Runic Pyramid","MealTicket","Kunai","Sundial","BreadOfAWashokuLover"],"acts_visited":["Exordium","TheCity"],"potions_floor_usage":[23,28,31,33],"damage_taken":[{"damage":0.0,"enemies":"Cultist","floor":1.0,"turns":1.0},{"damage":0.0,"enemies":"Jaw Worm","floor":2.0,"turns":1.0},{"damage":0.0,"enemies":"2 Louse","floor":3.0,"turns":1.0},{"damage":3.0,"enemies":"Blue Slaver","floor":5.0,"turns":3.0},{"damage":3.0,"enemies":"3 Louse","floor":7.0,"turns":2.0},{"damage":15.0,"enemies":"3 Sentries","floor":8.0,"turns":8.0},{"damage":25.0,"enemies":"Lagavulin","floor":11.0,"turns":4.0},{"damage":0.0,"enemies":"Exordium Thugs","floor":12.0,"turns":4.0},{"damage":0.0,"enemies":"Large Slime","floor":13.0,"turns":2.0},{"damage":30.0,"enemies":"Hexaghost","floor":16.0,"turns":8.0},{"damage":30.0,"enemies":"3 Byrds","floor":18.0,"turns":6.0},{"damage":0.0,"enemies":"Chosen","floor":20.0,"turns":3.0},{"damage":20.0,"enemies":"Snake Plant","floor":22.0,"turns":4.0},{"damage":22,"enemies":"Slavers","floor":23,"turns":5},{"damage":24,"enemies":"Book of Stabbing","floor":28,"turns":4},{"damage":9,"enemies":"Colosseum Slavers","floor":30,"turns":4},{"damage":10,"enemies":"Centurion and Healer","floor":31,"turns":4},{"damage":48,"enemies":"Automaton","floor":33,"turns":6}],"seed_played":"-8723422046401733691","potions_obtained":[{"floor":7.0,"key":"AttackPotion"},{"floor":8.0,"key":"ShroomBrew"},{"floor":11.0,"key":"LiquidMemories"},{"floor":12.0,"key":"StarNLove"},{"floor":13.0,"key":"Weak Potion"},{"floor":16.0,"key":"FairyPotion"},{"floor":18.0,"key":"DuplicationPotion"},{"floor":22.0,"key":"DistilledChaos"},{"floor":23,"key":"BottledSpark"},{"floor":28,"key":"SteroidPotion"},{"floor":31,"key":"ShroomBrew"}],"is_trial":false,"path_per_floor":["M","M","M","?","M","R","M","E","T","R","E","M","M","?","R","B",null,"M","?","M","?","M","E","R","$","T","R","E","$","?","M","R","B"],"character_chosen":"MARISA","items_purchased":["Kunai","MysteriousBeam"],"campfire_rested":4,"item_purchase_floors":[25,25],"current_hp_per_floor":[63,63,63,42,39,39,36,21,21,42,17,17,17,17,38,8,55,25,25,25,25,5,4,25,40,40,40,16,31,22,13,34,0,0],"gold":71,"neow_bonus":"THREE_ENEMY_KILL","is_daily":false,"chose_seed":false,"campfire_upgraded":2,"win_rate":0.0,"timestamp":1610168083,"path_taken":["M","?","M","?","M","R","M","E","T","R","E","M","M","?","R","BOSS","M","?","M","?","?","E","R","$","T","R","E","$","?","M","R","BOSS"],"items_purchased_type":["Relic","Card"],"build_version":"2020-12-22","purchased_purges":2,"victory":false,"max_hp_per_floor":[70,70,70,70,70,70,70,70,70,70,70,70,70,70,70,70,70,70,70,70,70,70,70,70,70,70,70,70,70,70,70,70,70,70],"relic_stats":{"counters":[18,70],"Sundial":[2],"MealTicket":30,"Pen Nib":[11],"Kunai":[8],"obtain_stats":[{"NeowsBlessing":0,"Sundial":26,"MealTicket":23,"BreadOfAWashokuLover":28,"Pen Nib":9,"The Courier":11,"MiniHakkero":0,"Kunai":25,"White Beast Statue":8,"Runic Pyramid":17},{"NeowsBlessing":0,"Sundial":14,"MealTicket":14,"BreadOfAWashokuLover":15,"Pen Nib":6,"The Courier":7,"MiniHakkero":0,"Kunai":14,"White Beast Statue":6,"Runic Pyramid":10},{"NeowsBlessing":0,"Sundial":52,"MealTicket":52,"BreadOfAWashokuLover":56,"Pen Nib":16,"The Courier":20,"MiniHakkero":0,"Kunai":52,"White Beast Statue":16,"Runic Pyramid":34}]},"card_choices":[{"not_picked":["MysteriousBeam","AsteroidBelt"],"picked":"DC","floor":1.0},{"not_picked":["PowerUp","OpenUniverse","WitchLeyline"],"picked":"SKIP","floor":2.0},{"not_picked":["MachineGunSpark","WitchLeyline","GrandCross"],"picked":"SKIP","floor":3.0},{"not_picked":["MilkyWay","DoubleSpark"],"picked":"ShootingEcho","floor":5.0},{"not_picked":["IllusionStar","SatelliteIllusion"],"picked":"MagicChant","floor":7.0},{"not_picked":["MachineGunSpark","BlazeAway"],"picked":"PulseMagic","floor":8.0},{"not_picked":["GravityBeat","ManaConvection"],"picked":"Acceleration","floor":11.0},{"not_picked":["ShootingEcho","Acceleration"],"picked":"AsteroidBelt","floor":12.0},{"not_picked":["PowerUp","DC","GrandCross"],"picked":"SKIP","floor":13.0},{"not_picked":["SatelliteIllusion","CollectingQuirk"],"picked":"EscapeVelocity","floor":16.0},{"not_picked":["WitchOfGreed","IllusionStar"],"picked":"FairyDestructionRay","floor":18.0},{"not_picked":["StarBarrage","IllusionStar+1"],"picked":"Occultation","floor":20.0},{"not_picked":["SuperPerseids","ShootingEcho","Orbital"],"picked":"SKIP","floor":22.0},{"not_picked":["MysteriousBeam","UnstableBomb"],"picked":"MagicAbsorber","floor":23},{"not_picked":["EarthLightRay","NonDirectionalLaser"],"picked":"MeteoricShower+1","floor":28},{"not_picked":["ShootingEcho","FairyDestructionRay"],"picked":"Occultation+1","floor":31}],"player_experience":802831,"relics_obtained":[{"floor":8.0,"key":"White Beast Statue"},{"floor":9.0,"key":"Pen Nib"},{"floor":11.0,"key":"The Courier"},{"floor":23,"key":"MealTicket"},{"floor":26,"key":"Sundial"},{"floor":28,"key":"BreadOfAWashokuLover"}],"event_choices":[{"damage_healed":0.0,"max_hp_gain":0.0,"max_hp_loss":0.0,"gold_gain":0.0,"event_name":"Shining Light","player_choice":"Entered Light","floor":4.0,"gold_loss":0.0,"damage_taken":21.0,"cards_upgraded":["Strike_MRS","DC"]},{"cards_removed":["Strike_MRS"],"damage_healed":0.0,"max_hp_gain":0.0,"max_hp_loss":0.0,"gold_gain":0.0,"event_name":"The Cleric","player_choice":"Card Removal","floor":14.0,"gold_loss":75.0,"damage_taken":0.0},{"damage_healed":0.0,"max_hp_gain":0.0,"max_hp_loss":0.0,"gold_gain":0.0,"event_name":"Vampires","player_choice":"Ignored","floor":19.0,"gold_loss":0.0,"damage_taken":0.0},{"damage_healed":0.0,"max_hp_gain":0.0,"max_hp_loss":0.0,"gold_gain":0.0,"event_name":"The Library","player_choice":"Read","floor":21.0,"gold_loss":0.0,"damage_taken":0.0,"cards_obtained":["OortCloud"]},{"damage_healed":0,"gold_gain":0,"player_choice":"Fight","damage_taken":0,"max_hp_gain":0,"max_hp_loss":0,"event_name":"Colosseum","floor":30,"gold_loss":0},{"damage_healed":0,"gold_gain":0,"player_choice":"Fled From Nobs","damage_taken":0,"max_hp_gain":0,"max_hp_loss":0,"event_name":"Colosseum","floor":30,"gold_loss":0}],"is_beta":false,"boss_relics":[{"not_picked":["Runic Dome","Cursed Key"],"picked":"Runic Pyramid"}],"items_purged_floors":[25,29],"is_endless":false,"potions_floor_spawned":[7,8,11,12,13,16,18,20,22,23,28,30,31],"killed_by":"Automaton","ascension_level":15}}