{"host":"mytek2nu1hrzdnew","time":1610161037,"event":{"mods":["Aspiration","BaseMod","Conspire","Evolution","GifTheSpireLib","Gold Saver","Hubris","Kratos Character Expansion","Minty Spire (QoL Compilation)","Replay The Spire","StSLib","Stuff the Spire","Uncapped"],"gold_per_floor":[1089,461,461,461,473,504,520,551,551,581,591,626,646,662,662,763,763,778,798,798,811,828,863,863,873,955,968,981,1015,637,648,648,743,743,760,780,797,848,948,948,614,634,634,669,669,698,698,720,720,720],"floor_reached":51,"playtime":4131,"items_purged":["Strike_G","Strike_G"],"score":908,"play_id":"98563fa8-90eb-4629-82da-13cd4a548285","local_time":"20210108215717","is_ascension_mode":true,"campfire_choices":[{"floor":15,"key":"REST"},{"data":"ReplayTheSpireMod:Scrap Shanks","floor":24,"key":"SMITH"},{"floor":32,"key":"REST"},{"data":"Mayhem","floor":40,"key":"SMITH"},{"data":"ReplayTheSpireMod:Scrap Shanks","floor":45,"key":"SMITH"},{"data":"Accuracy","floor":49,"key":"SMITH"}],"circlet_count":0,"master_deck":["Strike_G","Strike_G","Strike_G","Defend_G","Defend_G","Defend_G","Defend_G","Survivor","Neutralize","Quick Slash","ReplayTheSpireMod:Scrap Shanks+1","Prepared+1","Cloak And Dagger","StuffTheSpire:DoubleShiv","Infinite Blades","Infinite Blades","Hidden Blade","Quick Slash","EmptyFist","Quick Slash","Storm of Steel","Cloak And Dagger+1","Blade Dance+1","ReplayTheSpireMod:Shiv Toss+1","StuffTheSpire:Shiver","Hidden Blade","Fluid Movement","Storm of Steel","Underhanded Strike","Underhanded Strike","Mayhem+1","Noxious Fumes","Quick Slash","Prepared+1","ReplayTheSpireMod:Scrap Shanks+1","Accuracy+1","Underhanded Strike"],"relics":["Ring of the Snake","EVO:Axolotl","aspiration:Nostalgia","Replay:M_SmolderingBlood","conspire:Dentures","Membership Card","StuffTheSpire:HeavyRock","Bag of Marbles","Vampiric Spirits","Potion Belt","Ginger","MealTicket","aspiration:PoetsPen_weak","aspiration:DSix","hubris:Metronome","Lantern","StuffTheSpire:WitherSkull","Vajra","Orrery","aspiration:RitualDagger","Centennial Puzzle","hubris:FunFungus","KratosMod:amulet","Mirror","CeramicFish","StuffTheSpire:NeowsTribute"],"acts_visited":["Exordium","TheCity","TheBeyond"],"potions_floor_usage":[8,13,16,16,28,29,31,33],"damage_taken":[{"damage":1,"enemies":"Small Slimes","floor":1,"turns":3},{"damage":9,"enemies":"2 Louse","floor":5,"turns":3},{"damage":19,"enemies":"3 Sentries","floor":6,"turns":11},{"damage":0,"enemies":"Cultist","floor":7,"turns":3},{"damage":3,"enemies":"Replay:BlueRogue","floor":8,"turns":4},{"damage":17,"enemies":"3 Sentries","floor":10,"turns":7},{"damage":0,"enemies":"Large Slime","floor":11,"turns":5},{"damage":16,"enemies":"conspire:MimicChest","floor":12,"turns":6},{"damage":12,"enemies":"Red Slaver","floor":13,"turns":4},{"damage":1,"enemies":"Lots of Slimes","floor":14,"turns":3},{"damage":8,"enemies":"Hexaghost","floor":16,"turns":10},{"damage":0,"enemies":"conspire:FuzzyDice","floor":18,"turns":2},{"damage":0,"enemies":"3 Byrds","floor":19,"turns":2},{"damage":0,"enemies":"Shelled Parasite and Fungi","floor":21,"turns":1},{"damage":10,"enemies":"Snake Plant","floor":22,"turns":3},{"damage":0,"enemies":"Book of Stabbing","floor":23,"turns":2},{"damage":2,"enemies":"Centurion and Healer","floor":25,"turns":2},{"damage":9,"enemies":"Shelled Parasite and Fungi","floor":27,"turns":2},{"damage":12,"enemies":"Cultist and Chosen","floor":28,"turns":2},{"damage":21,"enemies":"Gremlin Leader","floor":29,"turns":3},{"damage":16,"enemies":"conspire:HollyBat","floor":31,"turns":5},{"damage":10,"enemies":"hubris:MusketHawk","floor":33,"turns":2},{"damage":3,"enemies":"3 Darklings","floor":35,"turns":1},{"damage":36,"enemies":"3 Shapes","floor":36,"turns":2},{"damage":53,"enemies":"Sphere and 2 Shapes","floor":37,"turns":3},{"damage":3,"enemies":"Jaw Worm Horde","floor":42,"turns":1},{"damage":3,"enemies":"Reptomancer","floor":44,"turns":1},{"damage":3,"enemies":"Nemesis","floor":46,"turns":1},{"damage":3,"enemies":"3 Darklings","floor":48,"turns":1},{"damage":3,"enemies":"Replay:Hell Engine","floor":50,"turns":1}],"seed_played":"4755296592156070747","potions_obtained":[{"floor":7,"key":"AttackPotion"},{"floor":12,"key":"Energy Potion"},{"floor":13,"key":"PowerPotion"},{"floor":14,"key":"Dexterity Potion"},{"floor":16,"key":"Elixir"},{"floor":23,"key":"PowerPotion"},{"floor":25,"key":"CunningPotion"},{"floor":27,"key":"AttackPotion"},{"floor":28,"key":"Dexterity Potion"},{"floor":29,"key":"GamblersBrew"},{"floor":46,"key":"Strength Potion"}],"is_trial":false,"path_per_floor":["M","$","?","?","M","E","M","E","T","E","M","?","M","M","R","B",null,"M","M","?","M","M","E","R","M","T","M","M","E","$","M","R","B",null,"M","M","M","T","?","R","$","M","T","E","R","E","$","M","R","B",null],"character_chosen":"THE_SILENT","items_purchased":["ReplayTheSpireMod:Scrap Shanks","Prepared","conspire:Dentures","Membership Card","StuffTheSpire:HeavyRock","StuffTheSpire:WitherSkull","Vajra","Orrery","Mayhem","Noxious Fumes","Accuracy","hubris:FunFungus","KratosMod:amulet"],"campfire_rested":2,"item_purchase_floors":[2,2,2,2,2,30,30,30,30,30,41,41,41],"current_hp_per_floor":[69,69,69,69,60,41,41,38,38,25,29,21,13,18,39,44,70,70,70,70,70,60,70,70,68,68,61,58,40,55,39,60,50,70,70,37,1,1,1,1,16,56,56,70,70,70,70,70,70,70],"gold":720,"neow_bonus":"NOSTALGIA","is_daily":false,"chose_seed":false,"campfire_upgraded":4,"win_rate":0.0,"timestamp":1610161037,"path_taken":["M","$","?","?","M","E","M","E","T","E","M","?","M","?","R","BOSS","M","M","?","M","M","E","R","?","T","?","M","E","$","M","R","BOSS","M","M","?","?","?","R","$","?","T","E","R","E","?","M","R","BOSS"],"items_purchased_type":["Card","Card","Relic","Relic","Relic","Relic","Relic","Relic","Card","Card","Card","Relic","Relic"],"build_version":"2020-12-22","purchased_purges":2,"victory":true,"max_hp_per_floor":[70,70,70,70,70,70,70,70,70,70,70,70,70,70,70,70,70,70,70,70,70,70,70,70,70,70,70,70,70,70,70,70,70,70,70,70,70,70,70,70,70,70,70,70,70,70,70,70,70,70],"card_choices":[{"not_picked":["hubris:Counter","PiercingWail"],"picked":"Quick Slash","floor":1},{"not_picked":["Crescendo","Deadly Poison"],"picked":"Cloak And Dagger","floor":5},{"not_picked":["Deflect","Tactician"],"picked":"StuffTheSpire:DoubleShiv","floor":6},{"not_picked":["Outmaneuver","ReplayTheSpireMod:Tripwire","Sucker Punch"],"picked":"SKIP","floor":7},{"not_picked":["Phantasmal Killer","Replay:Poison Smokescreen"],"picked":"Infinite Blades","floor":8},{"not_picked":["Fluid Movement","Heel Hook"],"picked":"Infinite Blades","floor":10},{"not_picked":["hubris:TrickCloak","BowlingBash"],"picked":"Hidden Blade","floor":11},{"not_picked":["Choke","Backflip"],"picked":"Quick Slash","floor":12},{"not_picked":["Outmaneuver","Underhanded Strike"],"picked":"EmptyFist","floor":13},{"not_picked":["StuffTheSpire:ClusterCrunch","Bullet Time"],"picked":"Quick Slash","floor":14},{"not_picked":["Night Terror","Poison Darts"],"picked":"Storm of Steel","floor":16},{"not_picked":["Dodge and Roll","Underhanded Strike","hubris:SlightOfHand"],"picked":"SKIP","floor":18},{"not_picked":["Flechettes","Backflip+1","Toxin Wave"],"picked":"SKIP","floor":19},{"not_picked":["ReplayTheSpireMod:Speed Training+1","Deadly Poison+1"],"picked":"Cloak And Dagger+1","floor":21},{"not_picked":["Leg Sweep","Malaise"],"picked":"Blade Dance+1","floor":22},{"not_picked":["Masterful Stab","Fluid Movement+1"],"picked":"ReplayTheSpireMod:Shiv Toss+1","floor":23},{"not_picked":["Masterful Stab","Fluid Movement"],"picked":"StuffTheSpire:Shiver","floor":25},{"not_picked":["Poisoned Stab+1","Deflect","Expertise"],"picked":"SKIP","floor":27},{"not_picked":["Draining Mist","Dodge and Roll+1","Poison Darts"],"picked":"SKIP","floor":28},{"not_picked":["Toxin Wave","hubris:SlightOfHand+1","Acrobatics"],"picked":"SKIP","floor":29},{"not_picked":["hubris:SlightOfHand+1","Eviscerate"],"picked":"Hidden Blade","floor":30},{"not_picked":["Acrobatics","StuffTheSpire:Repulse+1"],"picked":"Fluid Movement","floor":30},{"not_picked":["hubris:SlightOfHand","Poisoned Stab"],"picked":"Storm of Steel","floor":30},{"not_picked":["Poisoned Stab","Expertise"],"picked":"Underhanded Strike","floor":30},{"not_picked":["Skewer","StuffTheSpire:ClusterCrunch"],"picked":"Underhanded Strike","floor":30},{"not_picked":["Deflect","StuffTheSpire:Injection"],"picked":"Quick Slash","floor":31},{"not_picked":["Dodge and Roll","StuffTheSpire:BumpUp","Outmaneuver"],"picked":"SKIP","floor":35},{"not_picked":["Choke","StuffTheSpire:Injection+1"],"picked":"Prepared+1","floor":36},{"not_picked":["Underhanded Strike+1","Sucker Punch+1"],"picked":"ReplayTheSpireMod:Scrap Shanks","floor":37},{"not_picked":["Leg Sweep+1","Masterful Stab+1","Atom Bomb"],"picked":"SKIP","floor":42},{"not_picked":["StuffTheSpire:Injection+1","StuffTheSpire:ReptileScales","Acrobatics+1"],"picked":"SKIP","floor":44},{"not_picked":["Catalyst+1","Bouncing Flask+1","Outmaneuver+1"],"picked":"SKIP","floor":46},{"not_picked":["Backstab+1","hubris:SlightOfHand+1"],"picked":"Underhanded Strike","floor":48}],"player_experience":1028465,"relics_obtained":[{"floor":6,"key":"Bag of Marbles"},{"floor":8,"key":"Vampiric Spirits"},{"floor":9,"key":"Potion Belt"},{"floor":10,"key":"Ginger"},{"floor":12,"key":"MealTicket"},{"floor":23,"key":"aspiration:DSix"},{"floor":26,"key":"hubris:Metronome"},{"floor":29,"key":"Lantern"},{"floor":38,"key":"Centennial Puzzle"},{"floor":43,"key":"Mirror"},{"floor":44,"key":"CeramicFish"},{"floor":46,"key":"StuffTheSpire:NeowsTribute"}],"event_choices":[{"damage_healed":0,"gold_gain":0,"player_choice":"Disagree","damage_taken":0,"max_hp_gain":0,"max_hp_loss":0,"event_name":"conspire:LoneGhost","floor":3,"gold_loss":0},{"damage_healed":0,"gold_gain":0,"player_choice":"Grow","damage_taken":0,"max_hp_gain":0,"max_hp_loss":0,"event_name":"Living Wall","floor":4,"gold_loss":0,"cards_upgraded":["Prepared"]},{"cards_removed":["Defend_G"],"damage_healed":0,"gold_gain":0,"player_choice":"Purged","damage_taken":0,"max_hp_gain":0,"max_hp_loss":0,"event_name":"Purifier","floor":20,"gold_loss":0},{"damage_healed":0,"gold_gain":100,"player_choice":"Pray","damage_taken":0,"max_hp_gain":0,"max_hp_loss":0,"event_name":"Golden Shrine","floor":39,"gold_loss":0}],"is_beta":false,"boss_relics":[{"not_picked":["hubris:ScarierMask","Calling Bell"],"picked":"aspiration:PoetsPen_weak"},{"not_picked":["aspiration:SecretTechniqueScroll","hubris:GrandSneckoEye"],"picked":"aspiration:RitualDagger"}],"items_purged_floors":[2,30],"is_endless":false,"potions_floor_spawned":[1,7,12,13,14,16,23,25,27,28,29,42,46],"ascension_level":4}}