{"host":"6ld56ls1xbe0aj21","time":1610174322,"event":{"mods":["AchievementEnabler","BaseMod","Colored Powertips","Minty Spire (QoL Compilation)","Quick Restart","Rare Cards Sparkle","StSLib","SuperFastMode","everything is the same but u backflip on backflip","slay the spire mod where everything is the same but ironclad has a cowboy hat"],"gold_per_floor":[109,75,75,89,20,47,59,100,139,168,180,212,224,247,259,343,355,383,595,607,619,619],"floor_reached":21,"playtime":602,"items_purged":[],"score":375,"play_id":"291dbe5b-b989-454c-9f13-4f3f11a13aec","local_time":"20210109173842","is_ascension_mode":true,"campfire_choices":[{"data":"Combust","floor":7.0,"key":"SMITH"},{"data":"Twin Strike","floor":11.0,"key":"SMITH"},{"data":"Metallicize","floor":15.0,"key":"SMITH"}],"circlet_count":0,"master_deck":["AscendersBane","Strike_R","Strike_R","Strike_R","Strike_R","Strike_R","Defend_R","Defend_R","Defend_R","Defend_R","Bash","Whirlwind+1","Whirlwind+1","Combust+1","Twin Strike+1","Metallicize+1","Burning Pact","Ghostly Armor","Corruption","Disarm"],"relics":["Black Blood","NeowsBlessing","MawBank","Tiny Chest","Potion Belt"],"acts_visited":["Exordium","TheCity"],"potions_floor_usage":[],"damage_taken":[{"damage":0.0,"enemies":"Cultist","floor":1.0,"turns":1.0},{"damage":0.0,"enemies":"2 Louse","floor":4.0,"turns":1.0},{"damage":0.0,"enemies":"Gremlin Nob","floor":6.0,"turns":1.0},{"damage":12.0,"enemies":"3 Sentries","floor":8.0,"turns":3.0},{"damage":6.0,"enemies":"Small Slimes","floor":10.0,"turns":2.0},{"damage":8.0,"enemies":"2 Fungi Beasts","floor":12.0,"turns":3.0},{"damage":15.0,"enemies":"Lots of Slimes","floor":14.0,"turns":2.0},{"damage":23.0,"enemies":"The Guardian","floor":16.0,"turns":12.0},{"damage":39.0,"enemies":"2 Thieves","floor":18.0,"turns":4.0},{"damage":0.0,"enemies":"Chosen","floor":20.0,"turns":1.0},{"damage":52,"enemies":"Shelled Parasite and Fungi","floor":21,"turns":5}],"seed_played":"-4001487671358603091","potions_obtained":[{"floor":6.0,"key":"SmokeBomb"},{"floor":12.0,"key":"BlessingOfTheForge"},{"floor":14.0,"key":"LiquidBronze"}],"is_trial":false,"path_per_floor":["M","$","?","M","$","E","R","E","T","M","R","M","$","M","R","B",null,"M","?","M","M"],"character_chosen":"IRONCLAD","items_purchased":["Combust","Metallicize"],"campfire_rested":0,"item_purchase_floors":[2,5],"current_hp_per_floor":[74,74,74,75,75,75,75,69,69,69,69,67,67,58,58,41,67,40,40,52,0,0],"gold":619,"neow_bonus":"THREE_ENEMY_KILL","is_daily":false,"chose_seed":false,"campfire_upgraded":3,"win_rate":0.0,"timestamp":1610174322,"path_taken":["M","?","?","M","$","E","R","E","T","M","R","?","$","M","R","BOSS","M","?","?","M"],"items_purchased_type":["Card","Card"],"build_version":"2020-12-22","purchased_purges":0,"victory":false,"max_hp_per_floor":[75,75,75,75,75,75,75,75,75,75,75,75,75,75,75,75,75,75,75,75,75,75],"card_choices":[{"not_picked":["Heavy Blade","Blood for Blood"],"picked":"Whirlwind","floor":1.0},{"not_picked":["Heavy Blade","Blood for Blood"],"picked":"Whirlwind","floor":1.0},{"not_picked":["Whirlwind","Clothesline"],"picked":"Twin Strike","floor":4.0},{"not_picked":["Dark Embrace","Perfected Strike","Blood for Blood"],"picked":"SKIP","floor":6.0},{"not_picked":["Body Slam","True Grit","Perfected Strike"],"picked":"SKIP","floor":8.0},{"not_picked":["Perfected Strike","Clash"],"picked":"Burning Pact","floor":10.0},{"not_picked":["Havoc","Sword Boomerang","Cleave"],"picked":"SKIP","floor":12.0},{"not_picked":["Pommel Strike","Headbutt"],"picked":"Ghostly Armor","floor":14.0},{"not_picked":["Exhume","Bludgeon"],"picked":"Corruption","floor":16.0},{"not_picked":["Pummel+1","Anger"],"picked":"Disarm","floor":18.0}],"player_experience":309670,"relics_obtained":[{"floor":6.0,"key":"MawBank"},{"floor":8.0,"key":"Tiny Chest"},{"floor":9.0,"key":"Potion Belt"}],"event_choices":[{"damage_healed":0.0,"max_hp_gain":0.0,"max_hp_loss":0.0,"gold_gain":0.0,"event_name":"Upgrade Shrine","player_choice":"Upgraded","floor":3.0,"gold_loss":0.0,"damage_taken":0.0,"cards_upgraded":["Whirlwind"]},{"damage_healed":0.0,"max_hp_gain":0.0,"max_hp_loss":0.0,"gold_gain":200.0,"event_name":"Wheel of Change","player_choice":"Gold","floor":19.0,"gold_loss":0.0,"damage_taken":0.0}],"is_beta":false,"boss_relics":[{"not_picked":["Tiny House","Ectoplasm"],"picked":"Black Blood"}],"items_purged_floors":[],"is_endless":false,"potions_floor_spawned":[6,12,14,20],"killed_by":"Shelled Parasite and Fungi","ascension_level":15}}