{"host":"oh2im4g9zxdu5z5u","time":1610234323,"event":{"mods":["2.2 Compatiblity","AchievementEnabler","BaseMod","Colored Map","Colored Powertips","Downfall","Highlight Path","Minty Spire (QoL Compilation)","StSLib","everything is the same but u backflip on backflip"],"gold_per_floor":[99,274,274,290,4,30,30,43,73,90,107,107,124,274,294,393,393,393,410,510,18,34,34,34,45,56,70,82,82,82,82],"floor_reached":29,"playtime":2677,"items_purged":["Doubt"],"score":239,"play_id":"29df1b9d-9fe0-4457-84da-1a9b9242527e","local_time":"20210109171843","is_ascension_mode":false,"campfire_choices":[{"data":"hexamod:Float","floor":1,"key":"SMITH"},{"data":"Apotheosis","floor":12,"key":"SMITH"},{"floor":18,"key":"RECALL"},{"floor":23,"key":"REST"}],"circlet_count":0,"master_deck":["hexamod:Strike","hexamod:Strike","hexamod:Strike","hexamod:Defend","hexamod:Defend","hexamod:Defend","hexamod:Sear+1","hexamod:Float+1","hexamod:SpectersWail","hexamod:ThirdSeal","Apotheosis+1","hexamod:StepThrough","hexamod:RainOfEmbers","hexamod:ThermalTransfer","hexamod:EmpoweredFlame+1","hexamod:ShieldOfDarkness","hexamod:RadiantFlame+1","hexamod:GhostOfSpireFuture+1","hexamod:FastForward","hexamod:BurningTouch","Slimebound:Icky","hexamod:WildfireWeapon+1","hexamod:AdvancingGuard","hexamod:FifthSeal","hexamod:SpectersWail+1","hexamod:FirstSeal","hexamod:Hexaguard","hexamod:DynamicBlow+1","hexamod:TurnItUp","hexamod:NightmareGuise","hexamod:TimeWarp","hexamod:Firestarter"],"relics":["hexamod:SpiritBrand","Regal Pillow","Bottled Lightning","Frozen Egg 2","Empty Cage","White Beast Statue","Gremlin Horn"],"acts_visited":["Exordium","TheCity"],"potions_floor_usage":[20,20,28,29,29,29],"damage_taken":[{"damage":5,"enemies":"2 Louse","floor":4,"turns":3},{"damage":0,"enemies":"downfall:FleeingMerchant","floor":5,"turns":4},{"damage":6,"enemies":"Lagavulin","floor":6,"turns":7},{"damage":4,"enemies":"Small Slimes","floor":8,"turns":3},{"damage":6,"enemies":"Gremlin Nob","floor":9,"turns":4},{"damage":1,"enemies":"Cultist","floor":10,"turns":4},{"damage":0,"enemies":"Blue Slaver","floor":11,"turns":4},{"damage":7,"enemies":"Red Slaver","floor":13,"turns":3},{"damage":0,"enemies":"Exordium Wildlife","floor":15,"turns":4},{"damage":5,"enemies":"downfall:Ironclad","floor":16,"turns":7},{"damage":24,"enemies":"Shell Parasite","floor":19,"turns":8},{"damage":31,"enemies":"downfall:LadyInBlue","floor":20,"turns":11},{"damage":1,"enemies":"downfall:FleeingMerchant","floor":21,"turns":4},{"damage":24,"enemies":"Spheric Guardian","floor":22,"turns":7},{"damage":7,"enemies":"3 Cultists","floor":25,"turns":6},{"damage":2,"enemies":"Snake Plant","floor":26,"turns":3},{"damage":15,"enemies":"Chosen and Byrds","floor":27,"turns":6},{"damage":20,"enemies":"Shelled Parasite and Fungi","floor":28,"turns":6},{"damage":26,"enemies":"Book of Stabbing","floor":29,"turns":5}],"seed_played":"5333917394548380761","potions_obtained":[{"floor":6,"key":"DistilledChaos"},{"floor":8,"key":"Ancient Potion"},{"floor":11,"key":"Fire Potion"},{"floor":13,"key":"Fire Potion"},{"floor":19,"key":"ColorlessPotion"},{"floor":20,"key":"hexamod:DoubleChargePotion"},{"floor":20,"key":"hexamod:InfernoChargePotion"},{"floor":20,"key":"SkillPotion"},{"floor":28,"key":"SteroidPotion"}],"is_trial":false,"path_per_floor":["R","?","?","M","$","E","T","M","E","M","M","R","M","?","M","B",null,"R","M","?","$","M","R","T","M","M","M","M","E"],"character_chosen":"THE_SPIRIT","items_purchased":["Apotheosis","hexamod:StepThrough","hexamod:TimeWarp","Gremlin Horn"],"campfire_rested":1,"item_purchase_floors":[5,5,21,21],"current_hp_per_floor":[77,77,77,72,72,66,66,62,56,55,55,55,48,48,48,43,77,77,53,29,35,18,56,56,56,54,46,26,0,0,0],"gold":82,"neow_bonus":"TEN_PERCENT_HP_BONUS","is_daily":false,"chose_seed":false,"campfire_upgraded":2,"win_rate":0.0,"timestamp":1610234323,"path_taken":["R","?","?","M","$","E","T","M","E","M","M","R","?","?","M","BOSS","R","M","?","$","M","R","T","M","M","M","M","E"],"items_purchased_type":["Card","Card","Card","Relic"],"build_version":"2020-12-22","purchased_purges":1,"victory":false,"max_hp_per_floor":[77,77,77,77,77,77,77,77,77,77,77,77,77,77,77,77,77,77,77,77,77,77,77,77,77,77,77,77,77,77,77],"card_choices":[{"not_picked":["hexamod:InspiringFlames","hexamod:HauntingEcho"],"picked":"hexamod:SpectersWail","floor":4},{"not_picked":["hexamod:RecurringNightmare","hexamod:ThermalTransfer"],"picked":"hexamod:ThirdSeal","floor":5},{"not_picked":["hexamod:BurningTouch","hexamod:ThirdSeal"],"picked":"hexamod:RainOfEmbers","floor":6},{"not_picked":["hexamod:Incineration","hexamod:HauntingEcho"],"picked":"hexamod:ThermalTransfer","floor":6},{"not_picked":["hexamod:HeatShield","hexamod:GhostLash","hexamod:GhostShield"],"picked":"SKIP","floor":8},{"not_picked":["hexamod:ThermalTransfer","hexamod:EtherealExpedition"],"picked":"hexamod:EmpoweredFlame+1","floor":9},{"not_picked":["hexamod:HauntingEcho","hexamod:GhostLash"],"picked":"hexamod:ShieldOfDarkness","floor":9},{"not_picked":["hexamod:NightmareGuise","hexamod:CrushingStance"],"picked":"hexamod:RadiantFlame+1","floor":10},{"not_picked":["hexamod:ShieldOfDarkness","hexamod:SwordOfDarkness"],"picked":"hexamod:GhostOfSpireFuture+1","floor":11},{"not_picked":["hexamod:Haunt","hexamod:HeatCrush"],"picked":"hexamod:FastForward","floor":11},{"not_picked":["hexamod:GhostShield","hexamod:HauntingEcho"],"picked":"hexamod:BurningTouch","floor":13},{"not_picked":["hexamod:GhostOfSpirePresent+1","hexamod:Haunt"],"picked":"hexamod:WildfireWeapon+1","floor":15},{"not_picked":["hexamod:SpectersWail","hexamod:NightmareGuise"],"picked":"hexamod:AdvancingGuard","floor":15},{"not_picked":["hexamod:CrushingStance","hexamod:SixthSeal"],"picked":"hexamod:FifthSeal","floor":16},{"not_picked":["hexamod:GhostShield","hexamod:ExtraCrispy+1"],"picked":"hexamod:SpectersWail+1","floor":19},{"not_picked":["hexamod:SecondSeal","hexamod:ThirdSeal"],"picked":"hexamod:FirstSeal","floor":19},{"not_picked":["hexamod:HauntingEcho","hexamod:SwordOfDarkness"],"picked":"hexamod:Hexaguard","floor":19},{"not_picked":["hexamod:Hexaguard","hexamod:BacktrackSmack"],"picked":"hexamod:DynamicBlow+1","floor":20},{"not_picked":["hexamod:HeatShield","hexamod:EmpoweredFlame+1"],"picked":"hexamod:TurnItUp","floor":21},{"not_picked":["hexamod:ThermalTransfer","hexamod:SpectersWail"],"picked":"hexamod:NightmareGuise","floor":21},{"not_picked":["hexamod:GhostOfSpireFuture+1","hexamod:Hexaguard","hexamod:SpectralAdrenaline"],"picked":"SKIP","floor":22},{"not_picked":["hexamod:SpectersWail+1","hexamod:HeatShield","hexamod:StepThrough"],"picked":"SKIP","floor":22},{"not_picked":["hexamod:GhostLash","hexamod:NecessarySacrifice+1","hexamod:AdvancingGuard+1"],"picked":"SKIP","floor":25},{"not_picked":["hexamod:GhostOfSpirePresent+1","hexamod:SwordOfDarkness+1"],"picked":"hexamod:Firestarter","floor":26},{"not_picked":["hexamod:StepThrough+1","hexamod:BurningTouch","hexamod:GhostLash"],"picked":"SKIP","floor":27},{"not_picked":["hexamod:GhostLash","hexamod:BurningTouch","hexamod:FastForward+1"],"picked":"SKIP","floor":27},{"not_picked":["hexamod:HauntingEcho","hexamod:BurningTouch+1","hexamod:SkipABeat+1"],"picked":"SKIP","floor":28}],"player_experience":33551,"relics_obtained":[{"floor":6,"key":"Regal Pillow"},{"floor":7,"key":"Bottled Lightning"},{"floor":9,"key":"Frozen Egg 2"},{"floor":20,"key":"White Beast Statue"}],"event_choices":[{"damage_healed":0,"gold_gain":0,"player_choice":"Upgraded","damage_taken":0,"max_hp_gain":0,"max_hp_loss":0,"event_name":"Upgrade Shrine","floor":3,"gold_loss":0,"cards_upgraded":["hexamod:Sear"]}],"is_beta":false,"boss_relics":[{"not_picked":["SacredBark","Sozu"],"picked":"Empty Cage"}],"items_purged_floors":[21],"is_endless":false,"potions_floor_spawned":[6,8,11,13,16,19,21,22,25,26,27,28],"killed_by":"Book of Stabbing","ascension_level":0}}