{"host":"o5jvvi5yapo90aia","time":1610210887,"event":{"mods":["BaseMod","CapriCore","Minty Spire (QoL Compilation)","MostiFishMod","Prisma Mod","Spicy Shops","StSLib","TestMod","The Immortal","Yakumo Yukari mod","【人物mod】游戏王New YuGiOh mod","【功能Mod】Neow奖励"],"gold_per_floor":[113,388,400,44,55,55,81,92,92,127,145,157,191,203,203,282,282,294,294,32,47,67,67,105,125,125,155,205,225,259,259,259,345,345,370,378,378,399,419,419,455,455,455,478,505,550,550,589,589,601,610,610,610,16,76,96],"floor_reached":57,"playtime":9679,"items_purged":["Regret","Strike_R","Bash+1"],"score":3623,"play_id":"6cfb7adc-a56b-4bc2-b9c1-8debb0e59a83","local_time":"20210110004807","is_ascension_mode":true,"campfire_choices":[{"data":"Strike_R","floor":6.0,"key":"PURGE"},{"data":"Strike_R","floor":15.0,"key":"PURGE"},{"data":"MostiFishMod:HellRitual","floor":23,"key":"SMITH"},{"data":"Limit Break","floor":32,"key":"SMITH"},{"data":"Body Slam+1","floor":40,"key":"PURGE"},{"data":"MostiFishMod:HellRitual+1","floor":42,"key":"PURGE"},{"floor":49,"key":"RECALL"},{"data":"Second Wind+1","floor":53,"key":"PURGE"}],"circlet_count":0,"master_deck":["Defend_R+1","Defend_R+1","Defend_R+1","Disarm+1","LoveAcrossDimensions_purple+1","Acrobatics+1","Limit Break+1","Body Slam+1","MostiFishMod:RacingGame+1","Shockwave+1","MostiFishMod:KingOfFree"],"relics":["DaveBox","testmod-TestBox","testmod-TimeTraveler","ShadowXiaoBlade","testmod-BlackFramedGlasses","testmod-HeartOfDaVinci","DianDianMeat","Matryoshka","ThegodofHakurei_purpleEX","Calling Bell","testmod-Acrobat","Shuriken","BionicSphere","PrismaticShard","testmod-Antiphasic","Regal Pillow","Anchor","Paper Frog","testmod-CardMagician","SynthV:C4","Ancient Tea Set","testmod-Justice","Letter Opener","Bottled Lightning"],"acts_visited":["Exordium","TheCity","TheBeyond","TheEnding"],"potions_floor_usage":[27,27,33,56,56,56],"damage_taken":[{"damage":0.0,"enemies":"Jaw Worm","floor":1.0,"turns":2.0},{"damage":2.0,"enemies":"Cultist","floor":3.0,"turns":2.0},{"damage":0.0,"enemies":"2 Louse","floor":5.0,"turns":2.0},{"damage":21.0,"enemies":"Lagavulin","floor":7.0,"turns":4.0},{"damage":1.0,"enemies":"Looter","floor":8.0,"turns":2.0},{"damage":5.0,"enemies":"3 Sentries","floor":10.0,"turns":5.0},{"damage":1.0,"enemies":"2 Fungi Beasts","floor":11.0,"turns":3.0},{"damage":8.0,"enemies":"Blue Slaver","floor":12.0,"turns":2.0},{"damage":8.0,"enemies":"Gremlin Nob","floor":13.0,"turns":3.0},{"damage":11.0,"enemies":"Lots of Slimes","floor":14.0,"turns":3.0},{"damage":0.0,"enemies":"The Guardian","floor":16.0,"turns":6.0},{"damage":0.0,"enemies":"Chosen","floor":18.0,"turns":3.0},{"damage":9,"enemies":"2 Thieves","floor":21,"turns":3},{"damage":0,"enemies":"Chosen and Byrds","floor":22,"turns":5},{"damage":9,"enemies":"Gremlin Leader","floor":24,"turns":7},{"damage":0,"enemies":"Snake Plant","floor":25,"turns":3},{"damage":9,"enemies":"Slavers","floor":27,"turns":6},{"damage":3,"enemies":"Centurion and Healer","floor":29,"turns":5},{"damage":0,"enemies":"Gremlin Leader","floor":30,"turns":6},{"damage":54,"enemies":"Collector","floor":33,"turns":6},{"damage":2,"enemies":"3 Shapes","floor":35,"turns":4},{"damage":12,"enemies":"3 Shapes","floor":36,"turns":8},{"damage":0,"enemies":"Orb Walker","floor":38,"turns":3},{"damage":0,"enemies":"Writhing Mass","floor":39,"turns":3},{"damage":27,"enemies":"Reptomancer","floor":41,"turns":4},{"damage":0,"enemies":"Sphere and 2 Shapes","floor":44,"turns":5},{"damage":0,"enemies":"Maw","floor":45,"turns":3},{"damage":0,"enemies":"Nemesis","floor":46,"turns":3},{"damage":0,"enemies":"Giant Head","floor":48,"turns":2},{"damage":0,"enemies":"Awakened One","floor":50,"turns":3},{"damage":0,"enemies":"Time Eater","floor":51,"turns":3},{"damage":0,"enemies":"Shield and Spear","floor":55,"turns":1},{"damage":0,"enemies":"The Heart","floor":56,"turns":1}],"seed_played":"6800674459227711882","potions_obtained":[{"floor":1.0,"key":"Ancient Potion"},{"floor":7.0,"key":"Explosive Potion"},{"floor":25,"key":"FearPotion"},{"floor":29,"key":"FearPotion"},{"floor":39,"key":"ElixirPotion"},{"floor":44,"key":"Regen Potion"},{"floor":48,"key":"ColorlessPotion"}],"is_trial":false,"path_per_floor":["M","?","M","$","M","R","E","M","T","E","M","M","E","M","R","B",null,"M","?","$","M","M","R","E","M","T","E","?","M","E","?","R","B",null,"M","?","?","M","M","R","E","R","T","M","M","E","?","E","R","B","B",null,"R","$","E","B",null],"character_chosen":"IRONCLAD","items_purchased":["testmod-HeartOfDaVinci","PrismaticShard","MostiFishMod:KingOfFree","PowerPotion"],"campfire_rested":0,"item_purchase_floors":[4,20,54,54],"current_hp_per_floor":[71,71,72,72,75,75,56,58,58,60,63,58,54,47,47,57,76,81,81,81,73,84,84,86,90,90,83,83,93,103,120,120,79,117,132,153,153,153,153,153,128,128,128,133,136,139,163,163,163,163,163,163,163,176,176,176],"gold":96,"neow_bonus":"BOSS_RELIC","is_daily":false,"chose_seed":false,"campfire_upgraded":2,"win_rate":0.0,"timestamp":1610210887,"path_taken":["M","?","?","$","M","R","E","M","T","E","M","M","E","M","R","BOSS","M","?","$","?","M","R","E","M","T","E","?","M","E","?","R","BOSS","M","?","?","?","M","R","E","R","T","M","M","E","?","E","R","BOSS","BOSS","R","$","E","BOSS"],"items_purchased_type":["Relic","Relic","Card","Potion"],"build_version":"2020-12-22","purchased_purges":3,"victory":true,"max_hp_per_floor":[75,75,75,75,75,75,75,75,75,76,76,76,76,76,76,78,81,81,81,81,81,85,85,90,90,90,90,90,96,103,120,120,130,130,141,153,153,153,153,153,153,153,153,153,153,153,163,163,163,163,163,163,163,176,176,176],"card_choices":[{"not_picked":["Rage","Warcry"],"picked":"Disarm","floor":1.0},{"not_picked":["Clash","Wild Strike","Perfected Strike"],"picked":"SKIP","floor":3.0},{"not_picked":["Armaments","Thunderclap","Havoc"],"picked":"SKIP","floor":5.0},{"not_picked":["Thunderclap","Carnage","Armaments"],"picked":"SKIP","floor":7.0},{"not_picked":["Clothesline","Perfected Strike","Wild Strike"],"picked":"SKIP","floor":8.0},{"not_picked":["Power Through","Pommel Strike","Dark Embrace"],"picked":"SKIP","floor":10.0},{"not_picked":["Anger","Havoc","Combust"],"picked":"SKIP","floor":11.0},{"not_picked":["Feel No Pain","Carnage","Intimidate"],"picked":"SKIP","floor":12.0},{"not_picked":["Clothesline","Cleave","Pummel"],"picked":"SKIP","floor":13.0},{"not_picked":["MostiFishMod:UltimateDefense","Body Slam","MostiFishMod:BrandingRite"],"picked":"SKIP","floor":14.0},{"not_picked":["MostiFishMod:KnuckleDown","MostiFishMod:Chiaki"],"picked":"MostiFishMod:HellRitual","floor":16.0},{"not_picked":["Anger+1","Rampage","Pommel Strike"],"picked":"SKIP","floor":18.0},{"not_picked":["Pommel Strike","Dodge and Roll","Collect+1"],"picked":"SKIP","floor":21},{"not_picked":["MetroBOOM_purple","True Grit"],"picked":"Body Slam","floor":22},{"not_picked":["PrismaMod:IllyaRubysPotion","testmod-Provocation"],"picked":"MostiFishMod:FullyArmed","floor":24},{"not_picked":["FlyingSleeves","MeetDecomposer_purple","MokouMod:Firecracker"],"picked":"SKIP","floor":25},{"not_picked":["MokouMod:IndiscriminateIgnition","testmod-Bloodthirsty+1","EmptyFist"],"picked":"SKIP","floor":27},{"not_picked":["PathToVictory","testmod-SubstituteBySubterfuge"],"picked":"Acrobatics","floor":29},{"not_picked":["Eviscerate+1","Dramatic Entrance"],"picked":"Limit Break","floor":30},{"not_picked":["MostiFishMod:KamiSmash","MostiFishMod:OutWit"],"picked":"MostiFishMod:RacingGame","floor":33},{"not_picked":["PrismaMod:ChloeDemonicTutor+1","Sanctity"],"picked":"Second Wind","floor":35},{"not_picked":["MostiFishMod:GatherIntelligence+1","Charmbait_purple"],"picked":"Shockwave","floor":36},{"not_picked":["Anger","PrismaMod:ChloeCheapAttack","Quick Slash+1"],"picked":"SKIP","floor":38},{"not_picked":["PrismaMod:IllyaUberDefendChannel","Worldmountain_purple","Warcry"],"picked":"SKIP","floor":39},{"not_picked":["Crippling Poison+1","WasteWire_Metro_purple","PrismaMod:IllyaPartialInstallAssassin"],"picked":"SKIP","floor":41},{"not_picked":["MokouMod:FlickeringFlame","DemoHunter","PrismaMod:ChloeCheapDefendTwo"],"picked":"SKIP","floor":44},{"not_picked":["MokouMod:UncontrollableSolarReaction+1","FollowUp","PrismaMod:MiyuEvokeBuffDex"],"picked":"SKIP","floor":45},{"not_picked":["Metallicize+1","WreathOfFlame","Flex+1"],"picked":"SKIP","floor":46},{"not_picked":["WreathOfFlame","Escape Plan+1","testmod-RepeatForm"],"picked":"SKIP","floor":48},{"not_picked":["PrismaMod:ChloeRuleBreaker","CrushJoints","DragonOrigin"],"picked":"SKIP","floor":55}],"player_experience":1395837,"relics_obtained":[{"floor":7.0,"key":"DianDianMeat"},{"floor":9.0,"key":"Matryoshka"},{"floor":10.0,"key":"ThegodofHakurei_purpleEX"},{"floor":17.0,"key":"testmod-Acrobat"},{"floor":17.0,"key":"Shuriken"},{"floor":17.0,"key":"BionicSphere"},{"floor":24,"key":"testmod-Antiphasic"},{"floor":26,"key":"Regal Pillow"},{"floor":27,"key":"Anchor"},{"floor":30,"key":"Paper Frog"},{"floor":41,"key":"SynthV:C4"},{"floor":43,"key":"Ancient Tea Set"},{"floor":43,"key":"testmod-Justice"},{"floor":48,"key":"Letter Opener"},{"floor":55,"key":"Bottled Lightning"}],"event_choices":[{"damage_healed":0.0,"max_hp_gain":0.0,"max_hp_loss":0.0,"gold_gain":275.0,"event_name":"Golden Shrine","player_choice":"Desecrate","floor":2.0,"gold_loss":0.0,"damage_taken":0.0,"cards_obtained":["Regret"]},{"cards_removed":["Strike_R"],"damage_healed":0.0,"max_hp_gain":0.0,"max_hp_loss":0.0,"gold_gain":0.0,"event_name":"Purifier","player_choice":"Purged","floor":19.0,"gold_loss":0.0,"damage_taken":0.0},{"damage_healed":0,"gold_gain":50,"player_choice":"Stole From Cult","damage_taken":0,"max_hp_gain":0,"max_hp_loss":0,"event_name":"Nest","floor":28,"gold_loss":0},{"damage_healed":0,"gold_gain":0,"cards_transformed":["Defend_R","Strike_R"],"player_choice":"Became Test Subject","damage_taken":0,"max_hp_gain":0,"max_hp_loss":0,"event_name":"Drug Dealer","floor":31,"gold_loss":0,"cards_obtained":["MostiFishMod:KnuckleDown","Body Slam"]},{"damage_healed":0,"gold_gain":0,"player_choice":"Ignored","damage_taken":0,"max_hp_gain":0,"max_hp_loss":0,"event_name":"SecretPortal","floor":37,"gold_loss":0},{"cards_removed":["MostiFishMod:KnuckleDown"],"damage_healed":14,"gold_gain":0,"player_choice":"Offered Rare","damage_taken":0,"max_hp_gain":10,"max_hp_loss":0,"event_name":"Bonfire Elementals","floor":47,"gold_loss":0}],"is_beta":false,"boss_relics":[{"not_picked":["NightmareShop","testmod-StringDisintegrator"],"picked":"Calling Bell"},{"not_picked":["Sozu","GreenFoldingFan"],"picked":"testmod-CardMagician"}],"items_purged_floors":[4,20,54],"is_endless":false,"potions_floor_spawned":[1,7,8,12,18,21,25,29,36,39,44,48],"ascension_level":20}}