{"host":"roqztpbdbchtekes","time":1610211841,"event":{"mods":["A Magickal Journey","AchievementEnabler","BaseMod","Better Note","Better Third Choice","BetterRewards","Block Reminder","Colored Map","Colored Powertips","Curses Come First","DeckTracker","Minty Spire (QoL Compilation)","Relic Stats","Spicy Shops","StSLib"],"gold_per_floor":[116,116,116,129,129,129,154,164,164,174,32,64,80,93,93,191,191,206,206,30,129,144,144,173,173,173,173,173],"floor_reached":27,"playtime":1782,"items_purged":["Pain","Strike_B"],"score":306,"play_id":"49cf30e3-068f-4ac9-8e10-3e849789f54d","local_time":"20210109180401","is_ascension_mode":true,"campfire_choices":[{"data":"Zap","floor":6,"key":"SMITH"},{"data":"Chaos","floor":15,"key":"SMITH"},{"data":"Darkness","floor":23,"key":"SMITH"},{"data":"Machine Learning","floor":25,"key":"SMITH"}],"circlet_count":0,"master_deck":["Strike_B","Strike_B","Strike_B","Defend_B","Defend_B","Defend_B+1","Defend_B","Zap+1","Dualcast","Doom and Gloom+1","BattleHymn+1","Go for the Eyes","Ball Lightning","Machine Learning+1","Chaos+1","Darkness+1","Amplify","Capacitor+1","Compile Driver"],"relics":["Cracked Core","NeowsBlessing","Pantograph","WarpedTongs","Bag of Preparation","Sundial","TungstenRod","Dream Catcher","Philosopher\u0027s Stone","Tiny Chest","Gremlin Horn"],"acts_visited":["Exordium","TheCity"],"potions_floor_usage":[10,27],"damage_taken":[{"damage":0,"enemies":"Small Slimes","floor":1,"turns":1},{"damage":0,"enemies":"2 Louse","floor":4,"turns":1},{"damage":1,"enemies":"Gremlin Nob","floor":7,"turns":1},{"damage":1,"enemies":"Cultist","floor":8,"turns":3},{"damage":7,"enemies":"Lots of Slimes","floor":10,"turns":2},{"damage":17,"enemies":"Lagavulin","floor":12,"turns":5},{"damage":0,"enemies":"Large Slime","floor":13,"turns":4},{"damage":3,"enemies":"3 Louse","floor":14,"turns":2},{"damage":6,"enemies":"Hexaghost","floor":16,"turns":7},{"damage":10,"enemies":"3 Byrds","floor":18,"turns":4},{"damage":12,"enemies":"Chosen","floor":22,"turns":3},{"damage":15,"enemies":"Gremlin Leader","floor":24,"turns":5},{"damage":51,"enemies":"Slavers","floor":27,"turns":2}],"seed_played":"-4749120833362445133","potions_obtained":[{"floor":4,"key":"Ancient Potion"},{"floor":7,"key":"SpeedPotion"},{"floor":8,"key":"LiquidMemories"},{"floor":24,"key":"Regen Potion"}],"is_trial":false,"path_per_floor":["M","?","?","M","?","R","E","M","T","M","$","E","M","M","R","B",null,"M","?","$","?","M","R","E","R","T","E"],"character_chosen":"DEFECT","items_purchased":["TungstenRod","Tiny Chest"],"campfire_rested":0,"item_purchase_floors":[11,20],"current_hp_per_floor":[75,67,52,52,52,52,51,50,50,43,43,26,26,23,23,42,75,65,65,65,65,53,53,38,38,38,0,0],"gold":173,"neow_bonus":"THREE_ENEMY_KILL","is_daily":false,"chose_seed":false,"campfire_upgraded":4,"win_rate":0.0,"timestamp":1610211841,"path_taken":["M","?","?","M","?","R","E","?","T","M","$","E","?","M","R","BOSS","M","?","$","?","M","R","E","R","T","E"],"items_purchased_type":["Relic","Relic"],"build_version":"2020-12-22","purchased_purges":2,"victory":false,"max_hp_per_floor":[75,75,75,75,75,75,75,75,75,75,75,75,75,75,75,75,75,75,75,75,75,75,75,75,75,75,75,75],"relic_stats":{"Dream Catcher":0,"Gremlin Horn":[6,6],"counters":[76,364],"Sundial":[6],"Pantograph":25,"Tiny Chest":0,"Bag of Preparation":[20],"obtain_stats":[{"Ice Cream":19,"Gremlin Horn":26,"CeramicFish":46,"Whetstone":0,"Ginger":36,"Blood Vial":0,"Centennial Puzzle":12,"Lizard Tail":28,"Sundial":9,"DollysMirror":45,"Philosopher\u0027s Stone":17,"Kunai":42,"Toxic Egg 2":37,"Girya":0,"Dead Branch":10,"Oddly Smooth Stone":19,"War Paint":26,"Paper Crane":54,"Akabeko":22,"WarpedTongs":5,"SlaversCollar":34,"Shuriken":45,"Pandora\u0027s Box":34,"Ring of the Serpent":17,"Pocketwatch":48,"Meat on the Bone":6,"Lantern":0,"Singing Bowl":23,"Snake Skull":14,"Juzu Bracelet":14,"Bag of Preparation":7,"Empty Cage":17,"Nunchaku":7,"Dream Catcher":12,"TheAbacus":28,"Pantograph":2,"Tiny Chest":7,"Red Mask":39,"Chemical X":0,"Ring of the Snake":0,"Runic Pyramid":34,"NeowsBlessing":0,"Golden Idol":5,"The Courier":30,"White Beast Statue":43,"Strange Spoon":0,"Bloody Idol":31,"Ectoplasm":17,"Bag of Marbles":4,"Toy Ornithopter":24,"TungstenRod":11},{"Ice Cream":26,"Gremlin Horn":50,"CeramicFish":35,"Whetstone":17,"Ginger":55,"Blood Vial":17,"Centennial Puzzle":6,"Lizard Tail":12,"Sundial":3,"DollysMirror":35,"Philosopher\u0027s Stone":72,"Kunai":35,"Toxic Egg 2":55,"Girya":17,"Dead Branch":4,"Oddly Smooth Stone":26,"War Paint":11,"Paper Crane":38,"Akabeko":8,"WarpedTongs":65,"SlaversCollar":32,"Shuriken":35,"Pandora\u0027s Box":53,"Ring of the Serpent":7,"Pocketwatch":36,"Meat on the Bone":42,"Lantern":39,"Singing Bowl":9,"Snake Skull":6,"Juzu Bracelet":24,"Bag of Preparation":66,"Empty Cage":25,"Nunchaku":21,"Dream Catcher":69,"TheAbacus":12,"Pantograph":64,"Tiny Chest":3,"Red Mask":56,"Chemical X":17,"Ring of the Snake":0,"Runic Pyramid":15,"NeowsBlessing":0,"Golden Idol":41,"The Courier":30,"White Beast Statue":35,"Strange Spoon":39,"Bloody Idol":52,"Ectoplasm":46,"Bag of Marbles":2,"Toy Ornithopter":50,"TungstenRod":68},{"Ice Cream":140,"Gremlin Horn":249,"CeramicFish":169,"Whetstone":86,"Ginger":286,"Blood Vial":86,"Centennial Puzzle":15,"Lizard Tail":50,"Sundial":3,"DollysMirror":169,"Philosopher\u0027s Stone":350,"Kunai":169,"Toxic Egg 2":286,"Girya":86,"Dead Branch":5,"Oddly Smooth Stone":140,"War Paint":45,"Paper Crane":178,"Akabeko":27,"WarpedTongs":326,"SlaversCollar":161,"Shuriken":169,"Pandora\u0027s Box":283,"Ring of the Serpent":23,"Pocketwatch":170,"Meat on the Bone":202,"Lantern":183,"Singing Bowl":32,"Snake Skull":15,"Juzu Bracelet":128,"Bag of Preparation":327,"Empty Cage":137,"Nunchaku":107,"Dream Catcher":337,"TheAbacus":50,"Pantograph":325,"Tiny Chest":3,"Red Mask":290,"Chemical X":86,"Ring of the Snake":0,"Runic Pyramid":79,"NeowsBlessing":0,"Golden Idol":191,"The Courier":153,"White Beast Statue":169,"Strange Spoon":183,"Bloody Idol":257,"Ectoplasm":229,"Bag of Marbles":2,"Toy Ornithopter":249,"TungstenRod":332}],"TungstenRod":24,"WarpedTongs":[38]},"card_choices":[{"not_picked":["Sweeping Beam","Coolheaded"],"picked":"Doom and Gloom","floor":1},{"not_picked":["Storm","Steam"],"picked":"Go for the Eyes","floor":4},{"not_picked":["Turbo","Rebound"],"picked":"Ball Lightning","floor":7},{"not_picked":["BootSequence","Rebound"],"picked":"Machine Learning","floor":8},{"not_picked":["Undo","Gash","Barrage"],"picked":"SKIP","floor":10},{"not_picked":["BootSequence","Darkness"],"picked":"Chaos","floor":12},{"not_picked":["Gash","Doom and Gloom","Aggregate"],"picked":"SKIP","floor":13},{"not_picked":["Reinforced Body","FTL"],"picked":"Darkness","floor":14},{"not_picked":["Machine Learning","Buffer"],"picked":"Amplify","floor":16},{"not_picked":["Scrape","Gash"],"picked":"Capacitor+1","floor":18},{"not_picked":["Reprogram","Go for the Eyes","Stack"],"picked":"SKIP","floor":22},{"not_picked":["Stack+1","Redo","Double Energy"],"picked":"SKIP","floor":24}],"player_experience":287420,"relics_obtained":[{"floor":7,"key":"Bag of Preparation"},{"floor":9,"key":"Sundial"},{"floor":12,"key":"Dream Catcher"},{"floor":24,"key":"Gremlin Horn"}],"event_choices":[{"damage_healed":67,"gold_gain":0,"player_choice":"Upgrade","damage_taken":15,"max_hp_gain":0,"max_hp_loss":75,"event_name":"betterThird:BetterShining","floor":3,"gold_loss":0,"cards_upgraded":["Defend_B","Doom and Gloom"]},{"damage_healed":0,"gold_gain":0,"player_choice":"Rummage","damage_taken":0,"relics_obtained":["WarpedTongs"],"max_hp_gain":0,"max_hp_loss":0,"event_name":"Accursed Blacksmith","floor":5,"gold_loss":0,"cards_obtained":["Pain"]},{"damage_healed":0,"gold_gain":0,"player_choice":"Read","damage_taken":0,"max_hp_gain":0,"max_hp_loss":0,"event_name":"The Library","floor":19,"gold_loss":0,"cards_obtained":["Compile Driver"]},{"damage_healed":0,"gold_gain":99,"player_choice":"Steal","damage_taken":0,"max_hp_gain":0,"max_hp_loss":0,"event_name":"betterThird:BetterNest","floor":21,"gold_loss":0}],"is_beta":false,"boss_relics":[{"not_picked":["Busted Crown","SlaversCollar"],"picked":"Philosopher\u0027s Stone"}],"items_purged_floors":[11,20],"is_endless":false,"potions_floor_spawned":[4,7,8,13,16,24],"killed_by":"Slavers","ascension_level":3}}