{"host":"bxn2em57qlx5u4i0","time":1610229048,"event":{"mods":["BaseMod","Colored Map","Colored Powertips","Highlight Path","Minty Spire (QoL Compilation)","Random Character Button","Relic Sorter","Relic Stats","StSLib","SuperFastMode"],"gold_per_floor":[113,113,35,46,46,46,74,74,146,146,161,161,194,119,119,194,194,209,220,77,77,77,77,77],"floor_reached":23,"playtime":471,"items_purged":["Strike_G","Strike_G"],"score":490,"play_id":"12c2217a-f5b8-4764-a092-53aa856144c7","local_time":"20210109165048","is_ascension_mode":true,"campfire_choices":[{"data":"Noxious Fumes","floor":6.0,"key":"SMITH"},{"data":"Leg Sweep","floor":8.0,"key":"SMITH"},{"data":"Dagger Spray","floor":10.0,"key":"SMITH"},{"data":"Predator","floor":15.0,"key":"SMITH"}],"circlet_count":0,"master_deck":["AscendersBane","Strike_G","Strike_G","Strike_G","Defend_G","Defend_G","Defend_G","Defend_G","Defend_G","Survivor","Neutralize","Dagger Throw+1","Noxious Fumes+1","Dagger Spray+1","Leg Sweep+1","Predator+1","Bullet Time","Prepared","Bouncing Flask+1","Calculated Gamble"],"relics":["Ring of the Snake","NeowsBlessing","PreservedInsect","Omamori","Black Star","Eternal Feather","Dream Catcher"],"acts_visited":["Exordium","TheCity"],"potions_floor_usage":[23],"damage_taken":[{"damage":0.0,"enemies":"Jaw Worm","floor":1.0,"turns":1.0},{"damage":0.0,"enemies":"Cultist","floor":4.0,"turns":1.0},{"damage":0.0,"enemies":"Gremlin Nob","floor":7.0,"turns":1.0},{"damage":0.0,"enemies":"2 Louse","floor":11.0,"turns":3.0},{"damage":0.0,"enemies":"3 Sentries","floor":13.0,"turns":4.0},{"damage":11.0,"enemies":"The Guardian","floor":16.0,"turns":13.0},{"damage":11.0,"enemies":"Shell Parasite","floor":18.0,"turns":5.0},{"damage":24.0,"enemies":"2 Thieves","floor":19.0,"turns":5.0},{"damage":29,"enemies":"Book of Stabbing","floor":23,"turns":4}],"seed_played":"-1157509379394985610","potions_obtained":[{"floor":1.0,"key":"Block Potion"},{"floor":5.0,"key":"Regen Potion"},{"floor":11.0,"key":"Dexterity Potion"},{"floor":13.0,"key":"Poison Potion"},{"floor":18.0,"key":"Ancient Potion"}],"is_trial":false,"path_per_floor":["M","?","$","M","?","R","E","R","T","R","M","?","E","$","R","B",null,"M","M","$","?","T","E"],"character_chosen":"THE_SILENT","items_purchased":["Noxious Fumes","Calculated Gamble"],"campfire_rested":0,"item_purchase_floors":[3,20],"current_hp_per_floor":[59,59,59,59,59,59,59,59,59,59,59,59,59,59,59,48,62,51,27,27,27,27,0,0],"gold":77,"neow_bonus":"THREE_ENEMY_KILL","is_daily":false,"chose_seed":false,"campfire_upgraded":4,"win_rate":0.0,"timestamp":1610229048,"path_taken":["M","?","$","M","?","R","E","R","T","R","?","?","E","$","R","BOSS","M","M","$","?","?","E"],"items_purchased_type":["Card","Card"],"build_version":"2020-12-22","purchased_purges":2,"victory":false,"max_hp_per_floor":[66,66,66,66,66,66,66,66,66,66,66,66,66,66,66,66,66,66,66,66,66,66,66,66],"relic_stats":{"Dream Catcher":0,"counters":[9,37],"Eternal Feather":0,"PreservedInsect":78,"Black Star":0,"obtain_stats":[{"Dream Catcher":22,"NeowsBlessing":0,"Eternal Feather":21,"PreservedInsect":7,"Omamori":13,"Black Star":17,"Ring of the Snake":0},{"Dream Catcher":8,"NeowsBlessing":0,"Eternal Feather":8,"PreservedInsect":3,"Omamori":5,"Black Star":6,"Ring of the Snake":0},{"Dream Catcher":33,"NeowsBlessing":0,"Eternal Feather":33,"PreservedInsect":3,"Omamori":10,"Black Star":23,"Ring of the Snake":0}],"Ring of the Snake":[18]},"card_choices":[{"not_picked":["Backstab","Reflex"],"picked":"Dagger Throw","floor":1.0},{"not_picked":["Bane","Finisher"],"picked":"Dagger Spray","floor":4.0},{"not_picked":["Concentrate","Quick Slash"],"picked":"Leg Sweep","floor":7.0},{"not_picked":["Backstab","Quick Slash","Cloak And Dagger"],"picked":"SKIP","floor":11.0},{"not_picked":["Backstab","Quick Slash","Cloak And Dagger"],"picked":"SKIP","floor":11.0},{"not_picked":["Reflex","Bane"],"picked":"Predator","floor":13.0},{"not_picked":["A Thousand Cuts","Envenom"],"picked":"Bullet Time","floor":16.0},{"not_picked":["Dodge and Roll","Masterful Stab"],"picked":"Prepared","floor":18.0},{"not_picked":["Accuracy","Predator"],"picked":"Bouncing Flask+1","floor":19.0}],"player_experience":2897730,"relics_obtained":[{"floor":7.0,"key":"PreservedInsect"},{"floor":13.0,"key":"Omamori"},{"floor":22.0,"key":"Dream Catcher"}],"event_choices":[{"damage_healed":0.0,"max_hp_gain":0.0,"max_hp_loss":0.0,"gold_gain":0.0,"event_name":"Living Wall","player_choice":"Grow","floor":2.0,"gold_loss":0.0,"damage_taken":0.0,"cards_upgraded":["Dagger Throw"]},{"damage_healed":0.0,"max_hp_gain":0.0,"max_hp_loss":0.0,"gold_gain":0.0,"event_name":"Lab","player_choice":"Got Potions","floor":5.0,"gold_loss":0.0,"damage_taken":0.0},{"damage_healed":0.0,"max_hp_gain":0.0,"max_hp_loss":0.0,"gold_gain":0.0,"event_name":"Liars Game","player_choice":"Ignored","floor":12.0,"gold_loss":0.0,"damage_taken":0.0},{"damage_healed":0.0,"max_hp_gain":0.0,"max_hp_loss":0.0,"gold_gain":0.0,"event_name":"Addict","player_choice":"Stole Relic","floor":21.0,"gold_loss":0.0,"damage_taken":0.0,"relics_obtained":["Eternal Feather"],"cards_obtained":["Shame"]}],"is_beta":false,"boss_relics":[{"not_picked":["Busted Crown","Pandora\u0027s Box"],"picked":"Black Star"}],"items_purged_floors":[14,20],"is_endless":false,"potions_floor_spawned":[1,11,13,16,18],"killed_by":"Book of Stabbing","ascension_level":20}}