{"host":"1yemetsqamtkb9ct","time":1610187736,"event":{"mods":["AchievementEnabler","BaseMod","Colored Map","Custom Start","KOR Keyword Fix","Lobotomy","Minty Spire (QoL Compilation)","Quick Restart","Random Character Button","StSLib","SuperFastMode"],"gold_per_floor":[110,128,129,144,144,174,136,136,161,147,125,137,137,137,137,201,201,220,232,190,190,190],"floor_reached":21,"playtime":575,"items_purged":[],"score":187,"play_id":"583afb6d-a59a-4b5e-8b27-dd0c4513d556","local_time":"20210109192216","is_ascension_mode":false,"campfire_choices":[{"floor":8.0,"key":"REST"},{"floor":15.0,"key":"REST"}],"circlet_count":0,"master_deck":["Strike_R","Strike_R","Strike_R","Strike_R","Strike_R","Defend_R","Defend_R","Defend_R","Defend_R","Bash","Freischutz","MeatLantern","NakedNest","HeroicMonk","FieryBird","Scorched","DespairKnight","Offering","QueenOfHatred","LittlePrince","VoidDream"],"relics":["Burning Blood","CogitoBucket","Ornamental Fan","Self Forming Clay","Ancient Tea Set","Fusion Hammer","FleshIdol"],"acts_visited":["Exordium","TheCity"],"potions_floor_usage":[16,16],"damage_taken":[{"damage":6.0,"enemies":"Cultist","floor":1.0,"turns":3.0},{"damage":11.0,"enemies":"2 Louse","floor":2.0,"turns":3.0},{"damage":1.0,"enemies":"Jaw Worm","floor":3.0,"turns":2.0},{"damage":3.0,"enemies":"3 Louse","floor":4.0,"turns":7.0},{"damage":40.0,"enemies":"Gremlin Nob","floor":6.0,"turns":6.0},{"damage":0.0,"enemies":"Large Slime","floor":7.0,"turns":2.0},{"damage":25.0,"enemies":"Exordium Wildlife","floor":10.0,"turns":3.0},{"damage":9.0,"enemies":"Gremlin Gang","floor":11.0,"turns":2.0},{"damage":12.0,"enemies":"Large Slime","floor":12.0,"turns":7.0},{"damage":19,"enemies":"Slime Boss","floor":16,"turns":4},{"damage":30,"enemies":"Chosen","floor":18,"turns":4},{"damage":12,"enemies":"3 Byrds","floor":19,"turns":4},{"damage":30,"enemies":"Snake Plant","floor":20,"turns":3},{"damage":37,"enemies":"3 Cultists","floor":21,"turns":2}],"seed_played":"-4183692214032517637","potions_obtained":[{"floor":1.0,"key":"CultistPotion"},{"floor":4.0,"key":"Strength Potion"},{"floor":11.0,"key":"EssenceOfSteel"},{"floor":18,"key":"Weak Potion"},{"floor":19,"key":"Dexterity Potion"}],"is_trial":false,"path_per_floor":["M","M","M","M","T","E","M","R","T","M","M","M","?","$","R","B",null,"M","M","M","M"],"character_chosen":"IRONCLAD","items_purchased":[],"campfire_rested":2,"item_purchase_floors":[],"current_hp_per_floor":[80,75,80,80,80,46,52,76,76,57,54,48,41,41,65,52,80,56,50,26,0,0],"gold":190,"neow_bonus":"","is_daily":false,"chose_seed":false,"campfire_upgraded":0,"win_rate":0.0,"timestamp":1610187736,"path_taken":["M","M","M","M","?","E","M","R","T","M","M","M","?","$","R","BOSS","M","M","M","M"],"items_purchased_type":[],"build_version":"2020-12-22","purchased_purges":0,"victory":false,"max_hp_per_floor":[80,80,80,80,80,80,80,80,80,80,80,80,80,80,80,80,80,80,80,80,80,80],"card_choices":[{"not_picked":["Bloodbath","LongBird"],"picked":"Mercenary","floor":1.0},{"not_picked":["Pummel","Sword Boomerang","Body Slam"],"picked":"SKIP","floor":1.0},{"not_picked":["Pummel","Sword Boomerang","Body Slam"],"picked":"SKIP","floor":1.0},{"not_picked":["PunishingBird","BeautyBeast","Alriune"],"picked":"Singing Bowl","floor":2.0},{"not_picked":["Variant","CrumblingArmor"],"picked":"Freischutz","floor":2.0},{"not_picked":["Thunderclap","Sentinel","Flame Barrier"],"picked":"SKIP","floor":2.0},{"not_picked":["Bloodbath","FairyFestival"],"picked":"MeatLantern","floor":3.0},{"not_picked":["Rampage","Wild Strike","Pummel"],"picked":"SKIP","floor":3.0},{"not_picked":["FairyFestival","UniverseFragment"],"picked":"NakedNest","floor":4.0},{"not_picked":["Clash","Flex","Sever Soul"],"picked":"SKIP","floor":4.0},{"not_picked":["CherryBlossoms","SpiderBud","CrumblingArmor"],"picked":"Singing Bowl","floor":6.0},{"not_picked":["BigBadWolf","CherryBlossoms"],"picked":"HeroicMonk","floor":6.0},{"not_picked":["Pummel","Impervious","Sword Boomerang"],"picked":"SKIP","floor":6.0},{"not_picked":["Pummel","Impervious","Sword Boomerang"],"picked":"SKIP","floor":6.0},{"not_picked":["Anger","Searing Blow","Cleave"],"picked":"SKIP","floor":7.0},{"not_picked":["Anger","Searing Blow","Cleave"],"picked":"SKIP","floor":7.0},{"not_picked":["CherryBlossoms","LaLuna","GreedKing"],"picked":"Singing Bowl","floor":10.0},{"not_picked":["SilentOrchestra","FairyFestival"],"picked":"FieryBird","floor":10.0},{"not_picked":["Body Slam","Metallicize","Sword Boomerang"],"picked":"SKIP","floor":10.0},{"not_picked":["Body Slam","Metallicize","Sword Boomerang"],"picked":"SKIP","floor":10.0},{"not_picked":["WallGazer","CherryBlossoms","Variant"],"picked":"Singing Bowl","floor":11.0},{"not_picked":["GreedKing","FairyFestival"],"picked":"Scorched","floor":11.0},{"not_picked":["Feed","Sword Boomerang","Havoc"],"picked":"SKIP","floor":11.0},{"not_picked":["SpiderBud","Yin","BigBird"],"picked":"Singing Bowl","floor":12.0},{"not_picked":["MHz","BeautyBeast"],"picked":"DespairKnight","floor":12.0},{"not_picked":["Twin Strike","True Grit","Sever Soul"],"picked":"SKIP","floor":12.0},{"not_picked":["ShyLook","WallGazer","UniverseFragment"],"picked":"Singing Bowl","floor":16},{"not_picked":["Exhume","Feed"],"picked":"Offering","floor":16},{"not_picked":["CherryBlossoms","BlackArmy"],"picked":"QueenOfHatred","floor":18},{"not_picked":["Ghostly Armor","Heavy Blade+1","Havoc"],"picked":"SKIP","floor":18},{"not_picked":["Alriune","CENSORED","PunishingBird"],"picked":"Singing Bowl","floor":19},{"not_picked":["Woodsman","BeautyBeast"],"picked":"LittlePrince","floor":19},{"not_picked":["Power Through","Warcry","Carnage"],"picked":"SKIP","floor":19},{"not_picked":["FairyFestival","PunishingBird"],"picked":"VoidDream","floor":20},{"not_picked":["Clothesline","Thunderclap","Armaments+1"],"picked":"SKIP","floor":20},{"not_picked":["Clothesline","Thunderclap","Armaments+1"],"picked":"SKIP","floor":20}],"player_experience":602044,"relics_obtained":[{"floor":5.0,"key":"Ornamental Fan"},{"floor":6.0,"key":"Self Forming Clay"},{"floor":9.0,"key":"Ancient Tea Set"}],"event_choices":[{"cards_removed":["Mercenary"],"damage_healed":0.0,"max_hp_gain":0.0,"max_hp_loss":0.0,"gold_gain":0.0,"event_name":"Golden Wing","player_choice":"Card Removal","floor":13.0,"gold_loss":0.0,"damage_taken":7.0}],"is_beta":false,"boss_relics":[{"not_picked":["Tiny House","Runic Cube"],"picked":"Fusion Hammer"}],"items_purged_floors":[],"is_endless":false,"potions_floor_spawned":[1,4,11,12,16,18,19],"killed_by":"3 Cultists","ascension_level":0}}