{"host":"oy4pyvr762z5n0bb","time":1610175534,"event":{"mods":["AchievementEnabler","BaseMod","Colored Map","Colored Powertips","Googly Eyes","Key Reminder","Minty Spire (QoL Compilation)","Quick Restart","Relic Sorter","Slay the Relics Exporter","StSLib","SuperFastMode","Unceasing Turn Reminder","slay the spire mod where everything is the same but ironclad has a cowboy hat"],"gold_per_floor":[109,109,109,34,48,48,82,82,106,127,27,66,91,91,91,211,211,224,224,234,248,248,259,259,259,284,316,332,14,46,46,46,46,46],"floor_reached":33,"playtime":685,"items_purged":["Injury","Strike_P","SignatureMove+1"],"score":337,"play_id":"5c258343-980a-4b95-ac21-2a1834124f91","local_time":"20210108225854","is_ascension_mode":true,"campfire_choices":[{"data":"SignatureMove","floor":6,"key":"SMITH"},{"data":"PathToVictory","floor":8,"key":"SMITH"},{"floor":15,"key":"REST"},{"floor":25,"key":"REST"},{"floor":32,"key":"DIG"}],"circlet_count":0,"master_deck":["Strike_P","Strike_P","Strike_P+1","Defend_P","Defend_P","Defend_P","Defend_P","Eruption+1","Vigilance","FollowUp+1","PathToVictory+1","FollowUp","Conclude","Prostrate","Judgement","SignatureMove","WreathOfFlame","Brilliance","Worship","FollowUp","Evaluate"],"relics":["PureWater","Ice Cream","Bloody Idol","Matryoshka","keyreminder:keyreminder","Bronze Scales","Happy Flower","Centennial Puzzle","Sozu","Akabeko","Anchor","Whetstone","Lee\u0027s Waffle","Shovel","Regal Pillow"],"acts_visited":["Exordium","TheCity"],"potions_floor_usage":[7,16,27,33],"damage_taken":[{"damage":0,"enemies":"Small Slimes","floor":1,"turns":3},{"damage":0,"enemies":"Jaw Worm","floor":5,"turns":1},{"damage":17,"enemies":"Lagavulin","floor":7,"turns":5},{"damage":8,"enemies":"2 Louse","floor":10,"turns":2},{"damage":20,"enemies":"3 Sentries","floor":12,"turns":4},{"damage":6,"enemies":"Exordium Thugs","floor":13,"turns":2},{"damage":14,"enemies":"The Guardian","floor":16,"turns":9},{"damage":0,"enemies":"Spheric Guardian","floor":18,"turns":2},{"damage":12,"enemies":"2 Thieves","floor":20,"turns":2},{"damage":4,"enemies":"Sentry and Sphere","floor":21,"turns":3},{"damage":60,"enemies":"Shelled Parasite and Fungi","floor":23,"turns":5},{"damage":2,"enemies":"Slavers","floor":27,"turns":3},{"damage":0,"enemies":"Snake Plant","floor":28,"turns":2},{"damage":16,"enemies":"Book of Stabbing","floor":30,"turns":3},{"damage":93,"enemies":"Champ","floor":33,"turns":10}],"seed_played":"-3745666844297364089","potions_obtained":[{"floor":1,"key":"LiquidMemories"},{"floor":7,"key":"BlessingOfTheForge"},{"floor":10,"key":"Ancient Potion"},{"floor":13,"key":"DuplicationPotion"}],"is_trial":false,"path_per_floor":["M","?","?","$","M","R","E","R","T","M","$","E","M","?","R","B",null,"M","?","M","M","?","M","?","R","T","E","M","$","E","?","R","B"],"character_chosen":"WATCHER","items_purchased":["Lee\u0027s Waffle","FollowUp"],"campfire_rested":2,"item_purchase_floors":[29,29],"current_hp_per_floor":[51,51,72,72,72,72,55,55,55,47,47,27,21,21,42,28,72,72,72,70,71,71,16,16,37,42,45,50,79,68,68,68,0,0],"gold":46,"neow_bonus":"ONE_RARE_RELIC","is_daily":false,"chose_seed":false,"campfire_upgraded":2,"win_rate":0.0,"timestamp":1610175534,"path_taken":["M","?","?","$","M","R","E","R","T","M","$","E","M","?","R","BOSS","M","?","M","M","?","?","?","R","T","E","M","$","E","?","R","BOSS"],"items_purchased_type":["Relic","Card"],"build_version":"2020-12-22","purchased_purges":3,"victory":false,"max_hp_per_floor":[72,72,72,72,72,72,72,72,72,72,72,72,72,72,72,72,72,72,72,72,72,72,72,72,72,72,72,72,79,79,79,79,79,79],"card_choices":[{"not_picked":["Pray","ClearTheMind"],"picked":"SignatureMove","floor":1},{"not_picked":["BowlingBash","DeusExMachina"],"picked":"FollowUp","floor":5},{"not_picked":["FlyingSleeves","JustLucky"],"picked":"PathToVictory","floor":7},{"not_picked":["CarveReality","Protect"],"picked":"FollowUp","floor":10},{"not_picked":["ConjureBlade","SashWhip"],"picked":"Conclude","floor":12},{"not_picked":["WindmillStrike","EmptyFist"],"picked":"Prostrate","floor":13},{"not_picked":["Establishment","Scrawl"],"picked":"Judgement","floor":16},{"not_picked":["ForeignInfluence","EmptyBody"],"picked":"SignatureMove","floor":18},{"not_picked":["WaveOfTheHand","JustLucky","EmptyFist"],"picked":"SKIP","floor":20},{"not_picked":["WaveOfTheHand+1","CrushJoints+1"],"picked":"WreathOfFlame","floor":21},{"not_picked":["CutThroughFate+1","TalkToTheHand","Halt"],"picked":"SKIP","floor":23},{"not_picked":["JustLucky","FlyingSleeves"],"picked":"Brilliance","floor":27},{"not_picked":["PathToVictory","BowlingBash+1"],"picked":"Worship","floor":28},{"not_picked":["ThirdEye","Indignation+1"],"picked":"Evaluate","floor":30}],"player_experience":724890,"relics_obtained":[{"floor":7,"key":"Matryoshka"},{"floor":9,"key":"Bronze Scales"},{"floor":9,"key":"Happy Flower"},{"floor":12,"key":"Centennial Puzzle"},{"floor":26,"key":"Akabeko"},{"floor":26,"key":"Anchor"},{"floor":27,"key":"Whetstone"},{"floor":30,"key":"Shovel"},{"floor":32,"key":"Regal Pillow"}],"event_choices":[{"damage_healed":0,"gold_gain":0,"player_choice":"Take Wound","damage_taken":0,"relics_obtained":["Golden Idol"],"max_hp_gain":0,"max_hp_loss":0,"event_name":"Golden Idol","floor":2,"gold_loss":0,"cards_obtained":["Injury"]},{"damage_healed":24,"gold_gain":0,"player_choice":"Banana","damage_taken":0,"max_hp_gain":0,"max_hp_loss":0,"event_name":"Big Fish","floor":3,"gold_loss":0},{"damage_healed":0,"gold_gain":0,"player_choice":"Ignored","damage_taken":0,"max_hp_gain":0,"max_hp_loss":0,"event_name":"Shining Light","floor":14,"gold_loss":0},{"damage_healed":0,"gold_gain":0,"player_choice":"Gave Idol","damage_taken":0,"relics_obtained":["Bloody Idol"],"max_hp_gain":0,"max_hp_loss":0,"event_name":"Forgotten Altar","floor":19,"relics_lost":["Golden Idol"],"gold_loss":0},{"damage_healed":0,"gold_gain":0,"player_choice":"Bought 0 Potions","damage_taken":0,"max_hp_gain":0,"max_hp_loss":0,"event_name":"The Woman in Blue","floor":22,"gold_loss":0},{"damage_healed":0,"gold_gain":0,"player_choice":"Ignored","damage_taken":0,"max_hp_gain":0,"max_hp_loss":0,"event_name":"Vampires","floor":24,"gold_loss":0},{"damage_healed":0,"gold_gain":0,"player_choice":"Upgraded","damage_taken":0,"max_hp_gain":0,"max_hp_loss":0,"event_name":"Upgrade Shrine","floor":31,"gold_loss":0,"cards_upgraded":["Eruption"]}],"is_beta":false,"boss_relics":[{"not_picked":["Astrolabe","Velvet Choker"],"picked":"Sozu"}],"items_purged_floors":[4,11,29],"is_endless":false,"potions_floor_spawned":[1,7,10,13,21,23,30],"killed_by":"Champ","ascension_level":3}}