{"host":"wy5pcbg592uilh9l","time":1610234415,"event":{"mods":["AchievementEnabler","Act Like it!","BaseMod","BetterRewards","Curses Come First","Gensokyo","Hubris","Infinite Spire","Marisa????????","Minty Spire (QoL Compilation)","Permanent Neow","Replay The Spire","StSLib"],"gold_per_floor":[126,69,69,69,89,137,137,163,189,522,522,522,553,582,582,687,687,712,712,52,52,2,2,49,49,72,72,88,137,184,244,244,377,377,427,454,454,495,518,518,585,587,587],"floor_reached":42,"playtime":3625,"items_purged":["Strike_MRS","Defend_MRS","Strike_MRS","Strike_MRS"],"score":583,"play_id":"0a3b60ba-577b-4f5a-9acb-20f261df707b","local_time":"20210109172015","is_ascension_mode":false,"campfire_choices":[{"floor":7,"key":"REST"},{"floor":11,"key":"REST"},{"floor":15,"key":"REST"},{"floor":23,"key":"REST"},{"floor":25,"key":"RECALL"},{"floor":32,"key":"REST"},{"floor":40,"key":"REST"}],"circlet_count":0,"master_deck":["Strike_MRS","Defend_MRS","Defend_MRS","Defend_MRS+1","MasterSpark","UpSweep","PowerUp","PowerUp","WitchOfGreed","DC+1","GrandCross","Gensokyo:MarisaTwilightSpark","Replay:Fractal Strike","IllusionStar+1","NonDirectionalLaser+1","UltimateShortwave","SporeBomb","MillisecondPulsars","Replay:BasicMightCard","WitchOfGreed","AlicesGift","SuperPerseids+1","WitchLeyline+1","Robbery","SuperPerseids+1"],"relics":["MiniHakkero","Chameleon Ring","BargainBundle","infinitespire:Satchel","Replay:Bottled Eggs","Gensokyo:LunaticRedEyes","SacredBark","Vajra","Gremlin Food","Regal Pillow","Whetstone","Pear","hubris:ToyBattleship"],"acts_visited":["Exordium","Gensokyo:Gensokyo","TheBeyond"],"potions_floor_usage":[1,5,6,6,6,6,6,6,8,8,16,16,16,18,24,29,29,30,31,33,33,33,36,38,39,39,41,41,42,42,42],"damage_taken":[{"damage":4,"enemies":"Gensokyo:2_Kodama","floor":1,"turns":2},{"damage":0,"enemies":"Gensokyo:Python","floor":5,"turns":1},{"damage":10,"enemies":"Gensokyo:Cirno","floor":6,"turns":6},{"damage":0,"enemies":"Gensokyo:3_Fairies","floor":8,"turns":3},{"damage":13,"enemies":"Gensokyo:CorruptedTreant","floor":10,"turns":3},{"damage":0,"enemies":"Gensokyo:5_Fairies","floor":13,"turns":3},{"damage":8,"enemies":"Gensokyo:Python_and_Kodama","floor":14,"turns":3},{"damage":20,"enemies":"Gensokyo:Reimu","floor":16,"turns":5},{"damage":22,"enemies":"Gensokyo:AngelMirror","floor":18,"turns":2},{"damage":0,"enemies":"Gensokyo:Tenshi","floor":24,"turns":2},{"damage":0,"enemies":"Gensokyo:CosmicMonolith","floor":28,"turns":2},{"damage":0,"enemies":"Nightmare","floor":29,"turns":2},{"damage":6,"enemies":"Gensokyo:Chomper_and_Gloop","floor":30,"turns":3},{"damage":0,"enemies":"Gensokyo:Tenshi","floor":31,"turns":3},{"damage":48,"enemies":"Gensokyo:Kaguya","floor":33,"turns":6},{"damage":68,"enemies":"3 Darklings","floor":35,"turns":6},{"damage":9,"enemies":"3 Shapes","floor":36,"turns":2},{"damage":10,"enemies":"Sphere and 2 Shapes","floor":38,"turns":3},{"damage":0,"enemies":"Jaw Worm Horde","floor":39,"turns":2},{"damage":26,"enemies":"Maw","floor":41,"turns":5},{"damage":27,"enemies":"Nemesis","floor":42,"turns":2}],"seed_played":"9050614834660012293","potions_obtained":[{"floor":1,"key":"DistilledChaos"},{"floor":5,"key":"EntropicBrew"},{"floor":6,"key":"AttackPotion"},{"floor":6,"key":"SkillPotion"},{"floor":8,"key":"LiquidBronze"},{"floor":10,"key":"EssenceOfSteel"},{"floor":13,"key":"Death Potion"},{"floor":14,"key":"SteroidPotion"},{"floor":16,"key":"Swift Potion"},{"floor":18,"key":"BottledSpark"},{"floor":18,"key":"Swift Potion"},{"floor":24,"key":"Regen Potion"},{"floor":27,"key":"SteroidPotion"},{"floor":29,"key":"Strength Potion"},{"floor":30,"key":"SkillPotion"},{"floor":30,"key":"Dexterity Potion"},{"floor":31,"key":"Toxic Potion"},{"floor":31,"key":"SkillPotion"},{"floor":33,"key":"Milkshake"},{"floor":33,"key":"Elixir"},{"floor":35,"key":"BlessingOfTheForge"},{"floor":36,"key":"AttackPotion"},{"floor":38,"key":"Explosive Potion"},{"floor":39,"key":"Explosive Potion"},{"floor":41,"key":"Weak Potion"},{"floor":41,"key":"DuplicationPotion"},{"floor":41,"key":"Adrenaline Potion"}],"is_trial":false,"path_per_floor":["M","COS","?","?","M","E","R","M","T","M","R","?","M","M","R","B",null,"M","?","$","?","?","R","E","R","T","R","M","NM","M","E","R","B",null,"M","M","?","M","M","R","M","E"],"character_chosen":"MARISA","items_purchased":["PowerUp","Chameleon Ring","BargainBundle","Adrenaline Potion","Energy Potion","AttackPotion","PowerUp","WitchOfGreed","DC","Vajra","Replay:BasicMightCard","Gremlin Food","Cursed Concoction","WitchOfGreed"],"campfire_rested":6,"item_purchase_floors":[0,0,0,0,0,0,0,0,0,20,20,20,20,20],"current_hp_per_floor":[36,36,36,17,17,7,29,29,29,16,38,38,38,30,52,32,75,53,53,53,53,60,82,82,82,82,82,82,92,86,86,92,59,92,24,15,15,5,5,47,21,0,0],"gold":587,"neow_bonus":"","is_daily":false,"chose_seed":false,"campfire_upgraded":0,"win_rate":0.0,"timestamp":1610234415,"path_taken":["M","COS","?","?","M","E","R","M","T","M","R","?","M","?","R","BOSS","M","?","?","?","?","R","E","R","T","R","M","NM","M","E","R","BOSS","M","M","?","M","M","R","?","E"],"items_purchased_type":["Card","Relic","Relic","Potion","Potion","Potion","Card","Card","Card","Relic","Card","Relic","Potion","Card"],"build_version":"2020-12-22","purchased_purges":4,"victory":false,"max_hp_per_floor":[75,75,75,75,75,75,75,75,75,75,75,75,75,75,75,75,75,75,75,75,75,82,82,82,82,82,82,82,92,92,92,92,92,92,92,92,92,92,92,92,92,92,92],"card_choices":[{"not_picked":["EventHorizon","MeteoricShower"],"picked":"GrandCross","floor":1},{"not_picked":["infinitespire:FinalStrike","infinitespire:FutureSight"],"picked":"Replay:Fractal Strike","floor":4},{"not_picked":["LuminesStrike","StarlightTyphoon"],"picked":"IllusionStar","floor":5},{"not_picked":["DragonMeteor","ShootingEcho","GrandCross"],"picked":"SKIP","floor":6},{"not_picked":["WitchLeyline","PulseMagic"],"picked":"NonDirectionalLaser","floor":8},{"not_picked":["MagicAbsorber","MysteriousBeam"],"picked":"UltimateShortwave","floor":10},{"not_picked":["GravityBeat","WitchLeyline","IllusionStar"],"picked":"SKIP","floor":13},{"not_picked":["SprinkleStarSeal","Robbery"],"picked":"SporeBomb","floor":14},{"not_picked":["SuperNova","MaximisePower"],"picked":"MillisecondPulsars","floor":16},{"not_picked":["NonDirectionalLaser+1","GravityBeat","DoubleSpark"],"picked":"SKIP","floor":18},{"not_picked":["GravityBeat","6A"],"picked":"AlicesGift","floor":24},{"not_picked":["LuminesStrike","MilkyWay"],"picked":"SuperPerseids","floor":28},{"not_picked":["GalacticHalo","RefractionSpark","NonDirectionalLaser+1"],"picked":"SKIP","floor":29},{"not_picked":["DragonMeteor","Orbital","GravityBeat"],"picked":"SKIP","floor":30},{"not_picked":["DoubleSpark","BinaryStars","ManaConvection"],"picked":"SKIP","floor":31},{"not_picked":["NonDirectionalLaser","DoubleSpark","StarlightTyphoon+1"],"picked":"SKIP","floor":35},{"not_picked":["Orbital","NonDirectionalLaser+1"],"picked":"WitchLeyline+1","floor":36},{"not_picked":["FairyDestructionRay+1","GravityBeat+1","MagicChant+1"],"picked":"SKIP","floor":38},{"not_picked":["OneTimeOff","WitchOfGreed","6A+1"],"picked":"SKIP","floor":39},{"not_picked":["IllusionStar+1","LuminesStrike"],"picked":"SuperPerseids+1","floor":41}],"player_experience":223534,"relics_obtained":[{"floor":6,"key":"Replay:Bottled Eggs"},{"floor":24,"key":"Regal Pillow"},{"floor":26,"key":"Whetstone"},{"floor":29,"key":"Pear"},{"floor":31,"key":"hubris:ToyBattleship"}],"event_choices":[{"damage_healed":0,"gold_gain":0,"player_choice":"1 cards matched","damage_taken":0,"max_hp_gain":0,"max_hp_loss":0,"event_name":"Match and Keep!","floor":37,"gold_loss":0,"cards_obtained":["Robbery"]}],"is_beta":false,"boss_relics":[{"not_picked":["Runic Pyramid","hubris:ScarierMask"],"picked":"SacredBark"},{"not_picked":["hubris:BlackHole","ReplayTheSpireMod:DimensionalGlitch","hubris:GrandSneckoEye"]}],"items_purged_floors":[0,0,0,20],"is_endless":true,"potions_floor_spawned":[5,6,16,18,28,39,41],"killed_by":"Nemesis","ascension_level":0}}