{"host":"kw4o7b3ro2ktmmbe","time":1610156858,"event":{"mods":["BaseMod","Evolution","Magitek Elite","Minty Spire (QoL Compilation)","StSLib"],"gold_per_floor":[218,233,408,408,408,408,408,80,103,103,126,149,162,162,162,287,287,301,145,166,220,243,243,98,134,186,186,230,280,315,334,334,458,458,483,483,189,522,541,541,541,541],"floor_reached":41,"playtime":4180,"items_purged":[],"score":484,"play_id":"23451654-ca5e-4bd6-a6e1-2a7813d21cb2","local_time":"20210109144738","is_ascension_mode":true,"campfire_choices":[{"data":"Faith","floor":6.0,"key":"SMITH"},{"data":"Rune_Blade","floor":10.0,"key":"SMITH"},{"data":"Protect_M","floor":15.0,"key":"SMITH"},{"data":"Osmosis","floor":23.0,"key":"SMITH"},{"data":"Blood_Hilt","floor":27.0,"key":"SMITH"},{"data":"Trance","floor":32.0,"key":"SMITH"},{"data":"Might","floor":40,"key":"SMITH"}],"circlet_count":0,"master_deck":["Water","Strike_L","Strike_L","Strike_L+1","Defend_L","Defend_L","Defend_L","Defend_L","Fire2","Cure","Faith+1","Focus","Rune_Blade+1","Flametongue","Protect_M+1","Trip","Osmosis+1","Dispel+1","Trance+1","Cure+2","Blood_Hilt+1","Mythril_Knife+1","Mystery_Veil","Valor","Might+1","Enhancer+1"],"relics":["Pendant","EVO:Axolotl","Kunai","Tiny Chest","Memories","OrangePellets","Smiling Mask","Blood Vial","Meat on the Bone","Anchor","War Paint","Whetstone","Sozu","Pocketwatch","Torii"],"acts_visited":["Exordium","TheCity","TheBeyond"],"potions_floor_usage":[33,33,33],"damage_taken":[{"damage":11.0,"enemies":"Jaw Worm","floor":1.0,"turns":6.0},{"damage":4.0,"enemies":"2 Louse","floor":2.0,"turns":4.0},{"damage":0.0,"enemies":"Small Slimes","floor":11.0,"turns":3.0},{"damage":17.0,"enemies":"Exordium Thugs","floor":12.0,"turns":4.0},{"damage":7.0,"enemies":"3 Louse","floor":13.0,"turns":4.0},{"damage":1.0,"enemies":"The Guardian","floor":16.0,"turns":6.0},{"damage":41.0,"enemies":"2 Thieves","floor":18.0,"turns":5.0},{"damage":4.0,"enemies":"Chosen","floor":20.0,"turns":5.0},{"damage":12.0,"enemies":"Snecko","floor":22.0,"turns":4.0},{"damage":23.0,"enemies":"Gremlin Leader","floor":25.0,"turns":4.0},{"damage":38.0,"enemies":"Book of Stabbing","floor":28.0,"turns":7.0},{"damage":41.0,"enemies":"Gremlin Leader","floor":30.0,"turns":4.0},{"damage":7.0,"enemies":"Cultist and Chosen","floor":31.0,"turns":4.0},{"damage":25,"enemies":"Collector","floor":33,"turns":6},{"damage":9,"enemies":"3 Shapes","floor":35,"turns":5},{"damage":0,"enemies":"Orb Walker","floor":39,"turns":4},{"damage":84,"enemies":"Reptomancer","floor":41,"turns":4}],"seed_played":"-3706555083245961123","potions_obtained":[{"floor":1.0,"key":"SpeedPotion"},{"floor":11.0,"key":"SteroidPotion"},{"floor":13.0,"key":"Dexterity Potion"},{"floor":22.0,"key":"PowerPotion"},{"floor":25.0,"key":"DuplicationPotion"}],"is_trial":false,"path_per_floor":["M","M","?","?","?","R","?","$","T","R","M","M","M","?","R","B",null,"M","$","M","T","M","R","$","E","T","R","E","?","E","M","R","B",null,"M","T","$","?","M","R","E"],"character_chosen":"MAGITEKELITE","items_purchased":["Kunai","Rune_Blade","OrangePellets","Blood Vial","Torii"],"campfire_rested":0,"item_purchase_floors":[8,8,19,24,37],"current_hp_per_floor":[58,60,60,60,45,45,45,45,45,45,51,40,39,39,39,44,63,40,40,56,56,56,56,56,50,50,50,36,36,33,44,44,37,63,63,63,63,63,63,63,0,0],"gold":541,"neow_bonus":"HUNDRED_GOLD","is_daily":false,"chose_seed":false,"campfire_upgraded":7,"win_rate":0.0,"timestamp":1610156858,"path_taken":["M","M","?","?","?","R","?","$","T","R","?","M","M","?","R","BOSS","M","?","M","?","?","R","$","E","T","R","E","?","E","?","R","BOSS","M","?","$","?","M","R","E"],"items_purchased_type":["Relic","Card","Relic","Relic","Relic"],"build_version":"2020-12-22","purchased_purges":0,"victory":false,"max_hp_per_floor":[63,63,63,63,63,63,63,63,63,63,63,63,63,63,63,63,63,63,63,63,63,63,63,63,63,63,63,63,63,63,63,63,63,63,63,63,63,63,63,63,63,63],"card_choices":[{"not_picked":["Thunder_Blade","Man_Eater"],"picked":"Faith","floor":1.0},{"not_picked":["Throw","Mythril_Knife"],"picked":"Focus","floor":2.0},{"not_picked":["Falchion","Throw","Barrier"],"picked":"SKIP","floor":11.0},{"not_picked":["Throw","Flare"],"picked":"Flametongue","floor":12.0},{"not_picked":["Vox","Mirage_Vest"],"picked":"Protect_M","floor":13.0},{"not_picked":["Gravity","Valor"],"picked":"Trance","floor":16.0},{"not_picked":["Enhancer","Icebrand"],"picked":"Blood_Hilt","floor":18.0},{"not_picked":["Heavy_Shield","Circlet+1"],"picked":"Mythril_Knife+1","floor":20.0},{"not_picked":["Magus_Robe","Water","Heavy_Shield+1"],"picked":"SKIP","floor":22.0},{"not_picked":["Quake","Mythril_Knife","Astra"],"picked":"SKIP","floor":25.0},{"not_picked":["Vox","Dark"],"picked":"Mystery_Veil","floor":28.0},{"not_picked":["Vox","Minerva_Bustier"],"picked":"Valor","floor":30.0},{"not_picked":["Gladius","Heavy_Shield","Circlet"],"picked":"SKIP","floor":31.0},{"not_picked":["Drain","Quick"],"picked":"Might","floor":33},{"not_picked":["Falchion","Water"],"picked":"Enhancer+1","floor":35},{"not_picked":["Aero","Meteor","Thunder_Blade+1"],"picked":"SKIP","floor":39}],"player_experience":1813704,"relics_obtained":[{"floor":9.0,"key":"Tiny Chest"},{"floor":21.0,"key":"Smiling Mask"},{"floor":25.0,"key":"Meat on the Bone"},{"floor":26.0,"key":"Anchor"},{"floor":28.0,"key":"War Paint"},{"floor":30.0,"key":"Whetstone"},{"floor":36,"key":"Pocketwatch"}],"event_choices":[{"damage_healed":0.0,"max_hp_gain":0.0,"max_hp_loss":0.0,"gold_gain":175.0,"event_name":"Liars Game","player_choice":"AGREE","floor":3.0,"gold_loss":0.0,"damage_taken":0.0,"cards_obtained":["Doubt"]},{"cards_removed":["Doubt"],"damage_healed":0.0,"max_hp_gain":0.0,"max_hp_loss":0.0,"gold_gain":0.0,"event_name":"Living Wall","player_choice":"Forget","floor":4.0,"gold_loss":0.0,"damage_taken":0.0},{"damage_healed":0.0,"max_hp_gain":0.0,"max_hp_loss":0.0,"gold_gain":0.0,"event_name":"Golden Idol","player_choice":"Take Damage","floor":5.0,"gold_loss":0.0,"damage_taken":15.0,"relics_obtained":["Golden Idol"]},{"cards_removed":["Defend_L"],"damage_healed":0.0,"max_hp_gain":0.0,"max_hp_loss":0.0,"gold_gain":0.0,"event_name":"Bonfire Elementals","player_choice":"Offered Basic","floor":7.0,"gold_loss":0.0,"damage_taken":0.0},{"damage_healed":0.0,"max_hp_gain":0.0,"max_hp_loss":0.0,"gold_gain":0.0,"event_name":"Match and Keep!","player_choice":"3 cards matched","floor":14.0,"gold_loss":0.0,"damage_taken":0.0,"cards_obtained":["Trip","Osmosis","Dispel"]},{"damage_healed":0.0,"max_hp_gain":0.0,"max_hp_loss":0.0,"gold_gain":100.0,"event_name":"The Joust","player_choice":"Bet on Murderer","floor":29.0,"gold_loss":50.0,"damage_taken":0.0},{"damage_healed":0,"gold_gain":333,"player_choice":"Gave Idol","damage_taken":0,"max_hp_gain":0,"max_hp_loss":0,"event_name":"The Moai Head","floor":38,"relics_lost":["Golden Idol"],"gold_loss":0}],"is_beta":false,"boss_relics":[{"not_picked":["Fusion Hammer","SacredBark"],"picked":"Memories"},{"not_picked":["Calling Bell","Snecko Eye"],"picked":"Sozu"}],"items_purged_floors":[],"is_endless":false,"potions_floor_spawned":[1,11,13,22,25,28,31,35,39],"killed_by":"Reptomancer","ascension_level":1}}