{"host":"6wux4armhsntp4yb","time":1610182801,"event":{"mods":["BaseMod","Colored Map","DeckTracker","Minty Spire (QoL Compilation)","Relic Stats"],"gold_per_floor":[114,134,134,146,146,171,171,198,198,198,216,216,216],"floor_reached":12,"playtime":505,"items_purged":[],"score":176,"play_id":"e89d7aef-c99e-42bd-ba3e-dcf1e3ec51ec","local_time":"20210109180001","is_ascension_mode":true,"campfire_choices":[{"floor":7,"key":"REST"},{"floor":10,"key":"DIG"}],"circlet_count":0,"master_deck":["AscendersBane","Strike_G","Strike_G","Strike_G","Strike_G","Defend_G","Defend_G","Defend_G","Defend_G","Defend_G","Survivor","Neutralize","Eviscerate","Reflex","Backflip","Endless Agony","Grand Finale","Expertise"],"relics":["Fusion Hammer","Matryoshka","Turnip","Oddly Smooth Stone","Shovel","Pantograph"],"acts_visited":["Exordium"],"potions_floor_usage":[6,8,12],"damage_taken":[{"damage":1.0,"enemies":"Jaw Worm","floor":1.0,"turns":4.0},{"damage":0.0,"enemies":"Cultist","floor":2.0,"turns":3.0},{"damage":0.0,"enemies":"2 Louse","floor":4.0,"turns":2.0},{"damage":27,"enemies":"3 Sentries","floor":6,"turns":10},{"damage":27,"enemies":"Gremlin Nob","floor":8,"turns":4},{"damage":13,"enemies":"Large Slime","floor":11,"turns":3},{"damage":22,"enemies":"Lagavulin","floor":12,"turns":8}],"seed_played":"5851061670886599738","potions_obtained":[{"floor":1.0,"key":"Poison Potion"},{"floor":2.0,"key":"LiquidBronze"},{"floor":8,"key":"Weak Potion"}],"is_trial":false,"path_per_floor":["M","M","?","M","?","E","R","E","T","R","M","E"],"character_chosen":"THE_SILENT","items_purchased":[],"campfire_rested":1,"item_purchase_floors":[],"current_hp_per_floor":[58,58,58,58,58,31,50,23,23,23,10,0,0],"gold":216,"neow_bonus":"BOSS_RELIC","is_daily":false,"chose_seed":false,"campfire_upgraded":0,"win_rate":0.0,"timestamp":1610182801,"path_taken":["M","M","?","?","?","E","R","E","T","R","M","E"],"items_purchased_type":[],"build_version":"2020-12-22","purchased_purges":0,"victory":false,"max_hp_per_floor":[66,66,66,66,66,66,66,66,66,66,66,66,66],"relic_stats":{"Shovel":1,"counters":[7,34],"Pantograph":0,"Turnip":[0],"obtain_stats":[{"Matryoshka":6,"Shovel":9,"Pantograph":10,"Oddly Smooth Stone":9,"Fusion Hammer":0,"Turnip":8,"Ring of the Snake":0},{"Matryoshka":4,"Shovel":5,"Pantograph":5,"Oddly Smooth Stone":5,"Fusion Hammer":0,"Turnip":5,"Ring of the Snake":0},{"Matryoshka":19,"Shovel":23,"Pantograph":23,"Oddly Smooth Stone":23,"Fusion Hammer":0,"Turnip":23,"Ring of the Snake":0}]},"card_choices":[{"not_picked":["Deflect","Reflex"],"picked":"Eviscerate","floor":1.0},{"not_picked":["Riddle With Holes","Deflect"],"picked":"Reflex","floor":2.0},{"not_picked":["Sucker Punch","Deflect"],"picked":"Backflip","floor":4.0},{"not_picked":["Flying Knee","Quick Slash"],"picked":"Endless Agony","floor":6},{"not_picked":["Dodge and Roll","Deflect"],"picked":"Grand Finale","floor":8},{"not_picked":["Blade Dance","Poisoned Stab"],"picked":"Expertise","floor":11}],"player_experience":5754456,"relics_obtained":[{"floor":6,"key":"Matryoshka"},{"floor":8,"key":"Turnip"},{"floor":9,"key":"Oddly Smooth Stone"},{"floor":9,"key":"Shovel"},{"floor":10,"key":"Pantograph"}],"event_choices":[{"cards_removed":["Strike_G"],"damage_healed":0.0,"max_hp_gain":0.0,"max_hp_loss":0.0,"gold_gain":0.0,"event_name":"Purifier","player_choice":"Purged","floor":3.0,"gold_loss":0.0,"damage_taken":0.0},{"damage_healed":0,"gold_gain":0,"player_choice":"Ignored","damage_taken":0,"max_hp_gain":0,"max_hp_loss":0,"event_name":"Shining Light","floor":5,"gold_loss":0}],"is_beta":false,"boss_relics":[],"items_purged_floors":[],"is_endless":false,"potions_floor_spawned":[1,2,8],"killed_by":"Lagavulin","ascension_level":20}}