{"host":"pvafbce70weqvzks","time":1610173497,"event":{"mods":["BaseMod","Gremlin Mod","Hermit","Minty Spire (QoL Compilation)","StSLib","themimic"],"gold_per_floor":[109,124,124,124,124,124,134,144,144,158,173,192,209,41,41,137,137,151,151,165,176,176,176,186,186,186,186,200,16,32,52,52,52,52],"floor_reached":33,"playtime":1131,"items_purged":["Writhe"],"score":270,"play_id":"c3484cac-e850-4e23-a7cb-6245899506f2","local_time":"20210109032457","is_ascension_mode":false,"campfire_choices":[{"floor":6,"key":"REST"},{"data":"Perfected Strike","floor":15,"key":"SMITH"},{"floor":23,"key":"REST"},{"floor":25,"key":"REST"},{"data":"Secret Weapon","floor":32,"key":"SMITH"}],"circlet_count":0,"master_deck":["Strike_R","Strike_R","Strike_R","Strike_R","Strike_R","Defend_R","Defend_R","Defend_R","Defend_R","Bash","Clash+1","Twin Strike","Twin Strike","Pummel","Anger","Perfected Strike","Perfected Strike+1","Flex","Wild Strike","Cleave","Bludgeon","Clash","Carnage","Anger","Carnage","Thunderclap","Flame Barrier+1","Secret Weapon+1","Sword Boomerang","Iron Wave","Anger","Headbutt"],"relics":["Burning Blood","White Beast Statue","Self Forming Clay","Membership Card","Runic Pyramid","Mango","Bag of Marbles"],"acts_visited":["Exordium","TheCity"],"potions_floor_usage":[11,11,13,16,16,16,20,28,31,31,33,33],"damage_taken":[{"damage":0,"enemies":"Cultist","floor":1,"turns":4},{"damage":1,"enemies":"Jaw Worm","floor":2,"turns":2},{"damage":3,"enemies":"Small Slimes","floor":7,"turns":3},{"damage":3,"enemies":"Exordium Wildlife","floor":8,"turns":4},{"damage":0,"enemies":"2 Fungi Beasts","floor":10,"turns":2},{"damage":0,"enemies":"Large Slime","floor":11,"turns":1},{"damage":8,"enemies":"Red Slaver","floor":12,"turns":3},{"damage":0,"enemies":"Blue Slaver","floor":13,"turns":2},{"damage":49,"enemies":"Hexaghost","floor":16,"turns":9},{"damage":5,"enemies":"3 Byrds","floor":18,"turns":4},{"damage":20,"enemies":"2 Thieves","floor":20,"turns":2},{"damage":30,"enemies":"Snake Plant","floor":21,"turns":5},{"damage":34,"enemies":"Snecko","floor":24,"turns":5},{"damage":26,"enemies":"Chosen and Byrds","floor":28,"turns":5},{"damage":16,"enemies":"Centurion and Healer","floor":30,"turns":4},{"damage":0,"enemies":"Snecko","floor":31,"turns":2},{"damage":88,"enemies":"Automaton","floor":33,"turns":8}],"seed_played":"-2324186500295411935","potions_obtained":[{"floor":1,"key":"FearPotion"},{"floor":7,"key":"LiquidMemories"},{"floor":8,"key":"Fire Potion"},{"floor":11,"key":"Block Potion"},{"floor":12,"key":"SpeedPotion"},{"floor":13,"key":"SkillPotion"},{"floor":16,"key":"BloodPotion"},{"floor":18,"key":"Energy Potion"},{"floor":20,"key":"BloodPotion"},{"floor":21,"key":"Ancient Potion"},{"floor":28,"key":"Explosive Potion"},{"floor":31,"key":"AttackPotion"}],"is_trial":false,"path_per_floor":["M","M","?","?","?","R","M","M","T","M","M","M","M","$","R","B",null,"M","?","M","M","?","R","M","R","T","?","M","$","M","M","R","B"],"character_chosen":"IRONCLAD","items_purchased":["Cleave","Membership Card","Secret Weapon","Sword Boomerang","Iron Wave"],"campfire_rested":3,"item_purchase_floors":[14,14,29,29,29],"current_hp_per_floor":[80,80,80,80,55,79,80,80,80,80,80,78,80,80,80,37,80,80,94,80,56,37,66,38,67,67,67,66,66,56,81,81,0,0],"gold":52,"neow_bonus":"THREE_CARDS","is_daily":false,"chose_seed":false,"campfire_upgraded":2,"win_rate":0.0,"timestamp":1610173497,"path_taken":["M","M","?","?","?","R","M","M","T","M","M","M","?","$","R","BOSS","M","?","M","M","?","R","M","R","T","?","M","$","M","M","R","BOSS"],"items_purchased_type":["Card","Relic","Card","Card","Card"],"build_version":"2020-12-22","purchased_purges":1,"victory":false,"max_hp_per_floor":[80,80,80,80,80,80,80,80,80,80,80,80,80,80,80,80,80,80,94,94,94,99,99,99,99,99,99,99,99,99,99,99,99,99],"card_choices":[{"not_picked":["Iron Wave","Twin Strike"],"picked":"Clash","floor":0},{"not_picked":["Fire Breathing","Shrug It Off"],"picked":"Twin Strike","floor":1},{"not_picked":["Bloodletting","Sever Soul"],"picked":"Twin Strike","floor":2},{"not_picked":["Combust","Body Slam"],"picked":"Pummel","floor":7},{"not_picked":["Inflame","Thunderclap"],"picked":"Anger","floor":8},{"not_picked":["Hemokinesis","Warcry"],"picked":"Perfected Strike","floor":10},{"not_picked":["True Grit","Blood for Blood"],"picked":"Perfected Strike","floor":11},{"not_picked":["Shrug It Off","Wild Strike"],"picked":"Flex","floor":12},{"not_picked":["Havoc","Rage"],"picked":"Wild Strike","floor":13},{"not_picked":["Fiend Fire","Exhume"],"picked":"Bludgeon","floor":16},{"not_picked":["Iron Wave+1","Body Slam"],"picked":"Clash","floor":18},{"not_picked":["Body Slam","Fire Breathing"],"picked":"Carnage","floor":20},{"not_picked":["Pummel","Feel No Pain+1"],"picked":"Anger","floor":21},{"not_picked":["Wild Strike","Uppercut+1"],"picked":"Carnage","floor":24},{"not_picked":["Inflame","Second Wind"],"picked":"Flame Barrier+1","floor":28},{"not_picked":["Wild Strike","Double Tap"],"picked":"Anger","floor":30},{"not_picked":["Heavy Blade","Sever Soul"],"picked":"Headbutt","floor":31}],"player_experience":63180,"relics_obtained":[{"floor":9,"key":"Self Forming Clay"},{"floor":26,"key":"Bag of Marbles"}],"event_choices":[{"damage_healed":0,"gold_gain":0,"player_choice":"Ignored","damage_taken":0,"max_hp_gain":0,"max_hp_loss":0,"event_name":"Liars Game","floor":3,"gold_loss":0},{"damage_healed":0,"gold_gain":0,"player_choice":"Grow","damage_taken":0,"max_hp_gain":0,"max_hp_loss":0,"event_name":"Living Wall","floor":4,"gold_loss":0,"cards_upgraded":["Clash"]},{"damage_healed":0,"gold_gain":0,"player_choice":"Success","damage_taken":25,"relics_obtained":["White Beast Statue"],"max_hp_gain":0,"max_hp_loss":0,"event_name":"Scrap Ooze","floor":5,"gold_loss":0},{"damage_healed":0,"gold_gain":0,"player_choice":"Opened","damage_taken":0,"relics_obtained":["Mango"],"max_hp_gain":0,"max_hp_loss":0,"event_name":"The Mausoleum","floor":19,"gold_loss":0,"cards_obtained":["Writhe"]},{"damage_healed":0,"gold_gain":0,"player_choice":"Shed Blood","damage_taken":24,"max_hp_gain":5,"max_hp_loss":0,"event_name":"Forgotten Altar","floor":22,"gold_loss":0},{"damage_healed":0,"gold_gain":0,"player_choice":"Read","damage_taken":0,"max_hp_gain":0,"max_hp_loss":0,"event_name":"The Library","floor":27,"gold_loss":0,"cards_obtained":["Thunderclap"]}],"is_beta":false,"boss_relics":[{"not_picked":["SlaversCollar","Ectoplasm"],"picked":"Runic Pyramid"}],"items_purged_floors":[29],"is_endless":false,"potions_floor_spawned":[1,7,8,10,11,12,13,16,18,20,21,24,28,30,31],"killed_by":"Automaton","ascension_level":0}}