{"host":"1p0ug38l8q9et435","time":1610217825,"event":{"mods":["AchievementEnabler","BaseMod","Colored Powertips","Downfall","Minty Spire (QoL Compilation)","StSLib","UnlockEverythingMod"],"gold_per_floor":[115,33,46,46,59,90,90,105,105,18,18,52,71,94,94,94,94],"floor_reached":16,"playtime":1000,"items_purged":[],"score":112,"play_id":"973f91dc-382d-4ae7-8923-2f7ddda89db3","local_time":"20210109104345","is_ascension_mode":false,"campfire_choices":[{"floor":7,"key":"REST"},{"floor":15,"key":"REST"}],"circlet_count":0,"master_deck":["Strike_P","Strike_P","Strike_P","Strike_P","Defend_P","Defend_P","Defend_P","Defend_P","Eruption+1","Vigilance","Swivel","Flash of Steel","Collect","PathToVictory","SashWhip","EmptyFist","Trip","Nirvana","Halt","CarveReality"],"relics":["PureWater","Smiling Mask","Bronze Scales","Golden Idol","InkBottle"],"acts_visited":["Exordium"],"potions_floor_usage":[0,5,6,12,12,12,12,12,16,16],"damage_taken":[{"damage":0,"enemies":"Cultist","floor":1,"turns":5},{"damage":3,"enemies":"2 Louse","floor":3,"turns":3},{"damage":0,"enemies":"Jaw Worm","floor":5,"turns":3},{"damage":38,"enemies":"3 Sentries","floor":6,"turns":5},{"damage":1,"enemies":"Red Slaver","floor":8,"turns":3},{"damage":11,"enemies":"Lagavulin","floor":12,"turns":4},{"damage":6,"enemies":"2 Fungi Beasts","floor":13,"turns":4},{"damage":0,"enemies":"Looter","floor":14,"turns":2},{"damage":63,"enemies":"Slime Boss","floor":16,"turns":10}],"seed_played":"5821180322562163673","potions_obtained":[{"floor":0,"key":"EntropicBrew"},{"floor":0,"key":"Fruit Juice"},{"floor":0,"key":"champ:CounterPotion"},{"floor":1,"key":"SkillPotion"},{"floor":6,"key":"SkillPotion"},{"floor":12,"key":"Strength Potion"},{"floor":13,"key":"LiquidMemories"}],"is_trial":false,"path_per_floor":["M","$","M","?","M","E","R","M","T","$","?","E","M","M","R","B"],"character_chosen":"WATCHER","items_purchased":["Flash of Steel","Trip"],"campfire_rested":2,"item_purchase_floors":[2,10],"current_hp_per_floor":[77,77,74,74,74,36,59,58,58,58,58,47,41,41,62,0,0],"gold":94,"neow_bonus":"THREE_SMALL_POTIONS","is_daily":false,"chose_seed":false,"campfire_upgraded":0,"win_rate":0.0,"timestamp":1610217825,"path_taken":["M","?","?","?","M","E","R","M","T","$","?","E","M","M","R","BOSS"],"items_purchased_type":["Card","Card"],"build_version":"2020-12-22","purchased_purges":0,"victory":false,"max_hp_per_floor":[77,77,77,77,77,77,77,77,77,77,71,71,71,71,71,71,71],"card_choices":[{"not_picked":["JustLucky","Crescendo"],"picked":"Swivel","floor":1},{"not_picked":["Protect","Study"],"picked":"Collect","floor":3},{"not_picked":["Pray","FlyingSleeves"],"picked":"PathToVictory","floor":5},{"not_picked":["Blasphemy","Conclude"],"picked":"SashWhip","floor":6},{"not_picked":["ClearTheMind","Protect"],"picked":"EmptyFist","floor":8},{"not_picked":["FollowUp","Protect"],"picked":"Nirvana","floor":12},{"not_picked":["FlyingSleeves","ClearTheMind"],"picked":"Halt","floor":13},{"not_picked":["Protect","BowlingBash"],"picked":"CarveReality","floor":14}],"player_experience":4963,"relics_obtained":[{"floor":6,"key":"Smiling Mask"},{"floor":9,"key":"Bronze Scales"},{"floor":12,"key":"InkBottle"}],"event_choices":[{"damage_healed":0,"gold_gain":0,"player_choice":"Grow","damage_taken":0,"max_hp_gain":0,"max_hp_loss":0,"event_name":"Living Wall","floor":4,"gold_loss":0,"cards_upgraded":["Eruption"]},{"damage_healed":0,"gold_gain":0,"player_choice":"Lose Max HP","damage_taken":0,"relics_obtained":["Golden Idol"],"max_hp_gain":0,"max_hp_loss":6,"event_name":"Golden Idol","floor":11,"gold_loss":0}],"is_beta":false,"boss_relics":[],"items_purged_floors":[],"is_endless":false,"potions_floor_spawned":[1,6,12,13],"killed_by":"Slime Boss","ascension_level":0}}