{"host":"beci3g1khuzpb2gk","time":1610221215,"event":{"mods":["AchievementEnabler","Act Like it!","BaseMod","Better Third Choice","Downfall","Hallownest","Hermit","Hubris","Minty Spire (QoL Compilation)","Permanent Neow","Quick Restart","Replay The Spire","StSLib","The Poker Player"],"gold_per_floor":[99,114,99,159,159,84,84,101,10,20,40,66,66,99,110,108,108,108,125,34,34,46,46,73,140,238,279,329,254,314,325,348,450,450,450,460,510,244,318,351,377,390,440,450,167,167,167,167],"floor_reached":46,"playtime":3087,"items_purged":["hexamod:Strike","hexamod:Strike","hexamod:Strike"],"score":631,"play_id":"624c4a1b-800a-4a6f-9caf-e903ff2b7031","local_time":"20210109204015","is_ascension_mode":true,"campfire_choices":[{"floor":1,"key":"RECALL"},{"floor":6,"key":"REST"},{"data":"hexamod:DynamicBlow","floor":13,"key":"SMITH"},{"data":"hexamod:TimeOfNeed","floor":18,"key":"SMITH"},{"data":"hexamod:UnlimitedPower","floor":29,"key":"SMITH"},{"data":"hexamod:VolcanoVisage","floor":35,"key":"SMITH"}],"circlet_count":0,"master_deck":["hexamod:Strike+1","hexamod:Defend+1","hexamod:Defend+1","hexamod:Defend+1","hexamod:Defend+1","hexamod:Sear+1","hexamod:Float+1","hexamod:BurningTouch+1","hexamod:ShieldOfDarkness+1","hexamod:BurningTouch+1","hexamod:TimeWarp+1","hexamod:Incineration+1","hexamod:SixthSeal","hexamod:DynamicBlow+1","hexamod:FifthSeal","hexamod:GhostflameBarrier+1","hexamod:FirstSeal","hexamod:TimeOfNeed+1","hexamod:SecondSeal","hexamod:HexaLevel","hexamod:HeatCrush","hexamod:ThirdSeal","hexamod:HeatCrush+1","hexamod:UnlimitedPower+1","hexamod:HeatShield+1","hexamod:VolcanoVisage+1","hexamod:FourthSeal"],"relics":["hexamod:SpiritBrand","Replay:Wax Seal","hubris:Icosahedron","downfall:HeartBlessingRed","Membership Card","Happy Flower","Sundial","hubris:Backtick","hexamod:SoulConsumer","SsserpentHead","ReplayTheSpireMod:Lightbulb","Omamori","HornCleat","Orichalcum","WarpedTongs","downfall:HeartBlessingBlue","Busted Crown","Onion Ring","hexamod:MatchstickCase","Nunchaku","Centennial Puzzle"],"acts_visited":["Exordium","TheCity","TheBeyond"],"potions_floor_usage":[4,16,26,27,27,27,33,33,33,46],"damage_taken":[{"damage":0,"enemies":"Cultist","floor":2,"turns":3},{"damage":0,"enemies":"downfall:FleeingMerchant","floor":3,"turns":4},{"damage":33,"enemies":"Lagavulin Event","floor":4,"turns":6},{"damage":0,"enemies":"Small Slimes","floor":8,"turns":4},{"damage":0,"enemies":"downfall:FleeingMerchant","floor":9,"turns":4},{"damage":1,"enemies":"Jaw Worm","floor":10,"turns":2},{"damage":0,"enemies":"2 Fungi Beasts","floor":11,"turns":3},{"damage":7,"enemies":"Gremlin Nob","floor":12,"turns":3},{"damage":4,"enemies":"Lagavulin","floor":14,"turns":6},{"damage":7,"enemies":"Blue Slaver","floor":15,"turns":3},{"damage":25,"enemies":"downfall:Silent","floor":16,"turns":9},{"damage":26,"enemies":"Shell Parasite","floor":19,"turns":7},{"damage":6,"enemies":"downfall:FleeingMerchant","floor":20,"turns":4},{"damage":19,"enemies":"3 Byrds","floor":22,"turns":4},{"damage":23,"enemies":"Snake Plant","floor":25,"turns":5},{"damage":0,"enemies":"downfall:FleeingMerchant","floor":26,"turns":3},{"damage":0,"enemies":"Book of Stabbing","floor":27,"turns":3},{"damage":0,"enemies":"Snecko","floor":30,"turns":3},{"damage":0,"enemies":"Centurion and Healer","floor":31,"turns":4},{"damage":4,"enemies":"Cultist and Chosen","floor":32,"turns":5},{"damage":46,"enemies":"downfall:Watcher","floor":33,"turns":6},{"damage":7,"enemies":"Orb Walker","floor":36,"turns":4},{"damage":34,"enemies":"Giant Head","floor":40,"turns":8},{"damage":6,"enemies":"3 Darklings","floor":42,"turns":4},{"damage":21,"enemies":"Maw","floor":44,"turns":6},{"damage":12,"enemies":"Reptomancer","floor":46,"turns":2}],"seed_played":"3455601926186099323","potions_obtained":[{"floor":2,"key":"SteroidPotion"},{"floor":8,"key":"SmokeBomb"},{"floor":14,"key":"EntropicBrew"},{"floor":15,"key":"Guardian:BlockOnCardUsePotion"},{"floor":16,"key":"Swift Potion"},{"floor":19,"key":"Block Potion"},{"floor":27,"key":"AttackPotion"},{"floor":30,"key":"Explosive Potion"},{"floor":33,"key":"CultistPotion"},{"floor":42,"key":"EntropicBrew"},{"floor":44,"key":"Reflective Coating"}],"is_trial":false,"path_per_floor":["R","M","$","?","?","R","T","M","$","M","M","E","R","E","M","B",null,"R","M","$","?","M","?","T","M","$","E","?","R","M","M","M","B",null,"R","M","?","$","T","E","T","M","?","M","?","E"],"character_chosen":"THE_SPIRIT","items_purchased":["Membership Card","hexamod:Incineration+1","hexamod:HeatCrush","Omamori","HornCleat","Onion Ring","hexamod:MatchstickCase"],"campfire_rested":1,"item_purchase_floors":[9,9,20,26,26,38,38],"current_hp_per_floor":[70,70,70,37,37,58,58,58,58,57,57,50,50,46,39,14,70,70,51,52,52,40,40,40,24,31,31,31,41,41,48,51,12,80,80,80,80,80,80,53,53,47,47,33,90,78,78,78],"gold":167,"neow_bonus":"UPGRADE_CARD","is_daily":false,"chose_seed":false,"campfire_upgraded":4,"win_rate":0.0,"timestamp":1610221215,"path_taken":["R","M","$","?","?","R","T","M","?","M","M","E","R","E","M","BOSS","R","M","$","?","?","?","T","?","$","E","?","R","?","M","M","BOSS","R","M","?","$","?","E","T","M","?","M","?","E"],"items_purchased_type":["Relic","Card","Card","Relic","Relic","Relic","Relic"],"build_version":"2020-12-22","purchased_purges":3,"victory":false,"max_hp_per_floor":[70,70,70,70,70,70,70,70,70,70,70,70,70,70,70,70,70,70,70,70,70,70,70,70,70,70,70,70,80,80,80,80,80,80,80,80,80,80,80,80,80,80,80,80,90,90,90,90],"card_choices":[{"not_picked":["hexamod:GhostOfSpirePast","hexamod:RainOfEmbers"],"picked":"hexamod:BurningTouch","floor":2},{"not_picked":["hexamod:ApocalypticArmor","hexamod:ThirdSeal"],"picked":"hexamod:ShieldOfDarkness","floor":3},{"not_picked":["hexamod:GhostLash","hexamod:BacktrackSmack"],"picked":"hexamod:BurningTouch","floor":4},{"not_picked":["hexamod:Firestarter","hexamod:NightmareStrike"],"picked":"hexamod:TimeWarp","floor":8},{"not_picked":["hexamod:HauntingEcho","hexamod:SpectersWail","hexamod:NightmareGuise"],"picked":"SKIP","floor":9},{"not_picked":["hexamod:FourthSeal","hexamod:GhostLash"],"picked":"hexamod:SixthSeal","floor":10},{"not_picked":["hexamod:ExtraCrispy","hexamod:Again","hexamod:RainOfEmbers"],"picked":"SKIP","floor":11},{"not_picked":["hexamod:SpectralSpark","hexamod:NightmareStrike"],"picked":"hexamod:DynamicBlow","floor":12},{"not_picked":["hexamod:GhostShield","hexamod:CatchUp"],"picked":"hexamod:FifthSeal","floor":14},{"not_picked":["hexamod:Firestarter","hexamod:NecessarySacrifice"],"picked":"hexamod:GhostflameBarrier","floor":15},{"not_picked":["hexamod:SixthSeal","hexamod:ThirdSeal"],"picked":"hexamod:FirstSeal","floor":16},{"not_picked":["hexamod:ParanormalForm","hexamod:TurnItUp"],"picked":"hexamod:TimeOfNeed","floor":16},{"not_picked":["hexamod:ThirdSeal","hexamod:FourthSeal"],"picked":"hexamod:SecondSeal","floor":19},{"not_picked":["hexamod:SpectersWail","hexamod:BacktrackSmack"],"picked":"hexamod:HexaLevel","floor":19},{"not_picked":["hexamod:GhostLash+1","hexamod:FastForward","hexamod:SwordOfDarkness"],"picked":"SKIP","floor":20},{"not_picked":["hexamod:Hexaguard","hexamod:SwordOfDarkness","hexamod:RecurringNightmare+1"],"picked":"SKIP","floor":22},{"not_picked":["hexamod:SixthSeal","hexamod:FirstSeal"],"picked":"hexamod:ThirdSeal","floor":25},{"not_picked":["hexamod:ThermalTransfer","hexamod:AdvancingGuard"],"picked":"hexamod:HeatCrush+1","floor":25},{"not_picked":["hexamod:DynamicBlow","hexamod:NecessarySacrifice","hexamod:ShieldOfDarkness+1"],"picked":"SKIP","floor":26},{"not_picked":["hexamod:SwordOfDarkness","hexamod:RainOfEmbers"],"picked":"hexamod:UnlimitedPower","floor":27},{"not_picked":["hexamod:Incineration","hexamod:GhostLash","hexamod:InspiringFlames"],"picked":"SKIP","floor":27},{"not_picked":["hexamod:ThirdSeal","hexamod:FirstSeal","hexamod:SecondSeal"],"picked":"SKIP","floor":30},{"not_picked":["hexamod:SixthSeal","hexamod:NightmareStrike","hexamod:FastForward"],"picked":"SKIP","floor":30},{"not_picked":["hexamod:InspiringFlames","hexamod:SpectralSpark"],"picked":"hexamod:HeatShield","floor":31},{"not_picked":["hexamod:SecondSeal","hexamod:GhostLash+1","hexamod:NightmareStrike+1"],"picked":"SKIP","floor":31},{"not_picked":["hexamod:RetreatToShadows","hexamod:SpectralSpark+1","hexamod:ThirdSeal"],"picked":"SKIP","floor":32},{"not_picked":["hexamod:ParanormalForm","hexamod:CrushingStance"],"picked":"hexamod:VolcanoVisage","floor":33},{"not_picked":["hexamod:SpectersWail"],"picked":"SKIP","floor":36},{"not_picked":[],"picked":"hexamod:FourthSeal","floor":40},{"not_picked":["hexamod:FastForward+1"],"picked":"SKIP","floor":40},{"not_picked":["hexamod:HeatShield+1"],"picked":"SKIP","floor":42},{"not_picked":["hexamod:SkipABeat+1"],"picked":"SKIP","floor":44}],"player_experience":350371,"relics_obtained":[{"floor":12,"key":"Happy Flower"},{"floor":14,"key":"Sundial"},{"floor":24,"key":"ReplayTheSpireMod:Lightbulb"},{"floor":27,"key":"Orichalcum"},{"floor":39,"key":"Nunchaku"},{"floor":41,"key":"Centennial Puzzle"}],"event_choices":[{"damage_healed":0,"gold_gain":0,"player_choice":"Ignored","damage_taken":0,"max_hp_gain":0,"max_hp_loss":0,"event_name":"Transmorgrifier","floor":21,"gold_loss":0},{"damage_healed":0,"gold_gain":0,"player_choice":"Trade","damage_taken":0,"relics_obtained":["SsserpentHead"],"max_hp_gain":0,"max_hp_loss":0,"event_name":"FaceTrader","floor":23,"gold_loss":0},{"damage_healed":0,"gold_gain":0,"player_choice":"Rummage","damage_taken":0,"relics_obtained":["WarpedTongs"],"max_hp_gain":0,"max_hp_loss":0,"event_name":"Accursed Blacksmith","floor":28,"gold_loss":0,"cards_obtained":["Pain"]}],"is_beta":false,"boss_relics":[{"not_picked":["hubris:TerracottaHorce","Empty Cage"],"picked":"hubris:Backtick"},{"not_picked":["hubris:Stopwatch","hubris:GrandSneckoEye"],"picked":"Busted Crown"}],"items_purged_floors":[20,26,38],"is_endless":false,"potions_floor_spawned":[2,8,14,15,16,19,27,30,31,33,42,44],"killed_by":"Reptomancer","ascension_level":2}}