{"host":"oi6p1guiqfwwvxym","time":1610181804,"event":{"mods":["BaseMod","Colored Map","Minty Spire (QoL Compilation)"],"gold_per_floor":[111,128,128,142,159,186,204,239,290,290,321,332,357,357,357,431,431,445,460,140,140,140,140,172,189,189,208,208,208,51,51,51],"floor_reached":31,"playtime":1498,"items_purged":["Flex"],"score":513,"play_id":"3ba7c465-a110-43b6-8906-fbb3e165796d","local_time":"20210109004324","is_ascension_mode":true,"campfire_choices":[{"floor":10,"key":"REST"},{"floor":15,"key":"REST"},{"data":"Shockwave","floor":23,"key":"SMITH"}],"circlet_count":0,"master_deck":["AscendersBane","Bash+1","Fire Breathing","Uppercut","Rupture","Carnage","Twin Strike","Spot Weakness","True Grit","Shrug It Off","Seeing Red","Uppercut+1","Brutality","Pommel Strike","True Grit","Shockwave+1","Iron Wave","Sentinel","Inflame","Perfected Strike","Bloodletting","Heavy Blade"],"relics":["Busted Crown","Matryoshka","Bag of Preparation","Oddly Smooth Stone","Toy Ornithopter","Juzu Bracelet","Tiny Chest","Pandora\u0027s Box","Pen Nib","Paper Frog","Whetstone","Molten Egg 2","Kunai","Strawberry"],"acts_visited":["Exordium","TheCity"],"potions_floor_usage":[8,11,24,24,27],"damage_taken":[{"damage":2,"enemies":"2 Louse","floor":1,"turns":2},{"damage":4,"enemies":"Jaw Worm","floor":2,"turns":4},{"damage":1,"enemies":"Cultist","floor":4,"turns":3},{"damage":9,"enemies":"Red Slaver","floor":5,"turns":3},{"damage":20,"enemies":"Lagavulin","floor":6,"turns":5},{"damage":7,"enemies":"Exordium Wildlife","floor":7,"turns":4},{"damage":10,"enemies":"3 Sentries","floor":8,"turns":5},{"damage":16,"enemies":"Lagavulin","floor":11,"turns":7},{"damage":0,"enemies":"Looter","floor":12,"turns":2},{"damage":19,"enemies":"Gremlin Nob","floor":13,"turns":4},{"damage":14,"enemies":"Hexaghost","floor":16,"turns":9},{"damage":2,"enemies":"Shell Parasite","floor":18,"turns":4},{"damage":4,"enemies":"Chosen","floor":19,"turns":4},{"damage":18,"enemies":"Gremlin Leader","floor":24,"turns":4},{"damage":21,"enemies":"Snake Plant","floor":25,"turns":3},{"damage":22,"enemies":"Sentry and Sphere","floor":27,"turns":4},{"damage":12,"enemies":"Chosen and Byrds","floor":31,"turns":1}],"seed_played":"-2688564752226585854","potions_obtained":[{"floor":1,"key":"ColorlessPotion"},{"floor":2,"key":"Weak Potion"},{"floor":5,"key":"Explosive Potion"},{"floor":8,"key":"SmokeBomb"},{"floor":11,"key":"SneckoOil"},{"floor":13,"key":"Dexterity Potion"},{"floor":18,"key":"SneckoOil"},{"floor":25,"key":"ColorlessPotion"}],"is_trial":false,"path_per_floor":["M","M","?","M","M","E","M","E","T","R","E","M","E","?","R","B",null,"M","M","$","?","?","R","E","M","T","M","T","?","$","M"],"character_chosen":"IRONCLAD","items_purchased":["Pen Nib","Inflame","Strawberry"],"campfire_rested":2,"item_purchase_floors":[20,20,30],"current_hp_per_floor":[66,62,67,66,57,37,30,20,20,44,33,33,14,14,38,24,66,64,60,60,48,48,48,40,19,19,2,2,2,9,0,0],"gold":51,"neow_bonus":"BOSS_RELIC","is_daily":false,"chose_seed":false,"campfire_upgraded":1,"win_rate":0.0,"timestamp":1610181804,"path_taken":["M","M","?","M","M","E","M","E","T","R","E","M","E","?","R","BOSS","M","M","$","?","?","R","E","M","T","M","?","?","$","M"],"items_purchased_type":["Relic","Card","Relic"],"build_version":"2020-12-22","purchased_purges":1,"victory":false,"max_hp_per_floor":[75,75,80,80,80,80,80,80,80,80,80,80,80,80,80,80,80,80,80,80,80,80,80,80,80,80,80,80,80,87,87,87],"card_choices":[{"not_picked":[],"picked":"Fire Breathing","floor":1},{"not_picked":[],"picked":"Uppercut","floor":2},{"not_picked":[],"picked":"Rupture","floor":4},{"not_picked":[],"picked":"Carnage","floor":5},{"not_picked":[],"picked":"Twin Strike","floor":6},{"not_picked":[],"picked":"Spot Weakness","floor":7},{"not_picked":[],"picked":"True Grit","floor":8},{"not_picked":[],"picked":"Shrug It Off","floor":11},{"not_picked":["Sentinel"],"picked":"SKIP","floor":12},{"not_picked":[],"picked":"Seeing Red","floor":13},{"not_picked":[],"picked":"Brutality","floor":16},{"not_picked":["Clothesline"],"picked":"SKIP","floor":18},{"not_picked":["True Grit"],"picked":"SKIP","floor":19},{"not_picked":[],"picked":"Heavy Blade","floor":24},{"not_picked":["Iron Wave"],"picked":"SKIP","floor":25},{"not_picked":["Uppercut+1"],"picked":"SKIP","floor":27}],"player_experience":343000,"relics_obtained":[{"floor":6,"key":"Matryoshka"},{"floor":8,"key":"Bag of Preparation"},{"floor":9,"key":"Oddly Smooth Stone"},{"floor":9,"key":"Toy Ornithopter"},{"floor":11,"key":"Juzu Bracelet"},{"floor":13,"key":"Tiny Chest"},{"floor":24,"key":"Paper Frog"},{"floor":26,"key":"Whetstone"},{"floor":26,"key":"Molten Egg 2"},{"floor":28,"key":"Kunai"}],"event_choices":[{"damage_healed":0,"gold_gain":0,"player_choice":"Donut","damage_taken":0,"max_hp_gain":5,"max_hp_loss":0,"event_name":"Big Fish","floor":3,"gold_loss":0},{"damage_healed":0,"gold_gain":0,"cards_transformed":["Strike_R"],"player_choice":"Transformed","damage_taken":0,"max_hp_gain":0,"max_hp_loss":0,"event_name":"Transmorgrifier","floor":14,"gold_loss":0,"cards_obtained":["Uppercut"]},{"damage_healed":0,"gold_gain":0,"player_choice":"Damaged","damage_taken":12,"max_hp_gain":0,"max_hp_loss":0,"event_name":"Wheel of Change","floor":21,"gold_loss":0},{"damage_healed":0,"gold_gain":0,"cards_transformed":["Thunderclap","Warcry"],"player_choice":"Became Test Subject","damage_taken":0,"max_hp_gain":0,"max_hp_loss":0,"event_name":"Drug Dealer","floor":22,"gold_loss":0,"cards_obtained":["Perfected Strike","Bloodletting"]},{"damage_healed":0,"gold_gain":0,"player_choice":"Ignored","damage_taken":0,"max_hp_gain":0,"max_hp_loss":0,"event_name":"Cursed Tome","floor":29,"gold_loss":0}],"is_beta":false,"boss_relics":[{"not_picked":["Tiny House","Fusion Hammer"],"picked":"Pandora\u0027s Box"}],"items_purged_floors":[20],"is_endless":false,"potions_floor_spawned":[1,2,5,8,11,13,18,25],"killed_by":"Chosen and Byrds","ascension_level":16}}