{"host":"er8s5flrc5z1a07t","time":1610155689,"event":{"mods":["2.2 Compatiblity","Act Like it!","Bard","BaseMod","Better Note","Better Third Choice","Downfall","Duelist Mod","Elementarium","Energized Spire","GifTheSpireLib","Hermit","Hubris","Infinite Spire","Minty Spire (QoL Compilation)","Relic Stats","Replay The Spire","Shop Mod","StSLib","Stuff the Spire","Synergy Search","The Cursed","The Disciple","The Mystic"],"gold_per_floor":[112,127,127,127,140,140,475,493,572,572,572],"floor_reached":10,"playtime":235,"items_purged":[],"score":133,"play_id":"e4f2a60f-f1fa-43d7-974f-090a22e18496","local_time":"20210108202809","is_ascension_mode":true,"campfire_choices":[{"data":"Conserve Battery","floor":6,"key":"SMITH"}],"circlet_count":0,"master_deck":["AscendersBane","Strike_B","Strike_B","Strike_B","Strike_B","Defend_B","Defend_B","Defend_B","Defend_B","Zap","Dualcast","Cold Snap","Gash","Streamline","Conserve Battery+1","Steam Power","Coolheaded"],"relics":["Cracked Core","Golden Idol","Shuriken","Old Coin","infinitespire:WardingShard"],"acts_visited":["Exordium"],"potions_floor_usage":[8],"damage_taken":[{"damage":9,"enemies":"infinitespire:Voidling","floor":1,"turns":4},{"damage":7,"enemies":"Jaw Worm","floor":2,"turns":3},{"damage":0,"enemies":"Cultist","floor":5,"turns":3},{"damage":28,"enemies":"3 Sentries","floor":7,"turns":8},{"damage":5,"enemies":"3 Louse","floor":8,"turns":2},{"damage":29,"enemies":"Gremlin Nob","floor":10,"turns":3}],"seed_played":"2801583700057589515","potions_obtained":[{"floor":7,"key":"Explosive Potion"}],"is_trial":false,"path_per_floor":["M","M","?","T","M","R","E","M","T","E"],"character_chosen":"DEFECT","items_purchased":[],"campfire_rested":0,"item_purchase_floors":[],"current_hp_per_floor":[60,53,53,53,53,53,25,20,20,0,0],"gold":572,"neow_bonus":"THREE_CARDS","is_daily":false,"chose_seed":false,"campfire_upgraded":1,"win_rate":0.0,"timestamp":1610155689,"path_taken":["M","?","?","?","?","R","E","M","T","E"],"items_purchased_type":[],"build_version":"2020-12-22","purchased_purges":0,"victory":false,"max_hp_per_floor":[71,71,64,64,64,64,64,64,64,64,64],"relic_stats":{"counters":[6,23],"Golden Idol":14,"Shuriken":[3],"obtain_stats":[{"infinitespire:WardingShard":9,"Golden Idol":3,"Shuriken":4,"Cracked Core":0,"Old Coin":7},{"infinitespire:WardingShard":5,"Golden Idol":2,"Shuriken":2,"Cracked Core":0,"Old Coin":4},{"infinitespire:WardingShard":20,"Golden Idol":7,"Shuriken":7,"Cracked Core":0,"Old Coin":18}]},"card_choices":[{"not_picked":["Turbo","StuffTheSpire:Plugnplay"],"picked":"Cold Snap","floor":0},{"not_picked":["ReplayTheSpireMod:Repulse","Panic Button"],"picked":"Gash","floor":1},{"not_picked":["Tempest","Stack"],"picked":"Streamline","floor":2},{"not_picked":["Reprogram","ReplaySolidLightProjector"],"picked":"Conserve Battery","floor":5},{"not_picked":["Fusion","hubris:PowerSurge"],"picked":"Steam Power","floor":7},{"not_picked":["StuffTheSpire:LoadUp","Scrape"],"picked":"Coolheaded","floor":8}],"player_experience":1232584,"relics_obtained":[{"floor":4,"key":"Shuriken"},{"floor":7,"key":"Old Coin"},{"floor":9,"key":"infinitespire:WardingShard"}],"event_choices":[{"damage_healed":0,"gold_gain":0,"player_choice":"Lose Max HP","damage_taken":0,"relics_obtained":["Golden Idol"],"max_hp_gain":0,"max_hp_loss":7,"event_name":"Golden Idol","floor":3,"gold_loss":0}],"is_beta":false,"boss_relics":[],"items_purged_floors":[],"is_endless":false,"potions_floor_spawned":[7],"killed_by":"Gremlin Nob","ascension_level":19}}