{"host":"cu","time":1610203200,"event":{"mods":["BaseMod","Colored Map","Gremlin Mod","Infinite Spire","Minty Spire (QoL Compilation)","Replay The Spire","StSLib","The Cursed"],"gold_per_floor":[113,128,1,11,11,11,23,58,81,94,94,111,145,161,161,266,266,247,257,257,172,187,213,233,233,257,284,284,325,296,352,352,469,469,514,306,331,431,171,227,227,243,295,316,316,364,364,384,384,422],"floor_reached":51,"playtime":3836,"items_purged":["Run Through"],"score":634,"play_id":"b403047a-9069-4fd4-8b8f-dfadd3afd853","local_time":"20210109114000","is_ascension_mode":false,"campfire_choices":[{"floor":6,"key":"REST"},{"floor":11,"key":"REST"},{"floor":15,"key":"DIG"},{"data":"Bash","floor":25,"key":"SMITH"},{"data":"Rage","floor":32,"key":"SMITH"},{"floor":41,"key":"REST"},{"floor":49,"key":"REST"}],"circlet_count":0,"master_deck":["Strike_R+1","Strike_R+1","Strike_R+1","Strike_R+1","Strike_R","Defend_R","Defend_R+1","Defend_R+1","Defend_R","Bash+1","Eclipse","Shrug It Off","Seeing Red","True Grit+1","Uppercut+1","infinitespire:OneForAll","Corruption","Flex","Replay:Undeath\u0027s Touch","Rage+1","Reaper","Feed+1","Replay:Undeath\u0027s Touch","Feel No Pain","ReplayTheSpireMod:Strike From Hell","Clothesline","Pommel Strike+1","Dual Wield+1","Shrug It Off+1","Shrug It Off+1","Armaments+1","Offering+1","ReplayReversal+1","Dark Shackles+1","Armaments+1","Parasite","Body Slam+1","Flex+1","ReplayUltimateDefense","Dual Wield+1","Entrench+1"],"relics":["Burning Blood","MealTicket","Pet Ghost","War Paint","Toxic Egg 2","Snecko Eye","Nilry\u0027s Codex","White Beast Statue","Blue Doll","Replay:Bandana","Gremlin Food","TungstenRod","SacredBark","Simple Rune","Replay:Lucky Slots","ReplayFunnel","Whetstone","Nunchaku","Sozu"],"acts_visited":["Exordium","TheCity","TheBeyond"],"potions_floor_usage":[16,35,40,40,46,48,48,48],"damage_taken":[{"damage":13,"enemies":"2 Louse","floor":1,"turns":3},{"damage":8,"enemies":"Jaw Worm","floor":2,"turns":8},{"damage":2,"enemies":"Small Slimes","floor":4,"turns":4},{"damage":9,"enemies":"Blue Slaver","floor":7,"turns":5},{"damage":44,"enemies":"Gremlin Nob","floor":8,"turns":5},{"damage":11,"enemies":"Large Slime","floor":10,"turns":6},{"damage":2,"enemies":"Looter","floor":12,"turns":4},{"damage":3,"enemies":"Replay:BlueRogue","floor":13,"turns":5},{"damage":15,"enemies":"Exordium Thugs","floor":14,"turns":7},{"damage":20,"enemies":"Hexaghost","floor":16,"turns":9},{"damage":7,"enemies":"2 Thieves","floor":18,"turns":4},{"damage":12,"enemies":"Chosen","floor":19,"turns":5},{"damage":16,"enemies":"Centurion and Healer","floor":22,"turns":6},{"damage":3,"enemies":"Book of Stabbing","floor":23,"turns":5},{"damage":0,"enemies":"Snecko","floor":24,"turns":4},{"damage":0,"enemies":"3 Cultists","floor":29,"turns":5},{"damage":5,"enemies":"Replay:Snechameleon","floor":31,"turns":5},{"damage":14,"enemies":"Champ","floor":33,"turns":9},{"damage":26,"enemies":"3 Darklings","floor":35,"turns":6},{"damage":29,"enemies":"3 Shapes","floor":37,"turns":5},{"damage":75,"enemies":"Reptomancer","floor":40,"turns":6},{"damage":0,"enemies":"Writhing Mass","floor":42,"turns":7},{"damage":23,"enemies":"Maw","floor":44,"turns":8},{"damage":9,"enemies":"Giant Head","floor":46,"turns":7},{"damage":32,"enemies":"Transient","floor":48,"turns":5},{"damage":24,"enemies":"Replay:Hell Engine","floor":50,"turns":7}],"seed_played":"1747947264459324472","potions_obtained":[{"floor":7,"key":"Dexterity Potion"},{"floor":10,"key":"GamblersBrew"},{"floor":12,"key":"Weak Potion"},{"floor":18,"key":"Block Potion"},{"floor":35,"key":"Ancient Potion"},{"floor":40,"key":"Swift Potion"},{"floor":42,"key":"SpeedPotion"},{"floor":46,"key":"Strength Potion"}],"is_trial":false,"path_per_floor":["M","M","$","M","?","R","M","E","T","M","R","M","E","M","R_BF","B",null,"M","M","?","?","M","E","M","R","T","T","?","M","$","E","R","B",null,"M","$","M","?","$","E","R","M","T","M","?","E","AVR","M","R","B",null],"character_chosen":"IRONCLAD","items_purchased":["Seeing Red","True Grit","Shrug It Off+1","Dark Shackles+1","Simple Rune","Replay:Lucky Slots"],"campfire_rested":4,"item_purchase_floors":[3,3,30,36,36,39],"current_hp_per_floor":[73,71,71,75,59,80,77,39,39,34,58,62,65,56,56,42,80,79,73,57,57,63,69,75,75,75,75,75,83,83,83,83,75,83,66,81,64,64,79,26,51,62,62,51,51,48,48,28,53,39],"gold":422,"neow_bonus":"ONE_RANDOM_RARE_CARD","is_daily":false,"chose_seed":false,"campfire_upgraded":2,"win_rate":0.0,"timestamp":1610203200,"path_taken":["M","M","$","M","?","R","M","E","T","M","R","M","E","M","R_BF","BOSS","M","M","?","?","M","E","M","R","T","?","?","M","?","E","R","BOSS","M","$","M","?","$","E","R","M","T","?","?","E","AVR","M","R","BOSS"],"items_purchased_type":["Card","Card","Card","Card","Relic","Relic"],"build_version":"2020-11-17","purchased_purges":1,"victory":true,"max_hp_per_floor":[80,80,80,80,80,80,80,80,80,80,80,80,80,80,80,80,80,80,80,80,80,80,83,83,83,83,83,83,83,83,83,83,83,83,86,86,86,86,86,86,86,86,86,86,86,86,86,86,86,86],"card_choices":[{"not_picked":["Dual Wield","Replay:Undeath\u0027s Touch"],"picked":"Shrug It Off","floor":1},{"not_picked":["Cleave","Whirlwind"],"picked":"Run Through","floor":2},{"not_picked":["Warcry","Blood for Blood"],"picked":"Uppercut","floor":4},{"not_picked":["Run Through","Spot Weakness"],"picked":"infinitespire:OneForAll","floor":7},{"not_picked":["Clash","Cleave"],"picked":"Corruption","floor":8},{"not_picked":["Cleave","Sever Soul"],"picked":"Flex","floor":10},{"not_picked":["Iron Wave","Body Slam"],"picked":"Replay:Undeath\u0027s Touch","floor":12},{"not_picked":["Clash","Sword Boomerang"],"picked":"Rage","floor":13},{"not_picked":["Sword Boomerang","Intimidate"],"picked":"Reaper","floor":14},{"not_picked":["Fiend Fire","Reaper"],"picked":"Feed","floor":16},{"not_picked":["Anger","ReplayTheSpireMod:Muscle Training+1"],"picked":"Replay:Undeath\u0027s Touch","floor":18},{"not_picked":["Run Through","Disarm+1"],"picked":"Feel No Pain","floor":19},{"not_picked":["Clothesline","Inflame"],"picked":"ReplayTheSpireMod:Strike From Hell","floor":22},{"not_picked":["Sword Boomerang","Iron Wave"],"picked":"Clothesline","floor":23},{"not_picked":["Anger","Perfected Strike"],"picked":"Pommel Strike","floor":24},{"not_picked":["Twin Strike+1","Sever Soul+1"],"picked":"Dual Wield+1","floor":29},{"not_picked":["Second Wind+1","Whirlwind"],"picked":"Armaments+1","floor":31},{"not_picked":["Replay:Many Hands+1","Eclipse+1"],"picked":"Offering+1","floor":33},{"not_picked":["Inflame+1","Sword Boomerang"],"picked":"ReplayReversal+1","floor":35},{"not_picked":["Clothesline","Headbutt+1","ReplayTheSpireMod:LeadingStrike"],"picked":"SKIP","floor":37},{"not_picked":["ReplayTheSpireMod:Strike From Hell+1","Cleave"],"picked":"Armaments+1","floor":40},{"not_picked":["Ghostly Armor+1","Replay:Undeath\u0027s Touch"],"picked":"Body Slam+1","floor":42},{"not_picked":["Thunderclap","True Grit+1"],"picked":"Flex+1","floor":44},{"not_picked":["ReplayTheSpireMod:Trickstab","Trip+1"],"picked":"ReplayUltimateDefense","floor":45},{"not_picked":["Clash+1","Uppercut"],"picked":"Dual Wield+1","floor":46},{"not_picked":["Warcry+1","Thunderclap+1"],"picked":"Entrench+1","floor":48}],"player_experience":6496,"relics_obtained":[{"floor":8,"key":"MealTicket"},{"floor":9,"key":"Pet Ghost"},{"floor":13,"key":"War Paint"},{"floor":15,"key":"Toxic Egg 2"},{"floor":20,"key":"Nilry\u0027s Codex"},{"floor":23,"key":"Blue Doll"},{"floor":26,"key":"Replay:Bandana"},{"floor":27,"key":"Gremlin Food"},{"floor":31,"key":"TungstenRod"},{"floor":40,"key":"ReplayFunnel"},{"floor":43,"key":"Whetstone"},{"floor":46,"key":"Nunchaku"}],"event_choices":[{"damage_healed":0,"gold_gain":0,"player_choice":"Entered Light","damage_taken":16,"max_hp_gain":0,"max_hp_loss":0,"event_name":"Shining Light","floor":5,"gold_loss":0,"cards_upgraded":["Strike_R","Strike_R"]},{"damage_healed":0,"gold_gain":0,"player_choice":"Obtained Book","damage_taken":16,"max_hp_gain":0,"max_hp_loss":0,"event_name":"Cursed Tome","floor":20,"gold_loss":0},{"damage_healed":0,"gold_gain":0,"player_choice":"Obtained Relic","damage_taken":0,"relics_obtained":["White Beast Statue"],"max_hp_gain":0,"max_hp_loss":0,"event_name":"Addict","floor":21,"gold_loss":85},{"damage_healed":0,"gold_gain":0,"player_choice":"Ignored","damage_taken":0,"max_hp_gain":0,"max_hp_loss":0,"event_name":"Vampires","floor":28,"gold_loss":0},{"damage_healed":0,"gold_gain":100,"player_choice":"Pray","damage_taken":0,"max_hp_gain":0,"max_hp_loss":0,"event_name":"Golden Shrine","floor":38,"gold_loss":0},{"damage_healed":0,"gold_gain":0,"player_choice":"Memory 1","damage_taken":0,"max_hp_gain":0,"max_hp_loss":0,"event_name":"SensoryStone","floor":45,"gold_loss":0}],"is_beta":true,"boss_relics":[{"not_picked":["Replay:Drink Me","Coffee Dripper"],"picked":"Snecko Eye"},{"not_picked":["Philosopher\u0027s Stone","Ring of Chaos"],"picked":"SacredBark"}],"items_purged_floors":[39],"is_endless":false,"potions_floor_spawned":[7,10,12,13,18,19,22,23,24,29,31,33,35,37,40,42,44,46,48],"ascension_level":0}}