{"host":"FirstDane","time":1610223237,"event":{"mods":["BaseMod","Bestiary","Highlight Path","Minty Spire (QoL Compilation)","Relic Stats","Slay the Relics Exporter"],"gold_per_floor":[112,125,125,125,125,125,166,166,190,190,209,228,272,295,295,390,390,403,94,112,112,3,3,21,42,88,88,88,128,128,167,167,262,262,276,276,609,634,647,647,682,682,756,756,498,533,550,569,569,569,569,569,569,128,128,128],"floor_reached":55,"playtime":7216,"items_purged":["Strike_B+1","Defend_B"],"score":1967,"play_id":"6f47fbe4-49a2-42a9-b92c-6830815abcb8","local_time":"20210109141357","is_ascension_mode":true,"campfire_choices":[{"floor":6,"key":"REST"},{"floor":8,"key":"REST"},{"floor":10,"key":"REST"},{"data":"Sunder","floor":15,"key":"SMITH"},{"data":"Coolheaded","floor":23,"key":"SMITH"},{"data":"Reinforced Body","floor":28,"key":"SMITH"},{"data":"Hologram","floor":30,"key":"SMITH"},{"floor":32,"key":"REST"},{"floor":40,"key":"RECALL"},{"floor":42,"key":"REST"},{"data":"Panacea","floor":49,"key":"SMITH"},{"data":"Amplify","floor":53,"key":"SMITH"}],"circlet_count":0,"master_deck":["AscendersBane","Defend_B+1","Defend_B","Zap","Dualcast","Compile Driver","Doom and Gloom","Creative AI+1","Coolheaded+1","Sunder+1","Reinforced Body+1","Biased Cognition+1","Cold Snap","Panacea+1","Loop+1","Sweeping Beam+1","BootSequence","Static Discharge+1","Hologram+1","Loop+1","Echo Form+1","Hologram+1","Conserve Battery","Amplify+1","Loop+1","Cold Snap","PanicButton"],"relics":["Empty Cage","Frozen Egg 2","Regal Pillow","HornCleat","Velvet Choker","Membership Card","DataDisk","Orrery","Anchor","Kunai","Boot","Runic Pyramid","Calipers","Bag of Marbles","PreservedInsect","Toolbox","Omamori","Pantograph","Pen Nib","Sling"],"acts_visited":["Exordium","TheCity","TheBeyond","TheEnding"],"potions_floor_usage":[16,16,20,29,41,46,48,55],"damage_taken":[{"damage":1,"enemies":"2 Louse","floor":1,"turns":3},{"damage":14,"enemies":"Jaw Worm","floor":2,"turns":5},{"damage":32,"enemies":"3 Sentries","floor":7,"turns":7},{"damage":12,"enemies":"Small Slimes","floor":11,"turns":3},{"damage":14,"enemies":"Exordium Wildlife","floor":12,"turns":5},{"damage":0,"enemies":"Lagavulin","floor":13,"turns":7},{"damage":6,"enemies":"Red Slaver","floor":14,"turns":3},{"damage":16,"enemies":"Slime Boss","floor":16,"turns":10},{"damage":0,"enemies":"Chosen","floor":18,"turns":3},{"damage":9,"enemies":"Shell Parasite","floor":20,"turns":4},{"damage":0,"enemies":"Centurion and Healer","floor":24,"turns":6},{"damage":7,"enemies":"Snecko","floor":25,"turns":5},{"damage":6,"enemies":"Gremlin Leader","floor":29,"turns":3},{"damage":2,"enemies":"Book of Stabbing","floor":31,"turns":7},{"damage":10,"enemies":"Collector","floor":33,"turns":18},{"damage":0,"enemies":"Orb Walker","floor":35,"turns":3},{"damage":0,"enemies":"Mind Bloom Boss Battle","floor":38,"turns":6},{"damage":7,"enemies":"3 Darklings","floor":39,"turns":6},{"damage":40,"enemies":"Reptomancer","floor":41,"turns":8},{"damage":4,"enemies":"Giant Head","floor":46,"turns":6},{"damage":1,"enemies":"Transient","floor":47,"turns":6},{"damage":0,"enemies":"Writhing Mass","floor":48,"turns":7},{"damage":1,"enemies":"Donu and Deca","floor":50,"turns":11},{"damage":5,"enemies":"Time Eater","floor":51,"turns":22},{"damage":58,"enemies":"Shield and Spear","floor":55,"turns":5}],"seed_played":"-8364039738426456556","potions_obtained":[{"floor":11,"key":"SpeedPotion"},{"floor":13,"key":"Strength Potion"},{"floor":14,"key":"SpeedPotion"},{"floor":16,"key":"EssenceOfSteel"},{"floor":20,"key":"PowerPotion"},{"floor":29,"key":"FearPotion"},{"floor":33,"key":"Explosive Potion"},{"floor":41,"key":"FearPotion"},{"floor":46,"key":"FocusPotion"},{"floor":47,"key":"FearPotion"},{"floor":48,"key":"SteroidPotion"}],"is_trial":false,"path_per_floor":["M","M","?","?","?","R","E","R","T","R","M","M","E","M","R","B",null,"M","$","M","?","$","R","M","M","T","?","R","E","R","E","R","B",null,"M","?","?","?","M","R","E","R","T","?","$","E","M","M","R","B","B",null,"R","$","E"],"character_chosen":"DEFECT","items_purchased":["Membership Card","DataDisk","Panacea","Loop+1","Orrery","Hologram","PreservedInsect","Toolbox","SkillPotion","Conserve Battery","Ancient Potion","PanicButton","Pantograph","Pen Nib","Sling"],"campfire_rested":5,"item_purchase_floors":[19,19,19,19,22,22,45,45,45,45,54,54,54,54,54],"current_hp_per_floor":[63,49,49,30,23,42,10,29,29,63,51,37,37,31,31,15,52,52,52,43,43,43,43,43,36,36,36,36,30,30,28,62,52,61,61,61,61,61,54,54,14,48,48,48,48,44,43,43,43,42,37,57,57,57,0,0],"gold":128,"neow_bonus":"BOSS_RELIC","is_daily":false,"chose_seed":false,"campfire_upgraded":6,"win_rate":0.0,"timestamp":1610223237,"path_taken":["M","M","?","?","?","R","E","R","T","R","?","M","E","M","R","BOSS","M","$","M","?","$","R","M","M","T","?","R","E","R","E","R","BOSS","M","?","?","?","M","R","E","R","T","?","$","E","M","M","R","BOSS","BOSS","R","$","E"],"items_purchased_type":["Relic","Relic","Card","Card","Relic","Card","Relic","Relic","Potion","Card","Potion","Card","Relic","Relic","Relic"],"build_version":"2020-12-18","purchased_purges":2,"victory":false,"max_hp_per_floor":[71,71,64,64,64,64,64,64,64,64,64,64,64,64,64,64,64,64,64,64,64,64,64,64,64,64,64,64,64,64,64,64,64,64,64,64,64,64,64,64,64,64,64,64,64,64,64,64,64,64,64,64,64,64,64,64],"relic_stats":{"Regal Pillow":45,"counters":[25,168],"Pantograph":0,"PreservedInsect":207,"Pen Nib":[0],"Kunai":[6],"Boot":[7],"obtain_stats":[{"Regal Pillow":9,"Calipers":38,"Golden Idol":3,"Velvet Choker":17,"PreservedInsect":45,"Pen Nib":54,"Omamori":46,"Frozen Egg 2":7,"Empty Cage":0,"Boot":31,"Sling":54,"DataDisk":19,"Anchor":26,"HornCleat":13,"Pantograph":54,"Orrery":22,"Toolbox":45,"Bag of Marbles":41,"Membership Card":19,"Kunai":29,"Cracked Core":0,"Runic Pyramid":34},{"Regal Pillow":3,"Calipers":17,"Golden Idol":2,"Velvet Choker":8,"PreservedInsect":19,"Pen Nib":24,"Omamori":20,"Frozen Egg 2":3,"Empty Cage":0,"Boot":14,"Sling":24,"DataDisk":9,"Anchor":12,"HornCleat":6,"Pantograph":24,"Orrery":10,"Toolbox":19,"Bag of Marbles":19,"Membership Card":9,"Kunai":13,"Cracked Core":0,"Runic Pyramid":15},{"Regal Pillow":15,"Calipers":98,"Golden Idol":8,"Velvet Choker":43,"PreservedInsect":112,"Pen Nib":163,"Omamori":118,"Frozen Egg 2":15,"Empty Cage":0,"Boot":71,"Sling":163,"DataDisk":46,"Anchor":61,"HornCleat":30,"Pantograph":163,"Orrery":50,"Toolbox":112,"Bag of Marbles":112,"Membership Card":46,"Kunai":64,"Cracked Core":0,"Runic Pyramid":89}]},"card_choices":[{"not_picked":["Redo","Steam Power"],"picked":"Compile Driver","floor":1},{"not_picked":["Cold Snap","Lockon"],"picked":"Doom and Gloom","floor":2},{"not_picked":["Streamline","White Noise"],"picked":"Creative AI+1","floor":7},{"not_picked":["Chill","Steam"],"picked":"Coolheaded","floor":11},{"not_picked":["Ball Lightning","Auto Shields"],"picked":"Sunder","floor":12},{"not_picked":["Force Field","Coolheaded","Aggregate"],"picked":"SKIP","floor":13},{"not_picked":["Fusion","Hologram"],"picked":"Reinforced Body","floor":14},{"not_picked":["Rainbow","Reboot"],"picked":"Biased Cognition+1","floor":16},{"not_picked":["Rip and Tear","Leap"],"picked":"Cold Snap","floor":18},{"not_picked":["Stack","Cold Snap","Steam"],"picked":"SKIP","floor":20},{"not_picked":["Conserve Battery","Leap"],"picked":"Sweeping Beam+1","floor":22},{"not_picked":["Compile Driver","Amplify"],"picked":"BootSequence","floor":22},{"not_picked":["Turbo+1","Leap+1"],"picked":"Static Discharge+1","floor":22},{"not_picked":["Lockon","Coolheaded"],"picked":"Loop+1","floor":24},{"not_picked":["Go for the Eyes","Barrage","Steam Power"],"picked":"SKIP","floor":25},{"not_picked":["Fusion","Barrage","Rebound"],"picked":"SKIP","floor":29},{"not_picked":["Recycle","Sweeping Beam","Self Repair+1"],"picked":"SKIP","floor":31},{"not_picked":["Fission","Biased Cognition+1"],"picked":"Echo Form+1","floor":33},{"not_picked":["BootSequence","Gash+1"],"picked":"Hologram+1","floor":35},{"not_picked":["Barrage","Steam+1","Conserve Battery"],"picked":"SKIP","floor":39},{"not_picked":["Hello World+1","Redo","Doom and Gloom"],"picked":"SKIP","floor":41},{"not_picked":["Hologram","Barrage"],"picked":"Amplify","floor":46},{"not_picked":["Conserve Battery","Steam"],"picked":"Loop+1","floor":47},{"not_picked":["Hologram","Blizzard"],"picked":"Cold Snap","floor":48}],"player_experience":3876098,"relics_obtained":[{"floor":7,"key":"Frozen Egg 2"},{"floor":9,"key":"Regal Pillow"},{"floor":13,"key":"HornCleat"},{"floor":26,"key":"Anchor"},{"floor":29,"key":"Kunai"},{"floor":31,"key":"Boot"},{"floor":38,"key":"Calipers"},{"floor":41,"key":"Bag of Marbles"},{"floor":46,"key":"Omamori"}],"event_choices":[{"damage_healed":0,"gold_gain":0,"player_choice":"Lose Max HP","damage_taken":0,"relics_obtained":["Golden Idol"],"max_hp_gain":0,"max_hp_loss":7,"event_name":"Golden Idol","floor":3,"gold_loss":0},{"damage_healed":0,"gold_gain":0,"player_choice":"Entered Light","damage_taken":19,"max_hp_gain":0,"max_hp_loss":0,"event_name":"Shining Light","floor":4,"gold_loss":0,"cards_upgraded":["Defend_B","Strike_B"]},{"cards_removed":["Strike_B"],"damage_healed":0,"gold_gain":0,"player_choice":"Card Removal","damage_taken":7,"max_hp_gain":0,"max_hp_loss":0,"event_name":"Golden Wing","floor":5,"gold_loss":0},{"damage_healed":0,"gold_gain":0,"player_choice":"Ignored","damage_taken":0,"max_hp_gain":0,"max_hp_loss":0,"event_name":"Vampires","floor":21,"gold_loss":0},{"cards_removed":["Defend_B"],"damage_healed":0,"gold_gain":0,"player_choice":"Elegance","damage_taken":0,"max_hp_gain":0,"max_hp_loss":0,"event_name":"Back to Basics","floor":27,"gold_loss":0},{"damage_healed":0,"gold_gain":0,"player_choice":"Ignored","damage_taken":0,"max_hp_gain":0,"max_hp_loss":0,"event_name":"Tomb of Lord Red Mask","floor":36,"gold_loss":0},{"damage_healed":0,"gold_gain":333,"player_choice":"Gave Idol","damage_taken":0,"max_hp_gain":0,"max_hp_loss":0,"event_name":"The Moai Head","floor":37,"relics_lost":["Golden Idol"],"gold_loss":0},{"damage_healed":0,"gold_gain":0,"player_choice":"Fight","damage_taken":0,"max_hp_gain":0,"max_hp_loss":0,"event_name":"MindBloom","floor":38,"gold_loss":0},{"damage_healed":0,"gold_gain":0,"player_choice":"Ignored","damage_taken":0,"max_hp_gain":0,"max_hp_loss":0,"event_name":"Mysterious Sphere","floor":44,"gold_loss":0}],"is_beta":true,"boss_relics":[{"not_picked":["SacredBark","Tiny House"],"picked":"Velvet Choker"},{"not_picked":["Nuclear Battery","Calling Bell"],"picked":"Runic Pyramid"}],"items_purged_floors":[45,54],"is_endless":false,"potions_floor_spawned":[11,13,14,16,20,29,33,41,46,47,48],"killed_by":"Shield and Spear","ascension_level":20}}