{"host":"36mulxq349byzoa2","time":1610221984,"event":{"mods":["AchievementEnabler","BaseMod","Better Match","Block Reminder","Colored Map","Colored Powertips","Minty Spire (QoL Compilation)","Rare Cards Sparkle","StSLib","SuperFastMode"],"gold_per_floor":[166,184,109,109,119,151,168,168,168,168,59,8,8,8,8,8,8],"floor_reached":16,"playtime":368,"items_purged":[],"score":191,"play_id":"d973cd0f-dee3-451a-aa46-79a3d1c20165","local_time":"20210109145304","is_ascension_mode":true,"campfire_choices":[{"data":"Eviscerate","floor":10.0,"key":"SMITH"},{"floor":15.0,"key":"REST"}],"circlet_count":0,"master_deck":["AscendersBane","Strike_G","Strike_G","Strike_G+1","Strike_G","Strike_G","Defend_G","Defend_G","Defend_G","Defend_G","Survivor","Neutralize","Predator","Poisoned Stab","Eviscerate+1","Dagger Spray","Backflip","Acrobatics","Underhanded Strike"],"relics":["Tiny House","Juzu Bracelet","Kunai"],"acts_visited":["Exordium"],"potions_floor_usage":[16],"damage_taken":[{"damage":16.0,"enemies":"Jaw Worm","floor":1.0,"turns":6.0},{"damage":6.0,"enemies":"2 Louse","floor":2.0,"turns":3.0},{"damage":4.0,"enemies":"Cultist","floor":5.0,"turns":4.0},{"damage":25.0,"enemies":"3 Sentries","floor":6.0,"turns":6.0},{"damage":12.0,"enemies":"2 Fungi Beasts","floor":7.0,"turns":3.0},{"damage":45,"enemies":"Hexaghost","floor":16,"turns":11}],"seed_played":"-1670084365216906008","potions_obtained":[{"floor":0.0,"key":"GamblersBrew"},{"floor":2.0,"key":"BlessingOfTheForge"}],"is_trial":false,"path_per_floor":["M","M","?","?","M","E","M","?","T","R","$","?","T","?","R","B"],"character_chosen":"THE_SILENT","items_purchased":["Acrobatics","Underhanded Strike"],"campfire_rested":1,"item_purchase_floors":[11,11],"current_hp_per_floor":[48,42,42,42,38,13,1,24,24,24,24,24,24,24,45,0,0],"gold":8,"neow_bonus":"BOSS_RELIC","is_daily":false,"chose_seed":false,"campfire_upgraded":1,"win_rate":0.0,"timestamp":1610221984,"path_taken":["M","M","?","?","M","E","M","?","T","R","$","?","?","?","R","BOSS"],"items_purchased_type":["Card","Card"],"build_version":"2020-12-22","purchased_purges":0,"victory":false,"max_hp_per_floor":[71,71,71,71,71,71,71,71,71,71,71,71,71,71,71,71,71],"card_choices":[{"not_picked":["Slice","Footwork"],"picked":"Predator","floor":0.0},{"not_picked":["Dagger Throw","Sucker Punch"],"picked":"Poisoned Stab","floor":1.0},{"not_picked":["Slice","Flechettes"],"picked":"Eviscerate","floor":2.0},{"not_picked":["Catalyst","Backflip"],"picked":"Dagger Spray","floor":5.0},{"not_picked":["Predator","Venomology","Flechettes"],"picked":"SKIP","floor":6.0},{"not_picked":["Deflect","Terror"],"picked":"Backflip","floor":7.0}],"player_experience":1022130,"relics_obtained":[{"floor":6.0,"key":"Juzu Bracelet"},{"floor":13.0,"key":"Kunai"}],"event_choices":[{"cards_removed":["Defend_G"],"damage_healed":0.0,"max_hp_gain":0.0,"max_hp_loss":0.0,"gold_gain":0.0,"event_name":"The Cleric","player_choice":"Card Removal","floor":3.0,"gold_loss":75.0,"damage_taken":0.0},{"damage_healed":0.0,"max_hp_gain":0.0,"max_hp_loss":0.0,"gold_gain":0.0,"event_name":"Scrap Ooze","player_choice":"Fled","floor":4.0,"gold_loss":0.0,"damage_taken":0.0},{"damage_healed":23.0,"max_hp_gain":0.0,"max_hp_loss":0.0,"gold_gain":0.0,"event_name":"Big Fish","player_choice":"Banana","floor":8.0,"gold_loss":0.0,"damage_taken":0.0},{"damage_healed":0.0,"max_hp_gain":0.0,"max_hp_loss":0.0,"gold_gain":0.0,"event_name":"World of Goop","player_choice":"Left Gold","floor":12.0,"gold_loss":51.0,"damage_taken":0.0},{"damage_healed":0.0,"max_hp_gain":0.0,"max_hp_loss":0.0,"gold_gain":0.0,"event_name":"Liars Game","player_choice":"Ignored","floor":14.0,"gold_loss":0.0,"damage_taken":0.0}],"is_beta":false,"boss_relics":[],"items_purged_floors":[],"is_endless":false,"potions_floor_spawned":[2,5],"killed_by":"Hexaghost","ascension_level":19}}