{"host":"mmyob72dycyg5z21","time":1610199391,"event":{"mods":["Act Like it!","Alarm Clock","BaseMod","Bestiary","Better Note","Better Third Choice","Better Vampires","Colored Powertips","Gold Saver","Gremlin Skip","Luminous","Marked Mod","Minty Spire (QoL Compilation)","Poor People Problems","Rare Cards Sparkle","Spicy Shops","StSLib","SuperFastMode","The Hierophant","Yuyuko","[功能]功能增强和修复MOD","【功能Mod】精心准备","【遗物卡牌】REMEMod","篝火指南"],"gold_per_floor":[787,787,804,804,815,840,840,868,894,108,283,318,268,297,297,399,399,410,430,75,150,167,192,192,223,223,254,254,265,290,290,290,392,392,412,462,1,1,1,30,50,83,106,440,103,155,44,126,126,219,219,219,7,64,121],"floor_reached":56,"playtime":2110,"items_purged":["Strike_P","Defend_P","SignatureMove"],"score":2179,"play_id":"02433ef3-36b1-4f98-970e-a8e68da245ba","local_time":"20210109213631","is_ascension_mode":true,"campfire_choices":[{"data":"REME_Flogging","floor":7.0,"key":"SMITH"},{"data":"PathToVictory","floor":15.0,"key":"SMITH"},{"data":"MarkedMod:ChiBlock","floor":24,"key":"SMITH"},{"data":"Tantrum","floor":28,"key":"SMITH"},{"data":"Sanctity","floor":32,"key":"SMITH"},{"floor":49,"key":"RECALL"},{"data":"DeusExMachina","floor":52,"key":"SMITH"}],"circlet_count":0,"master_deck":["Strike_P+1","Defend_P+1","Defend_P","Defend_P","Eruption+1","Vigilance","REME_Flogging+1","CurseOfTheBell","Adaptation+1","Swivel","MarkedMod:ChiBlock+1","EmptyBody","FearNoEvil","Sanctity+1","PathToVictory+1","Tantrum+1","Prostrate","PathToVictory","MarkedMod:FirstStrike","DeusExMachina+1","PathToVictory+1","MarkedMod:ChiBlock","BattleHymn+1","Collect","MarkedMod:GentlePulse+1","Trip","SpiritShield","Shrug It Off+1","FlurryOfBlows+1","ClearTheMind+1","Luminous:Shadow_Shell_Luminous+1"],"relics":["Black Star","Calling Bell","Happy Flower","The Courier","Prayer Wheel","Nunchaku","Gambling Chip","PreservedInsect","StoneCalendar","Omamori","Oddly Smooth Stone","Ginger","Whetstone","OrangePellets","Turnip","Bottled Tornado","Ornamental Fan","Thread and Needle","Coffee Dripper","Sling","Matryoshka","Potion Belt","REME_PuzzleBoxRelic","Mummified Hand","Damaru","MarkedMod:AcupunctureKit","Kunai","Meat on the Bone","Boot","REME_LimitBreaker","MealTicket","Black Star","CaptainsWheel","Bag of Marbles","Vajra","Orrery","Du-Vu Doll","Molten Egg 2","Shuriken","Yang","Singing Bowl","Sundial","Regal Pillow","MawBank","Old Coin","Art of War","PrismaticShard","Blood Vial","Lantern","Toxic Egg 2","Bag of Preparation","REME_ArchaeologicalTools","Mercury Hourglass","Dead Branch","Pen Nib","ClockworkSouvenir","Eternal Feather","Pantograph"],"acts_visited":["Exordium","TheCity","TheBeyond","TheEnding"],"potions_floor_usage":[23,35,35,40,46,54],"damage_taken":[{"damage":0.0,"enemies":"Cultist","floor":1.0,"turns":3.0},{"damage":6.0,"enemies":"Jaw Worm","floor":3.0,"turns":3.0},{"damage":4.0,"enemies":"Small Slimes","floor":5.0,"turns":2.0},{"damage":15.0,"enemies":"Lagavulin","floor":6.0,"turns":8.0},{"damage":7.0,"enemies":"3 Sentries","floor":8.0,"turns":3.0},{"damage":0.0,"enemies":"Gremlin Nob","floor":12.0,"turns":2.0},{"damage":9.0,"enemies":"3 Sentries","floor":14.0,"turns":3.0},{"damage":0.0,"enemies":"Slime Boss","floor":16.0,"turns":5.0},{"damage":0.0,"enemies":"Spheric Guardian","floor":18.0,"turns":3.0},{"damage":2.0,"enemies":"3 Byrds","floor":19.0,"turns":3.0},{"damage":0,"enemies":"Cultist and Chosen","floor":22,"turns":2},{"damage":11,"enemies":"Gremlin Leader","floor":23,"turns":3},{"damage":0,"enemies":"Book of Stabbing","floor":25,"turns":2},{"damage":6,"enemies":"Gremlin Leader","floor":27,"turns":2},{"damage":0,"enemies":"Snecko","floor":29,"turns":2},{"damage":0,"enemies":"Slavers","floor":30,"turns":2},{"damage":0,"enemies":"Champ","floor":33,"turns":5},{"damage":5,"enemies":"3 Shapes","floor":35,"turns":2},{"damage":0,"enemies":"Mind Bloom Boss Battle","floor":36,"turns":2},{"damage":0,"enemies":"Reptomancer","floor":40,"turns":3},{"damage":12,"enemies":"3 Darklings","floor":41,"turns":3},{"damage":28,"enemies":"Nemesis","floor":42,"turns":3},{"damage":4,"enemies":"Giant Head","floor":44,"turns":4},{"damage":10,"enemies":"Nemesis","floor":46,"turns":4},{"damage":0,"enemies":"Reptomancer","floor":48,"turns":2},{"damage":0,"enemies":"Awakened One","floor":50,"turns":4},{"damage":0,"enemies":"Shield and Spear","floor":54,"turns":3},{"damage":5,"enemies":"The Heart","floor":55,"turns":4}],"seed_played":"7496633524596652472","potions_obtained":[{"floor":3.0,"key":"SneckoOil"},{"floor":5.0,"key":"Strength Potion"},{"floor":6.0,"key":"LiquidMemories"},{"floor":14.0,"key":"LiquidMemories"},{"floor":14.0,"key":"LiquidBronze"},{"floor":19.0,"key":"FearPotion"},{"floor":23,"key":"Strength Potion"},{"floor":23,"key":"Block Potion"},{"floor":25,"key":"Regen Potion"},{"floor":33,"key":"Fire Potion"},{"floor":35,"key":"Explosive Potion"},{"floor":40,"key":"BottledMiracle"},{"floor":40,"key":"SkillPotion"},{"floor":41,"key":"AttackPotion"},{"floor":54,"key":"DuplicationPotion"}],"is_trial":false,"path_per_floor":["M","?","M","?","M","E","R","E","T","$","?","E","?","E","R","B",null,"M","M","$","?","M","E","R","E","T","E","R","M","E","?","R","B",null,"M","?","$","?","?","E","M","E","T","E","$","E","$","E","R","B",null,"R","$","E","B",null],"character_chosen":"WATCHER","items_purchased":["FearNoEvil","Omamori","Oddly Smooth Stone","Ginger","Whetstone","OrangePellets","Sanctity","PathToVictory","Sling","Matryoshka","Bag of Marbles","Vajra","Orrery","Du-Vu Doll","Art of War","PrismaticShard","Blood Vial","Lantern","REME_ArchaeologicalTools","FlurryOfBlows+1","Pen Nib","ClockworkSouvenir","ClearTheMind+1"],"campfire_rested":0,"item_purchase_floors":[10,10,10,10,10,10,10,20,20,20,37,37,37,37,45,45,45,45,47,47,53,53,53],"current_hp_per_floor":[72,72,66,52,48,33,33,26,26,26,26,26,26,17,17,17,58,58,56,56,49,49,38,38,38,38,32,32,44,44,44,44,44,65,60,60,72,72,72,72,60,46,46,44,59,51,66,70,70,72,77,77,78,78,73],"gold":121,"neow_bonus":"BOSS_RELIC","is_daily":false,"chose_seed":false,"campfire_upgraded":6,"win_rate":0.0,"timestamp":1610199391,"path_taken":["M","?","?","?","M","E","R","E","T","$","?","E","?","E","R","BOSS","M","M","$","?","M","E","R","E","T","E","R","M","E","?","R","BOSS","M","?","$","?","?","E","M","E","T","E","$","E","$","E","R","BOSS","R","$","E","BOSS"],"items_purchased_type":["Card","Relic","Relic","Relic","Relic","Relic","Card","Card","Relic","Relic","Relic","Relic","Relic","Relic","Relic","Relic","Relic","Relic","Relic","Card","Relic","Relic","Card"],"build_version":"2020-12-22","purchased_purges":3,"victory":true,"max_hp_per_floor":[72,72,72,72,72,72,72,72,72,72,72,72,72,72,72,72,72,72,72,72,72,72,72,72,72,72,72,72,72,72,72,72,72,72,72,72,72,72,72,72,72,74,74,76,76,76,76,78,78,78,78,78,78,78,78],"card_choices":[{"not_picked":["FollowUp","Indignation"],"picked":"Adaptation","floor":1.0},{"not_picked":["SashWhip","MarkedMod:GentlePulse","Study"],"picked":"SKIP","floor":1.0},{"not_picked":["FollowUp","Crescendo"],"picked":"Swivel","floor":3.0},{"not_picked":["EmptyFist","CrushJoints","Prostrate"],"picked":"SKIP","floor":3.0},{"not_picked":["WheelKick","FollowUp"],"picked":"MarkedMod:ChiBlock","floor":5.0},{"not_picked":["MarkedMod:GentlePulse","Crescendo"],"picked":"EmptyBody","floor":5.0},{"not_picked":["SashWhip","Swivel","Wireheading"],"picked":"SKIP","floor":6.0},{"not_picked":["Indignation","MarkedMod:Acupuncture","WreathOfFlame"],"picked":"SKIP","floor":8.0},{"not_picked":["Protect","FollowUp"],"picked":"PathToVictory","floor":12.0},{"not_picked":["SashWhip","MarkedMod:PinPointDefense"],"picked":"Tantrum","floor":14.0},{"not_picked":["Sanctity","MentalFortress","ClearTheMind"],"picked":"SKIP","floor":18.0},{"not_picked":["REME_MusicOfDeath","JustLucky","LikeWater+1"],"picked":"SKIP","floor":18.0},{"not_picked":["MarkedMod:FirstStrike","Nirvana+1"],"picked":"SignatureMove","floor":19.0},{"not_picked":["Wallop","EmptyFist"],"picked":"Prostrate","floor":19.0},{"not_picked":["Halt","SignatureMove"],"picked":"MarkedMod:FirstStrike","floor":22},{"not_picked":["EmptyBody","PathToVictory","SandsOfTime+1"],"picked":"SKIP","floor":22},{"not_picked":["REME_MusicOfDeath","FollowUp","EmptyMind"],"picked":"SKIP","floor":23},{"not_picked":["ClearTheMind","Tantrum","Halt"],"picked":"SKIP","floor":25},{"not_picked":["SashWhip+1","FearNoEvil","REME_Repentance"],"picked":"SKIP","floor":27},{"not_picked":["ThirdEye","EmptyFist"],"picked":"DeusExMachina","floor":29},{"not_picked":["WheelKick","Prostrate","Swivel"],"picked":"SKIP","floor":29},{"not_picked":["CutThroughFate+1","SandsOfTime+1"],"picked":"PathToVictory+1","floor":30},{"not_picked":["REME_EmptyShield","Brilliance"],"picked":"MarkedMod:ChiBlock","floor":33},{"not_picked":["Adaptation+1","REME_Repentance"],"picked":"BattleHymn+1","floor":35},{"not_picked":["Prostrate+1","Crescendo","REME_Repentance+1"],"picked":"SKIP","floor":35},{"not_picked":["MarkedMod:Acupuncture+1","InnerPeace+1"],"picked":"Collect","floor":37},{"not_picked":["FlyingSleeves","JustLucky"],"picked":"MarkedMod:GentlePulse+1","floor":37},{"not_picked":["Purity","Mayhem"],"picked":"Trip","floor":38},{"not_picked":["ConjureBlade","Crescendo"],"picked":"SpiritShield","floor":40},{"not_picked":["DeceiveReality","EmptyBody+1","PathToVictory+1"],"picked":"SKIP","floor":41},{"not_picked":["Prostrate+1","ForeignInfluence+1","LessonLearned+1"],"picked":"SKIP","floor":41},{"not_picked":["BowlingBash+1","SashWhip+1","Consecrate+1"],"picked":"Singing Bowl","floor":42},{"not_picked":["MarkedMod:GracefulMovements","Crescendo","CarveReality+1"],"picked":"Singing Bowl","floor":44},{"not_picked":["Fiend Fire+1","End of Faramita+1"],"picked":"Shrug It Off+1","floor":46},{"not_picked":["Coolheaded+1","Ball Lightning+1","Vengeance+1"],"picked":"Singing Bowl","floor":48},{"not_picked":["MarkedMod:GentlePulse+1","Backflip+1"],"picked":"Luminous:Shadow_Shell_Luminous+1","floor":54}],"player_experience":395713,"relics_obtained":[{"floor":0.0,"key":"Happy Flower"},{"floor":0.0,"key":"The Courier"},{"floor":0.0,"key":"Prayer Wheel"},{"floor":6.0,"key":"Nunchaku"},{"floor":6.0,"key":"Gambling Chip"},{"floor":8.0,"key":"PreservedInsect"},{"floor":8.0,"key":"StoneCalendar"},{"floor":12.0,"key":"Turnip"},{"floor":12.0,"key":"Bottled Tornado"},{"floor":14.0,"key":"Ornamental Fan"},{"floor":14.0,"key":"Thread and Needle"},{"floor":23,"key":"Potion Belt"},{"floor":23,"key":"REME_PuzzleBoxRelic"},{"floor":25,"key":"Mummified Hand"},{"floor":25,"key":"Damaru"},{"floor":26,"key":"MarkedMod:AcupunctureKit"},{"floor":26,"key":"Kunai"},{"floor":27,"key":"Meat on the Bone"},{"floor":27,"key":"Boot"},{"floor":30,"key":"REME_LimitBreaker"},{"floor":30,"key":"MealTicket"},{"floor":36,"key":"CaptainsWheel"},{"floor":40,"key":"Molten Egg 2"},{"floor":40,"key":"Shuriken"},{"floor":42,"key":"Yang"},{"floor":42,"key":"Singing Bowl"},{"floor":43,"key":"Sundial"},{"floor":43,"key":"Regal Pillow"},{"floor":44,"key":"MawBank"},{"floor":44,"key":"Old Coin"},{"floor":46,"key":"Toxic Egg 2"},{"floor":46,"key":"Bag of Preparation"},{"floor":48,"key":"Mercury Hourglass"},{"floor":48,"key":"Dead Branch"},{"floor":54,"key":"Eternal Feather"},{"floor":54,"key":"Pantograph"}],"event_choices":[{"damage_healed":0.0,"max_hp_gain":0.0,"max_hp_loss":0.0,"gold_gain":0.0,"event_name":"Upgrade Shrine","player_choice":"Upgraded","floor":2.0,"gold_loss":0.0,"damage_taken":0.0,"cards_upgraded":["Eruption"]},{"damage_healed":66.0,"max_hp_gain":0.0,"max_hp_loss":72.0,"gold_gain":0.0,"event_name":"betterThird:BetterShining","player_choice":"Upgrade","floor":4.0,"gold_loss":0.0,"damage_taken":14.0,"cards_upgraded":["Defend_P","Adaptation"]},{"damage_healed":0.0,"max_hp_gain":0.0,"max_hp_loss":0.0,"gold_gain":175.0,"event_name":"betterThird:BetterSerpent","player_choice":"AGREE","floor":11.0,"gold_loss":0.0,"damage_taken":108.0},{"cards_removed":["Strike_P"],"damage_healed":0.0,"max_hp_gain":0.0,"max_hp_loss":0.0,"gold_gain":0.0,"event_name":"The Cleric","player_choice":"Card Removal","floor":13.0,"gold_loss":50.0,"damage_taken":0.0},{"damage_healed":0,"gold_gain":75,"player_choice":"Touch","damage_taken":7,"max_hp_gain":0,"max_hp_loss":0,"event_name":"FaceTrader","floor":21,"gold_loss":0},{"damage_healed":0,"gold_gain":0,"player_choice":"Bought 0 Potions","damage_taken":0,"max_hp_gain":0,"max_hp_loss":0,"event_name":"The Woman in Blue","floor":31,"gold_loss":0},{"damage_healed":0,"gold_gain":0,"player_choice":"Fight","damage_taken":0,"max_hp_gain":0,"max_hp_loss":0,"event_name":"MindBloom","floor":36,"gold_loss":0},{"damage_healed":0,"gold_gain":0,"player_choice":"Memory 1","damage_taken":0,"max_hp_gain":0,"max_hp_loss":0,"event_name":"SensoryStone","floor":38,"gold_loss":0},{"cards_removed":["Strike_P"],"damage_healed":0,"gold_gain":0,"player_choice":"Removed Attack","damage_taken":0,"max_hp_gain":0,"max_hp_loss":0,"event_name":"Falling","floor":39,"gold_loss":0}],"is_beta":false,"boss_relics":[{"not_picked":["Pandora\u0027s Box","Runic Dome"],"picked":"Coffee Dripper"},{"not_picked":["Fusion Hammer","Velvet Choker"],"picked":"Black Star"}],"items_purged_floors":[10,20,37],"is_endless":false,"potions_floor_spawned":[3,5,6,14,14,19,23,23,25,27,33,35,40,40,41,54],"ascension_level":5}}