{"host":"6jrnojxwearbrjzo","time":1610208558,"event":{"mods":["BaseMod","Colored Map","Minty Spire (QoL Compilation)","Replay The Spire","Shop Mod","Spicy Shops","StSLib","The Cursed","The Servant 0.9.4","vexMod"],"gold_per_floor":[111,111,111,127,127,127,467,483,483,506,35,74,74,115,115,246,246,264,264,40,40,58,89,89,89,89,104,104,125,7,242,242,366,366,390,3,16,35,35,35,78,78,101,125,458,2,2,14,14,14,14,14,25,56,56,56],"floor_reached":55,"playtime":2316,"items_purged":["Voices","Injury","Hallucinations"],"score":890,"play_id":"d60f849d-58cd-4921-ac55-7fae62cd56e3","local_time":"20210110000918","is_ascension_mode":true,"campfire_choices":[{"floor":6,"key":"RECALL"},{"data":"True Grit","floor":13,"key":"SMITH"},{"data":"ReplayTheSpireMod:Necrogeddon","floor":15,"key":"SMITH"},{"data":"ReplayTheSpireMod:Strike From Hell","floor":25,"key":"SMITH"},{"data":"Run Through","floor":28,"key":"SMITH"},{"data":"ReplayTheSpireMod:Strike From Hell","floor":32,"key":"SMITH"},{"data":"Pot Of Greed","floor":40,"key":"SMITH"},{"data":"Pot Of Greed","floor":47,"key":"SMITH"},{"data":"Offering","floor":49,"key":"SMITH"},{"data":"Bloodletting","floor":52,"key":"SMITH"}],"circlet_count":0,"master_deck":["Strike_R","Strike_R","Strike_R","Defend_R","Defend_R","Bash","Flex+1","Bludgeon+1","ReplayTheSpireMod:Strike From Hell+1","Eclipse+1","ReplayTheSpireMod:Strike From Hell+1","Run Through+1","ReplayTheSpireMod:Necrogeddon+1","True Grit+1","Fiend Fire","Life Link+1","Reaper+1","Heavy Blade","Bloodletting+1","ReplayTheSpireMod:Strike From Hell+1","Flash of Steel","Finesse","Offering+1","Pot Of Greed+1","Pot Of Greed+1","Pot Of Greed","Injury","Feel No Pain+1","Parasite","Shrug It Off+1","Pummel+1"],"relics":["Burning Blood","NeowsBlessing","Old Coin","Guide Book","Ancient Tea Set","PreservedInsect","Astrolabe","ReplayTheSpireMod:Ring of Collecting","Ring of Searing","Omamori","Dream Catcher","Ring of Misfortune","Tiny Chest","vexMod:RedPlottingStone","vexMod:BarristanHead","Replay:Towering Pillar of Hats","Replay:Ancient Bell","Grinning Jar","Shuriken","Another Sword","Charon\u0027s Ashes","Frozen Eye","Bronze Scales","Ring of Fury","vexMod:MemoryStick","Iron Hammer","Membership Card","ReplayTheSpireMod:CursedCoin","Bag of Marbles","Art of War"],"acts_visited":["Exordium","TheCity","TheBeyond","TheEnding"],"potions_floor_usage":[7,7,14,16,27,50,50,55],"damage_taken":[{"damage":0,"enemies":"Jaw Worm","floor":1,"turns":1},{"damage":0,"enemies":"2 Louse","floor":4,"turns":1},{"damage":0,"enemies":"Lagavulin","floor":7,"turns":1},{"damage":1,"enemies":"Cultist","floor":8,"turns":3},{"damage":12,"enemies":"3 Louse","floor":10,"turns":3},{"damage":19,"enemies":"3 Sentries","floor":12,"turns":4},{"damage":33,"enemies":"Lagavulin","floor":14,"turns":4},{"damage":15,"enemies":"Fading Forest","floor":16,"turns":11},{"damage":24,"enemies":"3 Byrds","floor":18,"turns":4},{"damage":30,"enemies":"2 Thieves","floor":22,"turns":3},{"damage":49,"enemies":"Book of Stabbing","floor":23,"turns":4},{"damage":18,"enemies":"Snake Plant","floor":27,"turns":2},{"damage":44,"enemies":"3 Cultists","floor":29,"turns":5},{"damage":25,"enemies":"Gremlin Leader","floor":31,"turns":4},{"damage":56,"enemies":"Collector","floor":33,"turns":4},{"damage":17,"enemies":"3 Shapes","floor":35,"turns":3},{"damage":37,"enemies":"3 Darklings","floor":37,"turns":4},{"damage":50,"enemies":"Writhing Mass","floor":38,"turns":4},{"damage":10,"enemies":"Reptomancer","floor":41,"turns":3},{"damage":0,"enemies":"Maw","floor":44,"turns":4},{"damage":14,"enemies":"Jaw Worm Horde","floor":48,"turns":2},{"damage":16,"enemies":"Donu and Deca","floor":50,"turns":5},{"damage":13,"enemies":"Shield and Spear","floor":54,"turns":3},{"damage":102,"enemies":"The Heart","floor":55,"turns":5}],"seed_played":"-3849310230414706139","potions_obtained":[{"floor":1,"key":"Elixir"},{"floor":5,"key":"DistilledChaos"},{"floor":5,"key":"SteroidPotion"},{"floor":7,"key":"Elixir"},{"floor":12,"key":"FearPotion"},{"floor":22,"key":"Swift Potion"},{"floor":38,"key":"Doom Potion"},{"floor":41,"key":"Block Potion"},{"floor":48,"key":"LiquidMemories"}],"is_trial":false,"path_per_floor":["M","?","?","M","?","R","E","M","T","M","$","E","R","E","R_BF","B",null,"M","?","$","?","M","E","?","R","T","M","R","M","$","E","R","B",null,"M","$","M","M","?","R","E","?","T","M","?","$","R","M","R","B",null,"R","$","E","B"],"character_chosen":"IRONCLAD","items_purchased":["Guide Book","Run Through","ReplayTheSpireMod:Necrogeddon","Omamori","vexMod:RedPlottingStone","Charon\u0027s Ashes","Frozen Eye","Iron Hammer","Membership Card","ReplayTheSpireMod:CursedCoin","Bag of Marbles"],"campfire_rested":0,"item_purchase_floors":[11,11,11,20,30,36,36,46,46,53,53],"current_hp_per_floor":[80,80,60,66,66,66,72,77,77,71,71,58,58,31,31,44,80,63,63,63,63,49,13,80,80,80,68,68,42,42,53,53,18,90,87,87,68,28,37,37,59,59,59,71,71,71,71,66,66,56,90,90,90,83,0,0],"gold":56,"neow_bonus":"THREE_ENEMY_KILL","is_daily":false,"chose_seed":false,"campfire_upgraded":9,"win_rate":0.0,"timestamp":1610208558,"path_taken":["M","?","?","M","?","R","E","M","T","?","$","E","R","E","R_BF","BOSS","M","?","$","?","M","E","?","R","T","M","R","M","$","E","R","BOSS","M","$","M","M","?","R","E","?","T","M","?","$","R","M","R","BOSS","R","$","E","BOSS"],"items_purchased_type":["Relic","Card","Card","Relic","Relic","Relic","Relic","Relic","Relic","Relic","Relic"],"build_version":"2020-12-22","purchased_purges":3,"victory":false,"max_hp_per_floor":[80,80,80,80,80,80,80,80,80,80,80,80,80,80,80,80,80,80,80,80,80,80,80,80,80,80,80,80,80,80,90,90,90,90,90,90,90,90,90,90,90,90,90,90,90,90,90,90,90,90,90,90,90,90,90,90],"card_choices":[{"not_picked":["Blood for Blood","Feel No Pain"],"picked":"Flex","floor":1},{"not_picked":["Iron Wave","Clothesline","Perfected Strike"],"picked":"SKIP","floor":4},{"not_picked":["Flame Barrier","Dual Wield"],"picked":"ReplayTheSpireMod:Strike From Hell","floor":7},{"not_picked":["Fire Breathing","Life Link"],"picked":"Eclipse","floor":8},{"not_picked":["Metallicize","Shockwave"],"picked":"ReplayTheSpireMod:Strike From Hell","floor":10},{"not_picked":["Body Slam","Thunderclap"],"picked":"True Grit","floor":12},{"not_picked":["Clothesline","Reckless Charge","Thunderclap"],"picked":"SKIP","floor":14},{"not_picked":["Impervious","Double Tap"],"picked":"Fiend Fire","floor":16},{"not_picked":["Flex","Perfected Strike"],"picked":"Heavy Blade","floor":18},{"not_picked":["Run Through+1","Intimidate"],"picked":"Bloodletting","floor":22},{"not_picked":["Body Slam","Headbutt"],"picked":"ReplayTheSpireMod:Strike From Hell+1","floor":23},{"not_picked":["Clash+1","Thunderclap","Flex"],"picked":"SKIP","floor":27},{"not_picked":["ReplayTheSpireMod:LeadingStrike","Combust","Blood for Blood"],"picked":"SKIP","floor":29},{"not_picked":["Defy Death","Sword Boomerang"],"picked":"Offering","floor":31},{"not_picked":["Pain","Replay:Hysterical Blindness"],"picked":"Clumsy","floor":34},{"not_picked":["Delirium","Voices"],"picked":"Injury","floor":34},{"not_picked":["AbeCurse","Clumsy"],"picked":"Injury","floor":34},{"not_picked":["Cleave+1","Twin Strike+1"],"picked":"Feel No Pain+1","floor":35},{"not_picked":["Clothesline+1","True Grit","Thunderclap+1"],"picked":"SKIP","floor":37},{"not_picked":["Sword Boomerang","Clash+1"],"picked":"Shrug It Off+1","floor":38},{"not_picked":["Iron Wave+1","Cleave","True Grit"],"picked":"SKIP","floor":41},{"not_picked":["Massacre","Heavy Blade+1","Rampage"],"picked":"SKIP","floor":44},{"not_picked":["Combust","Infernal Blade","Dropkick+1"],"picked":"SKIP","floor":48},{"not_picked":["ReplayTheSpireMod:Stacked","Flame Barrier"],"picked":"Pummel+1","floor":54}],"player_experience":35681,"relics_obtained":[{"floor":7,"key":"Old Coin"},{"floor":12,"key":"Ancient Tea Set"},{"floor":14,"key":"PreservedInsect"},{"floor":19,"key":"ReplayTheSpireMod:Ring of Collecting"},{"floor":19,"key":"Ring of Searing"},{"floor":23,"key":"Dream Catcher"},{"floor":26,"key":"Ring of Misfortune"},{"floor":26,"key":"Tiny Chest"},{"floor":31,"key":"Replay:Towering Pillar of Hats"},{"floor":41,"key":"Bronze Scales"},{"floor":43,"key":"Ring of Fury"},{"floor":43,"key":"vexMod:MemoryStick"},{"floor":54,"key":"Art of War"}],"event_choices":[{"damage_healed":0,"gold_gain":0,"player_choice":"Take Damage","damage_taken":20,"relics_obtained":["Golden Idol"],"max_hp_gain":0,"max_hp_loss":0,"event_name":"Golden Idol","floor":3,"gold_loss":0},{"damage_healed":0,"gold_gain":0,"player_choice":"Got Potions","damage_taken":0,"max_hp_gain":0,"max_hp_loss":0,"event_name":"Lab","floor":5,"gold_loss":0},{"damage_healed":0,"gold_gain":0,"player_choice":"Ignored","damage_taken":0,"max_hp_gain":0,"max_hp_loss":0,"event_name":"Ghosts","floor":21,"gold_loss":0},{"damage_healed":67,"gold_gain":0,"player_choice":"Full Heal","damage_taken":0,"max_hp_gain":0,"max_hp_loss":0,"event_name":"Wheel of Change","floor":24,"gold_loss":0},{"cards_removed":["Combust"],"damage_healed":0,"gold_gain":0,"player_choice":"Removed Power","damage_taken":0,"max_hp_gain":0,"max_hp_loss":0,"event_name":"Falling","floor":42,"gold_loss":0},{"damage_healed":0,"gold_gain":333,"player_choice":"Gave Idol","damage_taken":0,"max_hp_gain":0,"max_hp_loss":0,"event_name":"The Moai Head","floor":45,"relics_lost":["Golden Idol"],"gold_loss":0}],"is_beta":false,"boss_relics":[{"not_picked":["Empty Cage","Tiny House"],"picked":"Astrolabe"},{"not_picked":["Velvet Choker","Runic Pyramid"],"picked":"Replay:Ancient Bell"},{"not_picked":["Regal Pillow","Juzu Bracelet"],"picked":"Grinning Jar"},{"not_picked":["vexMod:Dragonfruit","White Beast Statue"],"picked":"Shuriken"},{"not_picked":["Ginger","Lizard Tail"],"picked":"Another Sword"}],"items_purged_floors":[20,46,53],"is_endless":false,"potions_floor_spawned":[1,7,12,22,38,41,48],"killed_by":"The Heart","ascension_level":1}}