{"host":"3a1ypf1irl30q4k8","time":1610194270,"event":{"mods":["AchievementEnabler","BaseMod","Bestiary","Colored Map","Minty Spire (QoL Compilation)","Relic Stats"],"gold_per_floor":[109,109,119,134,148,182,182,10,10,10,21,21,21,56,56,153,153,163,262,281,5,21,52,52,80,80,107,107,107,122,8,8,104,104,120,56,56,67,77,108,108,29,56,56,56,73,118,10,10,10,10,10,10,40,40],"floor_reached":56,"playtime":3073,"items_purged":["Strike_R","Berserk"],"score":1313,"play_id":"26dd4406-be74-403b-afe5-1e3a3aeb6b08","local_time":"20210109121110","is_ascension_mode":true,"campfire_choices":[{"data":"Bash","floor":7,"key":"SMITH"},{"data":"Clothesline","floor":10,"key":"SMITH"},{"data":"Disarm","floor":15,"key":"SMITH"},{"data":"Power Through","floor":24,"key":"SMITH"},{"data":"Double Tap","floor":29,"key":"SMITH"},{"data":"Power Through","floor":32,"key":"SMITH"},{"floor":41,"key":"RECALL"},{"data":"Shockwave","floor":45,"key":"SMITH"},{"floor":49,"key":"REST"},{"data":"Shrug It Off","floor":52,"key":"SMITH"}],"circlet_count":0,"master_deck":["Bash+1","Clothesline+1","Warcry","Carnage","Disarm+1","Thunderclap","Heavy Blade","Flame Barrier+1","Immolate+1","Bludgeon+1","Power Through+1","Power Through+1","Shockwave+1","Double Tap+1","Bludgeon+1","Barricade","Battle Trance","Carnage+1","Fiend Fire+1","Fire Breathing","Infernal Blade","Shockwave+1","Dropkick+1","Shrug It Off+1","Power Through+1","Armaments+1","Power Through+1","Juggernaut"],"relics":["Snecko Eye","Juzu Bracelet","Membership Card","Omamori","Singing Bowl","Molten Egg 2","Calling Bell","Art of War","Mercury Hourglass","CaptainsWheel","Bag of Marbles","Self Forming Clay","Ginger","Pear","Red Skull","DollysMirror","Pandora\u0027s Box","Dream Catcher","Brimstone","MealTicket","Gambling Chip","OrangePellets","Unceasing Top"],"acts_visited":["Exordium","TheCity","TheBeyond","TheEnding"],"potions_floor_usage":[5,6,6,16,23,25,33,33,40,40,55,55],"damage_taken":[{"damage":3,"enemies":"Small Slimes","floor":1,"turns":2},{"damage":0,"enemies":"Cultist","floor":3,"turns":2},{"damage":0,"enemies":"Jaw Worm","floor":4,"turns":2},{"damage":11,"enemies":"Lots of Slimes","floor":5,"turns":4},{"damage":12,"enemies":"Lagavulin","floor":6,"turns":4},{"damage":7,"enemies":"Blue Slaver","floor":11,"turns":2},{"damage":15,"enemies":"3 Sentries","floor":14,"turns":5},{"damage":19,"enemies":"The Guardian","floor":16,"turns":8},{"damage":7,"enemies":"Spheric Guardian","floor":18,"turns":4},{"damage":5,"enemies":"Shell Parasite","floor":20,"turns":2},{"damage":0,"enemies":"Snecko","floor":22,"turns":2},{"damage":0,"enemies":"Book of Stabbing","floor":23,"turns":3},{"damage":21,"enemies":"Slavers","floor":25,"turns":6},{"damage":1,"enemies":"Book of Stabbing","floor":27,"turns":5},{"damage":5,"enemies":"Sentry and Sphere","floor":30,"turns":5},{"damage":45,"enemies":"Champ","floor":33,"turns":7},{"damage":0,"enemies":"Orb Walker","floor":35,"turns":1},{"damage":4,"enemies":"3 Darklings","floor":38,"turns":3},{"damage":10,"enemies":"4 Shapes","floor":39,"turns":3},{"damage":18,"enemies":"Nemesis","floor":40,"turns":3},{"damage":24,"enemies":"Writhing Mass","floor":46,"turns":2},{"damage":0,"enemies":"2 Orb Walkers","floor":47,"turns":3},{"damage":30,"enemies":"Time Eater","floor":50,"turns":6},{"damage":34,"enemies":"Shield and Spear","floor":54,"turns":6},{"damage":15,"enemies":"The Heart","floor":55,"turns":5}],"seed_played":"4195463895123898910","potions_obtained":[{"floor":2,"key":"BloodPotion"},{"floor":2,"key":"CultistPotion"},{"floor":2,"key":"Dexterity Potion"},{"floor":4,"key":"LiquidBronze"},{"floor":5,"key":"Block Potion"},{"floor":11,"key":"LiquidMemories"},{"floor":14,"key":"SpeedPotion"},{"floor":18,"key":"AttackPotion"},{"floor":20,"key":"BloodPotion"},{"floor":27,"key":"LiquidMemories"},{"floor":38,"key":"Fruit Juice"},{"floor":46,"key":"Fire Potion"}],"is_trial":false,"path_per_floor":["M","?","M","M","M","E","R","$","T","R","M","?","T","E","R","B",null,"M","?","M","$","M","E","R","E","T","E","?","R","M","$","R","B",null,"M","$","?","M","M","E","R","$","T","?","R","M","?","$","R","B",null,"R","$","E","B",null],"character_chosen":"IRONCLAD","items_purchased":["Membership Card","Heavy Blade","Power Through","Bag of Marbles","Self Forming Clay","DollysMirror","DuplicationPotion","Shrug It Off","Brimstone","OrangePellets","DuplicationPotion"],"campfire_rested":1,"item_purchase_floors":[8,8,21,21,21,31,31,36,42,48,48],"current_hp_per_floor":[77,77,77,77,66,70,70,70,70,70,63,63,63,48,48,29,80,73,73,70,70,70,72,72,77,77,78,96,96,93,93,93,48,98,100,100,100,96,88,77,77,77,77,77,77,55,57,72,104,74,108,108,108,74,59],"gold":40,"neow_bonus":"BOSS_RELIC","is_daily":false,"chose_seed":false,"campfire_upgraded":8,"win_rate":0.0,"timestamp":1610194270,"path_taken":["M","?","M","M","M","E","R","$","T","R","M","?","?","E","R","BOSS","M","?","M","$","M","E","R","E","T","E","?","R","M","$","R","BOSS","M","?","?","M","M","E","R","$","T","?","R","M","?","?","R","BOSS","R","$","E","BOSS"],"items_purchased_type":["Relic","Card","Card","Relic","Relic","Relic","Potion","Card","Relic","Relic","Potion"],"build_version":"2020-12-22","purchased_purges":2,"victory":true,"max_hp_per_floor":[80,80,80,80,80,80,80,80,80,80,80,80,80,80,80,80,80,80,80,82,82,82,84,84,94,94,96,96,96,98,98,98,98,98,100,100,100,100,102,109,109,109,109,104,104,106,108,108,108,108,108,108,108,108,108],"relic_stats":{"Singing Bowl":18,"counters":[25,95],"Self Forming Clay":[105],"Juzu Bracelet":2,"Ginger":[5],"Mercury Hourglass":[199],"OrangePellets":[4],"Dream Catcher":1,"Gambling Chip":[12],"Snecko Eye":[135,133,155,158],"Pandora\u0027s Box":["Battle Trance","Carnage","Fiend Fire","Fire Breathing","Berserk","Infernal Blade","Shockwave","Dropkick"],"MealTicket":15,"Art of War":[7],"obtain_stats":[{"Pear":25,"Singing Bowl":13,"Self Forming Clay":21,"Juzu Bracelet":6,"Omamori":9,"Ginger":23,"Burning Blood":0,"Mercury Hourglass":17,"Calling Bell":17,"OrangePellets":48,"CaptainsWheel":17,"Dream Catcher":40,"DollysMirror":31,"Brimstone":42,"Gambling Chip":47,"Snecko Eye":0,"Molten Egg 2":14,"Pandora\u0027s Box":34,"MealTicket":43,"Art of War":17,"Bag of Marbles":21,"Membership Card":8,"Red Skull":27,"Unceasing Top":54},{"Pear":13,"Singing Bowl":6,"Self Forming Clay":10,"Juzu Bracelet":5,"Omamori":5,"Ginger":12,"Burning Blood":0,"Mercury Hourglass":8,"Calling Bell":8,"OrangePellets":22,"CaptainsWheel":8,"Dream Catcher":20,"DollysMirror":15,"Brimstone":20,"Gambling Chip":22,"Snecko Eye":0,"Molten Egg 2":7,"Pandora\u0027s Box":16,"MealTicket":20,"Art of War":8,"Bag of Marbles":10,"Membership Card":5,"Red Skull":14,"Unceasing Top":24},{"Pear":46,"Singing Bowl":16,"Self Forming Clay":35,"Juzu Bracelet":14,"Omamori":14,"Ginger":40,"Burning Blood":0,"Mercury Hourglass":29,"Calling Bell":29,"OrangePellets":78,"CaptainsWheel":29,"Dream Catcher":73,"DollysMirror":56,"Brimstone":73,"Gambling Chip":78,"Snecko Eye":0,"Molten Egg 2":21,"Pandora\u0027s Box":63,"MealTicket":73,"Art of War":29,"Bag of Marbles":35,"Membership Card":14,"Red Skull":51,"Unceasing Top":90}],"Unceasing Top":[1]},"card_choices":[{"not_picked":["Anger","Body Slam"],"picked":"Clothesline","floor":1},{"not_picked":["Sword Boomerang","Pummel"],"picked":"Warcry","floor":3},{"not_picked":["Reckless Charge","Pommel Strike"],"picked":"Carnage","floor":4},{"not_picked":["Rage","Wild Strike"],"picked":"Disarm","floor":5},{"not_picked":["Body Slam","Feel No Pain"],"picked":"Thunderclap","floor":6},{"not_picked":["Combust","Clothesline"],"picked":"Flame Barrier","floor":11},{"not_picked":["Disarm","Wild Strike+1"],"picked":"Immolate+1","floor":14},{"not_picked":["Double Tap","Fiend Fire+1"],"picked":"Bludgeon+1","floor":16},{"not_picked":["Warcry","Clothesline+1"],"picked":"Power Through","floor":18},{"not_picked":["Dual Wield","Iron Wave+1","Perfected Strike+1"],"picked":"Singing Bowl","floor":20},{"not_picked":["Pommel Strike+1","Sword Boomerang+1"],"picked":"Shockwave+1","floor":22},{"not_picked":["Rampage+1","True Grit+1","Anger+1"],"picked":"Singing Bowl","floor":23},{"not_picked":["Thunderclap+1","Whirlwind+1"],"picked":"Double Tap","floor":25},{"not_picked":["Inflame","Clash+1","Fiend Fire+1"],"picked":"Singing Bowl","floor":27},{"not_picked":["Flame Barrier","Sword Boomerang+1","Combust"],"picked":"Singing Bowl","floor":30},{"not_picked":["Brutality","Reaper+1"],"picked":"Barricade","floor":33},{"not_picked":["Wild Strike+1","Uppercut+1","Armaments"],"picked":"Singing Bowl","floor":35},{"not_picked":["Reckless Charge+1","Pommel Strike+1"],"picked":"Armaments+1","floor":38},{"not_picked":["Metallicize","Pommel Strike+1","Perfected Strike+1"],"picked":"Singing Bowl","floor":39},{"not_picked":["Carnage+1","Shrug It Off+1","Warcry"],"picked":"Singing Bowl","floor":40},{"not_picked":["Armaments","Havoc+1","Infernal Blade"],"picked":"Singing Bowl","floor":46},{"not_picked":["Sword Boomerang+1","Combust","Perfected Strike+1"],"picked":"Singing Bowl","floor":47},{"not_picked":["Sentinel+1","Wild Strike+1"],"picked":"Power Through+1","floor":49},{"not_picked":["Spot Weakness+1","Berserk"],"picked":"Juggernaut","floor":54}],"player_experience":1003124,"relics_obtained":[{"floor":6,"key":"Juzu Bracelet"},{"floor":9,"key":"Omamori"},{"floor":13,"key":"Singing Bowl"},{"floor":14,"key":"Molten Egg 2"},{"floor":17,"key":"Art of War"},{"floor":17,"key":"Mercury Hourglass"},{"floor":17,"key":"CaptainsWheel"},{"floor":23,"key":"Ginger"},{"floor":25,"key":"Pear"},{"floor":27,"key":"Red Skull"},{"floor":40,"key":"Dream Catcher"},{"floor":43,"key":"MealTicket"},{"floor":47,"key":"Gambling Chip"},{"floor":54,"key":"Unceasing Top"}],"event_choices":[{"damage_healed":0,"gold_gain":0,"player_choice":"Got Potions","damage_taken":0,"max_hp_gain":0,"max_hp_loss":0,"event_name":"Lab","floor":2,"gold_loss":0},{"damage_healed":0,"gold_gain":0,"player_choice":"Upgraded","damage_taken":0,"max_hp_gain":0,"max_hp_loss":0,"event_name":"Upgrade Shrine","floor":12,"gold_loss":0,"cards_upgraded":["Flame Barrier"]},{"damage_healed":0,"gold_gain":99,"player_choice":"Stole From Cult","damage_taken":0,"max_hp_gain":0,"max_hp_loss":0,"event_name":"Nest","floor":19,"gold_loss":0},{"damage_healed":18,"gold_gain":0,"player_choice":"Full Heal","damage_taken":0,"max_hp_gain":0,"max_hp_loss":0,"event_name":"Wheel of Change","floor":28,"gold_loss":0},{"damage_healed":0,"gold_gain":0,"player_choice":"Copied","damage_taken":0,"max_hp_gain":0,"max_hp_loss":0,"event_name":"Duplicator","floor":37,"gold_loss":0,"cards_obtained":["Power Through"]},{"damage_healed":0,"gold_gain":0,"player_choice":"Max HP","damage_taken":0,"max_hp_gain":0,"max_hp_loss":5,"event_name":"Winding Halls","floor":44,"gold_loss":0},{"damage_healed":0,"gold_gain":0,"player_choice":"Fight","damage_taken":0,"max_hp_gain":0,"max_hp_loss":0,"event_name":"Mysterious Sphere","floor":47,"gold_loss":0}],"is_beta":false,"boss_relics":[{"not_picked":["Mark of Pain","Sozu"],"picked":"Calling Bell"},{"not_picked":["Astrolabe","Runic Cube"],"picked":"Pandora\u0027s Box"}],"items_purged_floors":[21,36],"is_endless":false,"potions_floor_spawned":[4,5,11,14,18,20,27,38,46],"ascension_level":1}}