{"host":"ct28ocsd8g8yr2ah","time":1610188306,"event":{"mods":["BaseMod","Better Third Choice","Hermit","Marisa????????","Minty Spire (QoL Compilation)","Remilia??????","StSLib","The Animator","The Gatherer","The Servant 0.9.4","Waifu the Spire"],"gold_per_floor":[119,17,0,11,22,54,54,54,54],"floor_reached":8,"playtime":348,"items_purged":["hermit:Strike_Hermit"],"score":59,"play_id":"0d020007-4ecb-44bb-bb77-eb223a4da81b","local_time":"20210109153146","is_ascension_mode":true,"campfire_choices":[{"data":"hermit:RoundhouseKick","floor":7,"key":"SMITH"}],"circlet_count":0,"master_deck":["hermit:Strike_Hermit","hermit:Strike_Hermit","hermit:Strike_Hermit","hermit:Defend_Hermit","hermit:Defend_Hermit","hermit:Defend_Hermit","hermit:Defend_Hermit","hermit:Snapshot","hermit:Covet","Flash of Steel","hermit:Quickdraw","Enlightenment","hermit:Virtue","hermit:RoundhouseKick+1","hermit:EyeOfTheStorm"],"relics":["hermit:Momento","Thread and Needle"],"acts_visited":["Exordium"],"potions_floor_usage":[6],"damage_taken":[{"damage":1,"enemies":"Cultist","floor":1,"turns":3},{"damage":0,"enemies":"Small Slimes","floor":4,"turns":3},{"damage":12,"enemies":"Jaw Worm","floor":5,"turns":4},{"damage":26,"enemies":"3 Sentries","floor":6,"turns":5},{"damage":48,"enemies":"Lagavulin","floor":8,"turns":10}],"seed_played":"5328826181060088208","potions_obtained":[{"floor":4,"key":"DuplicationPotion"}],"is_trial":false,"path_per_floor":["M","$","?","M","M","E","R","E"],"character_chosen":"HERMIT","items_purchased":["hermit:Quickdraw"],"campfire_rested":0,"item_purchase_floors":[2],"current_hp_per_floor":[74,74,80,80,68,42,42,0,0],"gold":54,"neow_bonus":"RANDOM_COLORLESS","is_daily":false,"chose_seed":false,"campfire_upgraded":1,"win_rate":0.0,"timestamp":1610188306,"path_taken":["M","?","?","M","M","E","R","E"],"items_purchased_type":["Card"],"build_version":"2020-12-22","purchased_purges":1,"victory":false,"max_hp_per_floor":[75,75,81,81,81,81,81,81,81],"card_choices":[{"not_picked":["Purity","Discovery"],"picked":"Flash of Steel","floor":0},{"not_picked":["hermit:BodyArmor","hermit:HoleUp","hermit:LuckOfTheDraw"],"picked":"SKIP","floor":1},{"not_picked":["hermit:WideOpen","hermit:DeadMansHand"],"picked":"hermit:Virtue","floor":4},{"not_picked":["hermit:TrackingShot","hermit:Desperado"],"picked":"hermit:RoundhouseKick","floor":5},{"not_picked":["hermit:CursedWeapon","hermit:GhostlyPresence"],"picked":"hermit:EyeOfTheStorm","floor":6}],"player_experience":499531,"relics_obtained":[{"floor":6,"key":"Thread and Needle"}],"event_choices":[{"damage_healed":0,"gold_gain":0,"player_choice":"RENOUNCE","damage_taken":17,"max_hp_gain":0,"max_hp_loss":0,"event_name":"betterThird:BetterSerpent","floor":3,"gold_loss":17,"cards_obtained":["Enlightenment"]}],"is_beta":false,"boss_relics":[],"items_purged_floors":[2],"is_endless":false,"potions_floor_spawned":[4],"killed_by":"Lagavulin","ascension_level":1}}