{"host":"k5ezbu40hxyit46v","time":1610166196,"event":{"mods":["Act Like it!","Aspiration","Astrologer","BaseMod","BetterRewards","Conspire","DeckTracker","Energized Spire","Gensokyo","Googly Eyes","Halation","HexUI Lib","Highlight Path","Hubris","Infinite Spire","Ironclad Rager","Jedi Mod","Mad Scientist","Marisa????????","Minty Spire (QoL Compilation)","Quarter Circle Forward PUNCH!","Quick Restart","Replay The Spire","Reworked Bosses","Shop Mod","Spikes Relics","StSLib","The Administrix","The Awakened One except there are too many feathers","The Bladedancer","The Cursed","The IronCluck","The Servant 0.9.4","The Wild Card","everything is the same but u backflip on backflip","slay the spire mod where everything is the same but ironclad has a cowboy hat","vexMod"],"gold_per_floor":[109,109,123,17,36,69,85,85,85,121,121,86,123,123,123,205,205,182,243,243,261,261,303,303,333,359,383,397,426,437,469,469,550,550,569,569,582,605,605,605,646,661,661,661,83,83,122,22,22,28,39],"floor_reached":52,"playtime":1905,"items_purged":["Strike_R","Defend_R+1"],"score":1816,"play_id":"1dc032ed-60f0-4b04-a239-287e0a27587c","local_time":"20210108232316","is_ascension_mode":true,"campfire_choices":[{"data":"Metallicize","floor":8.0,"key":"SMITH"},{"data":"jedi:forcepush","floor":11.0,"key":"SMITH"},{"data":"Bash","floor":15.0,"key":"SMITH"},{"data":"Sword Boomerang","floor":32.0,"key":"SMITH"},{"data":"Feed","floor":40.0,"key":"SMITH"},{"data":"Defend_R","floor":44,"key":"SMITH"},{"data":"Replay:Bootleg Shield Generator","floor":46,"key":"SMITH"},{"floor":49,"key":"REST"}],"circlet_count":0,"master_deck":["AscendersBane","Strike_R+1","Strike_R","Strike_R","Defend_R+1","Defend_R+1","Defend_R+1","Bash+1","Feed+1","Metallicize+1","Cleave+1","ReplayTheSpireMod:Limb From Limb+1","infinitespire:NeuralNetwork+1","Necronomicurse","Sword Boomerang+1","TalkToTheHand+1","hubris:DuctTapeCard"],"relics":["Burning Blood","aspiration:Nostalgia","infinitespire:DarkRift","halation:IllGainedPizza","jedi:Pinwheel","hubris:Spice","halation:EternalFortune","jedi:shrinkray","hubris:Towel","Necronomicon","vexMod:RedPlottingStone","qcfpunch:Fighting_Gloves","aspiration:WatcherSkillbook","WizardHat","halation:AfternoonTea","Guide Book","Art of War","hubris:DuctTape"],"acts_visited":["Exordium","TheCity","TheBeyond"],"potions_floor_usage":[51,51],"damage_taken":[{"damage":8.0,"enemies":"Jaw Worm","floor":1.0,"turns":4.0},{"damage":0.0,"enemies":"Cultist","floor":3.0,"turns":3.0},{"damage":2.0,"enemies":"Small Slimes","floor":5.0,"turns":4.0},{"damage":0.0,"enemies":"Lagavulin","floor":6.0,"turns":2.0},{"damage":7.0,"enemies":"3 Louse","floor":7.0,"turns":5.0},{"damage":34.0,"enemies":"Gremlin Nob","floor":10.0,"turns":5.0},{"damage":8.0,"enemies":"3 Sentries","floor":13.0,"turns":8.0},{"damage":42.0,"enemies":"Slime Boss","floor":16.0,"turns":11.0},{"damage":16.0,"enemies":"2 Thieves","floor":18.0,"turns":4.0},{"damage":37.0,"enemies":"3 Byrds","floor":19.0,"turns":7.0},{"damage":0.0,"enemies":"3 Cultists","floor":21.0,"turns":5.0},{"damage":0.0,"enemies":"Replay:Snechameleon","floor":23.0,"turns":6.0},{"damage":15.0,"enemies":"Slavers","floor":25.0,"turns":5.0},{"damage":0.0,"enemies":"Chosen and Byrds","floor":27.0,"turns":3.0},{"damage":1.0,"enemies":"conspire:HollyBat","floor":28.0,"turns":3.0},{"damage":0.0,"enemies":"Gremlin Leader","floor":29.0,"turns":3.0},{"damage":0.0,"enemies":"Cultist and Chosen","floor":30.0,"turns":2.0},{"damage":10.0,"enemies":"Book of Stabbing","floor":31.0,"turns":3.0},{"damage":44.0,"enemies":"bossMod:newCollector","floor":33.0,"turns":4.0},{"damage":0.0,"enemies":"Orb Walker","floor":35.0,"turns":1.0},{"damage":18.0,"enemies":"3 Darklings","floor":37.0,"turns":3.0},{"damage":17.0,"enemies":"Sphere and 2 Shapes","floor":38.0,"turns":5.0},{"damage":25.0,"enemies":"R_Hoarder","floor":41.0,"turns":8.0},{"damage":16,"enemies":"Writhing Mass","floor":42,"turns":4},{"damage":13,"enemies":"Nemesis","floor":47,"turns":3},{"damage":19,"enemies":"Replay:Hell Engine","floor":50,"turns":5},{"damage":30,"enemies":"bossMod:newShapes","floor":51,"turns":5}],"seed_played":"-7349119296127875125","potions_obtained":[{"floor":1.0,"key":"jedi:wingpotion"},{"floor":5.0,"key":"jedi:tentaclejuice"},{"floor":10.0,"key":"Energy Potion"},{"floor":18.0,"key":"Cursed Concoction"},{"floor":23.0,"key":"Strength Potion"},{"floor":28.0,"key":"ColorlessPotion"},{"floor":31.0,"key":"SpeedPotion"},{"floor":36.0,"key":"Strength Potion"},{"floor":36.0,"key":"AttackPotion"},{"floor":37.0,"key":"Elixir"},{"floor":42,"key":"Dexterity Potion"}],"is_trial":false,"path_per_floor":["M","?","M","$","M","E","M","R","T","E","R","?","E","?","R","B",null,"M","M","AVR","M","?","E","?","E","T","M","M","E","M","E","R","B",null,"M","?","M","M","T","R","E","M","T","R","$","R","E","$","R","B","B",null],"character_chosen":"IRONCLAD","items_purchased":["jedi:forcepush","Guide Book","TalkToTheHand","Art of War","Replay:Bootleg Shield Generator"],"campfire_rested":1,"item_purchase_floors":[4,45,45,45,45],"current_hp_per_floor":[66,66,72,72,75,75,77,77,77,57,57,78,87,90,90,54,83,76,48,48,57,57,66,45,39,39,48,53,57,60,56,56,21,53,62,62,53,55,55,55,46,36,36,36,36,36,29,29,50,51,37],"gold":39,"neow_bonus":"NOSTALGIA","is_daily":false,"chose_seed":false,"campfire_upgraded":7,"win_rate":0.0,"timestamp":1610166196,"path_taken":["M","?","?","$","M","E","M","R","T","E","R","?","E","?","R","BOSS","M","M","AVR","M","?","E","?","E","T","?","M","E","M","E","R","BOSS","M","?","?","M","?","R","E","?","T","R","$","R","E","?","R","BOSS","BOSS"],"items_purchased_type":["Card","Relic","Card","Relic","Card"],"build_version":"2020-12-22","purchased_purges":2,"victory":true,"max_hp_per_floor":[75,75,75,75,75,75,78,78,78,86,86,86,97,100,100,100,92,95,98,98,93,93,80,80,83,75,70,70,57,60,60,60,63,63,66,66,69,72,72,72,72,72,72,72,72,72,72,72,72,72,72],"card_choices":[{"not_picked":["Flex","Infernal Blade","Clothesline"],"picked":"SKIP","floor":1.0},{"not_picked":["Pommel Strike","Dropkick","Warcry"],"picked":"SKIP","floor":3.0},{"not_picked":["Headbutt","Blood for Blood","hubris:ReadiedAction"],"picked":"SKIP","floor":5.0},{"not_picked":["jedi:controlledanger","Seeing Red"],"picked":"Feed","floor":6.0},{"not_picked":["Headbutt","Twin Strike"],"picked":"Metallicize","floor":7.0},{"not_picked":["conspire:ExplosiveBarrier","Havoc","ReplayTheSpireMod:LeadingStrike"],"picked":"SKIP","floor":10.0},{"not_picked":["Havoc","Replay:Undeath\u0027s Touch","Twin Strike"],"picked":"SKIP","floor":13.0},{"not_picked":["Iron Wave+1","Havoc"],"picked":"Cleave","floor":18.0},{"not_picked":["Searing Blow","Defy Death"],"picked":"ReplayTheSpireMod:Limb From Limb+1","floor":19.0},{"not_picked":["Infernal Blade","jedi:suffering"],"picked":"hubris:SpiceAddiction","floor":21.0},{"not_picked":["Entrench","conspire:Purge"],"picked":"hubris:SpiceAddiction","floor":23.0},{"not_picked":["Thunderclap","Iron Wave","Clothesline"],"picked":"SKIP","floor":25.0},{"not_picked":["Cleave","Twin Strike+1"],"picked":"hubris:SpiceAddiction","floor":27.0},{"not_picked":["Run Through","Hemokinesis","Second Wind+1"],"picked":"SKIP","floor":28.0},{"not_picked":["Perfected Strike","ReplayTheSpireMod:Strike From Hell"],"picked":"hubris:SpiceAddiction","floor":29.0},{"not_picked":["Clash","hubris:SpiceAddiction"],"picked":"Sword Boomerang","floor":30.0},{"not_picked":["Pommel Strike","Thunderclap","Corruption"],"picked":"SKIP","floor":31.0},{"not_picked":["Warcry","Replay:ManipulateFuture","Meditate","Reaper"],"picked":"SKIP","floor":35.0},{"not_picked":["Replay:AllIn","Thunderclap+1","Swivel","CrushJoints"],"picked":"SKIP","floor":37.0},{"not_picked":["SandsOfTime+1","ReplayTheSpireMod:Muscle Training","Swivel","hubris:SpiceAddiction"],"picked":"SKIP","floor":38.0},{"not_picked":["Feed","BowlingBash","Clothesline","Worship"],"picked":"SKIP","floor":41.0},{"not_picked":["FollowUp","Run Through","Halt","Replay:Undeath\u0027s Touch"],"picked":"SKIP","floor":42},{"not_picked":["Protect","Hemokinesis","ReplayTheSpireMod:Strike From Hell","Pommel Strike"],"picked":"SKIP","floor":47},{"not_picked":["Protect","Hemokinesis","ReplayTheSpireMod:Strike From Hell","Pommel Strike"],"picked":"SKIP","floor":47}],"player_experience":1232418,"relics_obtained":[{"floor":6.0,"key":"halation:IllGainedPizza"},{"floor":9.0,"key":"jedi:Pinwheel"},{"floor":10.0,"key":"hubris:Spice"},{"floor":13.0,"key":"hubris:Spice"},{"floor":23.0,"key":"hubris:Spice"},{"floor":24.0,"key":"Necronomicon"},{"floor":25.0,"key":"vexMod:RedPlottingStone"},{"floor":26.0,"key":"hubris:Spice"},{"floor":29.0,"key":"hubris:Spice"},{"floor":31.0,"key":"qcfpunch:Fighting_Gloves"},{"floor":41.0,"key":"WizardHat"},{"floor":43,"key":"halation:AfternoonTea"},{"floor":47,"key":"hubris:DuctTape"}],"event_choices":[{"cards_removed":["Strike_R"],"damage_healed":0.0,"max_hp_gain":0.0,"max_hp_loss":0.0,"gold_gain":0.0,"event_name":"Wheel of Change","player_choice":"Card Removal","floor":2.0,"gold_loss":0.0,"damage_taken":0.0},{"damage_healed":21.0,"max_hp_gain":0.0,"max_hp_loss":0.0,"gold_gain":0.0,"event_name":"The Cleric","player_choice":"Healed","floor":12.0,"gold_loss":35.0,"damage_taken":0.0},{"damage_healed":0.0,"max_hp_gain":0.0,"max_hp_loss":0.0,"gold_gain":0.0,"event_name":"Cursed Tome","player_choice":"Obtained Book","floor":24.0,"gold_loss":0.0,"damage_taken":21.0},{"damage_healed":0.0,"max_hp_gain":0.0,"max_hp_loss":0.0,"gold_gain":0.0,"event_name":"Lab","player_choice":"Got Potions","floor":36.0,"gold_loss":0.0,"damage_taken":0.0}],"is_beta":false,"boss_relics":[{"not_picked":["hubris:Spice","hubris:ScarierMask"],"picked":"hubris:Spice"},{"not_picked":["hubris:Spice","hubris:Spice"],"picked":"aspiration:WatcherSkillbook"}],"items_purged_floors":[45,48],"is_endless":false,"potions_floor_spawned":[1,5,6,7,10,18,23,28,31,37,42,47],"ascension_level":20}}