{"host":"hn99riirbf0lv0ml","time":1610233895,"event":{"mods":["AchievementEnabler","Act Like it!","BaseMod","Colored Map","Colored Powertips","Downfall","Duelist Mod","Friendly Minions","Gensokyo","GifTheSpireLib","Jorbs\u0027s Wanderer Trilogy","Marisa????????","Minty Spire (QoL Compilation)","Rare Cards Sparkle","StSLib","The Animator","The Bug Knight","The Cursed","The Runesmith","The Servant 0.9.4"],"gold_per_floor":[115,115,134,8,8,8,19,19,19,47,22,37,57,37,37,135,135,164,1,17,17,17,17,33,43,43,43,53,53,53],"floor_reached":29,"playtime":2844,"items_purged":["Slimebound:Icky","Defend_B"],"score":225,"play_id":"918b2266-5933-4f85-b302-cef86a2a04ce","local_time":"20210109181135","is_ascension_mode":false,"campfire_choices":[{"floor":6,"key":"REST"},{"data":"Sweeping Beam","floor":8,"key":"SMITH"},{"floor":15,"key":"REST"},{"floor":23,"key":"REST"},{"floor":27,"key":"REST"}],"circlet_count":0,"master_deck":["Strike_B","Strike_B","Strike_B","Strike_B","Defend_B","Defend_B","Defend_B","Zap","Dualcast","Core Surge","Sweeping Beam+1","Go for the Eyes","Turbo+1","Ball Lightning","Electrodynamics","Beam Cell","Leap","Turbo","Machine Learning","CurseOfTheBell","Rebound","Capacitor","Cold Snap","Ball Lightning","Undo","Conserve Battery"],"relics":["Cracked Core","Ornamental Fan","Calling Bell","MawBank","Darkstone Periapt","Runesmith:Locket","Nloth\u0027s Gift","Strawberry"],"acts_visited":["Exordium","TheCity"],"potions_floor_usage":[16,16,16,28,28],"damage_taken":[{"damage":2,"enemies":"Small Slimes","floor":1,"turns":3},{"damage":6,"enemies":"Cultist","floor":3,"turns":3},{"damage":6,"enemies":"Jaw Worm","floor":7,"turns":2},{"damage":21,"enemies":"Gremlin Nob","floor":10,"turns":4},{"damage":0,"enemies":"Large Slime","floor":12,"turns":3},{"damage":2,"enemies":"2 Fungi Beasts","floor":13,"turns":2},{"damage":49,"enemies":"The Guardian","floor":16,"turns":8},{"damage":16,"enemies":"Spheric Guardian","floor":18,"turns":4},{"damage":29,"enemies":"2 Thieves","floor":20,"turns":4},{"damage":29,"enemies":"Snecko","floor":24,"turns":6},{"damage":21,"enemies":"Snake Plant","floor":25,"turns":3},{"damage":23,"enemies":"Centurion and Healer","floor":28,"turns":3},{"damage":12,"enemies":"Sentry and Sphere","floor":29,"turns":3}],"seed_played":"-2008193472796657993","potions_obtained":[{"floor":3,"key":"LiquidBronze"},{"floor":7,"key":"PowerPotion"},{"floor":13,"key":"Swift Potion"},{"floor":24,"key":"CultistPotion"},{"floor":25,"key":"Weak Potion"}],"is_trial":false,"path_per_floor":["M","?","M","$","?","R","M","R","T","E","$","M","M","?","R","B",null,"M","$","M","?","$","R","M","M","T","R","M","M"],"character_chosen":"DEFECT","items_purchased":["Turbo","Beam Cell","Capacitor"],"campfire_rested":4,"item_purchase_floors":[4,11,19],"current_hp_per_floor":[73,73,67,67,67,75,69,69,69,48,48,48,46,46,68,19,75,59,59,30,30,30,52,23,2,9,33,10,0,0],"gold":53,"neow_bonus":"ONE_RANDOM_RARE_CARD","is_daily":false,"chose_seed":false,"campfire_upgraded":1,"win_rate":0.0,"timestamp":1610233895,"path_taken":["M","?","?","$","?","R","M","R","T","E","$","M","M","?","R","BOSS","M","$","M","?","?","R","M","M","T","R","M","M"],"items_purchased_type":["Card","Card","Card"],"build_version":"2020-12-22","purchased_purges":2,"victory":false,"max_hp_per_floor":[75,75,75,75,75,75,75,75,75,75,75,75,75,75,75,75,75,75,75,75,75,75,75,75,75,82,82,82,82,82],"card_choices":[{"not_picked":["Beam Cell","Ball Lightning"],"picked":"Sweeping Beam","floor":1},{"not_picked":["Scrape","Static Discharge"],"picked":"Go for the Eyes","floor":3},{"not_picked":["Compile Driver","Barrage"],"picked":"Ball Lightning","floor":7},{"not_picked":["Hologram","Self Repair"],"picked":"Electrodynamics","floor":10},{"not_picked":["Stack","Barrage"],"picked":"Leap","floor":12},{"not_picked":["Coolheaded","Ball Lightning"],"picked":"Turbo","floor":13},{"not_picked":["Rainbow","Hyperbeam"],"picked":"Machine Learning","floor":16},{"not_picked":["Go for the Eyes","Reinforced Body+1"],"picked":"Rebound","floor":18},{"not_picked":["Leap","Go for the Eyes"],"picked":"Cold Snap","floor":20},{"not_picked":["Steam","Beam Cell"],"picked":"Ball Lightning","floor":24},{"not_picked":["Reinforced Body+1","Reboot"],"picked":"Undo","floor":25},{"not_picked":["Ball Lightning","Compile Driver"],"picked":"Conserve Battery","floor":28}],"player_experience":159272,"relics_obtained":[{"floor":9,"key":"Ornamental Fan"},{"floor":10,"key":"Bag of Marbles"},{"floor":17,"key":"MawBank"},{"floor":17,"key":"Darkstone Periapt"},{"floor":17,"key":"Runesmith:Locket"},{"floor":26,"key":"Strawberry"}],"event_choices":[{"damage_healed":0,"gold_gain":0,"player_choice":"1 cards matched","damage_taken":0,"max_hp_gain":0,"max_hp_loss":0,"event_name":"Match and Keep!","floor":2,"gold_loss":0,"cards_obtained":["Slimebound:Icky"]},{"damage_healed":0,"gold_gain":0,"player_choice":"Grow","damage_taken":0,"max_hp_gain":0,"max_hp_loss":0,"event_name":"Living Wall","floor":5,"gold_loss":0,"cards_upgraded":["Turbo"]},{"damage_healed":0,"gold_gain":0,"player_choice":"Left Gold","damage_taken":0,"max_hp_gain":0,"max_hp_loss":0,"event_name":"World of Goop","floor":14,"gold_loss":20},{"damage_healed":0,"gold_gain":0,"player_choice":"Traded Relic","damage_taken":0,"relics_obtained":["Nloth\u0027s Gift"],"max_hp_gain":0,"max_hp_loss":0,"event_name":"N\u0027loth","floor":21,"relics_lost":["Bag of Marbles"],"gold_loss":0}],"is_beta":false,"boss_relics":[{"not_picked":["Sozu","Cursed Key"],"picked":"Calling Bell"}],"items_purged_floors":[4,19],"is_endless":false,"potions_floor_spawned":[3,7,13,24,25],"killed_by":"Sentry and Sphere","ascension_level":0}}