{"host":"dnd25fcf5l5puhl9","time":1610206555,"event":{"mods":["AchievementEnabler","Act Like it!","BaseMod","BetterRewards","Colored Map","Colored Powertips","Downfall","Gensokyo","Hermit","Hubris","Infinite Spire","Lobotomy","Minty Spire (QoL Compilation)","Replay The Spire","Shop Mod","StSLib","SuperFastMode","The Cursed","The Disciple","The Jungle"],"gold_per_floor":[99,99,160,335,335,113,113,148,168,168,168,168],"floor_reached":10,"playtime":444,"items_purged":["Doubt"],"score":65,"play_id":"00a04000-cc5e-414a-878d-78f532f8ea67","local_time":"20210109133555","is_ascension_mode":true,"campfire_choices":[{"data":"champ:Taunt","floor":1,"key":"SMITH"}],"circlet_count":0,"master_deck":["champ:Strike","champ:Strike","champ:Strike","champ:Strike","champ:Defend","champ:Defend","champ:Defend","champ:Defend","champ:Execute","champ:Taunt+1","champ:SkillfulDodge","champ:DefensiveShout"],"relics":["downfall:HeartsMalice","Molten Egg 2","m_IronCrown","Bronze Scales","Blue Doll","Boot"],"acts_visited":["Exordium"],"potions_floor_usage":[10],"damage_taken":[{"damage":0,"enemies":"Jaw Worm","floor":2,"turns":1},{"damage":0,"enemies":"Lagavulin Event","floor":3,"turns":1},{"damage":0,"enemies":"downfall:FleeingMerchant","floor":6,"turns":1},{"damage":94,"enemies":"Lagavulin","floor":8,"turns":12},{"damage":5,"enemies":"2 Louse","floor":9,"turns":3},{"damage":29,"enemies":"3 Sentries","floor":10,"turns":10}],"seed_played":"904362627047751610","potions_obtained":[{"floor":9,"key":"Dexterity Potion"}],"is_trial":false,"path_per_floor":["R","M","?","?","?","$","T","E","M","E"],"character_chosen":"THE_CHAMP","items_purchased":["Bronze Scales"],"campfire_rested":0,"item_purchase_floors":[6],"current_hp_per_floor":[90,90,90,90,90,90,90,22,28,0,0,0],"gold":168,"neow_bonus":"THREE_ENEMY_KILL","is_daily":false,"chose_seed":false,"campfire_upgraded":1,"win_rate":0.0,"timestamp":1610206555,"path_taken":["R","M","?","?","?","?","T","E","M","E"],"items_purchased_type":["Relic"],"build_version":"2020-12-22","purchased_purges":1,"victory":false,"max_hp_per_floor":[90,90,90,90,90,90,90,90,90,90,90,90],"card_choices":[{"not_picked":["champ:ArenaPreparation","champ:FanOfKnives"],"picked":"champ:SkillfulDodge","floor":2},{"not_picked":["Heavy Blade+1","Bloodletting","champ:GutPunch+1"],"picked":"SKIP","floor":6},{"not_picked":["champ:BerserkerStyle","champ:EnGarde"],"picked":"champ:DefensiveShout","floor":8},{"not_picked":["champ:Backstep","champ:RageSigil","champ:AdrenalArmor"],"picked":"SKIP","floor":9}],"player_experience":563040,"relics_obtained":[{"floor":3,"key":"Molten Egg 2"},{"floor":7,"key":"Blue Doll"},{"floor":8,"key":"Boot"}],"event_choices":[],"is_beta":false,"boss_relics":[],"items_purged_floors":[6],"is_endless":false,"potions_floor_spawned":[9],"killed_by":"3 Sentries","ascension_level":1}}