{"host":"avq773cl9g5msfol","time":1610195883,"event":{"mods":["100% Spire Juice","AchievementEnabler","Act Like it!","Ascension Unlocker","Aspiration","Astrologer","Bard","Bartender","BaseMod","Better Altar","Better Third Choice","BetterRewards","CapriCore","ChefMod","Colored Map","Colored Powertips","Conspire","Dio Mod","Downfall","Elementarium","Energized Spire","Gensokyo","GifTheSpireLib","GungeonMod","Hallownest","Hermit","Highlight Path","Hubris","Humility","Infinite Spire","Jorbs\u0027s Wanderer Trilogy","Koishi","Magitek Elite","Marisa????????","Marked Mod","Menagerie","Minty Spire (QoL Compilation)","Pale of the Ancients","Potionbrewer","Quarter Circle Forward PUNCH!","Rare Cards Sparkle","Reimu??????","Relic Stats","Remilia??????","Replay The Spire","SacredBarkPlus","Shade Mod","Somnambulant","Spicy Shops","StSLib","Synergy Search","The Administrix","The Blue Laboratory","The Bug Knight","The Construct","The Cursed","The Disciple","The Dragon Tamer","The Exalted","The Hayseed","The Hierophant","The Immortal","The Judge","The Marked","The Mystic","The Problem Sleuth","The Runesmith","The Senshi","The Vixen","The Wild Card","TheArtist","TheFirefly","Wandering Minibosses","vexMod"],"gold_per_floor":[33148,114,127,142,142,171,198,208,233,233,261,711,486,505,521,599,599,599,617,632,632,632,642,642,642,562,590,590,499,511,462,474,549,549,549,563,580,580,580,590,590,590,606,638,292,319,229,229,242,242,242,270,113,113,113],"floor_reached":56,"playtime":4001,"items_purged":["champ:FightOn","champ:BerserkersShout+1"],"score":2829,"play_id":"7f21ad0c-2e9c-4a27-879e-19f9051ada17","local_time":"20210109193803","is_ascension_mode":true,"campfire_choices":[{"floor":10,"key":"RECALL"},{"floor":13,"key":"REST"},{"data":"Warcry","floor":18,"key":"SMITH"},{"floor":25,"key":"REST"},{"data":"Hallownest:skillCityofTearsMap","floor":28,"key":"SMITH"},{"data":"champ:BringItOn+1","floor":35,"key":"PURGE"},{"floor":54,"key":"REST"}],"circlet_count":0,"master_deck":["AscendersBane","champ:Execute+1","champ:Taunt+1","champ:Control+1","champ:FocusedBerserking+1","champ:CrookedStrike+1","champ:Circumvent+1","champ:FocusedDefense+1","champ:RisingSlash+1","champ:Balance+1","champ:FaceSlap+1","champ:RageSigil+1","champ:ShieldThrow+1","champ:FanOfKnives+1","champ:BladeFlurry+1","champ:Circumvent+1","champ:BringItOn+1","champ:EnchantSword+1","champ:HeavySlash+1","champ:Backstep+1","Good Instincts+1","champ:TornadoPunch+1","champ:StanceDance+1","champ:BerserkerStyle+1","champ:IronFortress+1","champ:Haymaker+1","champ:SwordThrow+1","Shrug It Off+1","Warcry+1","champ:Devastate+1","champ:HoldFirm+1","Hallownest:skillCityofTearsMap+1","champ:EnchantShield+1","champ:BerserkersShout+1","champ:ShieldWall+1","champ:FocusedGladiator+1","champ:HeavySlash+1","Trip+1","champ:MurderStrike+1","infinitespire:DeathsTouch","Gensokyo:SevenSchoolMysteries","Gensokyo:CustomPotion","champ:EnchantCrown+1"],"relics":["champ:ChampionCrown","Quantum Egg","Golden Egg","champ:DefensiveTrainingManual","Vajra","DemoMod:WhiteGuonStone","potionbrewer:Keyblade","Akabeko","PureWhite:ReiMu","Ribbon","Replay:Towering Pillar of Hats","champ:BerserkersGuideToSlaughter","champ:FightingForDummies","champ:SignatureFinisher","Membership Card","Anchor","hubris:CrystalStatue","Dead Branch","DemoMod:GlassGuonStoneRelic","wanderingMiniBosses:CarrionFlame","Orichalcum","hubris:DisguiseKit","ReplayTheSpireMod:CursedCoin","downfall:HeartBlessingRed","downfall:HeartBlessingGreen","downfall:HeartBlessingBlue","potionbrewer:BhaskarasWheel","Replay:Bottled Flurry","potionbrewer:BoosterPack","Golden_Hairpin","Gensokyo:EmptyGrave","WingedGreaves","qcfpunch:Broken_Tusk","hubris:MobiusCoin","hubris:EmptyBottle","infinitespire:Satchel","TheVixenMod:UmbreonRelic","Cleaning_Rag","infinitespire:Lucky Rock"],"acts_visited":["Gensokyo:Gensokyo","Hallownest:CityofTears","Gensokyo:Gensokyoest","TheEnding"],"potions_floor_usage":[8,12,12,33,46,55,55,55],"damage_taken":[{"damage":1,"enemies":"Gensokyo:Gryphon","floor":2,"turns":2},{"damage":0,"enemies":"Gensokyo:2_Kodama","floor":3,"turns":1},{"damage":0,"enemies":"Gensokyo:Python","floor":4,"turns":1},{"damage":0,"enemies":"Gensokyo:Mamizou","floor":6,"turns":2},{"damage":1,"enemies":"Gensokyo:5_Fairies","floor":8,"turns":6},{"damage":0,"enemies":"Gensokyo:Aya","floor":9,"turns":1},{"damage":0,"enemies":"Gensokyo:Cirno","floor":11,"turns":4},{"damage":3,"enemies":"downfall:FleeingMerchant","floor":12,"turns":4},{"damage":0,"enemies":"Gensokyo:2_Rabbits","floor":14,"turns":1},{"damage":0,"enemies":"Gensokyo:Python_and_Kodama","floor":15,"turns":2},{"damage":0,"enemies":"downfall:Ironclad","floor":16,"turns":3},{"damage":0,"enemies":"Hallownest:Guard_and_Sentry","floor":19,"turns":2},{"damage":0,"enemies":"Hallownest:2_Mistakes","floor":20,"turns":2},{"damage":0,"enemies":"Hallownest:Master_and_Novice","floor":23,"turns":2},{"damage":0,"enemies":"Hallownest:Nosk","floor":27,"turns":3},{"damage":4,"enemies":"Hallownest:monsterShrumalOgre","floor":30,"turns":2},{"damage":0,"enemies":"Hallownest:2_Husk_Sentries","floor":32,"turns":4},{"damage":0,"enemies":"downfall:Silent","floor":33,"turns":5},{"damage":0,"enemies":"Gensokyo:3_Bats","floor":36,"turns":2},{"damage":2,"enemies":"Gensokyo:3_Boulders","floor":37,"turns":2},{"damage":0,"enemies":"Gensokyo:4_Bats","floor":40,"turns":1},{"damage":0,"enemies":"Gensokyo:Dusk_and_Dawn","floor":43,"turns":2},{"damage":17,"enemies":"Gensokyo:Kasen","floor":44,"turns":3},{"damage":0,"enemies":"conspire:MimicChest","floor":46,"turns":3},{"damage":0,"enemies":"conspire:MimicChest","floor":48,"turns":2},{"damage":0,"enemies":"Gensokyo:SeedOfUnknown","floor":49,"turns":1},{"damage":0,"enemies":"downfall:Defect","floor":50,"turns":4},{"damage":39,"enemies":"downfall:CharBossMerchant","floor":52,"turns":4},{"damage":0,"enemies":"downfall:NeowBoss","floor":55,"turns":15}],"seed_played":"2789337983876078938","potions_obtained":[{"floor":9,"key":"blueLaboratory:PyrophylliteBrew"}],"is_trial":false,"path_per_floor":["R_BF","M","M","M","?","E","T","M","E","R","E","$","R","M","M","B",null,"R","M","M","?","?","M","T","R","?","E","R","$","M","$","M","B",null,"R_BF","M","M","?","?","M","T","?","M","E","COS","?","?","?","M","B",null,"E","$","R","B",null],"character_chosen":"THE_CHAMP","items_purchased":["champ:FaceSlap","champ:RageSigil","champ:DefensiveTrainingManual","Vajra","DemoMod:WhiteGuonStone","potionbrewer:Keyblade","champ:ShieldThrow","Akabeko","PureWhite:ReiMu","Ribbon","Replay:Towering Pillar of Hats","champ:FanOfKnives","champ:BladeFlurry","champ:Circumvent","champ:BringItOn","champ:EnchantSword","champ:BerserkersGuideToSlaughter","champ:HeavySlash","champ:Backstep","DuplicationPotion","Good Instincts","champ:TornadoPunch+1","champ:FightingForDummies","champ:SignatureFinisher","champ:StanceDance","champ:BerserkerStyle","champ:IronFortress","champ:Haymaker","Membership Card","Anchor","hubris:CrystalStatue","Dead Branch","ReplayTheSpireMod:CursedCoin","potionbrewer:BoosterPack","Trip","champ:EnchantCrown","infinitespire:Lucky Rock"],"campfire_rested":3,"item_purchase_floors":[0,0,0,0,0,0,0,0,0,0,0,0,0,0,0,0,0,0,0,0,0,0,0,0,0,0,0,0,0,0,0,0,12,29,31,53,53],"current_hp_per_floor":[73,81,81,81,76,81,81,81,81,81,81,81,91,91,91,91,91,91,91,91,85,85,85,85,91,91,91,91,91,91,91,91,91,91,91,91,91,82,62,71,82,82,82,82,82,82,82,82,82,82,82,67,67,82,82],"gold":113,"neow_bonus":"","is_daily":false,"chose_seed":false,"campfire_upgraded":2,"win_rate":0.0,"timestamp":1610195883,"path_taken":["R_BF","M","M","M","?","E","T","M","E","R","E","?","R","?","M","BOSS","R","M","M","?","?","?","T","R","?","E","R","?","?","$","M","BOSS","R_BF","M","M","?","?","?","T","?","?","E","COS","?","?","?","M","BOSS","E","$","R","BOSS"],"items_purchased_type":["Card","Card","Relic","Relic","Relic","Relic","Card","Relic","Relic","Relic","Relic","Card","Card","Card","Card","Card","Relic","Card","Card","Potion","Card","Card","Relic","Relic","Card","Card","Card","Card","Relic","Relic","Relic","Relic","Relic","Relic","Card","Card","Relic"],"build_version":"2020-12-22","purchased_purges":2,"victory":true,"max_hp_per_floor":[81,81,81,81,81,81,81,81,81,81,81,81,91,91,91,91,91,91,91,91,91,91,91,91,91,91,91,91,91,91,91,91,91,91,91,91,91,82,82,82,82,82,82,82,82,82,82,82,82,82,82,82,82,82,82],"relic_stats":{"counters":[33,100],"Dead Branch":[84],"Orichalcum":[24],"obtain_stats":[{"Golden Egg":0,"hubris:CrystalStatue":0,"Vajra":0,"champ:ChampionCrown":0,"downfall:HeartBlessingGreen":13,"DemoMod:GlassGuonStoneRelic":2,"DemoMod:WhiteGuonStone":0,"hubris:EmptyBottle":45,"hubris:EvacipatedBox":0,"Cleaning_Rag":52,"champ:DefensiveTrainingManual":0,"Ribbon":0,"downfall:HeartBlessingBlue":13,"WingedGreaves":40,"Replay:Bottled Flurry":27,"champ:BerserkersGuideToSlaughter":0,"Toxic Egg 2":0,"champ:FightingForDummies":0,"TheVixenMod:UmbreonRelic":48,"hubris:DisguiseKit":11,"hubris:MobiusCoin":44,"Replay:Towering Pillar of Hats":0,"downfall:HeartBlessingRed":13,"hubris:64BitClover":0,"ReplayTheSpireMod:CursedCoin":12,"Quantum Egg":0,"Dead Branch":0,"potionbrewer:BhaskarasWheel":17,"infinitespire:Lucky Rock":53,"Orichalcum":9,"Question Card":0,"Akabeko":0,"vexMod:GhostlyGear":0,"Gensokyo:EmptyGrave":38,"PureWhite:ReiMu":0,"Anchor":0,"Golden_Hairpin":34,"potionbrewer:BoosterPack":29,"wanderingMiniBosses:CarrionFlame":8,"qcfpunch:Broken_Tusk":41,"infinitespire:Satchel":46,"Molten Egg 2":0,"Pandora\u0027s Box":0,"champ:SignatureFinisher":0,"Membership Card":0,"potionbrewer:Keyblade":0},{"Golden Egg":0,"hubris:CrystalStatue":4,"Vajra":4,"champ:ChampionCrown":0,"downfall:HeartBlessingGreen":12,"DemoMod:GlassGuonStoneRelic":1,"DemoMod:WhiteGuonStone":4,"hubris:EmptyBottle":27,"hubris:EvacipatedBox":0,"Cleaning_Rag":32,"champ:DefensiveTrainingManual":4,"Ribbon":4,"downfall:HeartBlessingBlue":12,"WingedGreaves":25,"Replay:Bottled Flurry":19,"champ:BerserkersGuideToSlaughter":4,"Toxic Egg 2":0,"champ:FightingForDummies":4,"TheVixenMod:UmbreonRelic":28,"hubris:DisguiseKit":11,"hubris:MobiusCoin":27,"Replay:Towering Pillar of Hats":4,"downfall:HeartBlessingRed":12,"hubris:64BitClover":0,"ReplayTheSpireMod:CursedCoin":12,"Quantum Egg":0,"Dead Branch":4,"potionbrewer:BhaskarasWheel":15,"infinitespire:Lucky Rock":32,"Orichalcum":10,"Question Card":0,"Akabeko":4,"vexMod:GhostlyGear":0,"Gensokyo:EmptyGrave":24,"PureWhite:ReiMu":4,"Anchor":4,"Golden_Hairpin":22,"potionbrewer:BoosterPack":19,"wanderingMiniBosses:CarrionFlame":9,"qcfpunch:Broken_Tusk":25,"infinitespire:Satchel":28,"Molten Egg 2":0,"Pandora\u0027s Box":4,"champ:SignatureFinisher":4,"Membership Card":4,"potionbrewer:Keyblade":4},{"Golden Egg":0,"hubris:CrystalStatue":14,"Vajra":14,"champ:ChampionCrown":0,"downfall:HeartBlessingGreen":35,"DemoMod:GlassGuonStoneRelic":6,"DemoMod:WhiteGuonStone":14,"hubris:EmptyBottle":71,"hubris:EvacipatedBox":0,"Cleaning_Rag":85,"champ:DefensiveTrainingManual":14,"Ribbon":14,"downfall:HeartBlessingBlue":35,"WingedGreaves":66,"Replay:Bottled Flurry":50,"champ:BerserkersGuideToSlaughter":14,"Toxic Egg 2":0,"champ:FightingForDummies":14,"TheVixenMod:UmbreonRelic":74,"hubris:DisguiseKit":31,"hubris:MobiusCoin":71,"Replay:Towering Pillar of Hats":14,"downfall:HeartBlessingRed":35,"hubris:64BitClover":0,"ReplayTheSpireMod:CursedCoin":35,"Quantum Egg":0,"Dead Branch":14,"potionbrewer:BhaskarasWheel":41,"infinitespire:Lucky Rock":85,"Orichalcum":27,"Question Card":0,"Akabeko":14,"vexMod:GhostlyGear":0,"Gensokyo:EmptyGrave":65,"PureWhite:ReiMu":14,"Anchor":14,"Golden_Hairpin":61,"potionbrewer:BoosterPack":50,"wanderingMiniBosses:CarrionFlame":26,"qcfpunch:Broken_Tusk":66,"infinitespire:Satchel":74,"Molten Egg 2":0,"Pandora\u0027s Box":14,"champ:SignatureFinisher":14,"Membership Card":14,"potionbrewer:Keyblade":14}]},"card_choices":[{"not_picked":["champ:RapidStrikes","champ:FlashCut","champ:TornadoPunch"],"picked":"SKIP","floor":2},{"not_picked":["champ:RisingSlash","champ:StanceDance","champ:GutPunch"],"picked":"SKIP","floor":3},{"not_picked":["champ:ShieldSigil","champ:FanOfKnives","champ:ViciousMockery"],"picked":"SKIP","floor":4},{"not_picked":["champ:DefensiveShout","champ:SwordSigil"],"picked":"champ:SwordThrow","floor":6},{"not_picked":["champ:BringItOn","champ:Circumvent","champ:AdrenalArmor"],"picked":"SKIP","floor":8},{"not_picked":["champ:AdrenalArmor","champ:FanOfKnives","champ:TornadoPunch"],"picked":"SKIP","floor":9},{"not_picked":["champ:CrookedStrike","champ:FaceSlap","champ:HeartStrike"],"picked":"SKIP","floor":11},{"not_picked":["champ:FightOn","champ:GladiatorsShout","champ:TornadoPunch"],"picked":"Shrug It Off","floor":12},{"not_picked":["champ:PerfectedStrike","champ:Backstep","champ:GladiatorsShout"],"picked":"Warcry","floor":14},{"not_picked":["champ:FlashCut","champ:PerfectedStrike","champ:FanOfKnives","Combust"],"picked":"SKIP","floor":15},{"not_picked":["champ:IgnorePain","champ:LastStand","Feed"],"picked":"champ:Devastate","floor":16},{"not_picked":["champ:BerserkersShout+1","champ:TornadoPunch","champ:Backstep","Clash"],"picked":"SKIP","floor":19},{"not_picked":["champ:Backstep","champ:BringItOn","champ:BladeFlurry","Armaments"],"picked":"SKIP","floor":20},{"not_picked":["champ:DefensiveShout","champ:GladiatorsShout","Burning Pact"],"picked":"champ:HoldFirm","floor":23},{"not_picked":["champ:AdrenalArmor","champ:PerfectedStrike","Body Slam"],"picked":"champ:EnchantShield","floor":27},{"not_picked":["champ:ShieldSigil","champ:RageSigil","champ:BerserkerStyle","ReplayTheSpireMod:Stacked"],"picked":"SKIP","floor":30},{"not_picked":["champ:Circumvent","champ:FanOfKnives","champ:BringItOn","Cleave"],"picked":"SKIP","floor":32},{"not_picked":["champ:EnchantSword","champ:HeavySlash","Demonic Infusion"],"picked":"champ:MurderStrike","floor":33},{"not_picked":["champ:DefensiveShout","champ:SkillfulDodge","champ:GladiatorsShout","Headbutt"],"picked":"SKIP","floor":36},{"not_picked":["champ:Riposte","champ:ShieldSigil","champ:StanceDance","Clash"],"picked":"SKIP","floor":37},{"not_picked":["infinitespire:FinalStrike","infinitespire:SealOfDarkness+"],"picked":"infinitespire:DeathsTouch","floor":39},{"not_picked":["champ:RageSigil","champ:ArenaPreparation","champ:StanceDance","Rupture"],"picked":"SKIP","floor":40},{"not_picked":["champ:FlashCut","champ:LastStand","champ:SwordSigil","Warcry"],"picked":"SKIP","floor":43},{"not_picked":["champ:TornadoPunch","champ:Shatter","champ:BringItOn","Perfected Strike"],"picked":"SKIP","floor":44},{"not_picked":["champ:DefensiveShout","champ:CalledShot","champ:BerserkerStyle+1","Whirlwind"],"picked":"SKIP","floor":49},{"not_picked":["champ:FightOn","champ:ShieldSigil","champ:Shatter","Body Slam"],"picked":"SKIP","floor":52}],"player_experience":1303516,"relics_obtained":[{"floor":8,"key":"wanderingMiniBosses:CarrionFlame"},{"floor":9,"key":"Orichalcum"},{"floor":11,"key":"hubris:DisguiseKit"},{"floor":27,"key":"Replay:Bottled Flurry"},{"floor":41,"key":"qcfpunch:Broken_Tusk"},{"floor":44,"key":"hubris:MobiusCoin"},{"floor":46,"key":"infinitespire:Satchel"},{"floor":52,"key":"Cleaning_Rag"}],"event_choices":[{"damage_healed":0,"gold_gain":0,"player_choice":"Fight the Beast\u0027s assailants","damage_taken":0,"relics_obtained":["TheVixenMod:UmbreonRelic"],"max_hp_gain":0,"max_hp_loss":0,"event_name":"Creature of the Night","floor":48,"gold_loss":0}],"is_beta":false,"boss_relics":[{"not_picked":["Snecko Heart","vexMod:FluxCapacitor"],"picked":"potionbrewer:BhaskarasWheel"},{"not_picked":["Snecko Eye","Kintsugi"],"picked":"Golden_Hairpin"}],"items_purged_floors":[0,29],"is_endless":false,"potions_floor_spawned":[2,4,6,9,15,19,27,32,43,44],"ascension_level":20}}