{"host":"45gjn1i9lq2ky2i9","time":1610200357,"event":{"mods":["2.2 Compatiblity","Act Like it!","Aspiration","Bard","BaseMod","Beaked The Cultist","Better Altar","Better Match","Better Note","Better Sensory Stone","Better Skull","Better Third Choice","Better Vampires","Conspire","Downfall","Halation","Hubris","Infinite Spire","Jedi Mod","Lobotomy","LobotomyExtend","Minty Spire (QoL Compilation)","Pale of the Ancients","Permanent Neow","Replay The Spire","Shop Mod","Spikes Relics","StSLib","The Mystic","The Runesmith","The Wild Card"],"gold_per_floor":[113,113,131,148,167,167,187,187,237,257,257,257,257],"floor_reached":12,"playtime":618,"items_purged":[],"score":119,"play_id":"1277793c-4cc6-4cdf-a3b7-8c17c6a3d266","local_time":"20210109215236","is_ascension_mode":true,"campfire_choices":[{"data":"Crow Ritual","floor":6,"key":"SMITH"},{"data":"Time Bomb","floor":8,"key":"SMITH"},{"floor":11,"key":"REST"}],"circlet_count":0,"master_deck":["AscendersBane","Strike_B","Strike_B","Strike_B","Defend_B","Defend_B","Defend_B","Zap","Dualcast","Darkness","White Noise","Crow Ritual+1","Coolheaded","Time Bomb+1","Beam Cell"],"relics":["Cracked Core","Centennial Puzzle"],"acts_visited":["Exordium"],"potions_floor_usage":[10],"damage_taken":[{"damage":7.0,"enemies":"Jaw Worm","floor":1.0,"turns":3.0},{"damage":5.0,"enemies":"Small Slimes","floor":3.0,"turns":4.0},{"damage":0,"enemies":"conspire:RoseBush","floor":4,"turns":4},{"damage":7,"enemies":"Large Slime","floor":5,"turns":6},{"damage":4,"enemies":"conspire:2 RoseBushes","floor":7,"turns":6},{"damage":35,"enemies":"Gremlin Gang","floor":10,"turns":5},{"damage":31,"enemies":"3 Sentries","floor":12,"turns":4}],"seed_played":"7254892662684785991","potions_obtained":[{"floor":1.0,"key":"jedi:StrikingPotion"},{"floor":5,"key":"PowerPotion"},{"floor":10,"key":"BlessingOfTheForge"}],"is_trial":false,"path_per_floor":["M","?","M","M","M","R","M","R","T","M","R","E"],"character_chosen":"DEFECT","items_purchased":[],"campfire_rested":1,"item_purchase_floors":[],"current_hp_per_floor":[61,61,56,56,49,49,45,45,45,10,30,0,0],"gold":257,"neow_bonus":"TRANSFORM_TWO_CARDS","is_daily":false,"chose_seed":false,"campfire_upgraded":2,"win_rate":0.0,"timestamp":1610200356,"path_taken":["M","?","M","M","M","R","M","R","T","M","R","E"],"items_purchased_type":[],"build_version":"2020-12-22","purchased_purges":0,"victory":false,"max_hp_per_floor":[68,68,68,68,68,68,68,68,68,68,68,68,68],"card_choices":[{"not_picked":["jedi:blockon","ReplayTheSpireMod:Repulse","Beam Cell"],"picked":"SKIP","floor":1.0},{"not_picked":["expansioncontent:DefensiveMode","Panache"],"picked":"Crow Ritual","floor":2.0},{"not_picked":["Panic Button","Recycle"],"picked":"Coolheaded","floor":3.0},{"not_picked":["Panic Button","Time Bomb","ReplaySolidLightProjector"],"picked":"SKIP","floor":4},{"not_picked":["Steam","ReplayTheSpireMod:System Scan","jedi:sharpshooter"],"picked":"SKIP","floor":5},{"not_picked":["Sweeping Beam","jedi:spotbugs"],"picked":"Time Bomb","floor":7},{"not_picked":["Go for the Eyes","Reinforced Body"],"picked":"Beam Cell","floor":10}],"player_experience":519978,"relics_obtained":[{"floor":9,"key":"Centennial Puzzle"}],"event_choices":[{"damage_healed":0.0,"max_hp_gain":0.0,"max_hp_loss":0.0,"gold_gain":1.0,"event_name":"betterStone:BetterStone","player_choice":"1","floor":2.0,"gold_loss":0.0,"damage_taken":0.0}],"is_beta":false,"boss_relics":[],"items_purged_floors":[],"is_endless":false,"potions_floor_spawned":[1,5,10],"killed_by":"3 Sentries","ascension_level":13}}