{"host":"q8niu1x2pgv94o1d","time":1610196250,"event":{"mods":["AchievementEnabler","BaseMod","Colored Map","Colored Powertips","Minty Spire (QoL Compilation)","StSLib"],"gold_per_floor":[163,180,180,180,27,27,56,70,70,87,87,105,105,115,115,214,214,225,245,295,313,323,323,338,338,338,348,248,265,279,293,293,393,393,410,210,228,228,27,27,62,62,62],"floor_reached":42,"playtime":3232,"items_purged":["Strike_P","Defend_P","Strike_P","Strike_P"],"score":508,"play_id":"3a169dc3-290a-4ff2-9d01-50449c165ebd","local_time":"20210109134410","is_ascension_mode":true,"campfire_choices":[{"data":"Eruption","floor":6.0,"key":"SMITH"},{"data":"Adaptation","floor":11.0,"key":"SMITH"},{"data":"Consecrate","floor":15.0,"key":"SMITH"},{"data":"Blasphemy","floor":23.0,"key":"SMITH"},{"data":"SandsOfTime","floor":25.0,"key":"SMITH"},{"floor":32,"key":"REST"},{"floor":40,"key":"REST"}],"circlet_count":0,"master_deck":["Strike_P+1","Defend_P","Defend_P","Eruption+1","Vigilance","BowlingBash+1","Adaptation+1","SandsOfTime+1","EmptyBody","Consecrate+1","Blasphemy+1","Adaptation+1","FlurryOfBlows","EmptyFist+1","Meditate+1","LikeWater+1","ThirdEye","Evaluate+1"],"relics":["Tiny House"],"acts_visited":["Exordium","TheCity","TheBeyond"],"potions_floor_usage":[41,41],"damage_taken":[{"damage":8.0,"enemies":"Small Slimes","floor":1.0,"turns":4.0},{"damage":0.0,"enemies":"2 Louse","floor":2.0,"turns":3.0},{"damage":8.0,"enemies":"Gremlin Nob","floor":7.0,"turns":3.0},{"damage":0.0,"enemies":"Cultist","floor":8.0,"turns":2.0},{"damage":0.0,"enemies":"Large Slime","floor":10.0,"turns":3.0},{"damage":9.0,"enemies":"Lots of Slimes","floor":12.0,"turns":4.0},{"damage":7.0,"enemies":"3 Louse","floor":14.0,"turns":4.0},{"damage":0.0,"enemies":"Slime Boss","floor":16.0,"turns":5.0},{"damage":10.0,"enemies":"2 Thieves","floor":18.0,"turns":3.0},{"damage":10.0,"enemies":"Chosen","floor":19.0,"turns":3.0},{"damage":12.0,"enemies":"Shelled Parasite and Fungi","floor":21.0,"turns":3.0},{"damage":3.0,"enemies":"Cultist and Chosen","floor":22.0,"turns":3.0},{"damage":4.0,"enemies":"Snake Plant","floor":24.0,"turns":2.0},{"damage":0,"enemies":"3 Cultists","floor":27,"turns":2},{"damage":6,"enemies":"Shelled Parasite and Fungi","floor":29,"turns":2},{"damage":42,"enemies":"Snake Plant","floor":30,"turns":2},{"damage":2,"enemies":"Chosen and Byrds","floor":31,"turns":2},{"damage":65,"enemies":"Champ","floor":33,"turns":8},{"damage":25,"enemies":"3 Darklings","floor":35,"turns":3},{"damage":16,"enemies":"3 Shapes","floor":37,"turns":3},{"damage":40,"enemies":"Reptomancer","floor":41,"turns":5},{"damage":20,"enemies":"Jaw Worm Horde","floor":42,"turns":1}],"seed_played":"-4527411722952286025","potions_obtained":[{"floor":0.0,"key":"ColorlessPotion"},{"floor":7.0,"key":"BlessingOfTheForge"},{"floor":10.0,"key":"LiquidBronze"},{"floor":14.0,"key":"BlessingOfTheForge"},{"floor":18.0,"key":"FairyPotion"},{"floor":21.0,"key":"Strength Potion"},{"floor":29,"key":"StancePotion"},{"floor":31,"key":"FairyPotion"}],"is_trial":false,"path_per_floor":["M","M","?","?","$","R","E","M","T","M","R","M","?","M","R","B",null,"M","M","?","M","M","R","M","R","T","M","$","M","M","M","R","B",null,"M","$","M","?","$","R","E","M"],"character_chosen":"WATCHER","items_purchased":["Adaptation","DuplicationPotion","ThirdEye"],"campfire_rested":2,"item_purchase_floors":[5,36,39],"current_hp_per_floor":[69,69,69,69,69,69,61,61,61,61,61,52,52,45,45,45,77,67,57,57,45,42,42,38,38,38,38,38,32,23,21,44,9,77,52,52,36,36,36,59,19,0,0],"gold":62,"neow_bonus":"BOSS_RELIC","is_daily":false,"chose_seed":false,"campfire_upgraded":5,"win_rate":0.0,"timestamp":1610196250,"path_taken":["M","M","?","?","$","R","E","M","T","M","R","M","?","?","R","BOSS","M","M","?","?","M","R","M","R","T","M","$","M","M","M","R","BOSS","M","$","M","?","$","R","E","M"],"items_purchased_type":["Card","Potion","Card"],"build_version":"2020-12-22","purchased_purges":4,"victory":false,"max_hp_per_floor":[77,77,77,77,77,77,77,77,77,77,77,77,77,77,77,77,77,77,77,77,77,77,77,77,77,77,77,77,77,77,77,77,77,77,77,77,77,77,77,77,77,77,77],"card_choices":[{"not_picked":["Prostrate","PathToVictory"],"picked":"BowlingBash","floor":0.0},{"not_picked":["ClearTheMind","Prostrate","Crescendo"],"picked":"SKIP","floor":1.0},{"not_picked":["Protect","CrushJoints","Halt"],"picked":"SKIP","floor":2.0},{"not_picked":["ThirdEye","EmptyFist"],"picked":"CutThroughFate","floor":7.0},{"not_picked":["Indignation","SashWhip"],"picked":"SandsOfTime","floor":8.0},{"not_picked":["BowlingBash","Fasting2"],"picked":"EmptyBody","floor":10.0},{"not_picked":["Nirvana","ClearTheMind","Study"],"picked":"SKIP","floor":12.0},{"not_picked":["Nirvana","ClearTheMind","Study"],"picked":"SKIP","floor":12.0},{"not_picked":["EmptyFist","Scrawl"],"picked":"Consecrate","floor":14.0},{"not_picked":["Judgement","Brilliance"],"picked":"Blasphemy","floor":16.0},{"not_picked":["Evaluate","Protect","Consecrate+1"],"picked":"SKIP","floor":18.0},{"not_picked":["EmptyBody","Protect"],"picked":"Adaptation+1","floor":19.0},{"not_picked":["Protect","Prostrate"],"picked":"FlurryOfBlows","floor":21.0},{"not_picked":["EmptyBody","JustLucky","Worship"],"picked":"SKIP","floor":22.0},{"not_picked":["PathToVictory","Vault"],"picked":"EmptyFist+1","floor":24.0},{"not_picked":["JustLucky","Nirvana"],"picked":"Meditate+1","floor":27},{"not_picked":["FollowUp","BowlingBash","WaveOfTheHand"],"picked":"SKIP","floor":29},{"not_picked":["Consecrate","EmptyFist","Vengeance+1"],"picked":"SKIP","floor":30},{"not_picked":["Weave+1","Prostrate+1","Scrawl"],"picked":"SKIP","floor":31},{"not_picked":["FlurryOfBlows+1","EmptyBody"],"picked":"LikeWater+1","floor":35},{"not_picked":["TalkToTheHand+1","MentalFortress+1","Meditate"],"picked":"SKIP","floor":37},{"not_picked":["Swivel","Meditate+1"],"picked":"Evaluate+1","floor":41}],"player_experience":1761721,"relics_obtained":[],"event_choices":[{"cards_removed":["Defend_P"],"damage_healed":0.0,"max_hp_gain":0.0,"max_hp_loss":0.0,"gold_gain":0.0,"event_name":"Living Wall","player_choice":"Forget","floor":3.0,"gold_loss":0.0,"damage_taken":0.0},{"damage_healed":0.0,"max_hp_gain":0.0,"max_hp_loss":0.0,"gold_gain":0.0,"event_name":"Scrap Ooze","player_choice":"Fled","floor":4.0,"gold_loss":0.0,"damage_taken":0.0},{"damage_healed":0.0,"max_hp_gain":0.0,"max_hp_loss":0.0,"gold_gain":0.0,"event_name":"Accursed Blacksmith","player_choice":"Forge","floor":13.0,"gold_loss":0.0,"damage_taken":0.0,"cards_upgraded":["BowlingBash"]},{"damage_healed":0.0,"max_hp_gain":0.0,"max_hp_loss":0.0,"gold_gain":100.0,"event_name":"The Joust","player_choice":"Bet on Murderer","floor":20.0,"gold_loss":50.0,"damage_taken":0.0},{"cards_removed":["CutThroughFate"],"damage_healed":0,"gold_gain":0,"player_choice":"Removed Attack","damage_taken":0,"max_hp_gain":0,"max_hp_loss":0,"event_name":"Falling","floor":38,"gold_loss":0}],"is_beta":false,"boss_relics":[{"not_picked":["Cursed Key","Sozu","Pandora\u0027s Box"]},{"not_picked":["Calling Bell","Runic Pyramid","Snecko Eye"]}],"items_purged_floors":[5,28,36,39],"is_endless":false,"potions_floor_spawned":[7,10,14,18,21,22,29,31],"killed_by":"Jaw Worm Horde","ascension_level":1}}