{"host":"wbdly04l9mkn9nrc","time":1610193355,"event":{"mods":["AchievementEnabler","BaseMod","BetterRewards","Minty Spire (QoL Compilation)","StSLib","[IsaacMod]ÒÔÈö¼âËþ"],"gold_per_floor":[109,74,83,158,176,176,202,202,202,202,222,240,240,415,415,513,522,535,550,550,550,550,550,588,588,588,588,588,615,715,722,722,833,833,860,869,883,883,883,883,897,922,922,922,941,960,960,980,980,980,980,980,980,1008,1008],"floor_reached":56,"playtime":1947,"items_purged":["Strike_R","Strike_R","Strike_R","Strike_R","Defend_R","Strike_R","Defend_R","Defend_R","Defend_R","Doubt"],"score":1612,"play_id":"de1319be-d43e-4053-a455-16c0365110a4","local_time":"20210109195555","is_ascension_mode":false,"campfire_choices":[{"floor":6.0,"key":"DIG"},{"data":"Limit Break","floor":8.0,"key":"SMITH"},{"floor":10.0,"key":"DIG"},{"data":"Double Tap","floor":15.0,"key":"SMITH"},{"data":"Spot Weakness","floor":23.0,"key":"SMITH"},{"floor":28,"key":"DIG"},{"floor":32,"key":"RECALL"},{"floor":40,"key":"DIG"},{"floor":47,"key":"DIG"},{"floor":49,"key":"DIG"},{"floor":52,"key":"DIG"}],"circlet_count":0,"master_deck":["Bash+1","Feed+1","Immolate+1","Pommel Strike+1","Twin Strike+1","Uppercut+1","Feed+1","Pommel Strike+1","Double Tap+1","Limit Break+1","Feed+1","Inflame+1","Panache+1","Spot Weakness+1","Flex+1","Bloodletting+1","Ghostly Armor+1","Shockwave+1","Shrug It Off+1","Secret Technique+1","Exhume+1","Impervious+1","Flex+1","Offering+1","Battle Trance+1","Power Through+1","Dual Wield+1","Barricade+1","Flame Barrier+1","Battle Trance+1"],"relics":["Burning Blood","HushsDoor","SteamSale","Pantograph","GuppysHead","Frozen Eye","MealTicket","Membership Card","Mercury Hourglass","Pen Nib","HornCleat","Lee\u0027s Waffle","Champion Belt","Orichalcum","Chemical X","Bag of Preparation","SatanicBible","Habit","Happy Flower","Sling","Incense Burner","Nunchaku","Lizard Tail","Ancient Tea Set","Shuriken","Oddly Smooth Stone","Darkstone Periapt","Turnip","Red Skull","Toy Ornithopter","Bronze Scales","Potion Belt","TheBattery","Dream Catcher","Shovel","InkBottle","Omamori","Ornamental Fan","Molten Egg 2","PreservedInsect","Ginger","Prayer Wheel","Vajra","Paper Frog","Self Forming Clay","HandDrill","MoneyPower","Unceasing Top","Tiny Chest","Frozen Egg 2","Mango","Pear","White Beast Statue","Strange Spoon","Regal Pillow","Juzu Bracelet","Anchor","Strawberry","Blood Vial","Matryoshka","Art of War","BelialBook","Sundial","Eternal Feather","Du-Vu Doll","Lantern","CeramicFish","CaptainsWheel","Bag of Marbles","Letter Opener","Meat on the Bone","DeadEye","Singing Bowl","Boot","Thread and Needle","SalivaCoin","BookofShadows","Whetstone","Bottled Lightning","Gremlin Horn","Mummified Hand","Toxic Egg 2","Calipers","Centennial Puzzle","Gambling Chip","TheAbacus","Ice Cream","Chaos","YumHeart","Cursed Key","SacredBark","Torii","Peace Pipe","WingedGreaves","Blue Candle","Coffee Dripper","SharpPlug","BookOfRevelations","GnawedLeaf","Akabeko","Snake Skull","Paper Crane","MutagenicStrength","War Paint","PillsDrop","TuHaoJin","Orrery","Black Blood","UnicornStump","Bird Faced Urn","FossilizedHelix","PunchingBag","GuppysTail","EdensBlessing","Diplopia"],"acts_visited":["Exordium","TheCity","TheBeyond","TheEnding"],"potions_floor_usage":[55,55],"damage_taken":[{"damage":0.0,"enemies":"Small Slimes","floor":1.0,"turns":1.0},{"damage":0.0,"enemies":"Lagavulin","floor":7.0,"turns":1.0},{"damage":0.0,"enemies":"Cultist","floor":11.0,"turns":1.0},{"damage":0.0,"enemies":"Jaw Worm","floor":12.0,"turns":1.0},{"damage":0.0,"enemies":"Slime Boss","floor":16.0,"turns":1.0},{"damage":0.0,"enemies":"Shell Parasite","floor":18.0,"turns":1.0},{"damage":0.0,"enemies":"Spheric Guardian","floor":19.0,"turns":1.0},{"damage":0.0,"enemies":"Slavers","floor":24.0,"turns":1.0},{"damage":0,"enemies":"Colosseum Slavers","floor":30,"turns":1},{"damage":0,"enemies":"Colosseum Nobs","floor":30,"turns":1},{"damage":0,"enemies":"Automaton","floor":33,"turns":1},{"damage":0,"enemies":"3 Darklings","floor":35,"turns":1},{"damage":0,"enemies":"Orb Walker","floor":37,"turns":1},{"damage":0,"enemies":"Jaw Worm Horde","floor":41,"turns":1},{"damage":0,"enemies":"Reptomancer","floor":42,"turns":1},{"damage":0,"enemies":"Sphere and 2 Shapes","floor":45,"turns":1},{"damage":0,"enemies":"Writhing Mass","floor":46,"turns":1},{"damage":0,"enemies":"Transient","floor":48,"turns":2},{"damage":0,"enemies":"Awakened One","floor":50,"turns":2},{"damage":0,"enemies":"Shield and Spear","floor":54,"turns":1},{"damage":0,"enemies":"The Heart","floor":55,"turns":3}],"seed_played":"7839127577694960663","potions_obtained":[{"floor":16.0,"key":"LiquidMemories"},{"floor":30,"key":"AttackPotion"}],"is_trial":false,"path_per_floor":["M","?","$","?","$","R","E","R","T","R","M","M","T","?","R","B",null,"M","M","?","?","T","R","E","$","T","?","R","$","?","?","R","B",null,"M","T","M","$","?","R","M","E","T","?","M","M","R","M","R","B",null,"R","$","E","B",null],"character_chosen":"IRONCLAD","items_purchased":["Pantograph","GuppysHead","Frozen Eye","MealTicket","Membership Card","Mercury Hourglass","Pen Nib","HornCleat","Lee\u0027s Waffle","Champion Belt","Orichalcum","Chemical X","Bag of Preparation","SatanicBible","ForgetMeNow","Habit","Happy Flower","Sling","Incense Burner","Nunchaku","Lizard Tail","Ancient Tea Set","Shuriken","Oddly Smooth Stone","Darkstone Periapt","Turnip","Red Skull","Toy Ornithopter","Bronze Scales","Potion Belt","TheBattery","Dream Catcher","Shovel","InkBottle","Omamori","Ornamental Fan","Molten Egg 2","PreservedInsect","Ginger","Prayer Wheel","Feed+1","Vajra","Immolate+1","Paper Frog","Self Forming Clay","HandDrill","MoneyPower","Pommel Strike+1","Unceasing Top","Tiny Chest","Twin Strike+1","Frozen Egg 2","Mango","Uppercut+1","Pear","White Beast Statue","Strange Spoon","Feed+1","Pommel Strike+1","Regal Pillow","Juzu Bracelet","Anchor","Strawberry","Blood Vial","Matryoshka","Art of War","BelialBook","Sundial","Eternal Feather","Du-Vu Doll","Lantern","CeramicFish","CaptainsWheel","Bag of Marbles","Letter Opener","Double Tap","Meat on the Bone","Limit Break","DeadEye","Singing Bowl","Feed+1","Boot","Thread and Needle","Inflame+1","SalivaCoin","BookofShadows","Panache+1","Whetstone","Bottled Lightning","Spot Weakness","Gremlin Horn","Mummified Hand","Toxic Egg 2","Flex+1","Calipers","Bloodletting+1","Centennial Puzzle","Gambling Chip","TheAbacus","Ghostly Armor+1","Shockwave+1","Shrug It Off+1","Secret Technique+1","Exhume+1","Ice Cream","Impervious+1","Chaos","YumHeart","Cursed Key","SacredBark","FairyPotion","Swift Potion","EntropicBrew","Swift Potion","SkillPotion","Torii","Peace Pipe","WingedGreaves","Blue Candle","Coffee Dripper","Flex+1","Offering+1","Battle Trance+1","Power Through+1","War Paint","TuHaoJin","Orrery","EdensBlessing"],"campfire_rested":0,"item_purchase_floors":[0,0,0,0,0,0,0,0,0,0,0,0,0,0,0,0,0,0,0,0,0,0,0,0,0,0,0,0,0,0,0,0,0,0,0,0,0,0,0,0,0,0,0,0,0,0,0,0,0,0,0,0,0,0,0,0,0,0,0,0,0,0,0,0,0,0,0,0,0,0,0,0,0,0,0,0,0,0,0,0,0,0,0,0,0,0,0,0,0,0,0,0,0,0,0,0,0,0,0,0,0,0,0,0,0,0,0,0,0,0,0,0,0,0,0,0,0,0,0,0,3,5,5,17,25,29,29,53],"current_hp_per_floor":[126,126,126,126,126,126,128,128,128,128,136,144,144,144,144,150,147,151,159,159,159,159,159,159,159,159,159,159,163,169,132,150,174,174,178,184,188,188,179,179,187,193,193,193,205,213,213,221,221,225,225,225,225,231,231],"gold":1008,"neow_bonus":"","is_daily":false,"chose_seed":false,"campfire_upgraded":3,"win_rate":0.0,"timestamp":1610193355,"path_taken":["M","?","?","?","$","R","E","R","T","R","M","M","?","?","R","BOSS","M","M","?","?","?","R","E","$","T","?","R","$","?","?","R","BOSS","M","?","M","$","?","R","M","E","T","?","M","M","R","M","R","BOSS","R","$","E","BOSS"],"items_purchased_type":["Relic","Relic","Relic","Relic","Relic","Relic","Relic","Relic","Relic","Relic","Relic","Relic","Relic","Relic","Relic","Relic","Relic","Relic","Relic","Relic","Relic","Relic","Relic","Relic","Relic","Relic","Relic","Relic","Relic","Relic","Relic","Relic","Relic","Relic","Relic","Relic","Relic","Relic","Relic","Relic","Card","Relic","Card","Relic","Relic","Relic","Relic","Card","Relic","Relic","Card","Relic","Relic","Card","Relic","Relic","Relic","Card","Card","Relic","Relic","Relic","Relic","Relic","Relic","Relic","Relic","Relic","Relic","Relic","Relic","Relic","Relic","Relic","Relic","Card","Relic","Card","Relic","Relic","Card","Relic","Relic","Card","Relic","Relic","Card","Relic","Relic","Card","Relic","Relic","Relic","Card","Relic","Card","Relic","Relic","Relic","Card","Card","Card","Card","Card","Relic","Card","Card","Relic","Relic","Relic","Potion","Potion","Potion","Potion","Potion","Relic","Relic","Relic","Relic","Relic","Card","Card","Card","Card","Relic","Relic","Relic","Relic"],"build_version":"2020-12-22","purchased_purges":10,"victory":true,"max_hp_per_floor":[126,126,126,126,126,126,128,128,128,128,136,144,144,144,144,150,147,151,159,159,159,159,159,159,159,159,159,159,163,169,174,174,174,174,178,184,188,188,179,179,187,193,193,193,205,213,213,221,221,225,225,225,225,231,231],"card_choices":[{"not_picked":[],"picked":"Bomb","floor":0.0},{"not_picked":["Shrug It Off+1","Perfected Strike+1","Clothesline+1"],"picked":"Singing Bowl","floor":1.0},{"not_picked":["Infernal Blade+1","Twin Strike+1","Havoc+1"],"picked":"Singing Bowl","floor":1.0},{"not_picked":["Seeing Red+1","Iron Wave+1","Clothesline+1"],"picked":"Singing Bowl","floor":7.0},{"not_picked":["Searing Blow+1","Metallicize+1","Fiend Fire+1"],"picked":"Singing Bowl","floor":11.0},{"not_picked":["Shrug It Off+1","Dropkick+1","Inflame+1"],"picked":"Singing Bowl","floor":11.0},{"not_picked":["Evolve+1","Headbutt+1","Iron Wave+1"],"picked":"Singing Bowl","floor":12.0},{"not_picked":["Armaments+1","Cleave+1","Body Slam+1"],"picked":"Singing Bowl","floor":12.0},{"not_picked":["Reaper+1","Barricade+1","Impervious+1"],"picked":"Singing Bowl","floor":16.0},{"not_picked":["Sentinel+1","Wild Strike+1","Flex+1"],"picked":"Singing Bowl","floor":18.0},{"not_picked":["Burning Pact+1","Anger+1","Pommel Strike+1"],"picked":"Singing Bowl","floor":18.0},{"not_picked":["Ghostly Armor+1","Anger+1","Headbutt+1"],"picked":"Singing Bowl","floor":19.0},{"not_picked":["True Grit+1","Flame Barrier+1","Juggernaut+1"],"picked":"Singing Bowl","floor":19.0},{"not_picked":["Wild Strike+1","Pummel+1"],"picked":"Dual Wield+1","floor":24.0},{"not_picked":["Thunderclap+1","Clash+1"],"picked":"Barricade+1","floor":29},{"not_picked":["Warcry+1","Disarm+1"],"picked":"Flame Barrier+1","floor":29},{"not_picked":["Fire Breathing+1","Thunderclap+1"],"picked":"Battle Trance+1","floor":29},{"not_picked":["Pommel Strike+1","Metallicize+1","Iron Wave+1"],"picked":"Singing Bowl","floor":29},{"not_picked":["Warcry+1","Perfected Strike+1","Hemokinesis+1"],"picked":"Singing Bowl","floor":29},{"not_picked":["Flex+1","Warcry+1","Dual Wield+1"],"picked":"Singing Bowl","floor":30},{"not_picked":["Immolate+1","Limit Break+1"],"picked":"Offering+1","floor":33},{"not_picked":["Headbutt+1","Body Slam+1","True Grit+1"],"picked":"Singing Bowl","floor":35},{"not_picked":["Entrench+1","Juggernaut+1","Rupture+1"],"picked":"Singing Bowl","floor":35},{"not_picked":["Pommel Strike+1","Sword Boomerang+1","Iron Wave+1"],"picked":"Singing Bowl","floor":37},{"not_picked":["Entrench+1","Rupture+1","Cleave+1"],"picked":"Singing Bowl","floor":37},{"not_picked":["Heavy Blade+1","Havoc+1","Armaments+1"],"picked":"Singing Bowl","floor":41},{"not_picked":["Warcry+1","Dropkick+1","Hemokinesis+1"],"picked":"Singing Bowl","floor":41},{"not_picked":["Body Slam+1","Combust+1","Shrug It Off+1"],"picked":"Singing Bowl","floor":42},{"not_picked":["Pummel+1","Metallicize+1","Perfected Strike+1"],"picked":"Singing Bowl","floor":45},{"not_picked":["Wild Strike+1","Headbutt+1","Heavy Blade+1"],"picked":"Singing Bowl","floor":45},{"not_picked":["Dual Wield+1","Iron Wave+1","Corruption+1"],"picked":"Singing Bowl","floor":46},{"not_picked":["Clothesline+1","Fire Breathing+1","Iron Wave+1"],"picked":"Singing Bowl","floor":46},{"not_picked":["Sword Boomerang+1","Shockwave+1","Iron Wave+1"],"picked":"Singing Bowl","floor":48},{"not_picked":["Body Slam+1","Clash+1","Shockwave+1"],"picked":"Singing Bowl","floor":48},{"not_picked":["Burning Pact+1","Heavy Blade+1","Headbutt+1"],"picked":"Singing Bowl","floor":54}],"player_experience":218174,"relics_obtained":[{"floor":6.0,"key":"SharpPlug"},{"floor":7.0,"key":"BookOfRevelations"},{"floor":10.0,"key":"GnawedLeaf"},{"floor":13.0,"key":"Akabeko"},{"floor":13.0,"key":"Snake Skull"},{"floor":28,"key":"PillsDrop"},{"floor":30,"key":"Black Blood"},{"floor":36,"key":"Bird Faced Urn"},{"floor":40,"key":"FossilizedHelix"},{"floor":47,"key":"PunchingBag"},{"floor":49,"key":"GuppysTail"},{"floor":54,"key":"Diplopia"}],"event_choices":[{"damage_healed":31.0,"max_hp_gain":0.0,"max_hp_loss":0.0,"gold_gain":0.0,"event_name":"The Cleric","player_choice":"Healed","floor":2.0,"gold_loss":35.0,"damage_taken":0.0},{"damage_healed":0.0,"max_hp_gain":0.0,"max_hp_loss":0.0,"gold_gain":75.0,"event_name":"World of Goop","player_choice":"Gather Gold","floor":4.0,"gold_loss":0.0,"damage_taken":11.0},{"damage_healed":0.0,"max_hp_gain":0.0,"max_hp_loss":0.0,"gold_gain":175.0,"event_name":"Liars Game","player_choice":"AGREE","floor":14.0,"gold_loss":0.0,"damage_taken":0.0,"cards_obtained":["Doubt"]},{"damage_healed":0.0,"max_hp_gain":0.0,"max_hp_loss":0.0,"gold_gain":0.0,"event_name":"Vampires","player_choice":"Ignored","floor":20.0,"gold_loss":0.0,"damage_taken":0.0},{"damage_healed":0.0,"max_hp_gain":0.0,"max_hp_loss":0.0,"gold_gain":0.0,"event_name":"Drug Dealer","player_choice":"Inject Mutagens","floor":21.0,"gold_loss":0.0,"damage_taken":0.0,"relics_obtained":["MutagenicStrength"]},{"damage_healed":0,"gold_gain":0,"player_choice":"Fight","damage_taken":0,"max_hp_gain":0,"max_hp_loss":0,"event_name":"Colosseum","floor":30,"gold_loss":0},{"damage_healed":0,"gold_gain":0,"player_choice":"Fought Nobs","damage_taken":0,"max_hp_gain":0,"max_hp_loss":0,"event_name":"Colosseum","floor":30,"gold_loss":0},{"damage_healed":0,"gold_gain":0,"player_choice":"Shed Blood","damage_taken":42,"max_hp_gain":5,"max_hp_loss":0,"event_name":"Forgotten Altar","floor":31,"gold_loss":0},{"damage_healed":0,"gold_gain":0,"player_choice":"Max HP","damage_taken":0,"max_hp_gain":0,"max_hp_loss":9,"event_name":"Winding Halls","floor":39,"gold_loss":0},{"cards_removed":["Offering"],"damage_healed":0,"gold_gain":0,"player_choice":"Removed Skill","damage_taken":0,"max_hp_gain":0,"max_hp_loss":0,"event_name":"Falling","floor":44,"gold_loss":0}],"is_beta":false,"boss_relics":[{"not_picked":["TwistedFunnel","Kunai"],"picked":"Paper Crane"},{"not_picked":[]},{"not_picked":["Dead Branch","Succubus"],"picked":"UnicornStump"},{"not_picked":[]}],"items_purged_floors":[0,0,0,0,0,0,0,0,0,38],"is_endless":false,"potions_floor_spawned":[1,7,11,12,16,18,19,24,30,30,33,35,37,41,42,45,46,48,54],"ascension_level":0}}