{"host":"foq4mrde4mssg7vt","time":1610212770,"event":{"mods":["AchievementEnabler","BaseMod","Colored Map","Colored Powertips","Highlight Path","Minty Spire (QoL Compilation)","Relic Stats","everything is the same but u backflip on backflip"],"gold_per_floor":[134,184,243,243,246,271,271,271,322,372,437,196,196,22,22,119,119,132,177,177,177,247,247,267,302,349,368,368,493,28,55,55,129,129,144,144,144,144,144,144,162,192,192,202,227,227,254,226,226,251,251,251,23,78,78],"floor_reached":56,"playtime":3201,"items_purged":["Strike_G","Strike_G","Strike_G"],"score":2326,"play_id":"7da094dc-74cd-4a8c-b726-89ac8f56ebf1","local_time":"20210110011930","is_ascension_mode":true,"campfire_choices":[{"floor":8.0,"key":"REST"},{"data":"Noxious Fumes","floor":13.0,"key":"SMITH"},{"data":"Leg Sweep","floor":15.0,"key":"SMITH"},{"floor":23.0,"key":"REST"},{"floor":28.0,"key":"REST"},{"data":"Catalyst","floor":32.0,"key":"SMITH"},{"data":"Wraith Form v2","floor":40.0,"key":"SMITH"},{"floor":46.0,"key":"RECALL"},{"data":"Well Laid Plans","floor":49,"key":"SMITH"},{"data":"Wraith Form v2","floor":52,"key":"SMITH"}],"circlet_count":0,"master_deck":["AscendersBane","Strike_G","Strike_G","Defend_G","Defend_G","Defend_G","Defend_G","Defend_G","Survivor","Neutralize","HandOfGreed+1","Flying Knee","Leg Sweep+1","Escape Plan","Dagger Spray","Footwork","Bouncing Flask","Noxious Fumes+1","Catalyst+1","Wraith Form v2+1","PiercingWail","Wraith Form v2+1","Footwork","Backflip","Cloak And Dagger","Well Laid Plans+1","Catalyst","After Image","Deadly Poison+1","PiercingWail","Acrobatics+1","Acrobatics","Backflip","Deflect","PiercingWail+1"],"relics":["Ring of the Snake","Pantograph","MealTicket","Regal Pillow","ClockworkSouvenir","Cursed Key","Omamori","Snake Skull","Gambling Chip","Pear","OrangePellets","Centennial Puzzle","SacredBark","Singing Bowl","Incense Burner","Toy Ornithopter","Bag of Preparation","Kunai"],"acts_visited":["Exordium","TheCity","TheBeyond","TheEnding"],"potions_floor_usage":[55,55],"damage_taken":[{"damage":2.0,"enemies":"Jaw Worm","floor":1.0,"turns":4.0},{"damage":0.0,"enemies":"2 Louse","floor":2.0,"turns":5.0},{"damage":2.0,"enemies":"Small Slimes","floor":3.0,"turns":6.0},{"damage":7.0,"enemies":"Exordium Thugs","floor":5.0,"turns":4.0},{"damage":18.0,"enemies":"Gremlin Nob","floor":6.0,"turns":4.0},{"damage":10.0,"enemies":"Lagavulin","floor":10.0,"turns":8.0},{"damage":5.0,"enemies":"3 Louse","floor":11.0,"turns":4.0},{"damage":24.0,"enemies":"The Guardian","floor":16.0,"turns":10.0},{"damage":12.0,"enemies":"Chosen","floor":18.0,"turns":5.0},{"damage":11.0,"enemies":"3 Byrds","floor":19.0,"turns":6.0},{"damage":14.0,"enemies":"Shelled Parasite and Fungi","floor":22.0,"turns":9.0},{"damage":2.0,"enemies":"Snake Plant","floor":24.0,"turns":6.0},{"damage":36.0,"enemies":"Gremlin Leader","floor":25.0,"turns":7.0},{"damage":5.0,"enemies":"Cultist and Chosen","floor":27.0,"turns":5.0},{"damage":6.0,"enemies":"Colosseum Slavers","floor":29.0,"turns":5.0},{"damage":16.0,"enemies":"Colosseum Nobs","floor":29.0,"turns":9.0},{"damage":14.0,"enemies":"Slavers","floor":31.0,"turns":8.0},{"damage":0.0,"enemies":"Champ","floor":33.0,"turns":7.0},{"damage":6.0,"enemies":"3 Shapes","floor":35.0,"turns":9.0},{"damage":6.0,"enemies":"Orb Walker","floor":41.0,"turns":5.0},{"damage":0.0,"enemies":"Giant Head","floor":42.0,"turns":7.0},{"damage":16.0,"enemies":"Maw","floor":44.0,"turns":4.0},{"damage":0.0,"enemies":"Mind Bloom Boss Battle","floor":45.0,"turns":4.0},{"damage":10,"enemies":"Reptomancer","floor":47,"turns":5},{"damage":12,"enemies":"Donu and Deca","floor":50,"turns":11},{"damage":1,"enemies":"Shield and Spear","floor":54,"turns":10},{"damage":30,"enemies":"The Heart","floor":55,"turns":10}],"seed_played":"1184936669800965428","potions_obtained":[{"floor":5.0,"key":"Explosive Potion"},{"floor":6.0,"key":"SteroidPotion"},{"floor":10.0,"key":"CunningPotion"},{"floor":11.0,"key":"SmokeBomb"},{"floor":25.0,"key":"Poison Potion"},{"floor":27.0,"key":"EssenceOfSteel"},{"floor":31.0,"key":"Dexterity Potion"}],"is_trial":false,"path_per_floor":["M","M","M","?","M","E","?","R","T","E","M","$","R","$","R","B",null,"M","M","?","?","M","R","M","E","T","M","R","?","$","E","R","B",null,"M","?","$","?","$","R","M","E","T","M","?","R","E","$","R","B",null,"R","$","E","B",null],"character_chosen":"THE_SILENT","items_purchased":["ClockworkSouvenir","Catalyst","OrangePellets","Well Laid Plans","Regen Potion","Backflip","Bag of Preparation","Deflect"],"campfire_rested":3,"item_purchase_floors":[12,14,30,30,30,48,53,53],"current_hp_per_floor":[42,42,40,40,33,15,15,34,34,24,19,34,34,49,49,42,60,48,37,37,37,23,57,55,19,19,14,48,36,51,37,37,62,73,67,67,76,76,76,76,70,70,70,54,76,76,68,78,78,66,75,75,78,77,78],"gold":78,"neow_bonus":"RANDOM_COLORLESS_2","is_daily":false,"chose_seed":false,"campfire_upgraded":6,"win_rate":0.0,"timestamp":1610212770,"path_taken":["M","M","M","?","M","E","?","R","T","E","M","$","R","$","R","BOSS","M","M","?","?","?","R","M","E","T","M","R","?","$","E","R","BOSS","M","?","$","?","$","R","?","E","T","?","?","R","E","?","R","BOSS","R","$","E","BOSS"],"items_purchased_type":["Relic","Card","Relic","Card","Potion","Card","Relic","Card"],"build_version":"2020-12-22","purchased_purges":3,"victory":true,"max_hp_per_floor":[66,66,66,66,66,66,66,66,66,66,66,66,66,66,66,66,66,66,66,66,66,66,66,66,66,66,66,66,76,76,76,76,76,76,76,76,76,76,76,76,76,76,76,76,76,76,78,78,78,78,78,78,78,78,78],"relic_stats":{"Regal Pillow":30,"Singing Bowl":2,"counters":[27,177],"Snake Skull":[192],"Bag of Preparation":[4],"Cursed Key":2,"OrangePellets":[8],"Centennial Puzzle":[20],"Pantograph":65,"Gambling Chip":[57],"MealTicket":67,"Kunai":[0],"obtain_stats":[{"Regal Pillow":10,"Pear":29,"Singing Bowl":42,"SacredBark":34,"Snake Skull":26,"Omamori":25,"Incense Burner":45,"Bag of Preparation":53,"Cursed Key":17,"ClockworkSouvenir":12,"OrangePellets":30,"Centennial Puzzle":31,"Pantograph":6,"Gambling Chip":29,"MealTicket":9,"Kunai":54,"Toy Ornithopter":47,"Ring of the Snake":0},{"Regal Pillow":6,"Pear":16,"Singing Bowl":21,"SacredBark":18,"Snake Skull":13,"Omamori":13,"Incense Burner":23,"Bag of Preparation":25,"Cursed Key":8,"ClockworkSouvenir":7,"OrangePellets":16,"Centennial Puzzle":17,"Pantograph":5,"Gambling Chip":16,"MealTicket":5,"Kunai":26,"Toy Ornithopter":24,"Ring of the Snake":0},{"Regal Pillow":31,"Pear":97,"Singing Bowl":133,"SacredBark":112,"Snake Skull":78,"Omamori":78,"Incense Burner":141,"Bag of Preparation":157,"Cursed Key":45,"ClockworkSouvenir":35,"OrangePellets":97,"Centennial Puzzle":105,"Pantograph":23,"Gambling Chip":97,"MealTicket":23,"Kunai":167,"Toy Ornithopter":146,"Ring of the Snake":0}],"Toy Ornithopter":8,"Ring of the Snake":[54]},"card_choices":[{"not_picked":["Secret Technique","Magnetism"],"picked":"HandOfGreed","floor":0.0},{"not_picked":["Skewer","Quick Slash"],"picked":"Flying Knee","floor":1.0},{"not_picked":["Riddle With Holes","PiercingWail"],"picked":"Leg Sweep","floor":2.0},{"not_picked":["Backflip","Reflex"],"picked":"Escape Plan","floor":3.0},{"not_picked":["PiercingWail","Quick Slash"],"picked":"Dagger Spray","floor":5.0},{"not_picked":["After Image","Slice"],"picked":"Footwork","floor":6.0},{"not_picked":["Catalyst","Sucker Punch"],"picked":"Bouncing Flask","floor":10.0},{"not_picked":["Deflect","Sucker Punch"],"picked":"Noxious Fumes","floor":11.0},{"not_picked":["Tools of the Trade","Corpse Explosion"],"picked":"Wraith Form v2","floor":16.0},{"not_picked":["Dagger Spray+1","Acrobatics"],"picked":"PiercingWail","floor":18.0},{"not_picked":["Terror","Underhanded Strike","Deflect"],"picked":"SKIP","floor":19.0},{"not_picked":["Deflect","Slice"],"picked":"Footwork","floor":22.0},{"not_picked":["Glass Knife","Dagger Spray","Reflex"],"picked":"SKIP","floor":24.0},{"not_picked":["Blur+1","Poisoned Stab"],"picked":"Backflip","floor":25.0},{"not_picked":["Masterful Stab","Leg Sweep","Underhanded Strike"],"picked":"SKIP","floor":27.0},{"not_picked":["Dagger Throw","Terror"],"picked":"Cloak And Dagger","floor":29.0},{"not_picked":["Dagger Spray","Quick Slash"],"picked":"Catalyst","floor":31.0},{"not_picked":["Tools of the Trade","Venomology"],"picked":"After Image","floor":33.0},{"not_picked":["Dodge and Roll+1","Reflex","Heel Hook+1"],"picked":"SKIP","floor":35.0},{"not_picked":["Slice","Backstab"],"picked":"Deadly Poison+1","floor":41.0},{"not_picked":["Infinite Blades+1","Poisoned Stab"],"picked":"PiercingWail","floor":42.0},{"not_picked":["Malaise","PiercingWail+1"],"picked":"Acrobatics+1","floor":44.0},{"not_picked":["Dodge and Roll+1","Prepared+1"],"picked":"Acrobatics","floor":45.0},{"not_picked":["Dagger Throw","Cloak And Dagger","Poisoned Stab"],"picked":"Singing Bowl","floor":47},{"not_picked":["Deadly Poison+1","Blade Dance"],"picked":"PiercingWail+1","floor":54}],"player_experience":425807,"relics_obtained":[{"floor":6.0,"key":"Pantograph"},{"floor":9.0,"key":"MealTicket"},{"floor":10.0,"key":"Regal Pillow"},{"floor":25.0,"key":"Omamori"},{"floor":26.0,"key":"Snake Skull"},{"floor":29.0,"key":"Gambling Chip"},{"floor":29.0,"key":"Pear"},{"floor":31.0,"key":"Centennial Puzzle"},{"floor":42.0,"key":"Singing Bowl"},{"floor":45.0,"key":"Incense Burner"},{"floor":47,"key":"Toy Ornithopter"},{"floor":54,"key":"Kunai"}],"event_choices":[{"damage_healed":0.0,"max_hp_gain":0.0,"max_hp_loss":0.0,"gold_gain":0.0,"event_name":"Living Wall","player_choice":"Grow","floor":4.0,"gold_loss":0.0,"damage_taken":0.0,"cards_upgraded":["HandOfGreed"]},{"damage_healed":0.0,"max_hp_gain":0.0,"max_hp_loss":0.0,"gold_gain":0.0,"event_name":"Dead Adventurer","player_choice":"Searched \u00270\u0027 times","floor":7.0,"gold_loss":0.0,"damage_taken":0.0},{"damage_healed":0.0,"max_hp_gain":0.0,"max_hp_loss":0.0,"gold_gain":0.0,"event_name":"Forgotten Altar","player_choice":"Smashed Altar","floor":20.0,"gold_loss":0.0,"damage_taken":0.0,"cards_obtained":["Decay"]},{"damage_healed":0.0,"max_hp_gain":0.0,"max_hp_loss":0.0,"gold_gain":0.0,"event_name":"Duplicator","player_choice":"Copied","floor":21.0,"gold_loss":0.0,"damage_taken":0.0,"cards_obtained":["Wraith Form v2"]},{"damage_healed":0.0,"max_hp_gain":0.0,"max_hp_loss":0.0,"gold_gain":0.0,"event_name":"Colosseum","player_choice":"Fight","floor":29.0,"gold_loss":0.0,"damage_taken":0.0},{"damage_healed":0.0,"max_hp_gain":0.0,"max_hp_loss":0.0,"gold_gain":0.0,"event_name":"Colosseum","player_choice":"Fought Nobs","floor":29.0,"gold_loss":0.0,"damage_taken":0.0},{"damage_healed":0.0,"max_hp_gain":0.0,"max_hp_loss":0.0,"gold_gain":0.0,"event_name":"Tomb of Lord Red Mask","player_choice":"Ignored","floor":36.0,"gold_loss":0.0,"damage_taken":0.0},{"cards_removed":["Decay"],"damage_healed":0.0,"max_hp_gain":0.0,"max_hp_loss":0.0,"gold_gain":0.0,"event_name":"Fountain of Cleansing","player_choice":"Removed Curses","floor":38.0,"gold_loss":0.0,"damage_taken":0.0},{"damage_healed":0.0,"max_hp_gain":0.0,"max_hp_loss":0.0,"gold_gain":0.0,"event_name":"MindBloom","player_choice":"Fight","floor":45.0,"gold_loss":0.0,"damage_taken":0.0}],"is_beta":false,"boss_relics":[{"not_picked":["Black Star","HoveringKite"],"picked":"Cursed Key"},{"not_picked":["Runic Dome","Philosopher\u0027s Stone"],"picked":"SacredBark"}],"items_purged_floors":[12,14,30],"is_endless":false,"potions_floor_spawned":[5,6,10,11,19,24,25,27,31,33,35,41,44,47],"ascension_level":19}}