{"host":"hwdg34753f7m8ow2","time":1610154240,"event":{"mods":["AchievementEnabler","BaseMod","Koishi","Marisa????????","Minty Spire (QoL Compilation)","Permanent Neow","Quick Restart","Shop Mod","StSLib","The Senshi","The Servant 0.9.4"],"gold_per_floor":[18,18,18,32,52,52,52],"floor_reached":6,"playtime":307,"items_purged":[],"score":54,"play_id":"8449cbc5-7585-4bfa-b4d9-e529a25c72ab","local_time":"20210108180400","is_ascension_mode":true,"campfire_choices":[],"circlet_count":0,"master_deck":["AscendersBane","Koishi:BasicStrike","Koishi:BasicStrike","Koishi:BasicStrike+1","Koishi:BasicStrike","Koishi:BasicDefend","Koishi:BasicDefend+1","Koishi:BasicDefend","Koishi:BasicDefend","Koishi:Provoke","Koishi:HauntingSlash+1","Koishi:RuptureMind","Koishi:EmbryosDream","Koishi:TraumaticStroke"],"relics":["Koishi:ImaginaryFriend"],"acts_visited":["Exordium"],"potions_floor_usage":[6],"damage_taken":[{"damage":10,"enemies":"Jaw Worm","floor":1,"turns":4},{"damage":5,"enemies":"Small Slimes","floor":4,"turns":4},{"damage":6,"enemies":"2 Louse","floor":5,"turns":3},{"damage":43,"enemies":"Lagavulin","floor":6,"turns":10}],"seed_played":"-4930555514081073517","potions_obtained":[{"floor":5,"key":"PowerPotion"}],"is_trial":false,"path_per_floor":["M","?","?","M","M","E"],"character_chosen":"KOISHI","items_purchased":[],"campfire_rested":0,"item_purchase_floors":[],"current_hp_per_floor":[45,45,33,30,28,0,0],"gold":52,"neow_bonus":"THREE_RARE_CARDS","is_daily":false,"chose_seed":false,"campfire_upgraded":0,"win_rate":0.0,"timestamp":1610154240,"path_taken":["M","?","?","M","M","E"],"items_purchased_type":[],"build_version":"2020-12-22","purchased_purges":0,"victory":false,"max_hp_per_floor":[60,60,60,60,60,60,60],"card_choices":[{"not_picked":["Koishi:ConditionedTeleport","Koishi:SuperEgo"],"picked":"Koishi:RuptureMind","floor":0},{"not_picked":["Koishi:MindNumbingTerror","Koishi:Jaunt"],"picked":"Koishi:EmbryosDream","floor":1},{"not_picked":["Koishi:FreudianInstinct","Koishi:VengefulSpirit"],"picked":"Koishi:TraumaticStroke","floor":4},{"not_picked":["Koishi:EmbryosDream","Koishi:VengefulSpirit","Koishi:PhantomStrike"],"picked":"SKIP","floor":5}],"player_experience":732049,"relics_obtained":[],"event_choices":[{"damage_healed":0,"gold_gain":0,"player_choice":"Grow","damage_taken":0,"max_hp_gain":0,"max_hp_loss":0,"event_name":"Living Wall","floor":2,"gold_loss":0,"cards_upgraded":["Koishi:HauntingSlash"]},{"damage_healed":0,"gold_gain":0,"player_choice":"Entered Light","damage_taken":12,"max_hp_gain":0,"max_hp_loss":0,"event_name":"Shining Light","floor":3,"gold_loss":0,"cards_upgraded":["Koishi:BasicStrike","Koishi:BasicDefend"]}],"is_beta":false,"boss_relics":[],"items_purged_floors":[],"is_endless":false,"potions_floor_spawned":[5],"killed_by":"Lagavulin","ascension_level":10}}