{"host":"tcdxiwht2vajk3tk","time":1610176053,"event":{"mods":["AchievementEnabler","BaseMod","Beaked The Cultist","Conspire","Defuse TimeMaze Blight","Downfall","Halation","Hermit","Hubris","Infinite Spire","Lobotomy","Minty Spire (QoL Compilation)","Replay The Spire","Shop Mod","StSLib","The Cursed","The Disciple","vexMod"],"gold_per_floor":[119,119,119,119,89,120,120,154,178,178,197,197,217,243,243,243,243,338,338,356,456,224,242,242,272,272,285,285,285,285,299,299,143,143,242,242,259,259,272,25,45,45,45,45],"floor_reached":43,"playtime":3871,"items_purged":["HeroicMonk","Alriune"],"score":623,"play_id":"6ef557e1-a708-41c6-96c5-633dba811173","local_time":"20210109020733","is_ascension_mode":true,"campfire_choices":[{"data":"beaked:Ceremony","floor":7.0,"key":"SMITH"},{"floor":10.0,"key":"REST"},{"data":"beaked:AwakenedForm","floor":12.0,"key":"SMITH"},{"data":"beaked:Ceremony","floor":17.0,"key":"SMITH"},{"floor":26.0,"key":"REST"},{"data":"infinitespire:UltimateForm","floor":34,"key":"SMITH"},{"data":"beaked:Ceremony","floor":42,"key":"SMITH"}],"circlet_count":0,"master_deck":["beaked:Strike_Y","beaked:Strike_Y","beaked:Strike_Y","beaked:Strike_Y","beaked:Strike_Y","beaked:Strike_Y","beaked:Defend_Y","beaked:Defend_Y","beaked:Defend_Y","beaked:Defend_Y","beaked:Ceremony+1","beaked:Ceremony+1","beaked:Ceremony+1","VoidDream","beaked:Foresight","beaked:VigorBurst","OSAHOGD","beaked:KnowThyFoe","BeautyBeast","beaked:AwakenedForm+1","DespairKnight","beaked:Evade","Bloodbath","SingingMachine","beaked:ShadowFade","QueenOfHatred","beaked:Roost","LittleHelper","beaked:BarbedWire+1","infinitespire:UltimateForm+1","beaked:MaddeningMurmurs+1","MHz","beaked:Evade","beaked:BarbedWire","beaked:ScreechingChant+1","LongBird","beaked:Evade+1","CENSORED","beaked:FeelMyPain+1","SilentOrchestra","beaked:TuckingFeathers"],"relics":["beaked:MendingPlumage","CogitoBucket","Ring of Hypnosis","halation:EternalFortune","Eternal Feather","Iron Hammer","halation:KoshaPiece","ReplayTheSpireMod:TigerMarble","vexMod:TanglingVine","ChangeAnything","MerchantsRug","Ring of Chaos","Cauldron","Happy Flower","Simple Rune","AdjustmentMirror","hubris:EmptyBottle","hubris:ScarierMask","OrangePellets","SkinProphecy","AtMidnight"],"acts_visited":["Exordium","TheCity","TheBeyond"],"potions_floor_usage":[32,32,39,41,41,41],"damage_taken":[{"damage":12.0,"enemies":"2 Louse","floor":1.0,"turns":5.0},{"damage":27.0,"enemies":"Gremlin Nob","floor":6.0,"turns":4.0},{"damage":62.0,"enemies":"3 Sentries","floor":8.0,"turns":8.0},{"damage":9.0,"enemies":"conspire:RoseBush","floor":11.0,"turns":4.0},{"damage":4.0,"enemies":"Cultist","floor":13.0,"turns":4.0},{"damage":29.0,"enemies":"Gremlin Nob","floor":14.0,"turns":6.0},{"damage":49.0,"enemies":"Slime Boss","floor":18.0,"turns":9.0},{"damage":17.0,"enemies":"Spheric Guardian","floor":20.0,"turns":5.0},{"damage":20.0,"enemies":"2 Thieves","floor":23.0,"turns":4.0},{"damage":122.0,"enemies":"Book of Stabbing","floor":25.0,"turns":8.0},{"damage":40.0,"enemies":"conspire:HollyBat","floor":27.0,"turns":8.0},{"damage":14.0,"enemies":"Cultist and Chosen","floor":31.0,"turns":7.0},{"damage":71,"enemies":"Automaton","floor":35,"turns":10},{"damage":43,"enemies":"3 Darklings","floor":37,"turns":5},{"damage":40,"enemies":"3 Shapes","floor":39,"turns":6},{"damage":143,"enemies":"Sphere and 2 Shapes","floor":41,"turns":27},{"damage":127,"enemies":"Giant Head","floor":43,"turns":8}],"seed_played":"-3355011539679636604","potions_obtained":[{"floor":1.0,"key":"Adrenaline Potion"},{"floor":5.0,"key":"DuplicationPotion"},{"floor":5.0,"key":"FairyPotion"},{"floor":13.0,"key":"EssenceOfSteel"},{"floor":18.0,"key":"Fire Potion"},{"floor":20.0,"key":"Elixir"},{"floor":24.0,"key":"FairyPotion"},{"floor":24.0,"key":"Ancient Potion"},{"floor":25.0,"key":"champ:CounterPotion"},{"floor":27.0,"key":"Languid Potion"},{"floor":35,"key":"Milkshake"},{"floor":37,"key":"SkillPotion"},{"floor":39,"key":"PowerPotion"}],"is_trial":false,"path_per_floor":["M","?","?","?","?","E","R","E","T","R","M","R","M","E","PTL","PTL","R","B",null,"M","?","$","M","AVR","E","R","M","T","NM","?","M","E","$","R","B",null,"M","?","M","$","M","R","E"],"character_chosen":"BEAKED_THE_CULTIST","items_purchased":["MerchantsRug","hubris:EmptyBottle","OrangePellets"],"campfire_rested":2,"item_purchase_floors":[22,33,40],"current_hp_per_floor":[46,46,46,49,49,38,47,9,9,35,37,49,55,40,40,40,55,32,52,56,56,56,49,49,13,48,58,58,58,58,58,24,24,42,35,52,26,26,11,11,58,58,0,0],"gold":45,"neow_bonus":"","is_daily":false,"chose_seed":false,"campfire_upgraded":5,"win_rate":0.0,"timestamp":1610176053,"path_taken":["M","?","?","?","?","E","R","E","T","R","M","R","?","E","PTL","PTL","R","BOSS","M","?","?","?","AVR","E","R","M","T","NM","?","M","E","$","R","BOSS","M","?","?","$","M","R","E"],"items_purchased_type":["Relic","Relic","Relic"],"build_version":"2020-12-22","purchased_purges":2,"victory":false,"max_hp_per_floor":[50,50,50,53,53,58,58,58,58,58,58,58,58,58,58,58,58,58,58,58,58,58,58,58,58,58,58,58,58,58,58,58,58,58,58,58,58,58,58,58,58,58,60,60],"card_choices":[{"not_picked":["MHz","BeautyBeast","SpiderBud"],"picked":"Singing Bowl","floor":1.0},{"not_picked":["MeatLantern","ShyLook"],"picked":"VoidDream","floor":1.0},{"not_picked":["beaked:CursingBlood","beaked:Molting"],"picked":"beaked:Foresight","floor":1.0},{"not_picked":["SpiderBud","QueenBee"],"picked":"HeroicMonk","floor":6.0},{"not_picked":["beaked:Tradeoff","beaked:BounceBack"],"picked":"beaked:VigorBurst","floor":6.0},{"not_picked":["Scorched","Yin","SpiderBud"],"picked":"Singing Bowl","floor":8.0},{"not_picked":["SpiderBud","Scarecrow"],"picked":"OSAHOGD","floor":8.0},{"not_picked":["beaked:SacrificialDive","beaked:CheekyTricks"],"picked":"beaked:KnowThyFoe","floor":8.0},{"not_picked":["Variant","BeautyBeast","UniverseFragment"],"picked":"Singing Bowl","floor":11.0},{"not_picked":["FieryBird","Wellcheers"],"picked":"BeautyBeast","floor":11.0},{"not_picked":["beaked:FeelMyPain","beaked:MachineSpirit"],"picked":"beaked:AwakenedForm","floor":11.0},{"not_picked":["OldLady","UniverseFragment","SpiderBud"],"picked":"Singing Bowl","floor":13.0},{"not_picked":["ShyLook","Mercenary"],"picked":"DespairKnight","floor":13.0},{"not_picked":["beaked:DigDeep","beaked:Hexing"],"picked":"beaked:Evade","floor":13.0},{"not_picked":["WallGazer","BigBadWolf","WhitesApple"],"picked":"Singing Bowl","floor":14.0},{"not_picked":["PunishingBird","FieryBird"],"picked":"Bloodbath","floor":14.0},{"not_picked":["beaked:RuinSticks","beaked:RitualOfBody"],"picked":"beaked:BraceForImpact","floor":14.0},{"not_picked":["HappyTeddy","SpiderBud","Wellcheers"],"picked":"Singing Bowl","floor":18.0},{"not_picked":["SpiderBud","FairyFestival"],"picked":"SingingMachine","floor":18.0},{"not_picked":["ReplayTheSpireMod:Owlgaze","beaked:CheekyTricks"],"picked":"beaked:ShadowFade","floor":18.0},{"not_picked":["OldLady","Scorched","RedShoes"],"picked":"Singing Bowl","floor":20.0},{"not_picked":["Freischutz","Porccubus"],"picked":"QueenOfHatred","floor":20.0},{"not_picked":["ReplayTheSpireMod:RavenHex+1","beaked:WarriorEssence"],"picked":"beaked:Roost","floor":20.0},{"not_picked":["NakedNest","OldLady"],"picked":"LittleHelper","floor":23.0},{"not_picked":["beaked:Windmill","beaked:Hexing"],"picked":"beaked:BarbedWire+1","floor":23.0},{"not_picked":["QueenBee","MeatLantern"],"picked":"PlagueDoctor","floor":25.0},{"not_picked":["ReplayTheSpireMod:RavenHex+1","beaked:WindBringer"],"picked":"beaked:MaddeningMurmurs+1","floor":25.0},{"not_picked":["QueenBee","PunishingBird"],"picked":"MHz","floor":27.0},{"not_picked":["beaked:WarriorEssence+1","beaked:Foresight"],"picked":"beaked:Evade","floor":27.0},{"not_picked":["BigBird","WhitesApple","CherryBlossoms"],"picked":"Singing Bowl","floor":31.0},{"not_picked":["GalaxyChild","BlueStar"],"picked":"WhiteNight","floor":31.0},{"not_picked":["beaked:WarriorEssence+1","beaked:DesperateSwing"],"picked":"beaked:BarbedWire","floor":31.0},{"not_picked":["MeltingLove","Woodsman"],"picked":"Alriune","floor":35},{"not_picked":["beaked:CheekyTricks","beaked:LiftOff"],"picked":"beaked:ScreechingChant","floor":35},{"not_picked":["GalaxyChild","LittlePrince"],"picked":"LongBird","floor":37},{"not_picked":["beaked:Cower","beaked:CrazyRituals+1"],"picked":"beaked:Evade+1","floor":37},{"not_picked":["GreedKing","Funeral"],"picked":"CENSORED","floor":39},{"not_picked":["beaked:Overpower+1","beaked:RuinSticks+1"],"picked":"beaked:FeelMyPain+1","floor":39},{"not_picked":["HappyTeddy","Woodsman"],"picked":"SilentOrchestra","floor":41},{"not_picked":["beaked:Daydream+1","beaked:SacrificialAttack"],"picked":"beaked:TuckingFeathers","floor":41}],"player_experience":1537716,"relics_obtained":[{"floor":2.0,"key":"Ring of Hypnosis"},{"floor":6.0,"key":"Eternal Feather"},{"floor":8.0,"key":"Iron Hammer"},{"floor":9.0,"key":"halation:KoshaPiece"},{"floor":14.0,"key":"ReplayTheSpireMod:TigerMarble"},{"floor":25.0,"key":"Happy Flower"},{"floor":28.0,"key":"Simple Rune"},{"floor":41,"key":"AtMidnight"}],"event_choices":[{"damage_healed":0.0,"max_hp_gain":0.0,"max_hp_loss":0.0,"gold_gain":0.0,"event_name":"The Cleric","player_choice":"Leave","floor":3.0,"gold_loss":0.0,"damage_taken":0.0},{"damage_healed":0.0,"max_hp_gain":0.0,"max_hp_loss":0.0,"gold_gain":0.0,"event_name":"The Woman in Blue","player_choice":"Bought 2 Potions","floor":5.0,"gold_loss":0.0,"damage_taken":0.0},{"damage_healed":0.0,"max_hp_gain":0.0,"max_hp_loss":0.0,"gold_gain":100.0,"event_name":"Golden Shrine","player_choice":"Pray","floor":21.0,"gold_loss":0.0,"damage_taken":0.0},{"damage_healed":0.0,"max_hp_gain":0.0,"max_hp_loss":0.0,"gold_gain":0.0,"event_name":"Ghosts","player_choice":"Ignored","floor":30.0,"gold_loss":0.0,"damage_taken":0.0},{"damage_healed":0,"gold_gain":0,"player_choice":"Upgraded","damage_taken":0,"max_hp_gain":0,"max_hp_loss":0,"event_name":"Upgrade Shrine","floor":38,"gold_loss":0,"cards_upgraded":["beaked:ScreechingChant"]}],"is_beta":false,"boss_relics":[{"not_picked":["halation:SmartPhone","hubris:VirtuousBlindfold"],"picked":"vexMod:TanglingVine"},{"not_picked":["vexMod:EndlessSickness","Snecko Eye"],"picked":"hubris:ScarierMask"}],"items_purged_floors":[22,40],"is_endless":false,"potions_floor_spawned":[1,13,18,20,25,27,31,35,37,39],"killed_by":"Giant Head","ascension_level":6}}