{"host":"792mtbovsoa03nb3","time":1610167184,"event":{"mods":["BaseMod","BetterRewards","Colored Map","Curses Come First","Dota2Spire","Downfall","Ekko","Hubris","Infinite Spire","Minty Spire (QoL Compilation)","Replay The Spire","Spicy Shops","StSLib","The Blue Laboratory","The Jungle","??????REMEMod"],"gold_per_floor":[118,118,118,96,111,111,143,143,143,160,160,160,171,183,183,280,280,297,297,297,315,275,275,305,324,351,351,398,398,412,475,475,475,475],"floor_reached":33,"playtime":711,"items_purged":[],"score":450,"play_id":"64695ace-515d-42e0-938f-7659adf39c4c","local_time":"20210108203944","is_ascension_mode":true,"campfire_choices":[{"data":"True Grit","floor":6,"key":"SMITH"},{"data":"ReplayTheSpireMod:Strike From Hell","floor":8,"key":"SMITH"},{"data":"Reaper","floor":23,"key":"SMITH"},{"data":"REME_TheLastStrike","floor":27,"key":"SMITH"},{"data":"Iron Wave","floor":32,"key":"SMITH"}],"circlet_count":0,"master_deck":["Strike_R+1","Strike_R","Defend_R","Defend_R","Defend_R","Defend_R","Bash+1","Fiend Fire+1","ReplayTheSpireMod:Strike From Hell+1","True Grit+1","Reckless Charge","Clash","ReplayTheSpireMod:Muscle Training+1","Headbutt","Anger","ReplayTheSpireMod:LeadingStrike","Reaper+1","REME_TheLastStrike+1","Flex+1","True Grit+1","Reckless Charge+1","ReplayTheSpireMod:Strike From Hell","ReplayTheSpireMod:Strike From Hell+1","Voices","Replay:UnknownCurse","infinitespire:UltimateForm","Inflame+1","Iron Wave+1"],"relics":["Burning Blood","REME_ComplimentaryCards","NeowsBlessing","Blue Candle","Matryoshka","infinitespire:Burning Sword","hubris:Towel","hubris:CuriousFeather","PreservedInsect","Dota2Spire:HandOfMidas","Bag of Marbles"],"acts_visited":["Exordium","TheCity"],"potions_floor_usage":[16,16,16,16,16,24,25,31,31,33],"damage_taken":[{"damage":0,"enemies":"Jaw Worm","floor":1,"turns":1},{"damage":0,"enemies":"Small Slimes","floor":5,"turns":1},{"damage":0,"enemies":"Lagavulin","floor":7,"turns":1},{"damage":0,"enemies":"Cultist","floor":10,"turns":2},{"damage":17,"enemies":"3 Louse","floor":13,"turns":3},{"damage":11,"enemies":"2 Fungi Beasts","floor":14,"turns":3},{"damage":56,"enemies":"Hexaghost","floor":16,"turns":9},{"damage":0,"enemies":"Spheric Guardian","floor":18,"turns":1},{"damage":12,"enemies":"3 Byrds","floor":21,"turns":4},{"damage":46,"enemies":"Slavers","floor":24,"turns":4},{"damage":15,"enemies":"Centurion and Healer","floor":25,"turns":5},{"damage":0,"enemies":"Snake Plant","floor":28,"turns":1},{"damage":16,"enemies":"Chosen and Byrds","floor":30,"turns":3},{"damage":31,"enemies":"Replay:Snechameleon","floor":31,"turns":5},{"damage":57,"enemies":"Champ","floor":33,"turns":6}],"seed_played":"2663772112219766083","potions_obtained":[{"floor":5,"key":"GamblersBrew"},{"floor":7,"key":"blueLaboratory:BubblePotion"},{"floor":14,"key":"ColorlessPotion"},{"floor":18,"key":"Dota2Spire:Clarity"},{"floor":30,"key":"blueLaboratory:FrostheartPotion"},{"floor":31,"key":"Block Potion"}],"is_trial":false,"path_per_floor":["M","?","?","$","M","R","E","R","T","M","?","?","M","M","R_BF","B",null,"M","?","$","M","?","R","E","M","T","R","M","?","M","E","R","B"],"character_chosen":"IRONCLAD","items_purchased":["True Grit"],"campfire_rested":0,"item_purchase_floors":[4],"current_hp_per_floor":[78,71,71,71,77,77,80,80,80,80,80,80,69,64,64,25,68,74,74,74,80,80,80,60,71,71,71,77,77,67,42,42,0,0],"gold":475,"neow_bonus":"THREE_ENEMY_KILL","is_daily":false,"chose_seed":false,"campfire_upgraded":5,"win_rate":0.0,"timestamp":1610167184,"path_taken":["M","?","?","$","M","R","E","R","T","?","?","?","?","M","R_BF","BOSS","M","?","$","M","?","R","E","M","T","R","?","?","M","E","R","BOSS"],"items_purchased_type":["Card"],"build_version":"2020-12-22","purchased_purges":0,"victory":false,"max_hp_per_floor":[80,80,80,80,80,80,80,80,80,80,80,80,80,80,80,82,82,82,82,82,82,82,82,82,82,82,82,82,82,82,82,82,82,82],"card_choices":[{"not_picked":["Perfected Strike","Pommel Strike"],"picked":"ReplayTheSpireMod:Strike From Hell","floor":1},{"not_picked":["Disarm","Headbutt"],"picked":"Reckless Charge","floor":5},{"not_picked":["Heavy Blade","Headbutt"],"picked":"Clash","floor":7},{"not_picked":["Massacre","Armaments"],"picked":"ReplayTheSpireMod:Muscle Training","floor":10},{"not_picked":["Heavy Blade","Warcry"],"picked":"Anger","floor":13},{"not_picked":["Thunderclap","Pommel Strike"],"picked":"ReplayTheSpireMod:LeadingStrike","floor":14},{"not_picked":["Demonic Infusion","REME_ACTH"],"picked":"REME_TheLastStrike","floor":16},{"not_picked":["REME_SingleHolding","Twin Strike+1"],"picked":"Flex+1","floor":18},{"not_picked":["Battle Trance","Replay:Undeath\u0027s Touch"],"picked":"True Grit+1","floor":21},{"not_picked":["Heavy Blade","Iron Wave+1"],"picked":"Reckless Charge+1","floor":24},{"not_picked":["Ghostly Armor","Perfected Strike+1"],"picked":"ReplayTheSpireMod:Strike From Hell","floor":25},{"not_picked":["Ghostly Armor","Burning Pact+1"],"picked":"ReplayTheSpireMod:Strike From Hell+1","floor":28},{"not_picked":["ReplayTheSpireMod:Book of Names","ReplayTheSpireMod:Chaos Vortex"],"picked":"infinitespire:UltimateForm","floor":29},{"not_picked":["Wild Strike","ReplayTheSpireMod:Limb From Limb"],"picked":"Inflame+1","floor":30},{"not_picked":["Defy Death","hubris:ReadiedAction"],"picked":"Iron Wave","floor":31}],"player_experience":850364,"relics_obtained":[{"floor":7,"key":"Blue Candle"},{"floor":9,"key":"Matryoshka"},{"floor":24,"key":"hubris:CuriousFeather"},{"floor":26,"key":"PreservedInsect"},{"floor":26,"key":"Dota2Spire:HandOfMidas"},{"floor":31,"key":"Bag of Marbles"}],"event_choices":[{"cards_removed":["Strike_R"],"damage_healed":0,"gold_gain":0,"player_choice":"Card Removal","damage_taken":7,"max_hp_gain":0,"max_hp_loss":0,"event_name":"Golden Wing","floor":2,"gold_loss":0},{"damage_healed":0,"gold_gain":0,"player_choice":"Grow","damage_taken":0,"max_hp_gain":0,"max_hp_loss":0,"event_name":"Living Wall","floor":11,"gold_loss":0,"cards_upgraded":["Bash"]},{"damage_healed":0,"gold_gain":0,"cards_transformed":["Strike_R"],"player_choice":"Transformed","damage_taken":0,"max_hp_gain":0,"max_hp_loss":0,"event_name":"Transmorgrifier","floor":12,"gold_loss":0,"cards_obtained":["Headbutt"]},{"damage_healed":0,"gold_gain":0,"player_choice":"Upgraded Two","damage_taken":0,"max_hp_gain":0,"max_hp_loss":0,"event_name":"Designer","floor":22,"gold_loss":40,"cards_upgraded":["ReplayTheSpireMod:Muscle Training","Strike_R"]}],"is_beta":false,"boss_relics":[{"not_picked":["Empty Cage","Pandora\u0027s Box"],"picked":"infinitespire:Burning Sword"}],"items_purged_floors":[],"is_endless":false,"potions_floor_spawned":[5,7,14,18,30,31],"killed_by":"Champ","ascension_level":9}}