{"host":"1a3cjta80tad0aqj","time":1610173027,"event":{"mods":["2.2 Compatiblity","AchievementEnabler","BaseMod","Colored Map","DeckTracker","KOR Keyword Fix","Keyboard Shortcuts","Minty Spire (QoL Compilation)","Permanent Neow","Quick Restart","Random Character Button","StSLib","SuperFastMode","everything is the same but u backflip on backflip"],"gold_per_floor":[112,124,49,49,49,49,76,76,76,90,110,74,90,90,90,190,190,210,210,225,125,125,125],"floor_reached":22,"playtime":562,"items_purged":["Strike_P","Strike_P"],"score":234,"play_id":"ad73d6f0-f865-4f50-8ec8-5d458292e38e","local_time":"20210109151707","is_ascension_mode":false,"campfire_choices":[{"data":"Eruption","floor":6,"key":"SMITH"},{"data":"BattleHymn","floor":8,"key":"SMITH"},{"data":"WheelKick","floor":15,"key":"SMITH"}],"circlet_count":0,"master_deck":["Strike_P","Defend_P","Defend_P","Eruption+1","Vigilance","SashWhip+1","Crescendo+1","BattleHymn+1","WheelKick+1","Halt","EmptyFist","MentalFortress","Adaptation+1"],"relics":["Astrolabe"],"acts_visited":["Exordium","TheCity"],"potions_floor_usage":[],"damage_taken":[{"damage":0,"enemies":"Jaw Worm","floor":1,"turns":2},{"damage":0,"enemies":"2 Louse","floor":2,"turns":2},{"damage":24,"enemies":"Gremlin Nob","floor":7,"turns":3},{"damage":0,"enemies":"Cultist","floor":10,"turns":2},{"damage":2,"enemies":"Looter","floor":11,"turns":2},{"damage":6,"enemies":"3 Louse","floor":13,"turns":2},{"damage":0,"enemies":"Slime Boss","floor":16,"turns":5},{"damage":10,"enemies":"Shell Parasite","floor":18,"turns":3},{"damage":19,"enemies":"2 Thieves","floor":20,"turns":3},{"damage":12,"enemies":"3 Cultists","floor":22,"turns":3}],"seed_played":"2422888770204025981","potions_obtained":[{"floor":7,"key":"Weak Potion"},{"floor":11,"key":"Energy Potion"},{"floor":18,"key":"DuplicationPotion"}],"is_trial":false,"path_per_floor":["M","M","$","?","?","R","E","R","T","M","M","$","M","$","R","B",null,"M","?","M","$","M"],"character_chosen":"WATCHER","items_purchased":["MentalFortress"],"campfire_rested":0,"item_purchase_floors":[12],"current_hp_per_floor":[72,72,72,72,72,72,48,48,48,48,46,46,40,40,40,40,72,62,62,43,43,31,31],"gold":125,"neow_bonus":"BOSS_RELIC","is_daily":false,"chose_seed":true,"campfire_upgraded":3,"win_rate":0.0,"timestamp":1610173027,"path_taken":["M","M","$","?","?","R","E","R","T","M","M","$","M","$","R","BOSS","M","?","M","$","M"],"items_purchased_type":["Card"],"build_version":"2020-12-22","purchased_purges":2,"victory":false,"max_hp_per_floor":[72,72,72,72,72,72,72,72,72,72,72,72,72,72,72,72,72,72,72,72,72,72,72],"card_choices":[{"not_picked":["SashWhip","Halt"],"picked":"BattleHymn","floor":1},{"not_picked":["LikeWater","FlurryOfBlows","CrushJoints"],"picked":"SKIP","floor":2},{"not_picked":["Judgement","JustLucky"],"picked":"WheelKick","floor":7},{"not_picked":["FlurryOfBlows","Indignation"],"picked":"Halt","floor":10},{"not_picked":["Evaluate","Protect"],"picked":"EmptyFist","floor":11},{"not_picked":["SandsOfTime","Consecrate","Collect"],"picked":"SKIP","floor":13},{"not_picked":["Evaluate","BowlingBash","Protect"],"picked":"SKIP","floor":18},{"not_picked":["Halt","JustLucky"],"picked":"Adaptation+1","floor":20}],"player_experience":233183,"relics_obtained":[],"event_choices":[{"damage_healed":0,"gold_gain":0,"player_choice":"Fled","damage_taken":0,"max_hp_gain":0,"max_hp_loss":0,"event_name":"Scrap Ooze","floor":4,"gold_loss":0},{"cards_removed":["Pray"],"damage_healed":0,"gold_gain":0,"player_choice":"Offered Uncommon","damage_taken":0,"max_hp_gain":0,"max_hp_loss":0,"event_name":"Bonfire Elementals","floor":5,"gold_loss":0},{"damage_healed":0,"gold_gain":0,"player_choice":"Ignored","damage_taken":0,"max_hp_gain":0,"max_hp_loss":0,"event_name":"Ghosts","floor":19,"gold_loss":0}],"is_beta":false,"boss_relics":[{"not_picked":[]}],"items_purged_floors":[3,21],"is_endless":false,"potions_floor_spawned":[7,11,18],"killed_by":"3 Cultists","ascension_level":0}}