{"host":"cv77zuuuekizn3ic","time":1610159029,"event":{"mods":["AchievementEnabler","BaseMod","Marisa£®ÏF”Í°°ƒß¿Ì…≥£©","Minty Spire (QoL Compilation)","StSLib","Waifu the Spire","everything is the same but u backflip on backflip","slay the spire mod where everything is the same but ironclad has a cowboy hat"],"gold_per_floor":[116,116,41,59,134,160,173,185,185,212,212,212,62,62,62],"floor_reached":14,"playtime":347,"items_purged":["Decay","Strike_R"],"score":246,"play_id":"2337c5c3-345b-4674-9368-bb1bd1580f43","local_time":"20210109102349","is_ascension_mode":true,"campfire_choices":[{"data":"Juggernaut","floor":11,"key":"SMITH"}],"circlet_count":0,"master_deck":["AscendersBane","Strike_R","Strike_R","Strike_R","Strike_R","Defend_R","Defend_R","Defend_R","Defend_R","Bash","Shrug It Off","Cleave","Juggernaut+1","Sword Boomerang","Battle Trance+1","Madness"],"relics":["Burning Blood","NeowsBlessing","Omamori","Smiling Mask"],"acts_visited":["Exordium"],"potions_floor_usage":[],"damage_taken":[{"damage":0.0,"enemies":"Jaw Worm","floor":1.0,"turns":1.0},{"damage":0.0,"enemies":"Cultist","floor":4.0,"turns":1.0},{"damage":0.0,"enemies":"3 Sentries","floor":6.0,"turns":2.0},{"damage":8.0,"enemies":"Small Slimes","floor":7.0,"turns":4.0},{"damage":23.0,"enemies":"3 Louse","floor":8.0,"turns":4.0},{"damage":28.0,"enemies":"Lagavulin","floor":10.0,"turns":9.0},{"damage":32,"enemies":"3 Sentries","floor":14,"turns":6}],"seed_played":"-8015575711426978985","potions_obtained":[{"floor":4.0,"key":"ElixirPotion"},{"floor":6.0,"key":"Energy Potion"}],"is_trial":false,"path_per_floor":["M","?","$","M","?","E","M","M","T","E","R","?","$","E"],"character_chosen":"IRONCLAD","items_purchased":["Madness"],"campfire_rested":0,"item_purchase_floors":[13],"current_hp_per_floor":[74,74,74,75,64,70,68,51,51,29,29,29,29,0,0],"gold":62,"neow_bonus":"THREE_ENEMY_KILL","is_daily":false,"chose_seed":false,"campfire_upgraded":1,"win_rate":0.0,"timestamp":1610159029,"path_taken":["M","?","?","M","?","E","M","M","T","E","R","?","$","E"],"items_purchased_type":["Card"],"build_version":"2020-12-22","purchased_purges":2,"victory":false,"max_hp_per_floor":[75,75,75,75,75,75,75,75,75,75,75,75,75,75,75],"card_choices":[{"not_picked":["Clothesline","Flame Barrier"],"picked":"Shrug It Off","floor":1.0},{"not_picked":["Anger","True Grit"],"picked":"Cleave","floor":4.0},{"not_picked":["Cleave","Headbutt"],"picked":"Juggernaut","floor":6.0},{"not_picked":["Thunderclap","Clothesline","Havoc"],"picked":"SKIP","floor":7.0},{"not_picked":["Warcry","Dropkick"],"picked":"Sword Boomerang","floor":8.0},{"not_picked":["Rupture","Reckless Charge"],"picked":"Battle Trance","floor":10}],"player_experience":799046,"relics_obtained":[{"floor":6.0,"key":"Omamori"},{"floor":9.0,"key":"Smiling Mask"}],"event_choices":[{"damage_healed":0.0,"max_hp_gain":0.0,"max_hp_loss":0.0,"gold_gain":0.0,"event_name":"Wheel of Change","player_choice":"Cursed","floor":2.0,"gold_loss":0.0,"damage_taken":0.0,"cards_obtained":["Decay"]},{"damage_healed":0.0,"max_hp_gain":0.0,"max_hp_loss":0.0,"gold_gain":75.0,"event_name":"World of Goop","player_choice":"Gather Gold","floor":5.0,"gold_loss":0.0,"damage_taken":11.0},{"damage_healed":0,"gold_gain":0,"player_choice":"Upgraded","damage_taken":0,"max_hp_gain":0,"max_hp_loss":0,"event_name":"Upgrade Shrine","floor":12,"gold_loss":0,"cards_upgraded":["Battle Trance"]}],"is_beta":false,"boss_relics":[],"items_purged_floors":[3,13],"is_endless":false,"potions_floor_spawned":[4,6],"killed_by":"3 Sentries","ascension_level":20}}