{"host":"c5452fuijzdtmpqe","time":1610151890,"event":{"mods":["Aspiration","BaseMod","Better Third Choice","BetterRewards","Colored Map","Colored Powertips","Downfall","Evolution","Googly Eyes","Highlight Path","Minty Spire (QoL Compilation)","Shop Mod","StSLib","SuperFastMode"],"gold_per_floor":[117,137,151,74,94,126,126,160,160,160,175,193,193,193,193,291,291,301,62,62,62,62,62,62,78,78,78,3,17,34,60,60,156,156,171,188,188,238,257,287,287,287,314,344,359,370,381,406,406,406,406,406,48,73,73,73],"floor_reached":55,"playtime":1706,"items_purged":["Injury"],"score":987,"play_id":"360e2b7d-f470-426e-bb1e-4b8867c6ecd3","local_time":"20210108192450","is_ascension_mode":false,"campfire_choices":[{"data":"Infinite Blades","floor":10.0,"key":"SMITH"},{"floor":15.0,"key":"RECALL"},{"data":"Infinite Blades","floor":23.0,"key":"SMITH"},{"data":"Backstab","floor":32.0,"key":"SMITH"},{"floor":41.0,"key":"REST"},{"data":"Backstab","floor":49.0,"key":"SMITH"},{"data":"Backstab","floor":52,"key":"SMITH"}],"circlet_count":0,"master_deck":["Dagger Spray","Dagger Spray","Dagger Spray","Dagger Spray","Defend_G","Defend_G","Defend_G","Defend_G","Defend_G","Survivor","Neutralize","Accuracy+1","Cloak And Dagger","Slice","Backstab+1","Finisher","Infinite Blades+1","Cloak And Dagger","Infinite Blades+1","Slimebound:Tackle+1","Slimebound:Tackle+1","Slimebound:Tackle+1","Backstab+1","Infinite Blades+1","Deflect+1","Envenom+1","Backstab+1","Parasite","Blade Dance+1"],"relics":["Ring of the Snake","EVO:Axolotl","Vajra","HandDrill","Centennial Puzzle","MealTicket","Bag of Preparation","aspiration:ChemicalBlood","Gremlin Horn","Toxic Egg 2","SlaversCollar","Frozen Egg 2","MutagenicStrength","aspiration:Lifesprig","Potion Belt","aspiration:DefectSkillbook","aspiration:SneckoTail","InkBottle","Snake Skull","Bottled Flame","Orichalcum","Dead Branch","Thread and Needle"],"acts_visited":["Exordium","TheCity","TheBeyond","TheEnding"],"potions_floor_usage":[54,55],"damage_taken":[{"damage":2.0,"enemies":"Small Slimes","floor":1.0,"turns":2.0},{"damage":0.0,"enemies":"Cultist","floor":2.0,"turns":3.0},{"damage":0.0,"enemies":"Jaw Worm","floor":3.0,"turns":2.0},{"damage":0.0,"enemies":"3 Louse","floor":5.0,"turns":1.0},{"damage":1.0,"enemies":"3 Sentries","floor":6.0,"turns":2.0},{"damage":8.0,"enemies":"Gremlin Nob","floor":8.0,"turns":4.0},{"damage":2.0,"enemies":"Looter","floor":11.0,"turns":2.0},{"damage":0.0,"enemies":"Exordium Thugs","floor":12.0,"turns":1.0},{"damage":24.0,"enemies":"The Guardian","floor":16.0,"turns":8.0},{"damage":13.0,"enemies":"Shell Parasite","floor":18.0,"turns":4.0},{"damage":7.0,"enemies":"Chosen","floor":25.0,"turns":3.0},{"damage":1.0,"enemies":"Snecko","floor":29.0,"turns":3.0},{"damage":15.0,"enemies":"Centurion and Healer","floor":30.0,"turns":3.0},{"damage":5.0,"enemies":"Gremlin Leader","floor":31.0,"turns":4.0},{"damage":9.0,"enemies":"Champ","floor":33.0,"turns":5.0},{"damage":6.0,"enemies":"3 Shapes","floor":35.0,"turns":1.0},{"damage":11.0,"enemies":"Orb Walker","floor":36.0,"turns":2.0},{"damage":3.0,"enemies":"Mind Bloom Boss Battle","floor":38.0,"turns":2.0},{"damage":6.0,"enemies":"3 Darklings","floor":39.0,"turns":2.0},{"damage":5.0,"enemies":"Nemesis","floor":40.0,"turns":4.0},{"damage":1.0,"enemies":"Reptomancer","floor":44.0,"turns":3.0},{"damage":0.0,"enemies":"Maw","floor":45.0,"turns":4.0},{"damage":9.0,"enemies":"Writhing Mass","floor":46.0,"turns":3.0},{"damage":0.0,"enemies":"Spire Growth","floor":47.0,"turns":2.0},{"damage":0.0,"enemies":"Nemesis","floor":48.0,"turns":4.0},{"damage":18.0,"enemies":"Donu and Deca","floor":50.0,"turns":6.0},{"damage":2,"enemies":"Shield and Spear","floor":54,"turns":3},{"damage":132,"enemies":"The Heart","floor":55,"turns":6}],"seed_played":"-3355139687083369489","potions_obtained":[{"floor":2.0,"key":"Weak Potion"},{"floor":5.0,"key":"Fruit Juice"},{"floor":8.0,"key":"AttackPotion"},{"floor":11.0,"key":"Weak Potion"},{"floor":16.0,"key":"Guardian:BlockOnCardUsePotion"},{"floor":29.0,"key":"Dexterity Potion"},{"floor":35.0,"key":"Dexterity Potion"},{"floor":38.0,"key":"Weak Potion"},{"floor":39.0,"key":"SmokeBomb"},{"floor":47.0,"key":"LiquidMemories"},{"floor":48.0,"key":"DuplicationPotion"},{"floor":54,"key":"sneckomod:MuddlingPotion"}],"is_trial":false,"path_per_floor":["M","M","M","$","M","E","?","E","T","R","M","M","$","?","R","B",null,"M","$","?","?","$","R","?","M","T","?","$","M","M","E","R","B",null,"M","M","?","?","M","E","R","?","T","E","M","M","M","E","R","B",null,"R","$","E","B"],"character_chosen":"THE_SILENT","items_purchased":["Vajra","HandDrill","Centennial Puzzle","Accuracy","Backstab","Frozen Egg 2","Dead Branch","Blade Dance+1"],"campfire_rested":1,"item_purchase_floors":[0,0,0,0,4,19,53,53],"current_hp_per_floor":[68,68,68,68,73,72,72,64,64,64,62,62,75,75,75,51,75,67,75,75,75,75,75,75,68,68,68,75,74,59,54,54,45,75,69,58,58,55,49,44,66,66,66,65,65,56,56,56,56,38,75,75,75,73,0,0],"gold":73,"neow_bonus":"","is_daily":false,"chose_seed":false,"campfire_upgraded":5,"win_rate":0.0,"timestamp":1610151890,"path_taken":["M","M","M","$","M","E","?","E","T","R","?","M","$","?","R","BOSS","M","$","?","?","$","R","?","M","T","?","?","M","?","E","R","BOSS","M","M","?","?","M","E","R","?","T","E","?","M","M","E","R","BOSS","R","$","E","BOSS"],"items_purchased_type":["Relic","Relic","Relic","Card","Card","Relic","Relic","Card"],"build_version":"2020-12-22","purchased_purges":1,"victory":false,"max_hp_per_floor":[70,70,70,70,75,75,75,75,75,75,75,75,75,75,75,75,75,75,75,75,75,75,75,75,75,75,75,75,75,75,75,75,75,75,75,75,75,75,75,75,75,75,75,75,75,75,75,75,75,75,75,75,75,75,75,75],"card_choices":[{"not_picked":["Dodge and Roll","Accuracy"],"picked":"Cloak And Dagger","floor":1.0},{"not_picked":["Setup","Choke"],"picked":"Slice","floor":2.0},{"not_picked":["Dagger Spray","Leg Sweep","PiercingWail"],"picked":"SKIP","floor":3.0},{"not_picked":["Quick Slash","Sucker Punch"],"picked":"Finisher","floor":5.0},{"not_picked":["Sucker Punch","Escape Plan","Reflex"],"picked":"SKIP","floor":6.0},{"not_picked":["Slice","Acrobatics"],"picked":"Infinite Blades","floor":8.0},{"not_picked":["Footwork","PiercingWail","Bane"],"picked":"SKIP","floor":11.0},{"not_picked":["Slice","Dagger Spray"],"picked":"Cloak And Dagger","floor":12.0},{"not_picked":["After Image","Unload"],"picked":"Night Terror+1","floor":16.0},{"not_picked":["PiercingWail+1","Skewer"],"picked":"Infinite Blades","floor":18.0},{"not_picked":["Dagger Throw","Cloak And Dagger+1"],"picked":"Backstab","floor":25.0},{"not_picked":["Eviscerate","Bouncing Flask+1"],"picked":"Infinite Blades+1","floor":29.0},{"not_picked":["Poisoned Stab+1","Slice"],"picked":"Deflect+1","floor":30.0},{"not_picked":["Escape Plan+1","Prepared+1","Underhanded Strike"],"picked":"SKIP","floor":31.0},{"not_picked":["Tools of the Trade+1","Storm of Steel+1"],"picked":"Envenom+1","floor":33.0},{"not_picked":["Dodge and Roll+1","Steam+1","Force Field+1","Underhanded Strike+1"],"picked":"SKIP","floor":35.0},{"not_picked":["Cold Snap+1","Chaos+1","Backflip+1"],"picked":"Backstab","floor":36.0},{"not_picked":["Beam Cell","Sunder","Stack+1","Ball Lightning"],"picked":"SKIP","floor":39.0},{"not_picked":["Fission+1","White Noise+1","Gash","Quick Slash+1"],"picked":"SKIP","floor":40.0},{"not_picked":["Coolheaded+1","Underhanded Strike","Cloak And Dagger+1","Skim+1"],"picked":"SKIP","floor":44.0},{"not_picked":["Leap+1","PiercingWail+1","Dagger Spray+1","Rebound+1"],"picked":"SKIP","floor":45.0},{"not_picked":["Storm+1","Cloak And Dagger+1","Conserve Battery+1","Underhanded Strike"],"picked":"SKIP","floor":46.0},{"not_picked":["Glass Knife","Dagger Spray+1","Darkness+1","Chaos+1"],"picked":"SKIP","floor":47.0},{"not_picked":["Bane","Dodge and Roll+1","Cold Snap","Turbo+1"],"picked":"SKIP","floor":48.0},{"not_picked":["Loop+1","Auto Shields+1","Backflip+1","Heel Hook"],"picked":"SKIP","floor":54}],"player_experience":510550,"relics_obtained":[{"floor":6.0,"key":"MealTicket"},{"floor":8.0,"key":"aspiration:ChemicalBlood"},{"floor":9.0,"key":"Gremlin Horn"},{"floor":31.0,"key":"Potion Belt"},{"floor":38.0,"key":"aspiration:SneckoTail"},{"floor":40.0,"key":"InkBottle"},{"floor":43.0,"key":"Snake Skull"},{"floor":44.0,"key":"Bottled Flame"},{"floor":48.0,"key":"Orichalcum"},{"floor":54,"key":"Thread and Needle"}],"event_choices":[{"cards_removed":["Dagger Spray"],"damage_healed":0.0,"max_hp_gain":0.0,"max_hp_loss":0.0,"gold_gain":0.0,"event_name":"WeMeetAgain","player_choice":"Gave Card","floor":7.0,"gold_loss":0.0,"damage_taken":0.0,"relics_obtained":["Bag of Preparation"]},{"damage_healed":0.0,"max_hp_gain":0.0,"max_hp_loss":0.0,"gold_gain":0.0,"event_name":"Drug Dealer","player_choice":"Inject Mutagens","floor":21.0,"gold_loss":0.0,"damage_taken":0.0,"relics_obtained":["MutagenicStrength"]},{"damage_healed":0.0,"max_hp_gain":0.0,"max_hp_loss":0.0,"gold_gain":0.0,"event_name":"Ghosts","player_choice":"Ignored","floor":24.0,"gold_loss":0.0,"damage_taken":0.0},{"damage_healed":0.0,"max_hp_gain":0.0,"max_hp_loss":0.0,"gold_gain":0.0,"event_name":"The Mausoleum","player_choice":"Opened","floor":27.0,"gold_loss":0.0,"damage_taken":0.0,"relics_obtained":["aspiration:Lifesprig"]},{"cards_removed":["Night Terror"],"damage_healed":0.0,"max_hp_gain":0.0,"max_hp_loss":0.0,"gold_gain":0.0,"event_name":"Falling","player_choice":"Removed Skill","floor":37.0,"gold_loss":0.0,"damage_taken":0.0},{"damage_healed":0.0,"max_hp_gain":0.0,"max_hp_loss":0.0,"gold_gain":0.0,"event_name":"MindBloom","player_choice":"Fight","floor":38.0,"gold_loss":0.0,"damage_taken":0.0},{"damage_healed":0.0,"max_hp_gain":0.0,"max_hp_loss":0.0,"gold_gain":0.0,"event_name":"Upgrade Shrine","player_choice":"Upgraded","floor":42.0,"gold_loss":0.0,"damage_taken":0.0,"cards_upgraded":["Accuracy"]}],"is_beta":false,"boss_relics":[{"not_picked":["Empty Cage","Coffee Dripper"],"picked":"SlaversCollar"},{"not_picked":["Calling Bell","aspiration:RitualDagger"],"picked":"aspiration:DefectSkillbook"}],"items_purged_floors":[28],"is_endless":false,"potions_floor_spawned":[2,5,8,11,16,29,35,38,39,47,48,54],"killed_by":"The Heart","ascension_level":0}}