{"host":"ig7tc0uedzltt2sr","time":1610233553,"event":{"mods":["BaseMod","Better Twitch Integration","Block Reminder","Colored Map","Colored Powertips","Communication Mod","Current Relic Mod","GifTheSpireLib","HexUI Lib","Minty Spire (QoL Compilation)","Quick Restart","Random Character Button","Rare Cards Sparkle","Relic Sorter","Relic Stats","Slay the Relics Exporter","StSLib","SuperFastMode","Synergy Search","Twitch Decklist","Twitch Utils","everything is the same but u backflip on backflip","slay the spire mod where everything is the same but ironclad has a cowboy hat"],"gold_per_floor":[13,13,13,26,51,51,51],"floor_reached":6,"playtime":53,"items_purged":[],"score":36,"play_id":"b4289859-2d54-40b1-8f5d-30990c089f4e","local_time":"20210109150553","is_ascension_mode":false,"campfire_choices":[],"circlet_count":0,"master_deck":["Strike_R","Strike_R","Strike_R","Strike_R","Strike_R","Defend_R","Defend_R","Defend_R","Defend_R","Bash","Rupture","Clash","Anger"],"relics":["Burning Blood","Shovel","Golden Idol"],"acts_visited":["Exordium"],"potions_floor_usage":[],"damage_taken":[{"damage":1,"enemies":"2 Louse","floor":1,"turns":5},{"damage":0,"enemies":"Small Slimes","floor":4,"turns":7},{"damage":0,"enemies":"Cultist","floor":5,"turns":3},{"damage":82,"enemies":"Lagavulin","floor":6,"turns":9}],"seed_played":"-2568107060561819830","potions_obtained":[{"floor":1,"key":"Weak Potion"},{"floor":4,"key":"DistilledChaos"}],"is_trial":false,"path_per_floor":["M","?","$","M","M","E"],"character_chosen":"IRONCLAD","items_purchased":[],"campfire_rested":0,"item_purchase_floors":[],"current_hp_per_floor":[80,74,74,74,74,0,0],"gold":51,"neow_bonus":"ONE_RARE_RELIC","is_daily":false,"chose_seed":false,"campfire_upgraded":0,"win_rate":0.0,"timestamp":1610233553,"path_taken":["M","?","$","M","M","E"],"items_purchased_type":[],"build_version":"2020-12-22","purchased_purges":0,"victory":false,"max_hp_per_floor":[80,74,74,74,74,74,74],"relic_stats":{"Shovel":0,"counters":[4,24],"Golden Idol":8,"obtain_stats":[{"Shovel":0,"Golden Idol":2,"Burning Blood":0},{"Shovel":0,"Golden Idol":1,"Burning Blood":0},{"Shovel":0,"Golden Idol":5,"Burning Blood":0}],"Burning Blood":1},"card_choices":[{"not_picked":["Perfected Strike","Sword Boomerang"],"picked":"Rupture","floor":1},{"not_picked":["Body Slam","Flame Barrier"],"picked":"Clash","floor":4},{"not_picked":["Cleave","Perfected Strike"],"picked":"Anger","floor":5}],"player_experience":1473374,"relics_obtained":[],"event_choices":[{"damage_healed":0,"gold_gain":0,"player_choice":"Lose Max HP","damage_taken":0,"relics_obtained":["Golden Idol"],"max_hp_gain":0,"max_hp_loss":6,"event_name":"Golden Idol","floor":2,"gold_loss":0}],"is_beta":false,"boss_relics":[],"items_purged_floors":[],"is_endless":false,"potions_floor_spawned":[1,4],"killed_by":"Lagavulin","ascension_level":0}}