{"host":"nkolxg4se00n20yf","time":1610189402,"event":{"mods":["BaseMod","CatGirl Mod","Chen","Colored Map","Colored Powertips","Downfall","Friendly Minions","Infinite Spire","Kiyohime????","Marisa????????","Minty Spire (QoL Compilation)","StSLib","Td1madao Mod","The Administrix","The Cursed","The Exalted","The Hierophant","The Servant 0.9.4"],"gold_per_floor":[109,127,142,152,162,162,193,206,280,280,280,280,292,333,333,333,333],"floor_reached":16,"playtime":647,"items_purged":[],"score":217,"play_id":"1c51b9e8-f532-4a9c-9d33-b83253c49614","local_time":"20210109115002","is_ascension_mode":true,"campfire_choices":[{"data":"Phantasmal Killer","floor":6,"key":"SMITH"},{"floor":11,"key":"REST"},{"floor":15,"key":"REST"}],"circlet_count":0,"master_deck":["AscendersBane","Strike_G","Strike_G","Strike_G","Strike_G","Strike_G","Defend_G","Defend_G","Defend_G","Defend_G","Survivor","Neutralize","Dagger Throw","Flying Knee","Phantasmal Killer+1","Eviscerate","Dagger Spray","Noxious Fumes","Infinite Blades","Burst","Acrobatics","Quick Slash"],"relics":["Ring of the Snake","Tough Bandages","infinitespire:PuzzleCube","Bottled Flame","CeramicFish"],"acts_visited":["Exordium"],"potions_floor_usage":[4,14],"damage_taken":[{"damage":0,"enemies":"2 Louse","floor":1,"turns":4},{"damage":1,"enemies":"Cultist","floor":2,"turns":4},{"damage":4,"enemies":"Small Slimes","floor":3,"turns":3},{"damage":5,"enemies":"3 Louse","floor":4,"turns":3},{"damage":0,"enemies":"Blue Slaver","floor":5,"turns":3},{"damage":15,"enemies":"3 Sentries","floor":7,"turns":4},{"damage":20,"enemies":"Exordium Thugs","floor":8,"turns":5},{"damage":1,"enemies":"3 Louse","floor":13,"turns":3},{"damage":8,"enemies":"Gremlin Nob","floor":14,"turns":3},{"damage":44,"enemies":"The Guardian","floor":16,"turns":9}],"seed_played":"-2708082640828186478","potions_obtained":[{"floor":2,"key":"sneckomod:MuddlingPotion"},{"floor":3,"key":"SkillPotion"},{"floor":8,"key":"Poison Potion"}],"is_trial":false,"path_per_floor":["M","M","M","M","M","R","E","M","T","?","R","?","M","E","R","B"],"character_chosen":"THE_SILENT","items_purchased":[],"campfire_rested":2,"item_purchase_floors":[],"current_hp_per_floor":[59,58,54,49,49,49,34,14,14,14,32,32,31,23,41,0,0],"gold":333,"neow_bonus":"ONE_RARE_RELIC","is_daily":false,"chose_seed":false,"campfire_upgraded":1,"win_rate":0.0,"timestamp":1610189402,"path_taken":["M","M","M","M","M","R","E","M","T","?","R","?","?","E","R","BOSS"],"items_purchased_type":[],"build_version":"2020-12-22","purchased_purges":0,"victory":false,"max_hp_per_floor":[60,60,60,60,60,60,60,60,60,60,60,60,60,60,60,60,60],"card_choices":[{"not_picked":["Cloak And Dagger","Backflip"],"picked":"Dagger Throw","floor":1},{"not_picked":["Prepared","PiercingWail"],"picked":"Flying Knee","floor":2},{"not_picked":["PiercingWail","Deadly Poison"],"picked":"Phantasmal Killer","floor":3},{"not_picked":["Concentrate","Blade Dance"],"picked":"Eviscerate","floor":4},{"not_picked":["Outmaneuver","Dash"],"picked":"Dagger Spray","floor":5},{"not_picked":["Cloak And Dagger","Backflip"],"picked":"Noxious Fumes","floor":7},{"not_picked":["Deflect","Prepared"],"picked":"Infinite Blades","floor":8},{"not_picked":["Bane","Flechettes"],"picked":"Acrobatics","floor":13},{"not_picked":["Backflip","Dodge and Roll"],"picked":"Quick Slash","floor":14}],"player_experience":1084226,"relics_obtained":[{"floor":7,"key":"infinitespire:PuzzleCube"},{"floor":9,"key":"Bottled Flame"},{"floor":14,"key":"CeramicFish"}],"event_choices":[{"damage_healed":0,"gold_gain":0,"player_choice":"Ignored","damage_taken":0,"max_hp_gain":0,"max_hp_loss":0,"event_name":"Golden Wing","floor":10,"gold_loss":0},{"damage_healed":0,"gold_gain":0,"cards_transformed":["Defend_G"],"player_choice":"Transformed","damage_taken":0,"max_hp_gain":0,"max_hp_loss":0,"event_name":"Transmorgrifier","floor":12,"gold_loss":0,"cards_obtained":["Burst"]}],"is_beta":false,"boss_relics":[],"items_purged_floors":[],"is_endless":false,"potions_floor_spawned":[2,3,8],"killed_by":"The Guardian","ascension_level":18}}