{"host":"ijmqth23a408ytzh","time":1610151469,"event":{"mods":["BaseMod","Curses Come First","Downfall","Minty Spire (QoL Compilation)","StSLib"],"gold_per_floor":[99,113,177,200,213,227,227,227,239,268,268,279,115,115,135,232,232,232,250,250,250,267,283,283,283,283,283,311,311,311,330,352,463,463,463,473,493,521,454,454,525,571,571,589,28,49,49,65,85,85,85,85],"floor_reached":50,"playtime":9943,"items_purged":["champ:Strike","champ:Defend"],"score":473,"play_id":"dab5aa24-2458-4d47-a8f4-7f749df41e18","local_time":"20210108161749","is_ascension_mode":false,"campfire_choices":[{"data":"champ:Taunt","floor":1.0,"key":"SMITH"},{"data":"champ:TornadoPunch","floor":11.0,"key":"SMITH"},{"data":"champ:MurderStrike","floor":18.0,"key":"SMITH"},{"data":"champ:Improvising","floor":25.0,"key":"SMITH"},{"floor":30.0,"key":"REST"},{"data":"champ:StanceDance","floor":35.0,"key":"SMITH"},{"data":"Apotheosis","floor":40.0,"key":"SMITH"}],"circlet_count":0,"master_deck":["champ:Strike","champ:Strike+1","champ:Defend","champ:Defend","champ:Defend","champ:Execute","champ:Taunt+1","champ:RecklessLeap","champ:FlashCut","champ:TornadoPunch+1","champ:StrikeOfGenius+1","champ:Haymaker","champ:IronFortress","champ:CrookedStrike","champ:MurderStrike+1","champ:Encircle","champ:Improvising+1","champ:StanceDance+1","champ:FlashCut+1","champ:TornadoPunch","champ:EnragedBash+1","champ:FanOfKnives+1","champ:SkillfulDodge","champ:ShieldThrow+1","champ:FanOfKnives+1","champ:CrookedStrike+1","champ:CalledShot","Apotheosis+1","champ:FaceSlap+1","champ:HeartStrike+1"],"relics":["champ:ChampionCrown","White Beast Statue","Centennial Puzzle","Gremlin Horn","Eternal Feather","Tiny Chest","Philosopher\u0027s Stone","Matryoshka","Pen Nib","StrikeDummy","CeramicFish","Art of War","Molten Egg 2","Busted Crown","champ:FightingForDummies","Pantograph","Pocketwatch","Darkstone Periapt","Nunchaku","Sling","Oddly Smooth Stone"],"acts_visited":["Exordium","TheCity","TheBeyond"],"potions_floor_usage":[48,48,48,50],"damage_taken":[{"damage":5.0,"enemies":"2 Louse","floor":2.0,"turns":3.0},{"damage":57.0,"enemies":"3 Sentries","floor":3.0,"turns":8.0},{"damage":6.0,"enemies":"Jaw Worm","floor":5.0,"turns":4.0},{"damage":16.0,"enemies":"Cultist","floor":6.0,"turns":3.0},{"damage":15.0,"enemies":"Lots of Slimes","floor":9.0,"turns":1.0},{"damage":16.0,"enemies":"Gremlin Nob","floor":10.0,"turns":3.0},{"damage":15.0,"enemies":"Large Slime","floor":12.0,"turns":4.0},{"damage":25.0,"enemies":"downfall:FleeingMerchant","floor":13.0,"turns":4.0},{"damage":4.0,"enemies":"Exordium Wildlife","floor":15.0,"turns":3.0},{"damage":63.0,"enemies":"downfall:Ironclad","floor":16.0,"turns":7.0},{"damage":15.0,"enemies":"Spheric Guardian","floor":19.0,"turns":4.0},{"damage":28.0,"enemies":"Chosen and Byrds","floor":22.0,"turns":5.0},{"damage":34.0,"enemies":"Shelled Parasite and Fungi","floor":23.0,"turns":4.0},{"damage":22.0,"enemies":"Snake Plant","floor":28.0,"turns":4.0},{"damage":30.0,"enemies":"Centurion and Healer","floor":31.0,"turns":3.0},{"damage":15.0,"enemies":"Snecko","floor":32.0,"turns":3.0},{"damage":63.0,"enemies":"downfall:Defect","floor":33.0,"turns":6.0},{"damage":51.0,"enemies":"3 Darklings","floor":36.0,"turns":3.0},{"damage":19.0,"enemies":"3 Shapes","floor":37.0,"turns":3.0},{"damage":15.0,"enemies":"Spire Growth","floor":38.0,"turns":3.0},{"damage":23.0,"enemies":"downfall:FleeingMerchant","floor":39.0,"turns":4.0},{"damage":28.0,"enemies":"2 Orb Walkers","floor":42.0,"turns":3.0},{"damage":37.0,"enemies":"4 Shapes","floor":44.0,"turns":4.0},{"damage":36,"enemies":"Maw","floor":46,"turns":4},{"damage":32,"enemies":"Writhing Mass","floor":48,"turns":3},{"damage":15,"enemies":"Jaw Worm Horde","floor":49,"turns":1},{"damage":65,"enemies":"downfall:Silent","floor":50,"turns":4}],"seed_played":"-4997129859124784051","potions_obtained":[{"floor":2.0,"key":"AttackPotion"},{"floor":5.0,"key":"GamblersBrew"},{"floor":6.0,"key":"ColorlessPotion"},{"floor":10.0,"key":"SteroidPotion"},{"floor":12.0,"key":"sneckomod:MuddlingPotion"},{"floor":13.0,"key":"SpeedPotion"},{"floor":15.0,"key":"champ:TechniquePotion"},{"floor":16.0,"key":"SkillPotion"},{"floor":19.0,"key":"Energy Potion"},{"floor":22.0,"key":"hexamod:EctoCoolerPotion"},{"floor":23.0,"key":"DuplicationPotion"},{"floor":28.0,"key":"Energy Potion"},{"floor":31.0,"key":"Fire Potion"},{"floor":36.0,"key":"DuplicationPotion"},{"floor":48,"key":"SteroidPotion"},{"floor":49,"key":"BlessingOfTheForge"}],"is_trial":false,"path_per_floor":["R","M","?","T","M","M","T","?","M","E","R","M","$","T","M","B",null,"R","M","?","?","M","M","T","R","?","T","M","?","R","M","M","B",null,"R","M","M","M","$","R","T","?","T","M","$","M","$","M","M","B"],"character_chosen":"THE_CHAMP","items_purchased":["champ:Encircle","champ:FightingForDummies","champ:CalledShot","Apotheosis","Nunchaku","Sling","Oddly Smooth Stone"],"campfire_rested":1,"item_purchase_floors":[13,39,39,39,45,45,45],"current_hp_per_floor":[99,99,72,72,71,70,70,70,70,69,78,78,78,78,76,35,99,99,89,89,89,82,69,69,81,81,81,70,62,99,92,92,66,99,99,69,69,69,69,84,84,67,67,40,40,36,36,29,29,0,0,0],"gold":85,"neow_bonus":"TEN_PERCENT_HP_BONUS","is_daily":false,"chose_seed":false,"campfire_upgraded":6,"win_rate":0.0,"timestamp":1610151469,"path_taken":["R","M","?","?","M","M","T","?","M","E","R","?","$","?","M","BOSS","R","M","?","?","M","M","T","R","?","?","M","?","R","M","M","BOSS","R","M","M","?","$","R","T","?","?","M","$","M","?","M","M","BOSS"],"items_purchased_type":["Card","Relic","Card","Card","Relic","Relic","Relic"],"build_version":"2020-12-22","purchased_purges":2,"victory":false,"max_hp_per_floor":[99,99,99,99,99,99,99,99,99,99,99,99,99,99,99,99,99,99,99,99,99,99,99,99,99,99,99,99,99,99,99,99,99,99,99,99,99,99,99,99,99,99,99,99,99,99,99,99,99,99,99,99],"card_choices":[{"not_picked":["champ:FalseCounter","champ:Haymaker"],"picked":"champ:RecklessLeap","floor":2.0},{"not_picked":["champ:GutPunch","champ:Haymaker"],"picked":"champ:FlashCut","floor":3.0},{"not_picked":["champ:BringItOn","champ:DefensiveStyle"],"picked":"champ:TornadoPunch","floor":5.0},{"not_picked":["champ:Shatter","champ:Encircle"],"picked":"champ:StrikeOfGenius","floor":6.0},{"not_picked":["champ:Duel","champ:EndlessRage"],"picked":"champ:Haymaker","floor":9.0},{"not_picked":["champ:BladeFlurry","champ:FocusedBerserking"],"picked":"champ:IronFortress","floor":10.0},{"not_picked":["champ:FalseCounter","champ:Haymaker"],"picked":"champ:CrookedStrike","floor":12.0},{"not_picked":["champ:AdrenalArmor","champ:ViciousMockery"],"picked":"champ:MurderStrike","floor":13.0},{"not_picked":["champ:FlashCut","champ:Circumvent","champ:PerfectedStrike"],"picked":"SKIP","floor":15.0},{"not_picked":["champ:LastStand","champ:Devastate"],"picked":"champ:Improvising","floor":16.0},{"not_picked":["champ:AdrenalArmor","champ:BladeFlurry"],"picked":"champ:StanceDance","floor":19.0},{"not_picked":["champ:ArenaPreparation","champ:EndlessRage+1"],"picked":"champ:FlashCut+1","floor":22.0},{"not_picked":["champ:Shatter+1","champ:FaceSlap"],"picked":"champ:TornadoPunch","floor":23.0},{"not_picked":["champ:GutPunch+1","champ:BerserkersShout"],"picked":"champ:EnragedBash+1","floor":28.0},{"not_picked":["champ:RapidStrikes+1","champ:BladeFlurry+1"],"picked":"champ:FanOfKnives+1","floor":31.0},{"not_picked":["champ:DefensiveShout+1","champ:Lariat"],"picked":"champ:SkillfulDodge","floor":32.0},{"not_picked":["champ:ShieldSlam+1","champ:Improvising"],"picked":"champ:ShieldThrow+1","floor":33.0},{"not_picked":["champ:EnragedBash+1"],"picked":"SKIP","floor":36.0},{"not_picked":[],"picked":"champ:FanOfKnives+1","floor":37.0},{"not_picked":[],"picked":"champ:CrookedStrike+1","floor":38.0},{"not_picked":["champ:EnragedBash+1"],"picked":"SKIP","floor":39.0},{"not_picked":["champ:Haymaker+1"],"picked":"SKIP","floor":44.0},{"not_picked":[],"picked":"champ:FaceSlap+1","floor":46},{"not_picked":["champ:BerserkersShout"],"picked":"SKIP","floor":48},{"not_picked":[],"picked":"champ:HeartStrike+1","floor":49}],"player_experience":740636,"relics_obtained":[{"floor":3.0,"key":"White Beast Statue"},{"floor":4.0,"key":"Centennial Puzzle"},{"floor":7.0,"key":"Gremlin Horn"},{"floor":10.0,"key":"Eternal Feather"},{"floor":14.0,"key":"Tiny Chest"},{"floor":24.0,"key":"Pen Nib"},{"floor":24.0,"key":"StrikeDummy"},{"floor":27.0,"key":"Art of War"},{"floor":27.0,"key":"Molten Egg 2"},{"floor":41.0,"key":"Pantograph"},{"floor":42.0,"key":"Pocketwatch"},{"floor":43.0,"key":"Darkstone Periapt"}],"event_choices":[{"damage_healed":0.0,"max_hp_gain":0.0,"max_hp_loss":0.0,"gold_gain":0.0,"event_name":"Upgrade Shrine","player_choice":"Upgraded","floor":8.0,"gold_loss":0.0,"damage_taken":0.0,"cards_upgraded":["champ:StrikeOfGenius"]},{"damage_healed":0.0,"max_hp_gain":0.0,"max_hp_loss":0.0,"gold_gain":0.0,"event_name":"Addict","player_choice":"Stole Relic","floor":21.0,"gold_loss":0.0,"damage_taken":0.0,"relics_obtained":["Matryoshka"],"cards_obtained":["Shame"]},{"damage_healed":0.0,"max_hp_gain":0.0,"max_hp_loss":0.0,"gold_gain":0.0,"event_name":"Mysterious Sphere","player_choice":"Fight","floor":42.0,"gold_loss":0.0,"damage_taken":0.0}],"is_beta":false,"boss_relics":[{"not_picked":["SacredBark","Velvet Choker"],"picked":"Philosopher\u0027s Stone"},{"not_picked":["Snecko Eye","Calling Bell"],"picked":"Busted Crown"}],"items_purged_floors":[13,45],"is_endless":false,"potions_floor_spawned":[2,5,6,9,10,12,13,15,16,19,22,23,28,31,32,33,36,37,38,39,42,44,46,48,49],"killed_by":"downfall:Silent","ascension_level":0}}