{"host":"c2vrdknshfutmcsq","time":1610188833,"event":{"mods":["BaseMod","Minty Spire (QoL Compilation)"],"gold_per_floor":[118,138,38,38,38,71,71,95,122,122,122,136,180,195,195,288,288,313,333,352,352,365,365,403,403,430,430,450,450,468,468,468],"floor_reached":31,"playtime":2391,"items_purged":["Strike_B"],"score":526,"play_id":"0c9d54f2-cba6-4d21-b4c4-14a7e2c9f971","local_time":"20210109114033","is_ascension_mode":true,"campfire_choices":[{"data":"Dualcast","floor":7.0,"key":"SMITH"},{"data":"Zap","floor":10.0,"key":"SMITH"},{"data":"Defragment","floor":15,"key":"SMITH"},{"data":"Fission","floor":23,"key":"SMITH"},{"floor":25,"key":"REST"},{"data":"Gash","floor":27,"key":"SMITH"}],"circlet_count":0,"master_deck":["AscendersBane","Zap+1","Dualcast+1","Rebound+1","Auto Shields","Ball Lightning","Injury","Redo","Conserve Battery","Auto Shields","Defragment+1","Multi-Cast","Fission+1","Hello World","Beam Cell","Rip and Tear","Cold Snap","Amplify","Melter","Reboot","Stack","Go for the Eyes","Gash+1","Leap","Reboot","Sunder"],"relics":["Cracked Core","NeowsBlessing","Golden Idol","Happy Flower","Pocketwatch","Whetstone","Calipers","Sundial","Pandora\u0027s Box","FossilizedHelix","Bag of Preparation"],"acts_visited":["Exordium","TheCity"],"potions_floor_usage":[16],"damage_taken":[{"damage":0.0,"enemies":"Cultist","floor":1.0,"turns":1.0},{"damage":0.0,"enemies":"Jaw Worm","floor":2.0,"turns":1.0},{"damage":0.0,"enemies":"Gremlin Nob","floor":6.0,"turns":1.0},{"damage":0.0,"enemies":"2 Louse","floor":8.0,"turns":2.0},{"damage":0.0,"enemies":"Looter","floor":12.0,"turns":2.0},{"damage":10.0,"enemies":"3 Sentries","floor":13.0,"turns":5.0},{"damage":16,"enemies":"Lots of Slimes","floor":14,"turns":4},{"damage":10,"enemies":"Hexaghost","floor":16,"turns":8},{"damage":0,"enemies":"Chosen","floor":18,"turns":3},{"damage":7,"enemies":"Shell Parasite","floor":19,"turns":2},{"damage":13,"enemies":"3 Cultists","floor":20,"turns":5},{"damage":17,"enemies":"Shelled Parasite and Fungi","floor":22,"turns":4},{"damage":24,"enemies":"Book of Stabbing","floor":24,"turns":7},{"damage":0,"enemies":"Centurion and Healer","floor":28,"turns":9},{"damage":18,"enemies":"Chosen and Byrds","floor":30,"turns":5},{"damage":0,"enemies":"Snake Plant","floor":31,"turns":1}],"seed_played":"1995017851077176397","potions_obtained":[{"floor":6.0,"key":"SpeedPotion"},{"floor":8.0,"key":"Energy Potion"},{"floor":14,"key":"EssenceOfSteel"},{"floor":16,"key":"EntropicBrew"},{"floor":28,"key":"DuplicationPotion"}],"is_trial":false,"path_per_floor":["M","M","$","?","?","E","R","M","T","R","T","M","E","M","R","B",null,"M","M","M","?","M","R","E","R","T","R","M","?","M","M"],"character_chosen":"DEFECT","items_purchased":["Ball Lightning"],"campfire_rested":1,"item_purchase_floors":[3],"current_hp_per_floor":[64,64,64,64,46,46,46,46,46,46,46,46,36,20,20,10,56,56,49,36,50,33,33,9,30,30,30,30,24,6,6,6],"gold":468,"neow_bonus":"THREE_ENEMY_KILL","is_daily":false,"chose_seed":false,"campfire_upgraded":5,"win_rate":0.0,"timestamp":1610188833,"path_taken":["M","M","?","?","?","E","R","M","T","R","?","M","E","M","R","BOSS","M","M","?","?","M","R","E","R","T","R","M","?","M","?"],"items_purchased_type":["Card"],"build_version":"2020-12-22","purchased_purges":1,"victory":false,"max_hp_per_floor":[71,71,71,71,71,71,71,71,71,71,71,71,71,71,71,71,71,71,71,71,71,71,71,71,71,71,71,71,71,71,71,71],"card_choices":[{"not_picked":["Sweeping Beam","Gash"],"picked":"Rebound","floor":1.0},{"not_picked":["Skim","Darkness"],"picked":"Auto Shields","floor":2.0},{"not_picked":["Steam","Darkness"],"picked":"Redo","floor":6.0},{"not_picked":["Redo","Compile Driver"],"picked":"Conserve Battery","floor":8.0},{"not_picked":["Gash","Go for the Eyes"],"picked":"Auto Shields","floor":12.0},{"not_picked":["Steam","Hologram"],"picked":"Defragment","floor":13.0},{"not_picked":["Reprogram","White Noise"],"picked":"Multi-Cast","floor":14},{"not_picked":["Machine Learning","Amplify"],"picked":"Fission","floor":16},{"not_picked":["Reprogram+1","Turbo"],"picked":"Stack","floor":18},{"not_picked":["Sweeping Beam","Redo"],"picked":"Go for the Eyes","floor":19},{"not_picked":["Coolheaded","Cold Snap"],"picked":"Gash","floor":20},{"not_picked":["Beam Cell","Steam","Redo"],"picked":"SKIP","floor":22},{"not_picked":["Gash","Beam Cell"],"picked":"Leap","floor":24},{"not_picked":["Barrage","Redo"],"picked":"Reboot","floor":28},{"not_picked":["Undo","Turbo"],"picked":"Sunder","floor":30}],"player_experience":1234002,"relics_obtained":[{"floor":6.0,"key":"Pocketwatch"},{"floor":9.0,"key":"Whetstone"},{"floor":11.0,"key":"Calipers"},{"floor":13.0,"key":"Sundial"},{"floor":24,"key":"FossilizedHelix"},{"floor":26,"key":"Bag of Preparation"}],"event_choices":[{"damage_healed":0.0,"max_hp_gain":0.0,"max_hp_loss":0.0,"gold_gain":0.0,"event_name":"Golden Idol","player_choice":"Take Wound","floor":4.0,"gold_loss":0.0,"damage_taken":0.0,"relics_obtained":["Golden Idol"],"cards_obtained":["Injury"]},{"damage_healed":0.0,"max_hp_gain":0.0,"max_hp_loss":0.0,"gold_gain":0.0,"event_name":"Scrap Ooze","player_choice":"Success","floor":5.0,"gold_loss":0.0,"damage_taken":18.0,"relics_obtained":["Happy Flower"]},{"damage_healed":14,"gold_gain":0,"player_choice":"Heal","damage_taken":0,"max_hp_gain":0,"max_hp_loss":0,"event_name":"The Library","floor":21,"gold_loss":0},{"damage_healed":0,"gold_gain":0,"player_choice":"","damage_taken":6,"max_hp_gain":0,"max_hp_loss":0,"event_name":"Knowing Skull","floor":29,"potions_obtained":[],"gold_loss":0,"cards_obtained":[]}],"is_beta":false,"boss_relics":[{"not_picked":["Runic Pyramid","Ectoplasm"],"picked":"Pandora\u0027s Box"}],"items_purged_floors":[3],"is_endless":false,"potions_floor_spawned":[6,8,14,16,18,24,28,30],"killed_by":"Snake Plant","ascension_level":16}}