{"host":"gj3450u0c4def4mj","time":1610160178,"event":{"mods":["2.2 Compatiblity","Act Like it!","BaseMod","Gensokyo","Minty Spire (QoL Compilation)","Permanent Neow","Reimu??????","StSLib"],"gold_per_floor":[114,134,144,156,156,189,189,223,223,267,292,292,320,320,320,433,433,455,484,493,505,69,69,69],"floor_reached":23,"playtime":1672,"items_purged":["Gensokyo:AllTheWorldsEvil"],"score":323,"play_id":"482d533b-005e-45f9-8ed5-d426aa3cae34","local_time":"20210108214258","is_ascension_mode":true,"campfire_choices":[{"data":"Determination:ReiMu","floor":7.0,"key":"SMITH"},{"data":"Conquer:ReiMu","floor":12.0,"key":"SMITH"},{"floor":15.0,"key":"REST"}],"circlet_count":0,"master_deck":["AscendersBane","Strike_Lin:ReiMu+1","Strike_Lin:ReiMu+1","Strike_Lin:ReiMu","Strike_Lin:ReiMu","Defend_Lin:ReiMu","Defend_Lin:ReiMu","Defend_Lin:ReiMu","Defend_Lin:ReiMu","NB:ReiMu","Stagnation:ReiMu","Determination:ReiMu+1","SpreadBorder2:ReiMu","Conquer:ReiMu+1","Meditation:ReiMu","SpreadBorder2:ReiMu","LovePray:ReiMu","FineLineFantasy:ReiMu","SafetyPray:ReiMu","KyokaiOfKami:ReiMu","LearningPray:ReiMu","Meditation:ReiMu","Revelation:ReiMu","Conquer:ReiMu"],"relics":["FlyPower:ReiMu","Toy Ornithopter","Whetstone","CeramicFish","Bottled Flame","Cursed Key","CheatingSign:ReiMu"],"acts_visited":["Gensokyo:Gensokyo","Gensokyo:Gensokyoer"],"potions_floor_usage":[23,23],"damage_taken":[{"damage":5.0,"enemies":"Gensokyo:3_Fairies","floor":1.0,"turns":6.0},{"damage":5.0,"enemies":"Gensokyo:Python","floor":2.0,"turns":5.0},{"damage":3.0,"enemies":"Gensokyo:Gryphon","floor":3.0,"turns":5.0},{"damage":7.0,"enemies":"Gensokyo:Kitsune","floor":4.0,"turns":5.0},{"damage":24.0,"enemies":"Gensokyo:Cirno","floor":6.0,"turns":6.0},{"damage":3.0,"enemies":"Gensokyo:Aya","floor":8.0,"turns":4.0},{"damage":17.0,"enemies":"Gensokyo:Cirno","floor":10.0,"turns":6.0},{"damage":0.0,"enemies":"Gensokyo:VengefulSpirit","floor":11.0,"turns":2.0},{"damage":0.0,"enemies":"Gensokyo:LivingMonolith","floor":13.0,"turns":1.0},{"damage":25.0,"enemies":"Gensokyo:Yukari","floor":16.0,"turns":14.0},{"damage":4.0,"enemies":"Gensokyo:2_Gloops","floor":18.0,"turns":6.0},{"damage":0.0,"enemies":"Gensokyo:Chomper","floor":19.0,"turns":5.0},{"damage":22.0,"enemies":"Gensokyo:Monolith_and_Dog","floor":21.0,"turns":8.0},{"damage":51,"enemies":"Gensokyo:Swordslinger","floor":23,"turns":4}],"seed_played":"-2309308836905535678","potions_obtained":[{"floor":4.0,"key":"Regen Potion"},{"floor":6.0,"key":"Ancient Potion"},{"floor":11.0,"key":"SkillPotion"},{"floor":16.0,"key":"Fire Potion"}],"is_trial":false,"path_per_floor":["M","M","M","M","?","E","R","E","T","E","M","R","M","?","R","B",null,"M","M","?","M","$","M"],"character_chosen":"REIMU","items_purchased":["CheatingSign:ReiMu","Revelation:ReiMu","Conquer:ReiMu","Fruit Juice"],"campfire_rested":1,"item_purchase_floors":[22,22,22,22],"current_hp_per_floor":[54,49,46,39,45,21,21,18,18,21,21,21,21,21,42,22,59,55,55,55,33,33,0,0],"gold":69,"neow_bonus":"ONE_RANDOM_RARE_CARD","is_daily":false,"chose_seed":false,"campfire_upgraded":2,"win_rate":0.0,"timestamp":1610160178,"path_taken":["M","?","M","M","?","E","R","E","T","E","M","R","M","?","R","BOSS","M","?","?","M","$","M"],"items_purchased_type":["Relic","Card","Card","Potion"],"build_version":"2020-12-22","purchased_purges":1,"victory":false,"max_hp_per_floor":[65,65,65,65,71,71,71,71,71,71,71,71,71,71,71,71,71,71,71,71,71,71,76,76],"card_choices":[{"not_picked":["Meditation:ReiMu","SubAcupoint:ReiMu"],"picked":"SpreadBorder2:ReiMu","floor":1.0},{"not_picked":["BlastKick2:ReiMu","SpringWay:ReiMu","AirStrike:ReiMu"],"picked":"SKIP","floor":2.0},{"not_picked":["FineLineFantasy:ReiMu","AirManeuver:ReiMu"],"picked":"Conquer:ReiMu","floor":3.0},{"not_picked":["CareerPray:ReiMu","EmergencyTakeOff:ReiMu"],"picked":"Meditation:ReiMu","floor":4.0},{"not_picked":["SubcavityInstant:ReiMu","OrbThrow:ReiMu"],"picked":"SpreadBorder2:ReiMu","floor":6.0},{"not_picked":["ForcedLanding:ReiMu","FantasyMoon:ReiMu","PayForSelf:ReiMu"],"picked":"SKIP","floor":8.0},{"not_picked":["FantasyMoon:ReiMu","Intuition:ReiMu"],"picked":"LovePray:ReiMu","floor":10.0},{"not_picked":["FoulBorder2:ReiMu","RainPray2:ReiMu"],"picked":"FineLineFantasy:ReiMu","floor":11.0},{"not_picked":["Dreaming:ReiMu","OctopathBindingBorder2:ReiMu"],"picked":"SafetyPray:ReiMu","floor":13.0},{"not_picked":["DependentForm:ReiMu","YinYang:ReiMu"],"picked":"KyokaiOfKami:ReiMu","floor":16.0},{"not_picked":["ForcedLanding:ReiMu","ShadowOfCrow2:ReiMu"],"picked":"LearningPray:ReiMu","floor":18.0},{"not_picked":["OctopathBindingBorder2:ReiMu","SpringWay:ReiMu"],"picked":"Meditation:ReiMu","floor":19.0},{"not_picked":["TightArray:ReiMu+1","FantasyMoon:ReiMu+1","InherentArray:ReiMu"],"picked":"SKIP","floor":21.0}],"player_experience":88193,"relics_obtained":[{"floor":6.0,"key":"Toy Ornithopter"},{"floor":8.0,"key":"Whetstone"},{"floor":9.0,"key":"CeramicFish"},{"floor":10.0,"key":"Bottled Flame"}],"event_choices":[],"is_beta":false,"boss_relics":[{"not_picked":["DonationBox:ReiMu","Runic Dome"],"picked":"Cursed Key"}],"items_purged_floors":[22],"is_endless":false,"potions_floor_spawned":[4,6,11,16,19],"killed_by":"Gensokyo:Swordslinger","ascension_level":12}}