{"host":"bxdue9bkfm2khp2x","time":1610184388,"event":{"mods":["ATMod(阿瑾Mod)","Aspiration","BaseMod","Better Vampires","Challenge The Spire","Colored Map","Colored Powertips","Conspire","Decade(王小明)","Dota2Spire","Downfall","Highlight Path","Minty Spire (QoL Compilation)","MostiFishMod","Remilia（蕾米莉亚）","Replay The Spire","RumiaBox-露米娅的神秘盒子","Ryuuou龙王","Spicy Shops","StSLib","Td1madao Mod","The Alterego","The Bug Knight","The Cursed","The Servant 0.9.4","WarShipGirlsR/战舰少女R mod","noobMod","vexMod","【功能Mod】混沌之环修复补丁","【遗物卡牌】REMEMod","篝火指南"],"gold_per_floor":[115,131,131,131,206,206,335,335,335,362,390,414,414,448,448,559,559,593,616,616,616,640,691,7,7,7,106,106,106,170,218,230,362,374,413,458,508,562,275,275,317,317,317,317,417,154,205,235,235,265],"floor_reached":51,"playtime":2624,"items_purged":["Envy_TH","Strike_R","Strike_R"],"score":1269,"play_id":"9d4295c0-fa94-4c82-b38f-b93cf1f54d9e","local_time":"20210109172628","is_ascension_mode":true,"campfire_choices":[{"data":"Sword Boomerang","floor":6.0,"key":"SMITH"},{"data":"MostiFishMod:#F4004","floor":8.0,"key":"SMITH"},{"data":"Seeing Red","floor":15.0,"key":"SMITH"},{"data":"Spot Weakness","floor":25,"key":"SMITH"},{"data":"Injury","floor":28,"key":"PURGE"},{"data":"Bash","floor":32,"key":"PURGE"},{"data":"Barricade","floor":40,"key":"SMITH"},{"data":"Defend_R","floor":42,"key":"PURGE"},{"data":"AT_ManFootWork","floor":44,"key":"SMITH"},{"data":"MostiFishMod:KnuckleDown","floor":49,"key":"SMITH"}],"circlet_count":0,"master_deck":["Strike_R","Defend_R","Defend_R","Core Surge","AT_ManFootWork+1","Sword Boomerang+1","Heavy Blade","MostiFishMod:#F4004+1","Cleave+1","Flex","Double Tap+1","Seeing Red+1","Metallicize","Spot Weakness+1","Rampage+1","AT_CaressingTears+1","Barricade+1","AT_IchimonjiDouble+1","Battle Trance+1","Inflame+1","MostiFishMod:KnuckleDown+1"],"relics":["Burning Blood","DaveBox","REME_ComplimentaryCards","ice","AT_ATBox","EGODaCapo","SynthV:TestCard","Molten Egg 2","Replay:Bandana","Prayer Wheel","RhineSuit","Garlic","Replay:Multitool","MagicDraw3","Self Forming Clay","MawBank","conspire:DecoderRing","ChiXiaoBlade","TheAbacus","aspiration:FrozenJewel"],"acts_visited":["Exordium","TheCity","TheBeyond"],"potions_floor_usage":[16,33,47],"damage_taken":[{"damage":0.0,"enemies":"Cultist","floor":1.0,"turns":3.0},{"damage":0.0,"enemies":"Small Slimes","floor":2.0,"turns":3.0},{"damage":23.0,"enemies":"3 Sentries","floor":7.0,"turns":8.0},{"damage":3.0,"enemies":"2 Louse","floor":10.0,"turns":3.0},{"damage":3.0,"enemies":"Red Slaver","floor":11.0,"turns":2.0},{"damage":0.0,"enemies":"3 Louse","floor":12.0,"turns":2.0},{"damage":0.0,"enemies":"Blue Slaver","floor":14.0,"turns":2.0},{"damage":21,"enemies":"Fading Forest","floor":16,"turns":11},{"damage":0,"enemies":"3 Byrds","floor":18,"turns":4},{"damage":0,"enemies":"Chosen","floor":19,"turns":3},{"damage":0,"enemies":"Centurion and Healer","floor":22,"turns":5},{"damage":0,"enemies":"Book of Stabbing","floor":23,"turns":4},{"damage":0,"enemies":"Slavers","floor":30,"turns":3},{"damage":0,"enemies":"Cultist and Chosen","floor":31,"turns":3},{"damage":4,"enemies":"Collector","floor":33,"turns":7},{"damage":0,"enemies":"Orb Walker","floor":35,"turns":1},{"damage":16,"enemies":"3 Shapes","floor":36,"turns":3},{"damage":0,"enemies":"Jaw Worm Horde","floor":37,"turns":3},{"damage":0,"enemies":"Transient","floor":38,"turns":5},{"damage":0,"enemies":"4 Shapes","floor":41,"turns":2},{"damage":0,"enemies":"Reptomancer","floor":47,"turns":2},{"damage":0,"enemies":"Jaw Worm Horde","floor":48,"turns":2},{"damage":0,"enemies":"Donu and Deca","floor":50,"turns":5}],"seed_played":"-937738979089821695","potions_obtained":[{"floor":1.0,"key":"ColorlessPotion"},{"floor":10.0,"key":"AttackPotion"},{"floor":12.0,"key":"DuplicationPotion"},{"floor":18,"key":"BloodPotion"},{"floor":30,"key":"GamblersBrew"},{"floor":31,"key":"ColorlessPotion"},{"floor":37,"key":"LiquidMemories"},{"floor":47,"key":"SteroidPotion"}],"is_trial":false,"path_per_floor":["M","M","?","?","?","R","E","R","T","M","M","M","?","M","R","B",null,"M","M","?","?","M","E","$","R","T","?","R","?","E","M","R","B",null,"M","M","M","M","$","R","M","R","T","R","?","$","E","M","R","B",null],"character_chosen":"IRONCLAD","items_purchased":["Rampage+1","Replay:Multitool","MagicDraw3","TheAbacus","Energy Potion","MostiFishMod:KnuckleDown"],"campfire_rested":0,"item_purchase_floors":[24,24,24,39,39,46],"current_hp_per_floor":[78,80,80,80,72,72,55,55,55,58,61,67,67,73,73,80,80,80,80,80,80,80,80,80,80,80,80,80,80,80,80,80,80,80,80,70,76,80,80,80,80,80,80,80,80,80,80,80,80,80],"gold":265,"neow_bonus":"REMOVE_CARD","is_daily":false,"chose_seed":false,"campfire_upgraded":7,"win_rate":0.0,"timestamp":1610184388,"path_taken":["M","?","?","?","?","R","E","R","T","M","M","?","?","?","R","BOSS","M","M","?","?","M","E","$","R","T","?","R","?","E","M","R","BOSS","M","M","?","M","$","R","M","R","T","R","?","?","E","?","R","BOSS"],"items_purchased_type":["Card","Relic","Relic","Relic","Potion","Card"],"build_version":"2020-12-22","purchased_purges":3,"victory":true,"max_hp_per_floor":[80,80,80,80,80,80,80,80,80,80,80,80,80,80,80,80,80,80,80,80,80,80,80,80,80,80,80,80,80,80,80,80,80,80,80,80,80,80,80,80,80,80,80,80,80,80,80,80,80,80],"card_choices":[{"not_picked":["True Grit","Clash"],"picked":"Sword Boomerang","floor":1.0},{"not_picked":["Run Through","Body Slam","Clash","Flex"],"picked":"Heavy Blade","floor":2.0},{"not_picked":["Feed+1","MostiFishMod:OrdinaryWorld+1","Sword Boomerang+1","AT_GerminateFire"],"picked":"MostiFishMod:#F4004","floor":7.0},{"not_picked":["Run Through+1","Shrug It Off","ReplayReversal","AT_IchimonjiDouble+1"],"picked":"Cleave+1","floor":10.0},{"not_picked":["Anger+1","Shrug It Off","Sentinel","Perfected Strike+1"],"picked":"Flex","floor":10.0},{"not_picked":["Second Wind","MostiFishMod:BrandingRite","Armaments","Defy Death","Iron Wave+1"],"picked":"SKIP","floor":11.0},{"not_picked":["Iron Wave+1","Carnage+1","Dual Wield","Rage","Run Through+1"],"picked":"SKIP","floor":11.0},{"not_picked":["Headbutt+1","Heavy Blade+1","AT_BodySlamDance","Run Through+1"],"picked":"Double Tap","floor":12.0},{"not_picked":["Wild Strike+1","ReplayTheSpireMod:Stacked","REME_FearOfPain","ReplayReversal","Headbutt+1"],"picked":"SKIP","floor":12.0},{"not_picked":["Burning Pact","Shrug It Off","AT_GerminateFire","Cleave+1"],"picked":"Seeing Red","floor":14.0},{"not_picked":["Massacre+1","Offering","Body Slam+1","AT_IchimonjiDouble+1"],"picked":"Metallicize","floor":14.0},{"not_picked":["AT_DrawKnifeCut+1","Run Through+1","Iron Wave+1","Wild Strike+1"],"picked":"Spot Weakness","floor":18},{"not_picked":["MostiFishMod:BrandingRite","Defy Death+1","Heavy Blade+1","Clash+1","Feel No Pain"],"picked":"SKIP","floor":18},{"not_picked":["True Grit","Sword Boomerang+1","Iron Wave+1","Battle Trance+1","Cleave+1"],"picked":"SKIP","floor":19},{"not_picked":["Hemokinesis+1","Anger+1","MostiFishMod:HellRitual","REME_Scribble+1","Life Link+1"],"picked":"SKIP","floor":19},{"not_picked":["Wild Strike+1","Perfected Strike+1","Armaments","Clash+1","Pommel Strike+1"],"picked":"SKIP","floor":22},{"not_picked":["Spot Weakness+1","Battle Trance","Replay:Many Hands","Havoc+1","Seeing Red"],"picked":"SKIP","floor":22},{"not_picked":["Blood for Blood+1","MostiFishMod:Mania","conspire:HitWhereItHurts+1","Pommel Strike+1","Perfected Strike+1"],"picked":"SKIP","floor":23},{"not_picked":["conspire:Charge+1","Flame Barrier","Burning Pact","AT_DrawKnifeCut+1","Cleave+1"],"picked":"SKIP","floor":30},{"not_picked":["Dual Wield+1","Evolve+1","AT_BodySlamDance","Pummel+1"],"picked":"AT_CaressingTears+1","floor":31},{"not_picked":["AT_IchimonjiDouble+1","Dual Wield","Shrug It Off","Flex","Fire Breathing+1"],"picked":"SKIP","floor":31},{"not_picked":["Demon Form","MostiFishMod:TemporaryOutbreak","conspire:Purge","MostiFishMod:Mania"],"picked":"Barricade","floor":33},{"not_picked":["Thunderclap+1","Disarm","Anger+1","Body Slam+1"],"picked":"AT_IchimonjiDouble+1","floor":35},{"not_picked":["Clothesline+1","Flex","Run Through+1","Power Through","Pommel Strike+1"],"picked":"SKIP","floor":35},{"not_picked":["Hemokinesis+1","Iron Wave+1","Abandon","ReplayTheSpireMod:Corrosion Curse+1"],"picked":"Battle Trance+1","floor":36},{"not_picked":["Replay:Undeath\u0027s Touch+1","Body Slam+1","Bludgeon+1","Twin Strike+1","MostiFishMod:#F4004"],"picked":"SKIP","floor":36},{"not_picked":["Sword Boomerang+1","Dual Wield+1","Run Through+1","Life Link","Clothesline+1"],"picked":"SKIP","floor":37},{"not_picked":["Combust","AT_ManFootWork","Fire Breathing+1","True Grit","MostiFishMod:BrandingRite"],"picked":"SKIP","floor":37},{"not_picked":["ReplayTheSpireMod:Limb From Limb+1","AT_DrawKnifeCut+1","AT_GerminateFire+1","ReplayTheSpireMod:LeadingStrike+1","AT_DiedThrough+1"],"picked":"SKIP","floor":38},{"not_picked":["Blood for Blood+1","Ghostly Armor+1","Sword Boomerang+1","Havoc+1","Pommel Strike+1"],"picked":"SKIP","floor":38},{"not_picked":["Dark Embrace+1","Clothesline+1","Warcry","Twin Strike+1"],"picked":"Inflame+1","floor":41},{"not_picked":["Blood for Blood+1","AT_IchimonjiDouble+1","Havoc","Perfected Strike+1","Pommel Strike+1"],"picked":"SKIP","floor":41},{"not_picked":["Dropkick+1","Clash+1","Infernal Blade","Replay:Many Hands","True Grit"],"picked":"SKIP","floor":47},{"not_picked":["Fire Breathing","Perfected Strike+1","Havoc","ReplayTheSpireMod:Limb From Limb+1","Replay:Undeath\u0027s Touch+1"],"picked":"SKIP","floor":48},{"not_picked":["Reckless Charge+1","Run Through+1","True Grit","Anger+1","ReplayTheSpireMod:LeadingStrike+1"],"picked":"SKIP","floor":48}],"player_experience":1238342,"relics_obtained":[{"floor":1.0,"key":"SynthV:TestCard"},{"floor":7.0,"key":"Replay:Bandana"},{"floor":9.0,"key":"Prayer Wheel"},{"floor":23,"key":"Garlic"},{"floor":26,"key":"Self Forming Clay"},{"floor":30,"key":"conspire:DecoderRing"},{"floor":43,"key":"aspiration:FrozenJewel"}],"event_choices":[{"damage_healed":0.0,"max_hp_gain":0.0,"max_hp_loss":0.0,"gold_gain":0.0,"event_name":"conspire:LoneGhost","player_choice":"Disagree","floor":4.0,"gold_loss":0.0,"damage_taken":0.0},{"damage_healed":0.0,"max_hp_gain":0.0,"max_hp_loss":0.0,"gold_gain":75.0,"event_name":"FaceTrader","player_choice":"Touch","floor":5.0,"gold_loss":0.0,"damage_taken":8.0},{"damage_healed":0.0,"max_hp_gain":0.0,"max_hp_loss":0.0,"gold_gain":0.0,"event_name":"Accursed Blacksmith","player_choice":"Forge","floor":13.0,"gold_loss":0.0,"damage_taken":0.0,"cards_upgraded":["Double Tap"]},{"damage_healed":0,"gold_gain":99,"player_choice":"Stole From Cult","damage_taken":0,"max_hp_gain":0,"max_hp_loss":0,"event_name":"Nest","floor":27,"gold_loss":0},{"damage_healed":0,"gold_gain":0,"player_choice":"Opened","damage_taken":0,"relics_obtained":["MawBank"],"max_hp_gain":0,"max_hp_loss":0,"event_name":"The Mausoleum","floor":29,"gold_loss":0},{"damage_healed":0,"gold_gain":100,"player_choice":"Pray","damage_taken":0,"max_hp_gain":0,"max_hp_loss":0,"event_name":"Golden Shrine","floor":45,"gold_loss":0}],"is_beta":false,"boss_relics":[{"not_picked":["PatriotShield","ChewingGum"],"picked":"RhineSuit"},{"not_picked":["Abe\u0027s Treasure","Velvet Choker"],"picked":"ChiXiaoBlade"}],"items_purged_floors":[24,39,46],"is_endless":false,"potions_floor_spawned":[1,10,12,14,18,30,31,37,41,47],"ascension_level":7}}