{"host":"ixqzyafodex1tsi5","time":1610172319,"event":{"mods":["ATMod(°¢èªMod)","AchievementEnabler","Act Like it!","BaseMod","Gensokyo","GifTheSpireLib","Lobotomy","LobotomyExtend","Luminous","Minty Spire (QoL Compilation)","Relic Stats","Replay The Spire","RumiaBox-Â¶Ã×æ«µÄÉñÃØºÐ×Ó","Shop Mod","Spicy Shops","StSLib","The Cursed","[IsaacMod]ÒÔÈö¼âËþ","¡¾¹¦ÄÜMod¡¿»ìãçÖ®»·ÐÞ¸´²¹¶¡","¡¾ÒÅÎï¿¨ÅÆ¡¿REMEMod"],"gold_per_floor":[114,114,114,130,145,177,187,187,187,201,201,231,246,273,273,400,400,419,431,638,638,649,649,678,678,678,710,263,275,275,300,225,324,324,336,353,370,102,0,0,0,60,60,101,165,231,265,299,308,346],"floor_reached":51,"playtime":2492,"items_purged":["REME_FearOfPain"],"score":2704,"play_id":"1409d3e3-7408-466d-bc33-b1cb872f4c73","local_time":"20210109140519","is_ascension_mode":true,"campfire_choices":[{"data":"AT_KingSlayer","floor":8.0,"key":"SMITH"},{"data":"Sword Boomerang","floor":15,"key":"SMITH"},{"data":"Feed","floor":23,"key":"SMITH"},{"data":"ReplayTheSpireMod:Stacked","floor":25,"key":"SMITH"},{"data":"Pommel Strike","floor":30,"key":"SMITH"},{"data":"Offering","floor":40,"key":"SMITH"},{"data":"EpicFetus","floor":49,"key":"PURGE"}],"circlet_count":0,"master_deck":["Mercenary","Defend_R","Bash","AT_KingSlayer+1","Replay:AllIn","Replay:Undeath\u0027s Touch","Bloodletting+1","RedShoes","Sword Boomerang+1","ReplayTheSpireMod:Stacked+1","Pummel","Shrug It Off","Feed+1","Sword Boomerang","Warcry","Thunderclap","Bloodletting","Pommel Strike+1","Heavy Blade","Limit Break","Offering+1","BlueStar","Reaper","ReplayTheSpireMod:Corrosion Curse","Exhume"],"relics":["Burning Blood","HushsDoor","Void","CogitoBucket","RabbitCall","SecretRecord","SecretRecord","Replay:PocketPolymizer","Theresia","Red Skull","MagicMushroom","GuppysTail","NineLifeCat","SkinProphecy","ReplayTheSpireMod:Ring of Collecting","Oddly Smooth Stone","Ring of Panic","DeathBook","Vajra","SteamSale","Akabeko","SSSystem","Potion Belt","Lee\u0027s Waffle","AtMidnight","BackwardClock","REME_ChargedStone","GuppysHead","GuppysCollar","GuppysHairball","CrimsonScar_r","LetterFromLob","Orrery","Lantern","Replay:Bandana","MealTicket","Red Mask","CeramicFish","Pondfish Scales","REME_LimitBreaker","Bag of Preparation"],"acts_visited":["Exordium","TheCity","TheBeyond"],"potions_floor_usage":[16,18,45,46,50,50,51],"damage_taken":[{"damage":26.0,"enemies":"2 Louse","floor":1.0,"turns":3.0},{"damage":8.0,"enemies":"Small Slimes","floor":4.0,"turns":7.0},{"damage":0.0,"enemies":"Cultist","floor":5.0,"turns":2.0},{"damage":0.0,"enemies":"Gremlin Nob","floor":6.0,"turns":2.0},{"damage":10.0,"enemies":"2 Fungi Beasts","floor":7.0,"turns":4.0},{"damage":25.0,"enemies":"Looter","floor":10.0,"turns":4.0},{"damage":2,"enemies":"3 Sentries","floor":12,"turns":4},{"damage":6,"enemies":"Large Slime","floor":13,"turns":2},{"damage":5,"enemies":"Lagavulin","floor":14,"turns":2},{"damage":7,"enemies":"Slime Boss","floor":16,"turns":1},{"damage":6,"enemies":"Shell Parasite","floor":18,"turns":4},{"damage":2,"enemies":"3 Byrds","floor":19,"turns":2},{"damage":0,"enemies":"Snake Plant","floor":22,"turns":2},{"damage":14,"enemies":"Slavers","floor":24,"turns":3},{"damage":3,"enemies":"Gremlin Leader","floor":27,"turns":1},{"damage":5,"enemies":"Shelled Parasite and Fungi","floor":29,"turns":1},{"damage":0,"enemies":"Book of Stabbing","floor":31,"turns":1},{"damage":0,"enemies":"Collector","floor":33,"turns":1},{"damage":0,"enemies":"Orb Walker","floor":35,"turns":1},{"damage":13,"enemies":"3 Darklings","floor":36,"turns":2},{"damage":6,"enemies":"Jaw Worm Horde","floor":37,"turns":1},{"damage":0,"enemies":"R_Hoarder","floor":42,"turns":1},{"damage":9,"enemies":"Reptomancer","floor":44,"turns":1},{"damage":0,"enemies":"Writhing Mass","floor":45,"turns":1},{"damage":11,"enemies":"Transient","floor":46,"turns":1},{"damage":2,"enemies":"R_Hoarder","floor":47,"turns":1},{"damage":1,"enemies":"Maw","floor":48,"turns":1},{"damage":37,"enemies":"Awakened One","floor":50,"turns":2},{"damage":0,"enemies":"Malkuth","floor":51,"turns":1},{"damage":0,"enemies":"Hod","floor":51,"turns":1},{"damage":1,"enemies":"Tiphereth","floor":51,"turns":1},{"damage":0,"enemies":"Hokma","floor":51,"turns":1},{"damage":66,"enemies":"Angela","floor":51,"turns":2}],"seed_played":"3014208522200575270","potions_obtained":[{"floor":5.0,"key":"AttackPotion"},{"floor":12,"key":"REME_GoldPotion"},{"floor":13,"key":"Milkshake"},{"floor":14,"key":"Swift Potion"},{"floor":18,"key":"Energy Potion"},{"floor":24,"key":"LiquidMemories"},{"floor":33,"key":"Block Potion"},{"floor":36,"key":"Block Potion"},{"floor":42,"key":"REME_GoldPotion"},{"floor":45,"key":"Languid Potion"}],"is_trial":false,"path_per_floor":["M","?","?","M","M","E","M","R","T","M","?","E","M","E","R","B",null,"M","M","?","?","M","R","E","R","T","E","$","M","R","E","R","B",null,"M","M","M","$","?","R","?","E","T","E","M","M","E","M","R","B",null],"character_chosen":"IRONCLAD","items_purchased":["GuppysTail","NineLifeCat","SteamSale","Akabeko","SSSystem","Potion Belt","Lee\u0027s Waffle","GuppysHead","GuppysCollar","GuppysHairball","Orrery","Lantern","Replay:Bandana","MealTicket"],"campfire_rested":0,"item_purchase_floors":[17,17,28,28,28,28,28,34,34,34,38,38,38,38],"current_hp_per_floor":[52,32,32,30,36,42,38,38,38,19,43,47,47,48,48,47,15,15,21,16,16,24,24,13,13,13,18,46,39,39,57,57,59,37,39,29,31,31,31,31,31,51,51,44,46,57,57,58,58,20],"gold":410,"neow_bonus":"","is_daily":false,"chose_seed":false,"campfire_upgraded":6,"win_rate":0.0,"timestamp":1610172319,"path_taken":["M","?","?","M","M","E","M","R","T","M","?","E","M","E","R","BOSS","M","M","?","?","?","R","E","R","T","E","?","?","R","E","R","BOSS","M","?","M","$","?","R","?","E","T","E","M","M","E","M","R","BOSS"],"items_purchased_type":["Relic","Relic","Relic","Relic","Relic","Relic","Relic","Relic","Relic","Relic","Relic","Card","Relic","Relic"],"build_version":"2020-12-22","purchased_purges":1,"victory":true,"max_hp_per_floor":[80,80,80,80,80,80,80,80,80,80,75,75,75,75,75,75,15,15,22,22,22,29,29,31,31,31,39,46,50,50,68,68,70,37,39,41,49,49,49,49,49,51,51,53,55,57,59,61,61,65],"relic_stats":{"Lee\u0027s Waffle":28,"counters":[37,68],"CeramicFish":9,"MealTicket":0,"Bag of Preparation":[14],"obtain_stats":[{"AT_ATBox":0,"CeramicFish":42,"Vajra":27,"SSSystem":28,"SkinProphecy":18,"MealTicket":38,"Replay:Bottled Flurry":12,"Void":0,"WantedRequest":24,"KeepersGift":0,"BackwardClock":29,"Pear":31,"Oddly Smooth Stone":24,"AddBug":1,"REME_LimitBreaker":44,"SteamSale":28,"Akabeko":28,"ReplayTheSpireMod:Ring of Collecting":21,"HushsDoor":0,"Theresia":10,"InspiredRelic":11,"GuppysCollar":34,"RabbitCall":0,"GuppysTail":17,"Lantern":38,"Replay:PocketPolymizer":9,"REME_ChargedStone":34,"SecretRecord":1,"Bag of Preparation":47,"Burning Blood":0,"DeathBook":26,"CogitoBucket":0,"Replay:Bandana":38,"NineLifeCat":17,"CrimsonScar_r":36,"Red Mask":39,"Ring of Panic":26,"Red Skull":14,"Potion Belt":28,"Lee\u0027s Waffle":28,"Baka":1,"Pondfish Scales":43,"MagicMushroom":17,"AtMidnight":29,"Orrery":38,"LetterFromLob":7,"GuppysHead":34,"GuppysHairball":34,"REME_ComplimentaryCards":0},{"AT_ATBox":0,"CeramicFish":25,"Vajra":17,"SSSystem":17,"SkinProphecy":13,"MealTicket":24,"Replay:Bottled Flurry":8,"Void":0,"WantedRequest":16,"KeepersGift":0,"BackwardClock":19,"Pear":20,"Oddly Smooth Stone":16,"AddBug":1,"REME_LimitBreaker":26,"SteamSale":17,"Akabeko":17,"ReplayTheSpireMod:Ring of Collecting":14,"HushsDoor":0,"Theresia":7,"InspiredRelic":7,"GuppysCollar":21,"RabbitCall":0,"GuppysTail":11,"Lantern":24,"Replay:PocketPolymizer":5,"REME_ChargedStone":21,"SecretRecord":1,"Bag of Preparation":29,"Burning Blood":0,"DeathBook":16,"CogitoBucket":0,"Replay:Bandana":24,"NineLifeCat":11,"CrimsonScar_r":23,"Red Mask":24,"Ring of Panic":16,"Red Skull":10,"Potion Belt":17,"Lee\u0027s Waffle":17,"Baka":1,"Pondfish Scales":25,"MagicMushroom":11,"AtMidnight":19,"Orrery":24,"LetterFromLob":5,"GuppysHead":21,"GuppysHairball":21,"REME_ComplimentaryCards":0},{"AT_ATBox":0,"CeramicFish":54,"Vajra":45,"SSSystem":45,"SkinProphecy":37,"MealTicket":53,"Replay:Bottled Flurry":27,"Void":0,"WantedRequest":44,"KeepersGift":0,"BackwardClock":47,"Pear":48,"Oddly Smooth Stone":44,"AddBug":3,"REME_LimitBreaker":55,"SteamSale":45,"Akabeko":45,"ReplayTheSpireMod:Ring of Collecting":39,"HushsDoor":0,"Theresia":23,"InspiredRelic":23,"GuppysCollar":49,"RabbitCall":0,"GuppysTail":32,"Lantern":53,"Replay:PocketPolymizer":18,"REME_ChargedStone":49,"SecretRecord":3,"Bag of Preparation":58,"Burning Blood":0,"DeathBook":44,"CogitoBucket":0,"Replay:Bandana":53,"NineLifeCat":32,"CrimsonScar_r":51,"Red Mask":53,"Ring of Panic":44,"Red Skull":31,"Potion Belt":45,"Lee\u0027s Waffle":45,"Baka":3,"Pondfish Scales":54,"MagicMushroom":32,"AtMidnight":47,"Orrery":53,"LetterFromLob":18,"GuppysHead":49,"GuppysHairball":49,"REME_ComplimentaryCards":0}],"Burning Blood":194},"card_choices":[{"not_picked":[],"picked":"EpicFetus","floor":0.0},{"not_picked":["VoidDream","Bloodbath","MHz"],"picked":"Singing Bowl","floor":1.0},{"not_picked":["Shrug It Off","AT_CaressingTears"],"picked":"Replay:Undeath\u0027s Touch","floor":1.0},{"not_picked":["LittlePrince","MHz","MeatLantern"],"picked":"Singing Bowl","floor":4.0},{"not_picked":["WallGazer","LittlePrince"],"picked":"RedShoes","floor":4.0},{"not_picked":["Fire Breathing","Clash"],"picked":"Sword Boomerang","floor":4.0},{"not_picked":["Mercenary","Murderer","PunishingBird"],"picked":"Singing Bowl","floor":5.0},{"not_picked":["Uppercut","Replay:Undeath\u0027s Touch","Armaments"],"picked":"SKIP","floor":5.0},{"not_picked":["DreamingCurrent","BeautyBeast","Murderer"],"picked":"Singing Bowl","floor":6.0},{"not_picked":["Clothesline","Barricade"],"picked":"ReplayTheSpireMod:Stacked","floor":6.0},{"not_picked":["CherryBlossoms","Wellcheers","Rudolta"],"picked":"Singing Bowl","floor":7.0},{"not_picked":["Anger","Dark Embrace","REME_TheLastStrike"],"picked":"SKIP","floor":7.0},{"not_picked":["NakedNest","CherryBlossoms","LittleHelper"],"picked":"Singing Bowl","floor":10.0},{"not_picked":["ReplayTheSpireMod:Muscle Training","Impervious","Armaments"],"picked":"SKIP","floor":10.0},{"not_picked":["Wellcheers","HeroicMonk","WhitesApple"],"picked":"Singing Bowl","floor":12},{"not_picked":["Bloodbath","Scorched"],"picked":"Mercenary","floor":12},{"not_picked":["Cleave","Iron Wave"],"picked":"Pummel","floor":12},{"not_picked":["LaLuna","FairyFestival","Bloodbath"],"picked":"Singing Bowl","floor":13},{"not_picked":["Dark Embrace","Clash"],"picked":"Shrug It Off","floor":13},{"not_picked":["Funeral","LittlePrince","BeautyBeast"],"picked":"Singing Bowl","floor":14},{"not_picked":["REME_TheLastStrike","Battle Trance","Clothesline"],"picked":"SKIP","floor":14},{"not_picked":["PunishingBird","LongBird"],"picked":"BigBird","floor":16},{"not_picked":["REME_ACTH","Exhume"],"picked":"Feed","floor":16},{"not_picked":["OSAHOGD","SpiderBud","SnowQueen"],"picked":"Singing Bowl","floor":18},{"not_picked":["Iron Wave","ReplayTheSpireMod:Stacked+1","Juggernaut"],"picked":"SKIP","floor":18},{"not_picked":["BlackSwan","Murderer","BeautyBeast"],"picked":"Singing Bowl","floor":19},{"not_picked":["Replay:Undeath\u0027s Touch","Havoc"],"picked":"Sword Boomerang","floor":19},{"not_picked":["DreamingCurrent","SpiderBud","QueenBee"],"picked":"Singing Bowl","floor":22},{"not_picked":["Barricade","Replay:Undeath\u0027s Touch+1","Sword Boomerang"],"picked":"SKIP","floor":22},{"not_picked":["WallGazer","Laetitia","OSAHOGD"],"picked":"Singing Bowl","floor":24},{"not_picked":["Searing Blow","Defy Death"],"picked":"Thunderclap","floor":24},{"not_picked":["WhiteNight","CrumblingArmor","UniverseFragment"],"picked":"Singing Bowl","floor":27},{"not_picked":["AT_IchimonjiDouble","Twin Strike"],"picked":"Pommel Strike","floor":27},{"not_picked":["QueenBee","SpiderBud","LongBird"],"picked":"Singing Bowl","floor":29},{"not_picked":["Havoc","Warcry+1","Disarm"],"picked":"SKIP","floor":29},{"not_picked":["HappyTeddy","OSAHOGD","PunishingBird"],"picked":"Singing Bowl","floor":31},{"not_picked":["Pummel","Battle Trance"],"picked":"Limit Break","floor":31},{"not_picked":["HappyTeddy","LittlePrince"],"picked":"Mercenary","floor":33},{"not_picked":["BodiesMountain","BlackArmy","QueenOfHatred"],"picked":"Singing Bowl","floor":35},{"not_picked":["Replay:Undeath\u0027s Touch+1","Pommel Strike+1","Shrug It Off"],"picked":"SKIP","floor":35},{"not_picked":["CENSORED","CrumblingArmor","MHz"],"picked":"Singing Bowl","floor":36},{"not_picked":["Intimidate","Clothesline","Armaments+1"],"picked":"SKIP","floor":36},{"not_picked":["GreedKing","Wellcheers"],"picked":"BlueStar","floor":37},{"not_picked":["ReplayTheSpireMod:Strike From Hell+1","Shrug It Off+1","Cleave+1"],"picked":"SKIP","floor":37},{"not_picked":["Iron Wave+1","Blood for Blood+1"],"picked":"Reaper","floor":38},{"not_picked":["SnowQueen","Wellcheers","Variant"],"picked":"Singing Bowl","floor":42},{"not_picked":["Run Through+1","AT_DrawKnifeCut+1","Feel No Pain+1"],"picked":"SKIP","floor":42},{"not_picked":["Freischutz","WhitesApple","LaLuna"],"picked":"Singing Bowl","floor":44},{"not_picked":["AT_ShrugMaster","Heavy Blade+1","AT_IchimonjiDouble"],"picked":"SKIP","floor":44},{"not_picked":["WhiteNight","CherryBlossoms","GreedKing"],"picked":"Singing Bowl","floor":45},{"not_picked":["Body Slam","Pummel","Replay:Undeath\u0027s Touch+1"],"picked":"SKIP","floor":45},{"not_picked":["Scorched","Scarecrow","WhitesApple"],"picked":"Singing Bowl","floor":46},{"not_picked":["Battle Trance","Fire Breathing","Havoc"],"picked":"SKIP","floor":46},{"not_picked":["BeautyBeast","SilentOrchestra","GalaxyChild"],"picked":"Singing Bowl","floor":47},{"not_picked":["Massacre+1","Demonic Infusion","Iron Wave"],"picked":"SKIP","floor":47},{"not_picked":["Alriune","DreamingCurrent","CENSORED"],"picked":"Singing Bowl","floor":48},{"not_picked":["Whirlwind+1","Spot Weakness","AT_BodySlamDance"],"picked":"SKIP","floor":48}],"player_experience":253935,"relics_obtained":[{"floor":1.0,"key":"AddBug"},{"floor":1.0,"key":"Baka"},{"floor":1.0,"key":"LetterFromLob"},{"floor":4.0,"key":"LetterFromLob"},{"floor":5.0,"key":"LetterFromLob"},{"floor":6.0,"key":"Girya"},{"floor":6.0,"key":"LetterFromLob"},{"floor":7.0,"key":"SecretRecord"},{"floor":7.0,"key":"LetterFromLob"},{"floor":9.0,"key":"Replay:PocketPolymizer"},{"floor":12,"key":"LetterFromLob"},{"floor":12,"key":"Replay:Bottled Flurry"},{"floor":14,"key":"Red Skull"},{"floor":14,"key":"LetterFromLob"},{"floor":16,"key":"LetterFromLob"},{"floor":18,"key":"LetterFromLob"},{"floor":19,"key":"LetterFromLob"},{"floor":21,"key":"ReplayTheSpireMod:Ring of Collecting"},{"floor":22,"key":"LetterFromLob"},{"floor":24,"key":"LetterFromLob"},{"floor":24,"key":"Oddly Smooth Stone"},{"floor":26,"key":"Ring of Panic"},{"floor":26,"key":"DeathBook"},{"floor":27,"key":"Vajra"},{"floor":27,"key":"LetterFromLob"},{"floor":29,"key":"AtMidnight"},{"floor":29,"key":"LetterFromLob"},{"floor":31,"key":"Pear"},{"floor":31,"key":"LetterFromLob"},{"floor":33,"key":"LetterFromLob"},{"floor":35,"key":"LetterFromLob"},{"floor":36,"key":"LetterFromLob"},{"floor":42,"key":"CeramicFish"},{"floor":43,"key":"Pondfish Scales"},{"floor":44,"key":"REME_LimitBreaker"},{"floor":47,"key":"Bag of Preparation"}],"event_choices":[{"damage_healed":0.0,"max_hp_gain":0.0,"max_hp_loss":0.0,"gold_gain":0.0,"event_name":"Golden Idol","player_choice":"Take Damage","floor":2.0,"gold_loss":0.0,"damage_taken":20.0,"relics_obtained":["Golden Idol"]},{"cards_removed":["Strike_R"],"damage_healed":0,"gold_gain":0,"player_choice":"Gave Gold","damage_taken":0,"max_hp_gain":0,"max_hp_loss":0,"event_name":"Beggar","floor":32,"gold_loss":75},{"damage_healed":0,"gold_gain":0,"player_choice":"Paid","damage_taken":0,"relics_obtained":["Red Mask"],"max_hp_gain":0,"max_hp_loss":0,"event_name":"Tomb of Lord Red Mask","floor":39,"gold_loss":102},{"cards_removed":["Strike_R"],"damage_healed":0,"gold_gain":0,"player_choice":"Purged","damage_taken":0,"max_hp_gain":0,"max_hp_loss":0,"event_name":"Purifier","floor":41,"gold_loss":0}],"is_beta":false,"boss_relics":[{"not_picked":["Pandora\u0027s Box","Snecko Eye"],"picked":"MagicMushroom"},{"not_picked":[]},{"not_picked":["Tiny House","Runic Dome"],"picked":"REME_ChargedStone"},{"not_picked":[]}],"items_purged_floors":[28],"is_endless":false,"potions_floor_spawned":[5,12,13,14,18,24,33,36,42,44,45],"ascension_level":8}}