{"host":"gj3450u0c4def4mj","time":1610233316,"event":{"mods":["2.2 Compatiblity","Act Like it!","BaseMod","Gensokyo","Minty Spire (QoL Compilation)","Permanent Neow","Reimu??????","StSLib"],"gold_per_floor":[217,234,76,91,91,120,120,146,146,2,16,44,44,44,44,141,141,157,157,157,174,174,174,206,206,206,239,239,239,239,339,339,443,443,462,462,462,462,474,505,280,280,280,298,312,329,329,364,364,364],"floor_reached":51,"playtime":4470,"items_purged":["Strike_Lin:ReiMu","Strike_Lin:ReiMu","Defend_Lin:ReiMu"],"score":1568,"play_id":"de31fcad-a80a-489d-909d-baf13981dc26","local_time":"20210109180156","is_ascension_mode":true,"campfire_choices":[{"floor":7.0,"key":"REST"},{"data":"Gathering:ReiMu","floor":13.0,"key":"SMITH"},{"floor":15.0,"key":"REST"},{"data":"SafetyPray:ReiMu","floor":23.0,"key":"SMITH"},{"data":"SubcavityFantasy:ReiMu","floor":25.0,"key":"SMITH"},{"data":"SafetyPray:ReiMu","floor":30.0,"key":"SMITH"},{"floor":32.0,"key":"DIG"},{"floor":42.0,"key":"DIG"},{"data":"SafetyPray:ReiMu","floor":47.0,"key":"SMITH"},{"data":"Gensokyo:LifeSpringInfinity","floor":49.0,"key":"SMITH"}],"circlet_count":0,"master_deck":["AscendersBane","NB:ReiMu","Stagnation:ReiMu","SpreadBorder2:ReiMu","Gathering:ReiMu+1","Conquer:ReiMu+1","FineLineFantasy:ReiMu","SafetyPray:ReiMu+1","SafetyPray:ReiMu+1","FineLineFantasy:ReiMu","CareerPray:ReiMu","CareerPray:ReiMu","SafetyPray:ReiMu+1","Dreaming:ReiMu+1","CareerPray:ReiMu","SubcavityFantasy:ReiMu+1","CareerPray:ReiMu","LearningPray:ReiMu","PrayRite:ReiMu","Gensokyo:LifeSpringInfinity+1","FineLineFantasy:ReiMu+1","SafetyPray:ReiMu+1","FineLineFantasy:ReiMu+1"],"relics":["FlyPower:ReiMu","StrikeDummy","Smiling Mask","Question Card","Regal Pillow","Gensokyo:Mercy","DonationBox:ReiMu","Gensokyo:SongOfSouls","Gensokyo:ConquerorOfFear","SkyOrb:ReiMu","FossilizedHelix","Potion Belt","Ancient Tea Set","Centennial Puzzle","Shovel","Turnip","Bronze Scales","Empty Cage","Strawberry","Blue Candle","Toxic Egg 2","Whetstone","Vajra"],"acts_visited":["Gensokyo:Gensokyo","Gensokyo:Gensokyoer","Gensokyo:Gensokyoest"],"potions_floor_usage":[50,50,50,50],"damage_taken":[{"damage":14.0,"enemies":"Gensokyo:Gryphon","floor":1.0,"turns":5.0},{"damage":13.0,"enemies":"Gensokyo:2_Kodama","floor":2.0,"turns":6.0},{"damage":4.0,"enemies":"Gensokyo:3_Fairies","floor":4.0,"turns":4.0},{"damage":15.0,"enemies":"Gensokyo:Aya","floor":6.0,"turns":6.0},{"damage":0.0,"enemies":"Gensokyo:Mamizou","floor":8.0,"turns":12.0},{"damage":6.0,"enemies":"Gensokyo:2_Rabbits","floor":11.0,"turns":9.0},{"damage":5.0,"enemies":"Gensokyo:Aya","floor":12.0,"turns":8.0},{"damage":0.0,"enemies":"Gensokyo:Kokoro","floor":16.0,"turns":11.0},{"damage":10.0,"enemies":"Gensokyo:3_Dogs","floor":18.0,"turns":7.0},{"damage":0.0,"enemies":"Gensokyo:Chomper","floor":21.0,"turns":6.0},{"damage":1.0,"enemies":"Gensokyo:Tenshi","floor":24.0,"turns":7.0},{"damage":5.0,"enemies":"Gensokyo:Koishi","floor":27.0,"turns":6.0},{"damage":0.0,"enemies":"Gensokyo:Koishi","floor":31.0,"turns":8.0},{"damage":0.0,"enemies":"Gensokyo:Eternal_Rivals","floor":33.0,"turns":9.0},{"damage":0.0,"enemies":"Gensokyo:3_Bats","floor":35.0,"turns":5.0},{"damage":28.0,"enemies":"Gensokyo:3_Bats","floor":37.0,"turns":15.0},{"damage":0.0,"enemies":"Gensokyo:AncientGuardian","floor":39.0,"turns":7.0},{"damage":0.0,"enemies":"Gensokyo:Doremy","floor":40.0,"turns":7.0},{"damage":20.0,"enemies":"Gensokyo:4_Bats","floor":44.0,"turns":4.0},{"damage":0.0,"enemies":"Gensokyo:Rafflesia","floor":45.0,"turns":7.0},{"damage":0.0,"enemies":"Gensokyo:Sharpion","floor":46.0,"turns":5.0},{"damage":0.0,"enemies":"Gensokyo:Kasen","floor":48.0,"turns":7.0},{"damage":0,"enemies":"Gensokyo:Shinki","floor":50,"turns":9}],"seed_played":"603316435296649309","potions_obtained":[{"floor":2.0,"key":"BottledKami:ReiMu"},{"floor":6.0,"key":"Fire Potion"},{"floor":8.0,"key":"BottledKami:ReiMu"},{"floor":44.0,"key":"EntropicBrew"},{"floor":48.0,"key":"PowerPotion"}],"is_trial":false,"path_per_floor":["M","M","$","M","?","E","R","E","T","$","M","E","R","?","R","B",null,"M","?","?","M","T","R","E","R","T","E","?","$","R","?","R","B",null,"M","?","?","?","M","E","$","R","T","M","M","M","R","E","R","B",null],"character_chosen":"REIMU","items_purchased":["Conquer:ReiMu","FineLineFantasy:ReiMu","CareerPray:ReiMu","SubAcupoint:ReiMu","Energy Potion","LiquidBronze","Strength Potion"],"campfire_rested":2,"item_purchase_floors":[3,3,10,10,41,41,41],"current_hp_per_floor":[45,32,32,28,28,13,32,32,32,32,26,21,21,21,55,55,63,53,53,53,53,53,53,52,52,52,47,47,47,47,47,47,47,57,57,64,64,64,64,64,64,64,64,44,44,44,44,44,44,44],"gold":364,"neow_bonus":"HUNDRED_GOLD","is_daily":false,"chose_seed":false,"campfire_upgraded":6,"win_rate":0.0,"timestamp":1610233316,"path_taken":["M","M","$","M","?","E","R","E","T","$","M","E","R","?","R","BOSS","M","?","?","M","?","R","E","R","T","E","?","$","R","?","R","BOSS","M","?","?","?","M","E","$","R","T","M","M","?","R","E","R","BOSS"],"items_purchased_type":["Card","Card","Card","Card","Potion","Potion","Potion"],"build_version":"2020-12-22","purchased_purges":3,"victory":true,"max_hp_per_floor":[65,65,65,65,65,65,65,65,65,65,65,65,65,65,65,65,65,65,65,65,65,65,65,65,65,65,65,60,60,60,60,60,60,60,60,67,67,67,67,67,67,67,67,67,67,67,67,67,67,67],"card_choices":[{"not_picked":["Amulet:ReiMu","CareerPray:ReiMu"],"picked":"SpreadBorder2:ReiMu","floor":1.0},{"not_picked":["EmergencyTakeOff:ReiMu","Enchanting:ReiMu"],"picked":"Gathering:ReiMu","floor":2.0},{"not_picked":["ShadowOfCrow2:ReiMu","SpiritualOutbreak2:ReiMu"],"picked":"SafetyPray:ReiMu","floor":4.0},{"not_picked":["EmergencyTakeOff:ReiMu","ShadowOfCrow2:ReiMu"],"picked":"SafetyPray:ReiMu","floor":6.0},{"not_picked":["SpringWay:ReiMu","Intuition:ReiMu"],"picked":"FineLineFantasy:ReiMu","floor":8.0},{"not_picked":["TakeOff:ReiMu","Conquer:ReiMu","AlertArray:ReiMu"],"picked":"CareerPray:ReiMu","floor":11.0},{"not_picked":["RainPray2:ReiMu","EmergencyTakeOff:ReiMu","UpKicking:ReiMu"],"picked":"SafetyPray:ReiMu","floor":12.0},{"not_picked":["DependentForm:ReiMu","Determination:ReiMu","OctopathSalyBorderN:ReiMu"],"picked":"Dreaming:ReiMu","floor":16.0},{"not_picked":["RainPray2:ReiMu","Meditation:ReiMu","OrbThrow:ReiMu","WonderfulDomain:ReiMu"],"picked":"SKIP","floor":18.0},{"not_picked":["Revelation:ReiMu","InherentArray:ReiMu","BarrageOfMoneybags:ReiMu"],"picked":"CareerPray:ReiMu","floor":21.0},{"not_picked":["SubAcupoint:ReiMu","Enchanting:ReiMu+1","SubcavityInstant:ReiMu"],"picked":"SubcavityFantasy:ReiMu","floor":24.0},{"not_picked":["SpiritualOutbreak2:ReiMu","SubcavityInstant:ReiMu","SealNeedle:ReiMu"],"picked":"CareerPray:ReiMu","floor":27.0},{"not_picked":["Enchanting:ReiMu","TightArray:ReiMu","InherentArray:ReiMu"],"picked":"LearningPray:ReiMu","floor":31.0},{"not_picked":["HakureiPhantom:ReiMu","CleanRite:ReiMu","RunawayExorcism:ReiMu"],"picked":"PrayRite:ReiMu","floor":33.0},{"not_picked":["PassingAway:ReiMu+1","OrbThrow:ReiMu","TightArray:ReiMu","Intuition:ReiMu+1"],"picked":"SKIP","floor":35.0},{"not_picked":["Gensokyo:UnhurriedMind","Gensokyo:RisingWorld"],"picked":"Gensokyo:LifeSpringInfinity","floor":37.0},{"not_picked":["OctopathBindingBorder2:ReiMu+1","ShadowOfCrow2:ReiMu","Intuition:ReiMu","SpreadBorder2:ReiMu"],"picked":"SKIP","floor":39.0},{"not_picked":["OctopathSalyBorderN:ReiMu","AlertArray:ReiMu","RainPray2:ReiMu+1"],"picked":"FineLineFantasy:ReiMu+1","floor":40.0},{"not_picked":["PayForSelf:ReiMu","EmergencyTakeOff:ReiMu+1","HakureiPhantom:ReiMu+1"],"picked":"SafetyPray:ReiMu+1","floor":44.0},{"not_picked":["PayForSelf:ReiMu","Amulet:ReiMu+1","AlertArray:ReiMu+1","Meditation:ReiMu+1"],"picked":"SKIP","floor":45.0},{"not_picked":["AlertArray:ReiMu+1","PassingAway:ReiMu+1","Amulet:ReiMu+1"],"picked":"FineLineFantasy:ReiMu+1","floor":46.0},{"not_picked":["FantasyBorder:ReiMu+1","UniversalSpiritual:ReiMu+1","InherentArray:ReiMu","FoulBorder2:ReiMu"],"picked":"SKIP","floor":48.0}],"player_experience":92334,"relics_obtained":[{"floor":6.0,"key":"StrikeDummy"},{"floor":8.0,"key":"Smiling Mask"},{"floor":9.0,"key":"Question Card"},{"floor":12.0,"key":"Regal Pillow"},{"floor":21.0,"key":"Gensokyo:ConquerorOfFear"},{"floor":22.0,"key":"SkyOrb:ReiMu"},{"floor":24.0,"key":"FossilizedHelix"},{"floor":26.0,"key":"Potion Belt"},{"floor":27.0,"key":"Ancient Tea Set"},{"floor":31.0,"key":"Shovel"},{"floor":31.0,"key":"Turnip"},{"floor":32.0,"key":"Bronze Scales"},{"floor":40.0,"key":"Blue Candle"},{"floor":42.0,"key":"Toxic Egg 2"},{"floor":43.0,"key":"Whetstone"},{"floor":48.0,"key":"Vajra"}],"event_choices":[],"is_beta":false,"boss_relics":[{"not_picked":["Snecko Eye","Busted Crown"],"picked":"DonationBox:ReiMu"},{"not_picked":["Calling Bell","Coffee Dripper"],"picked":"Empty Cage"}],"items_purged_floors":[3,10,41],"is_endless":false,"potions_floor_spawned":[2,6,8,16,24,44,45,46,48],"ascension_level":12}}