{"host":"i41n6wh529970c2c","time":1610165035,"event":{"mods":["Act Like it!","BaseMod","BetterRewards","Friendly Minions","Gold Saver","Hallownest","Hermit","Minty Spire (QoL Compilation)","Replay The Spire","Shop Mod","StSLib","The Bug Knight"],"gold_per_floor":[494,419,443,229,249,249,276,276,302,329,361,407,419,454,466,584,596,596,596,596,596,596,596,516,130,130,130,130,130,130,130,130,130,130,130,130,50,50,50,50,50,50,50,50,50,50,50,50,50,50],"floor_reached":51,"playtime":34274,"items_purged":["HollowMod:NailStrikeStart","HollowMod:NailStrikeStart"],"score":1277,"play_id":"2d5bff8c-1dbb-41e5-afbf-ce185948c39d","local_time":"20210108230355","is_ascension_mode":true,"campfire_choices":[{"data":"HollowMod:LordofShades","floor":6.0,"key":"SMITH"},{"floor":13.0,"key":"REST"},{"data":"HollowMod:DescendingDark","floor":15.0,"key":"SMITH"},{"data":"HollowMod:SiblingsShadow","floor":47,"key":"SMITH"},{"data":"HollowMod:WraithStrike","floor":49,"key":"SMITH"}],"circlet_count":0,"master_deck":["HollowMod:NailStrikeStart","HollowMod:QuickDashStart+1","HollowMod:QuickDashStart","HollowMod:FocusHealStart","HollowMod:PogoStrike","HollowMod:VengefulVoid","HollowMod:AbyssShriek","HollowMod:CycloneSlash+1","HollowMod:LordofShades+1","HollowMod:CloakDash+1","HollowMod:LuriensSpire","HollowMod:SiblingsShadow","HollowMod:ZotesMagnificence","HollowMod:DescendingDark+1","HollowMod:VoidDash","HollowMod:VengefulVoid+1","Hallownest:skillCityofTearsMap","HollowMod:MantisMark","HollowMod:SiblingsSouls+1","HollowMod:DreamGate","HollowMod:FastStrike+1","HollowMod:SiblingsShadow","HollowMod:LifebloodCore","HollowMod:DescendingDark","Hallownest:attackMasterDashSlash","HollowMod:AbyssShriek+1","HollowMod:VengefulVoid+1","HollowMod:VengefulVoid+1","HollowMod:WraithStrike+1","HollowMod:PerfectDash+1","HollowMod:CloakDash+1","HollowMod:DescendingDark+1","HollowMod:SiblingsShadow+1"],"relics":["HollowMod:VesselMask","PreservedInsect","Hallownest:BankAccountRelic","ReplayFunnel","Smiling Mask","Hallownest:DreamNailRelic","CeramicFish","MawBank","War Paint","Ectoplasm","Red Mask","Happy Flower","Potion Belt","Dead Branch","WingedGreaves","Ginger","Peace Pipe","ReplayTheSpireMod:Onyx Gauntlets","Ancient Tea Set","Replay:Rubber Ducky","Oddly Smooth Stone","Blue Doll","Replay:PocketPolymizer"],"acts_visited":["Hallownest:Greenpath","Hallownest:CityofTears","Hallownest:KingdomsEdge"],"potions_floor_usage":[50,50,50],"damage_taken":[{"damage":13.0,"enemies":"2_ Uuma","floor":1.0,"turns":4.0},{"damage":0.0,"enemies":"Hallownest:2_Baldur","floor":5.0,"turns":2.0},{"damage":13.0,"enemies":"Hallownest:eliteVengeflyKing","floor":7.0,"turns":6.0},{"damage":18.0,"enemies":"Hallownest:eliteMossKnight","floor":10.0,"turns":16.0},{"damage":3.0,"enemies":"Hallownest:monsterHuskGuard","floor":11.0,"turns":5.0},{"damage":17.0,"enemies":"Hallownest:eliteCrystalGuardian","floor":12.0,"turns":5.0},{"damage":0.0,"enemies":"Hallownest:monsterAspidMother","floor":14.0,"turns":3.0},{"damage":50.0,"enemies":"Hallownest:BossBrokenVessel","floor":16.0,"turns":10.0},{"damage":0.0,"enemies":"Hallownest:3_Youths","floor":18.0,"turns":3.0},{"damage":1.0,"enemies":"Hallownest:Guard_and_Sentry","floor":22.0,"turns":2.0},{"damage":10.0,"enemies":"Hallownest:eliteSoulWarrior","floor":23.0,"turns":6.0},{"damage":4.0,"enemies":"Hallownest:Nosk","floor":27.0,"turns":6.0},{"damage":4.0,"enemies":"Hallownest:Glutton_and_Coward","floor":28.0,"turns":2.0},{"damage":4.0,"enemies":"Hallownest:3_Mistakes","floor":29.0,"turns":2.0},{"damage":0.0,"enemies":"Hallownest:eliteWatcherKnight","floor":30.0,"turns":8.0},{"damage":17.0,"enemies":"Hallownest:BossGrimm","floor":33.0,"turns":5.0},{"damage":0.0,"enemies":"Hallownest:Shield_Heavy","floor":35.0,"turns":2.0},{"damage":12.0,"enemies":"Hallownest:2_Littles","floor":36.0,"turns":2.0},{"damage":0.0,"enemies":"Hallownest:2_Great","floor":38.0,"turns":3.0},{"damage":0,"enemies":"Hallownest:eliteCollector","floor":40,"turns":3},{"damage":10,"enemies":"Hallownest:2_Soldiers_and_1_Guardian","floor":41,"turns":2},{"damage":0,"enemies":"Hallownest:eliteHiveKnight","floor":42,"turns":3},{"damage":0,"enemies":"Hallownest:StalkingDevout","floor":44,"turns":2},{"damage":1,"enemies":"Hallownest:2_Wandering_and_1_Horned","floor":45,"turns":3},{"damage":0,"enemies":"Hallownest:eliteCollector","floor":46,"turns":3},{"damage":3,"enemies":"Hallownest:Radiance","floor":50,"turns":3}],"seed_played":"-6560003624223198263","potions_obtained":[{"floor":5.0,"key":"DuplicationPotion"},{"floor":7.0,"key":"BlessingOfTheForge"},{"floor":11.0,"key":"FearPotion"},{"floor":14.0,"key":"FairyPotion"},{"floor":18.0,"key":"LifebloodPotion"},{"floor":23.0,"key":"Elixir"},{"floor":27.0,"key":"LiquidBronze"},{"floor":40,"key":"Regen Potion"},{"floor":41,"key":"SmokeBomb"},{"floor":45,"key":"Dexterity Potion"}],"is_trial":false,"path_per_floor":["M","?","T","$","M","R","E","?","T","E","M","E","R","M","R","B",null,"M","?","?","?","M","E","?","$","T","E","M","M","E","?","R","B",null,"M","M","?","M","?","E","M","E","T","E","M","E","R","$","R","B",null],"character_chosen":"THE_BUGKNIGHT","items_purchased":["PreservedInsect","HollowMod:AbyssShriek","HollowMod:LordofShades","HollowMod:MantisMark","Dead Branch"],"campfire_rested":1,"item_purchase_floors":[0,0,4,25,25],"current_hp_per_floor":[48,48,48,48,48,48,35,35,35,27,24,7,29,29,29,4,75,75,75,75,75,74,64,64,64,64,60,56,52,52,48,70,53,75,75,63,63,63,63,63,58,58,58,58,57,57,57,57,57,63],"gold":50,"neow_bonus":"","is_daily":false,"chose_seed":false,"campfire_upgraded":4,"win_rate":0.0,"timestamp":1610165035,"path_taken":["M","?","?","$","M","R","E","?","T","E","M","E","R","M","R","BOSS","M","?","?","?","M","E","?","$","T","E","?","M","E","?","R","BOSS","M","M","?","M","?","E","?","E","T","E","M","E","R","$","R","BOSS"],"items_purchased_type":["Relic","Card","Card","Card","Relic"],"build_version":"2020-12-22","purchased_purges":2,"victory":true,"max_hp_per_floor":[75,75,75,75,75,75,75,75,75,75,75,75,75,75,75,75,75,75,75,75,75,75,75,75,75,75,75,75,75,75,75,75,75,75,75,75,75,75,75,75,75,75,75,75,75,75,75,75,75,75],"card_choices":[{"not_picked":["HollowMod:SoulSplash","HollowMod:VengefulVoid"],"picked":"HollowMod:CycloneSlash","floor":1.0},{"not_picked":["HollowMod:DoubleDash","HollowMod:LifebloodCocoon"],"picked":"HollowMod:CloakDash","floor":5.0},{"not_picked":["HollowMod:ChannelNail","HollowMod:CornifersMapStart"],"picked":"HollowMod:LuriensSpire","floor":7.0},{"not_picked":["HollowMod:CycloneSlash","HollowMod:SoulVessel","HollowMod:NewGlowingWomb"],"picked":"SKIP","floor":10.0},{"not_picked":["HollowMod:ShadowDash","HollowMod:CloakDash"],"picked":"HollowMod:SiblingsShadow","floor":11.0},{"not_picked":["HollowMod:InfectionAssault","HollowMod:CrystalDash"],"picked":"HollowMod:ZotesMagnificence","floor":12.0},{"not_picked":["HollowMod:HeavyBlow","HollowMod:SiblingsSouls"],"picked":"HollowMod:DescendingDark","floor":14.0},{"not_picked":["HollowMod:Weaversong","HollowMod:Hiveblood"],"picked":"HollowMod:VoidDash","floor":16.0},{"not_picked":["HollowMod:InfectedCysts","HollowMod:HeavyBlow+1","HollowMod:MawleksShell"],"picked":"SKIP","floor":18.0},{"not_picked":["HollowMod:DoubleDash","HollowMod:FastStrike"],"picked":"HollowMod:VengefulVoid+1","floor":22.0},{"not_picked":["HollowMod:ShapeofUnn","HollowMod:SoulVessel","HollowMod:NewLittleFool"],"picked":"SKIP","floor":23.0},{"not_picked":["HollowMod:GrimmsGift","HollowMod:SoulStrike"],"picked":"HollowMod:SiblingsSouls+1","floor":27.0},{"not_picked":["HollowMod:InfectedCysts","HollowMod:DashSlash"],"picked":"HollowMod:DreamGate","floor":28.0},{"not_picked":["HollowMod:GoodIntentions","HollowMod:TaintedHusks"],"picked":"HollowMod:FastStrike+1","floor":29.0},{"not_picked":["HollowMod:MothsMistake","HollowMod:DungDefenderAura"],"picked":"HollowMod:SiblingsShadow","floor":30.0},{"not_picked":["HollowMod:ElderbugsWisdom","HollowMod:HerrahsAnger"],"picked":"HollowMod:LifebloodCore","floor":33.0},{"not_picked":["HollowMod:CycloneSlash","HollowMod:CrystalDash","HollowMod:DoubleDash"],"picked":"SKIP","floor":35.0},{"not_picked":["HollowMod:DreamGate+1","HollowMod:SharpenedNail+1"],"picked":"HollowMod:DescendingDark","floor":36.0},{"not_picked":["HollowMod:CoiledNail","HollowMod:Weaversong"],"picked":"HollowMod:AbyssShriek+1","floor":38.0},{"not_picked":["HollowMod:BlackTendrils","HollowMod:SoulVessel+1"],"picked":"HollowMod:WraithStrike","floor":40},{"not_picked":["HollowMod:CycloneSlash","HollowMod:InfectedCysts","HollowMod:GreatSlash"],"picked":"SKIP","floor":41},{"not_picked":["HollowMod:LifebloodCore","HollowMod:LuriensSpire"],"picked":"HollowMod:PerfectDash+1","floor":42},{"not_picked":["HollowMod:DescendingDark","HollowMod:LuriensSpire+1"],"picked":"HollowMod:CloakDash+1","floor":44},{"not_picked":["HollowMod:SoulSplash","HollowMod:SoulEater"],"picked":"HollowMod:DescendingDark+1","floor":45},{"not_picked":["HollowMod:CloakDash+1","HollowMod:DashSlash+1"],"picked":"HollowMod:SiblingsShadow","floor":46}],"player_experience":1001098,"relics_obtained":[{"floor":3.0,"key":"ReplayFunnel"},{"floor":7.0,"key":"Smiling Mask"},{"floor":9.0,"key":"CeramicFish"},{"floor":10.0,"key":"MawBank"},{"floor":12.0,"key":"War Paint"},{"floor":23.0,"key":"Potion Belt"},{"floor":26.0,"key":"WingedGreaves"},{"floor":27.0,"key":"Ginger"},{"floor":30.0,"key":"Peace Pipe"},{"floor":40,"key":"Ancient Tea Set"},{"floor":42,"key":"Replay:Rubber Ducky"},{"floor":43,"key":"Oddly Smooth Stone"},{"floor":44,"key":"Blue Doll"},{"floor":46,"key":"Replay:PocketPolymizer"}],"event_choices":[],"is_beta":false,"boss_relics":[{"not_picked":["Fusion Hammer","Snecko Eye"],"picked":"Ectoplasm"},{"not_picked":["Painkiller Herb","HollowMod:VoidIdolRelic"],"picked":"ReplayTheSpireMod:Onyx Gauntlets"}],"items_purged_floors":[0,4],"is_endless":false,"potions_floor_spawned":[5,7,11,14,18,23,27,40,41,45,46],"ascension_level":3}}