{"host":"ueaobptuyu87ouwy","time":1610185258,"event":{"mods":["Aspiration","Bard","BaseMod","Better Altar","Better Match","Better Note","Better Sensory Stone","Better Skull","Better Third Choice","BetterRewards","CCEM","Colored Map","Conspire","Downfall","GifTheSpireLib","GungeonMod","Halation","Hermit","Highlight Path","Hubris","Infinite Spire","Jedi Mod","Jorbs\u0027s Wanderer Trilogy","Marisa????????","Marked Mod","Mimic Mod","Minty Spire (QoL Compilation)","Permanent Neow","Replay The Spire","Shop Mod","Small Relic Pack","StSLib","Stuff the Spire","The Runesmith","Unceasing Turn Reminder","everything is the same but u backflip on backflip","slay the spire mod where everything is the same but ironclad has a cowboy hat"],"gold_per_floor":[111,33,33,53,73,73,73,85,125,125,135,60,60,136,136,242,242,267,285,298,398,415,444,444,444,444],"floor_reached":25,"playtime":1066,"items_purged":["DemoMod:Strike_Huntress"],"score":213,"play_id":"eab430fb-3880-478b-82a2-5ee96f7d31d8","local_time":"20210109174058","is_ascension_mode":false,"campfire_choices":[{"data":"DemoMod:TableSutra","floor":6,"key":"SMITH"},{"data":"DemoMod:TripleGun","floor":10,"key":"SMITH"},{"floor":24,"key":"REST"}],"circlet_count":0,"master_deck":["DemoMod:Strike_Huntress","DemoMod:Strike_Huntress","DemoMod:Defend_Huntress","DemoMod:Defend_Huntress","DemoMod:Defend_Huntress","DemoMod:Defend_Huntress","DemoMod:Roll","DemoMod:ManualReload","DemoMod:RustySidearm","DemoMod:CrossBow","DemoMod:ConditionalReflex+1","DemoMod:TableSutra+1","DemoMod:MegaHand","DemoMod:HardPowerCard+1","DemoMod:TripleGun+1","DemoMod:FullFirepower","DemoMod:HungryBullets","DemoMod:Rummage","DemoMod:FightSabre"],"relics":["DemoMod:Dog","aspiration:Lifesprig","StuffTheSpire:Mouthbags","CCEMRelics:GrapeVine","StuffTheSpire:Barrel"],"acts_visited":["Exordium","TheCity"],"potions_floor_usage":[11,23,23,25],"damage_taken":[{"damage":9,"enemies":"Cultist","floor":1,"turns":4},{"damage":3,"enemies":"Small Slimes","floor":4,"turns":3},{"damage":11,"enemies":"Jaw Worm","floor":5,"turns":3},{"damage":11,"enemies":"Exordium Thugs","floor":8,"turns":3},{"damage":0,"enemies":"Large Slime","floor":9,"turns":6},{"damage":11,"enemies":"Large Slime","floor":11,"turns":4},{"damage":15,"enemies":"Hexaghost","floor":16,"turns":9},{"damage":5,"enemies":"3 Byrds","floor":18,"turns":3},{"damage":3,"enemies":"Chosen","floor":19,"turns":5},{"damage":14,"enemies":"Shelled Parasite and Fungi","floor":20,"turns":5},{"damage":13,"enemies":"Centurion and Healer","floor":22,"turns":6},{"damage":30,"enemies":"Slavers","floor":23,"turns":7},{"damage":32,"enemies":"Book of Stabbing","floor":25,"turns":3}],"seed_played":"-7021023268842104366","potions_obtained":[{"floor":8,"key":"FearPotion"},{"floor":11,"key":"SteroidPotion"},{"floor":19,"key":"Energy Potion"},{"floor":23,"key":"jedi:tentaclejuice"}],"is_trial":false,"path_per_floor":["M","$","?","M","M","R","$","M","MIM","R","M","$","?","T","R_BF","B",null,"M","M","M","?","M","E","R","E"],"character_chosen":"HUNTRESS","items_purchased":["DemoMod:TableSutra"],"campfire_rested":1,"item_purchase_floors":[2],"current_hp_per_floor":[61,61,61,58,47,47,47,36,36,36,25,25,25,25,46,31,70,65,62,48,48,35,5,26,0,0],"gold":444,"neow_bonus":"THREE_CARDS","is_daily":false,"chose_seed":false,"campfire_upgraded":2,"win_rate":0.0,"timestamp":1610185258,"path_taken":["M","?","?","M","?","R","?","M","MIM","R","M","$","?","?","R_BF","BOSS","M","M","M","?","M","E","R","E"],"items_purchased_type":["Card"],"build_version":"2020-12-13","purchased_purges":1,"victory":false,"max_hp_per_floor":[70,70,70,70,70,70,70,70,70,70,70,70,70,70,70,70,70,70,70,70,70,70,70,70,70,70],"card_choices":[{"not_picked":["DemoMod:StickyCrossBow","DemoMod:BoxingGlove"],"picked":"DemoMod:ConditionalReflex","floor":0},{"not_picked":["DemoMod:Unmoved","DemoMod:AbyssalTentacle"],"picked":"DemoMod:TripleGun","floor":1},{"not_picked":["DemoMod:StickyCrossBow","DemoMod:TableSutra","DemoMod:LifeOrb"],"picked":"SKIP","floor":4},{"not_picked":["DemoMod:HuntsMan","DemoMod:Rummage"],"picked":"DemoMod:MegaHand","floor":5},{"not_picked":["DemoMod:ConditionalReflex","DemoMod:FastSwitch","DemoMod:DoubleSwitch"],"picked":"SKIP","floor":8},{"not_picked":["DemoMod:ZorGun","DemoMod:Unmoved"],"picked":"DemoMod:HardPowerCard","floor":9},{"not_picked":["DemoMod:BattleInHaste","DemoMod:SniperShot","DemoMod:BoxingGlove"],"picked":"SKIP","floor":11},{"not_picked":["DemoMod:DarkMarker","DemoMod:BlackHoleGun"],"picked":"DemoMod:FullFirepower","floor":16},{"not_picked":["DemoMod:DirectionalPad","DemoMod:LifeOrb","DemoMod:BattleInHaste"],"picked":"SKIP","floor":18},{"not_picked":["DemoMod:SAA","DemoMod:TeaPot","DemoMod:DirectionalPad"],"picked":"SKIP","floor":19},{"not_picked":["DemoMod:JK47","DemoMod:Purify"],"picked":"DemoMod:HungryBullets","floor":20},{"not_picked":["DemoMod:BattleInHaste","DemoMod:Ejector"],"picked":"DemoMod:Rummage","floor":22},{"not_picked":["DemoMod:AWP","DemoMod:CursedBullets"],"picked":"DemoMod:FightSabre","floor":23}],"player_experience":97497,"relics_obtained":[{"floor":9,"key":"aspiration:Lifesprig"},{"floor":9,"key":"StuffTheSpire:Mouthbags"},{"floor":14,"key":"CCEMRelics:GrapeVine"},{"floor":23,"key":"StuffTheSpire:Barrel"}],"event_choices":[{"damage_healed":0,"gold_gain":0,"player_choice":"Grow","damage_taken":0,"max_hp_gain":0,"max_hp_loss":0,"event_name":"Living Wall","floor":3,"gold_loss":0,"cards_upgraded":["DemoMod:ConditionalReflex"]},{"damage_healed":0,"gold_gain":100,"player_choice":"Pray","damage_taken":0,"max_hp_gain":0,"max_hp_loss":0,"event_name":"Golden Shrine","floor":21,"gold_loss":0}],"is_beta":false,"boss_relics":[{"not_picked":["aspiration:RitualDagger","ReplayTheSpireMod:DimensionalGlitch","Coffee Dripper"]}],"items_purged_floors":[12],"is_endless":false,"potions_floor_spawned":[8,11,19,23],"killed_by":"Book of Stabbing","ascension_level":0}}