{"host":"9tzam4717zt8ei1o","time":1610213538,"event":{"mods":["BaseMod","Colored Map","Keyboard Shortcuts","Minty Spire (QoL Compilation)","Quick Restart","StSLib","SuperFastMode"],"gold_per_floor":[110,110,35,50,50,76,94,94,148,162,172,172,222,255,255,255,255],"floor_reached":16,"playtime":247,"items_purged":["Defend_G"],"score":270,"play_id":"ae8609bf-0963-47c4-b79c-3c0700caace3","local_time":"20210110023218","is_ascension_mode":true,"campfire_choices":[{"data":"Choke","floor":8,"key":"SMITH"},{"data":"Acrobatics","floor":12,"key":"SMITH"},{"data":"Blur","floor":15,"key":"SMITH"}],"circlet_count":0,"master_deck":["AscendersBane","Strike_G","Strike_G","Strike_G","Strike_G","Defend_G","Defend_G","Defend_G","Defend_G","Survivor","Neutralize","Choke+1","After Image","Well Laid Plans","Backstab","Acrobatics+1","Blur+1"],"relics":["Ring of the Snake","NeowsBlessing","SsserpentHead","Smiling Mask","Juzu Bracelet","The Courier"],"acts_visited":["Exordium"],"potions_floor_usage":[14,16],"damage_taken":[{"damage":0,"enemies":"2 Louse","floor":1,"turns":1},{"damage":0,"enemies":"Small Slimes","floor":4,"turns":1},{"damage":0,"enemies":"Lagavulin","floor":6,"turns":1},{"damage":0,"enemies":"Cultist","floor":7,"turns":4},{"damage":1,"enemies":"Blue Slaver","floor":10,"turns":4},{"damage":9,"enemies":"Exordium Thugs","floor":11,"turns":5},{"damage":21,"enemies":"3 Sentries","floor":14,"turns":11},{"damage":28,"enemies":"Slime Boss","floor":16,"turns":6}],"seed_played":"-3427100165133192236","potions_obtained":[{"floor":1,"key":"AttackPotion"},{"floor":4,"key":"LiquidMemories"},{"floor":10,"key":"DuplicationPotion"}],"is_trial":false,"path_per_floor":["M","?","$","M","?","E","M","R","T","M","M","R","?","E","R","B"],"character_chosen":"THE_SILENT","items_purchased":[],"campfire_rested":0,"item_purchase_floors":[],"current_hp_per_floor":[59,52,52,52,52,52,52,52,52,51,42,42,42,21,21,0,0],"gold":255,"neow_bonus":"THREE_ENEMY_KILL","is_daily":false,"chose_seed":false,"campfire_upgraded":3,"win_rate":0.0,"timestamp":1610213538,"path_taken":["M","?","$","M","?","E","M","R","T","M","M","R","?","E","R","BOSS"],"items_purchased_type":[],"build_version":"2020-12-22","purchased_purges":1,"victory":false,"max_hp_per_floor":[66,66,66,66,66,66,66,66,66,66,66,66,66,66,66,66,66],"card_choices":[{"not_picked":["Setup","Flying Knee"],"picked":"Choke","floor":1},{"not_picked":["Deadly Poison","Expertise","Sucker Punch"],"picked":"SKIP","floor":4},{"not_picked":["Backstab","Wraith Form v2"],"picked":"After Image","floor":6},{"not_picked":["Underhanded Strike","Outmaneuver"],"picked":"Well Laid Plans","floor":7},{"not_picked":["Catalyst","Quick Slash"],"picked":"Backstab","floor":10},{"not_picked":["Concentrate","Bouncing Flask"],"picked":"Acrobatics","floor":11},{"not_picked":["Concentrate","Deflect"],"picked":"Blur","floor":14}],"player_experience":175797,"relics_obtained":[{"floor":6,"key":"Smiling Mask"},{"floor":9,"key":"Juzu Bracelet"},{"floor":14,"key":"The Courier"}],"event_choices":[{"cards_removed":["Strike_G"],"damage_healed":0,"gold_gain":0,"player_choice":"Card Removal","damage_taken":7,"max_hp_gain":0,"max_hp_loss":0,"event_name":"Golden Wing","floor":2,"gold_loss":0},{"damage_healed":0,"gold_gain":0,"player_choice":"Trade","damage_taken":0,"relics_obtained":["SsserpentHead"],"max_hp_gain":0,"max_hp_loss":0,"event_name":"FaceTrader","floor":5,"gold_loss":0},{"damage_healed":0,"gold_gain":0,"player_choice":"Ignored","damage_taken":0,"max_hp_gain":0,"max_hp_loss":0,"event_name":"Liars Game","floor":13,"gold_loss":0}],"is_beta":false,"boss_relics":[],"items_purged_floors":[3],"is_endless":false,"potions_floor_spawned":[1,4,10,11],"killed_by":"Slime Boss","ascension_level":20}}