{"host":"z9grmtg2w0nmz8n1","time":1610209457,"event":{"mods":["Aspiration","Bard","BaseMod","Beaked The Cultist","Better Altar","Better Match","Better Note","Better Sensory Stone","Better Skull","Better Third Choice","BetterRewards","CCEM","Colored Map","Conspire","Downfall","GifTheSpireLib","Googly Eyes","Halation","Hermit","Highlight Path","Hubris","Hunter ??","Jedi Mod","Jorbs\u0027s Wanderer Trilogy","Mad Scientist","Marisa????????","Minty Spire (QoL Compilation)","Permanent Neow","Replay The Spire","Shade Mod","Shop Mod","Spicy Shops","StSLib","Stuff the Spire","The Bug Knight","The Construct","The Necromancer","The Runesmith","The Witch"],"gold_per_floor":[115,144,144,144,158,158,192,192,192,17,17,33,49,78,78,181,181,192,202,29,29,40,67,85,114,140,140,340,359,390,390,390,495,495],"floor_reached":33,"playtime":1415,"items_purged":["Strike_B","Strike_B","Strike_B"],"score":591,"play_id":"920e0aac-5b51-4d24-9001-5eac561ce432","local_time":"20210109142417","is_ascension_mode":true,"campfire_choices":[{"floor":6,"key":"RECALL"},{"data":"Zap","floor":8,"key":"SMITH"},{"data":"Sweeping Beam","floor":11,"key":"SMITH"},{"data":"Dualcast","floor":15,"key":"SMITH"},{"floor":27,"key":"REST"},{"floor":32,"key":"REST"}],"circlet_count":0,"master_deck":["Strike_B","Defend_B","Defend_B","Defend_B","Defend_B","Zap+1","Dualcast+1","Conserve Battery","Sweeping Beam+1","jedi:blockon","Conserve Battery","Rip and Tear","Rebound+1","Ball Lightning+1","Zap+1","Sweeping Beam","Go for the Eyes","Streamline"],"relics":["Cracked Core","NeowsBlessing","aspiration:EnhancedActuators","HollowMod:StagPassRelic","Vajra","jedi:hotpepper","Unceasing Top","Runesmith:Nanobots","StuffTheSpire:Experiment12","CCEMRelics:GrindingGear"],"acts_visited":["Exordium","TheCity"],"potions_floor_usage":[7,14,22,30,33],"damage_taken":[{"damage":0,"enemies":"2 Louse","floor":1,"turns":1},{"damage":0,"enemies":"conspire:MimicChest","floor":2,"turns":1},{"damage":0,"enemies":"Small Slimes","floor":5,"turns":1},{"damage":5,"enemies":"Gremlin Nob","floor":7,"turns":3},{"damage":1,"enemies":"Jaw Worm","floor":12,"turns":3},{"damage":0,"enemies":"2 Fungi Beasts","floor":13,"turns":2},{"damage":20,"enemies":"Lagavulin","floor":14,"turns":7},{"damage":9,"enemies":"The Guardian","floor":16,"turns":13},{"damage":9,"enemies":"Chosen","floor":18,"turns":6},{"damage":0,"enemies":"3 Byrds","floor":19,"turns":4},{"damage":3,"enemies":"Centurion and Healer","floor":22,"turns":4},{"damage":18,"enemies":"Gremlin Leader","floor":23,"turns":5},{"damage":0,"enemies":"3 Cultists","floor":24,"turns":3},{"damage":6,"enemies":"Book of Stabbing","floor":25,"turns":4},{"damage":0,"enemies":"Snecko","floor":29,"turns":4},{"damage":12,"enemies":"Slavers","floor":30,"turns":4},{"damage":34,"enemies":"Pondfish","floor":33,"turns":13}],"seed_played":"-2983260758090615112","potions_obtained":[{"floor":2,"key":"Explosive Potion"},{"floor":12,"key":"FearPotion"},{"floor":14,"key":"Block Potion"},{"floor":16,"key":"Death Potion"},{"floor":18,"key":"Cursed Concoction"},{"floor":22,"key":"FairyPotion"},{"floor":23,"key":"DuplicationPotion"},{"floor":29,"key":"Toxic Potion"},{"floor":30,"key":"Weak Potion"},{"floor":33,"key":"LiquidMemories"}],"is_trial":false,"path_per_floor":["M","?","?","?","M","R","E","R","T","$","R","M","M","E","R","B",null,"M","M","$","?","M","E","M","E","T","R","?","M","E","?","R_BF","B"],"character_chosen":"DEFECT","items_purchased":["Ball Lightning"],"campfire_rested":2,"item_purchase_floors":[20],"current_hp_per_floor":[75,75,75,75,75,75,70,70,70,70,70,69,69,49,49,40,56,47,47,47,47,44,26,26,20,20,36,36,36,24,24,40,6,6],"gold":495,"neow_bonus":"THREE_ENEMY_KILL","is_daily":false,"chose_seed":false,"campfire_upgraded":3,"win_rate":0.0,"timestamp":1610209457,"path_taken":["M","?","?","?","M","R","E","R","T","$","R","M","M","E","R","BOSS","M","M","$","?","M","E","M","E","T","R","?","M","E","?","R_BF","BOSS"],"items_purchased_type":["Card"],"build_version":"2020-12-22","purchased_purges":3,"victory":false,"max_hp_per_floor":[75,75,75,75,75,75,75,75,75,75,75,75,75,75,75,75,56,56,56,56,56,56,56,56,56,56,56,56,56,56,56,56,56,56],"card_choices":[{"not_picked":["StuffTheSpire:Plugnplay","Panic Button"],"picked":"Conserve Battery","floor":1},{"not_picked":["Reprogram","Steam","StuffTheSpire:ForEach"],"picked":"SKIP","floor":5},{"not_picked":["BasicCrystalCard","Loop"],"picked":"Sweeping Beam","floor":7},{"not_picked":["Tempest","conspire:SharedLibrary"],"picked":"jedi:blockon","floor":12},{"not_picked":["Panic Button","jedi:spotbugs","Barrage"],"picked":"SKIP","floor":13},{"not_picked":["Compile Driver","jedi:hex"],"picked":"Conserve Battery","floor":14},{"not_picked":["Conserve Battery","Recycle+1"],"picked":"Rip and Tear","floor":18},{"not_picked":["ReplaySolidLightProjector","StuffTheSpire:ShieldGenerator"],"picked":"Rebound+1","floor":19},{"not_picked":["jedi:locknload","jedi:BurstFrost+1"],"picked":"Sweeping Beam","floor":22},{"not_picked":["jedi:BurstFrost","aspiration:Polymerization"],"picked":"Go for the Eyes","floor":23},{"not_picked":["FTL+1","Leap"],"picked":"Streamline","floor":24},{"not_picked":["Thunder Strike","Beam Cell","hubris:PowerSurge"],"picked":"SKIP","floor":25},{"not_picked":["jedi:locknload+1","Beam Cell","StuffTheSpire:NuclearReactor"],"picked":"SKIP","floor":29},{"not_picked":["jedi:studyfrost","Storm","Barrage"],"picked":"SKIP","floor":30}],"player_experience":823372,"relics_obtained":[{"floor":2,"key":"aspiration:EnhancedActuators"},{"floor":7,"key":"HollowMod:StagPassRelic"},{"floor":14,"key":"Vajra"},{"floor":23,"key":"Unceasing Top"},{"floor":25,"key":"Runesmith:Nanobots"},{"floor":26,"key":"StuffTheSpire:Experiment12"},{"floor":30,"key":"CCEMRelics:GrindingGear"}],"event_choices":[{"damage_healed":0,"gold_gain":0,"player_choice":"Disagree","damage_taken":0,"max_hp_gain":0,"max_hp_loss":0,"event_name":"conspire:LoneGhost","floor":3,"gold_loss":0},{"damage_healed":0,"gold_gain":1,"player_choice":"1","damage_taken":0,"max_hp_gain":0,"max_hp_loss":0,"event_name":"betterStone:BetterStone","floor":4,"gold_loss":0},{"damage_healed":0,"gold_gain":0,"player_choice":"Copied","damage_taken":0,"max_hp_gain":0,"max_hp_loss":0,"event_name":"Duplicator","floor":21,"gold_loss":0,"cards_obtained":["Zap"]},{"damage_healed":0,"gold_gain":200,"player_choice":"Gold","damage_taken":0,"max_hp_gain":0,"max_hp_loss":0,"event_name":"Wheel of Change","floor":28,"gold_loss":0},{"damage_healed":0,"gold_gain":0,"player_choice":"Bought 0 Potions","damage_taken":0,"max_hp_gain":0,"max_hp_loss":0,"event_name":"The Woman in Blue","floor":31,"gold_loss":0}],"is_beta":false,"boss_relics":[{"not_picked":["Runic Dome","Snecko Eye"],"picked":"jedi:hotpepper"}],"items_purged_floors":[10,10,20],"is_endless":false,"potions_floor_spawned":[2,12,14,16,18,22,23,29,30,33],"killed_by":"Pondfish","ascension_level":1}}