{"host":"g01l53quoe6lrer0","time":1610203713,"event":{"mods":["2.2 Compatiblity","AchievementEnabler","BaseMod","Colored Map","Highlight Path","Keyboard Shortcuts","Minty Spire (QoL Compilation)","Permanent Neow","StSLib","SuperFastMode","everything is the same but u backflip on backflip"],"gold_per_floor":[117,117,42,0,16,49,69,96,144,155,155,174,174,204,204,204,204],"floor_reached":16,"playtime":382,"items_purged":[],"score":276,"play_id":"b09b5612-4f1f-4bc2-b688-3fe1613196ee","local_time":"20210109234833","is_ascension_mode":true,"campfire_choices":[{"data":"Whirlwind","floor":11,"key":"SMITH"},{"floor":13,"key":"REST"},{"data":"Exhume","floor":15,"key":"SMITH"}],"circlet_count":0,"master_deck":["AscendersBane","Strike_R","Strike_R","Strike_R","Strike_R","Strike_R","Defend_R","Defend_R","Defend_R","Defend_R","Armaments+1","Whirlwind+1","Exhume+1","Warcry+1","Flex+1","Warcry+1","Havoc+1","Dual Wield+1","Intimidate+1"],"relics":["Burning Blood","NeowsBlessing","Toxic Egg 2","Lantern","Toy Ornithopter","Self Forming Clay"],"acts_visited":["Exordium"],"potions_floor_usage":[14,16],"damage_taken":[{"damage":0,"enemies":"Jaw Worm","floor":1,"turns":1},{"damage":0,"enemies":"2 Louse","floor":5,"turns":1},{"damage":0,"enemies":"Gremlin Nob","floor":6,"turns":1},{"damage":0,"enemies":"Cultist","floor":7,"turns":4},{"damage":46,"enemies":"Lagavulin","floor":8,"turns":8},{"damage":0,"enemies":"3 Louse","floor":10,"turns":1},{"damage":12,"enemies":"Looter","floor":12,"turns":3},{"damage":5,"enemies":"3 Sentries","floor":14,"turns":4},{"damage":69,"enemies":"Hexaghost","floor":16,"turns":11}],"seed_played":"-8422051725992969645","potions_obtained":[{"floor":5,"key":"LiquidBronze"},{"floor":6,"key":"BlessingOfTheForge"},{"floor":12,"key":"ColorlessPotion"}],"is_trial":false,"path_per_floor":["M","?","?","$","M","E","M","E","T","M","R","M","R","E","R","B"],"character_chosen":"IRONCLAD","items_purchased":["Whirlwind"],"campfire_rested":1,"item_purchase_floors":[4],"current_hp_per_floor":[74,74,74,74,75,75,75,35,35,41,41,35,57,63,63,0,0],"gold":204,"neow_bonus":"THREE_ENEMY_KILL","is_daily":false,"chose_seed":false,"campfire_upgraded":2,"win_rate":0.0,"timestamp":1610203713,"path_taken":["M","?","?","?","M","E","M","E","T","?","R","?","R","E","R","BOSS"],"items_purchased_type":["Card"],"build_version":"2020-12-22","purchased_purges":0,"victory":false,"max_hp_per_floor":[75,75,75,75,75,75,75,75,75,75,75,75,75,75,75,75,75],"card_choices":[{"not_picked":["Flex","Havoc"],"picked":"Armaments","floor":1},{"not_picked":["Armaments","Entrench"],"picked":"Exhume","floor":5},{"not_picked":["Twin Strike","Armaments+1"],"picked":"Warcry+1","floor":6},{"not_picked":["Flame Barrier+1","Feel No Pain"],"picked":"Flex+1","floor":7},{"not_picked":["Entrench+1","Burning Pact+1"],"picked":"Warcry+1","floor":8},{"not_picked":["Iron Wave","Pommel Strike"],"picked":"Havoc+1","floor":10},{"not_picked":["Wild Strike","Body Slam"],"picked":"Dual Wield+1","floor":12},{"not_picked":["Rampage","Thunderclap"],"picked":"Intimidate+1","floor":14}],"player_experience":107076,"relics_obtained":[{"floor":6,"key":"Toxic Egg 2"},{"floor":8,"key":"Lantern"},{"floor":9,"key":"Toy Ornithopter"},{"floor":14,"key":"Self Forming Clay"}],"event_choices":[{"damage_healed":0,"gold_gain":0,"player_choice":"Grow","damage_taken":0,"max_hp_gain":0,"max_hp_loss":0,"event_name":"Living Wall","floor":2,"gold_loss":0,"cards_upgraded":["Armaments"]},{"cards_removed":["Bash"],"damage_healed":0,"gold_gain":0,"player_choice":"Card Removal","damage_taken":0,"max_hp_gain":0,"max_hp_loss":0,"event_name":"The Cleric","floor":3,"gold_loss":75}],"is_beta":false,"boss_relics":[],"items_purged_floors":[],"is_endless":false,"potions_floor_spawned":[5,6,8,12],"killed_by":"Hexaghost","ascension_level":18}}