{"host":"egwexuw5uvnxf11j","time":1610158795,"event":{"mods":["2.2 Compatiblity","Aspiration","BaseMod","Better Altar","Better Note","Better Sensory Stone","Better Third Choice","Displayed Cursed Tome","Downfall","Hermit","Key Reminder","Koishi","Marisa????????","Minty Spire (QoL Compilation)","Quick Restart","Shade Mod","Spicy Shops","StSLib","The Construct","The Cursed","The Hierophant","The Runesmith","The Senshi","The Servant 0.9.4","Transform Curses"],"gold_per_floor":[116,131,142,142,156,185,223,243,243,255,269,269,285,320,320,418,418,438,452,107,121,121,121,121],"floor_reached":23,"playtime":1809,"items_purged":[],"score":219,"play_id":"4bc65ffe-ce51-4652-89a1-d60bedc36820","local_time":"20210108211955","is_ascension_mode":true,"campfire_choices":[{"floor":12,"key":"REST"},{"floor":15,"key":"REST"}],"circlet_count":0,"master_deck":["hermit:Strike_Hermit","hermit:Strike_Hermit","hermit:Strike_Hermit","hermit:Defend_Hermit","hermit:Defend_Hermit","hermit:Defend_Hermit","hermit:Snapshot","hermit:Covet","hermit:Showdown+1","hermit:CalledShot","hermit:TrackingShot","hermit:NoHoldsBarred","hermit:ShadowCloak","hermit:GhostlyPresence","hermit:LowProfile","hermit:Headshot","hermit:Enervate","hermit:Headshot","hermit:Misfire","hermit:HighNoon","hermit:Spite","hermit:Dive","hermit:Snipe","hermit:Glare","expansioncontent:Chronoboost","hermit:Enervate"],"relics":["hermit:Momento","aspiration:Lifesprig","Boot","aspiration:HummingbirdHeart","HornCleat","keyreminder:keyreminder","Empty Cage","aspiration:ChemicalBlood"],"acts_visited":["Exordium","TheCity"],"potions_floor_usage":[6,7,16,18,23,23],"damage_taken":[{"damage":0,"enemies":"2 Louse","floor":1,"turns":2},{"damage":0,"enemies":"Cultist","floor":2,"turns":4},{"damage":5,"enemies":"Small Slimes","floor":3,"turns":2},{"damage":17,"enemies":"Exordium Thugs","floor":5,"turns":4},{"damage":9,"enemies":"3 Sentries","floor":6,"turns":5},{"damage":10,"enemies":"Gremlin Gang","floor":7,"turns":4},{"damage":0,"enemies":"Lots of Slimes","floor":8,"turns":1},{"damage":2,"enemies":"Exordium Thugs","floor":10,"turns":4},{"damage":5,"enemies":"Looter","floor":11,"turns":3},{"damage":0,"enemies":"Large Slime","floor":13,"turns":4},{"damage":41,"enemies":"Gremlin Nob","floor":14,"turns":5},{"damage":24,"enemies":"Hexaghost","floor":16,"turns":8},{"damage":32,"enemies":"Spheric Guardian","floor":18,"turns":6},{"damage":0,"enemies":"Chosen","floor":19,"turns":4},{"damage":17,"enemies":"Shelled Parasite and Fungi","floor":21,"turns":8},{"damage":27,"enemies":"Slavers","floor":23,"turns":4}],"seed_played":"-419847657225426831","potions_obtained":[{"floor":3,"key":"ColorlessPotion"},{"floor":5,"key":"DistilledChaos"},{"floor":7,"key":"SpeedPotion"},{"floor":11,"key":"hermit:BlackBile"},{"floor":14,"key":"sneckomod:MuddlingPotion"},{"floor":16,"key":"AttackPotion"},{"floor":21,"key":"Weak Potion"}],"is_trial":false,"path_per_floor":["M","M","M","?","M","E","M","M","T","M","M","R","M","E","R","B",null,"M","M","$","M","?","E"],"character_chosen":"HERMIT","items_purchased":["aspiration:ChemicalBlood","hermit:Snipe","hermit:Glare","expansioncontent:Chronoboost"],"campfire_rested":2,"item_purchase_floors":[20,20,20,20],"current_hp_per_floor":[75,75,70,75,58,49,39,39,39,37,32,54,54,13,35,11,75,43,43,43,26,26,0,0],"gold":121,"neow_bonus":"RANDOM_COMMON_RELIC","is_daily":false,"chose_seed":false,"campfire_upgraded":0,"win_rate":0.0,"timestamp":1610158795,"path_taken":["M","M","M","?","M","E","M","M","T","?","M","R","?","E","R","BOSS","M","M","$","M","?","E"],"items_purchased_type":["Relic","Card","Card","Card"],"build_version":"2020-12-22","purchased_purges":0,"victory":false,"max_hp_per_floor":[75,75,75,75,75,75,75,75,75,75,75,75,75,75,75,75,75,75,75,75,75,75,75,75],"card_choices":[{"not_picked":["hermit:Misfire","hermit:Snipe"],"picked":"hermit:Showdown","floor":1},{"not_picked":["hermit:Scavenge","hermit:TakeCover"],"picked":"hermit:CalledShot","floor":2},{"not_picked":["hermit:Glare","hermit:LoneWolf"],"picked":"hermit:TrackingShot","floor":3},{"not_picked":["hermit:Dive","hermit:OverwhelmingPower"],"picked":"hermit:NoHoldsBarred","floor":5},{"not_picked":["hermit:Headshot","hermit:Magnum"],"picked":"hermit:ShadowCloak","floor":6},{"not_picked":["hermit:Ricochet","hermit:Gestalt"],"picked":"hermit:GhostlyPresence","floor":7},{"not_picked":["hermit:TrackingShot","hermit:Roulette"],"picked":"hermit:LowProfile","floor":8},{"not_picked":["hermit:Feint","hermit:NoHoldsBarred"],"picked":"hermit:Headshot","floor":10},{"not_picked":["hermit:LowProfile","hermit:Coalescence"],"picked":"hermit:Enervate","floor":11},{"not_picked":["hermit:LowProfile","hermit:TrackingShot"],"picked":"hermit:Headshot","floor":13},{"not_picked":["hermit:Cheat","hermit:BodyArmor"],"picked":"hermit:Misfire","floor":14},{"not_picked":["hermit:EternalForm","hermit:RoundhouseKick"],"picked":"hermit:HighNoon","floor":16},{"not_picked":["hermit:Grudge","hermit:GhostlyPresence"],"picked":"hermit:Spite","floor":18},{"not_picked":["hermit:GhostlyPresence","hermit:Shortfuse"],"picked":"hermit:Dive","floor":19},{"not_picked":["hermit:Manifest","hermit:HoleUp"],"picked":"hermit:Enervate","floor":21}],"player_experience":2163236,"relics_obtained":[{"floor":6,"key":"Boot"},{"floor":9,"key":"aspiration:HummingbirdHeart"},{"floor":14,"key":"HornCleat"}],"event_choices":[{"damage_healed":5,"gold_gain":0,"player_choice":"Full Heal","damage_taken":0,"max_hp_gain":0,"max_hp_loss":0,"event_name":"Wheel of Change","floor":4,"gold_loss":0},{"damage_healed":0,"gold_gain":0,"player_choice":"Upgraded","damage_taken":0,"max_hp_gain":0,"max_hp_loss":0,"event_name":"Upgrade Shrine","floor":22,"gold_loss":0,"cards_upgraded":["hermit:Showdown"]}],"is_beta":false,"boss_relics":[{"not_picked":["Runic Dome","Runic Pyramid"],"picked":"Empty Cage"}],"items_purged_floors":[],"is_endless":false,"potions_floor_spawned":[3,5,7,11,14,16,21],"killed_by":"Slavers","ascension_level":1}}