{"host":"1yemetsqamtkb9ct","time":1610177709,"event":{"mods":["AchievementEnabler","BaseMod","Colored Map","Custom Start","KOR Keyword Fix","Lobotomy","Minty Spire (QoL Compilation)","Quick Restart","Random Character Button","StSLib","SuperFastMode"],"gold_per_floor":[116,128,138,138,149,149,167,232,232,198,199,199,217,217,217,217,217],"floor_reached":16,"playtime":334,"items_purged":[],"score":179,"play_id":"a666387b-c004-4ef8-bb90-1913d23fdd71","local_time":"20210109163509","is_ascension_mode":false,"campfire_choices":[{"data":"Bash","floor":6.0,"key":"SMITH"},{"floor":12,"key":"REST"},{"floor":15,"key":"REST"}],"circlet_count":0,"master_deck":["Strike_R+1","Strike_R","Strike_R","Strike_R+1","Strike_R","Defend_R","Defend_R","Defend_R","Defend_R","Bash+1","Scorched","BlackSwan","UniverseFragment","WhitesApple","Parasite","Freischutz","Parasite","NakedNest","MHz","Parasite","Parasite","DreamingCurrent"],"relics":["Burning Blood","CogitoBucket","Gremlin Horn","Darkstone Periapt","Pear","ChangeAnything"],"acts_visited":["Exordium"],"potions_floor_usage":[],"damage_taken":[{"damage":7.0,"enemies":"Small Slimes","floor":1.0,"turns":4.0},{"damage":11.0,"enemies":"Jaw Worm","floor":2.0,"turns":2.0},{"damage":0.0,"enemies":"2 Louse","floor":3.0,"turns":1.0},{"damage":0.0,"enemies":"2 Fungi Beasts","floor":5.0,"turns":2.0},{"damage":10.0,"enemies":"Looter","floor":7.0,"turns":2.0},{"damage":36.0,"enemies":"Lagavulin Event","floor":8.0,"turns":4.0},{"damage":0,"enemies":"Lagavulin","floor":10,"turns":4},{"damage":28,"enemies":"Exordium Wildlife","floor":11,"turns":3},{"damage":30,"enemies":"Large Slime","floor":13,"turns":6},{"damage":77,"enemies":"Hexaghost","floor":16,"turns":4}],"seed_played":"-200681905510877820","potions_obtained":[{"floor":2.0,"key":"AttackPotion"},{"floor":7.0,"key":"Ancient Potion"},{"floor":10,"key":"DistilledChaos"}],"is_trial":false,"path_per_floor":["M","M","M","?","M","R","M","?","T","E","M","R","M","?","R","B"],"character_chosen":"IRONCLAD","items_purchased":[],"campfire_rested":2,"item_purchase_floors":[],"current_hp_per_floor":[79,74,80,73,79,79,75,45,45,67,45,73,61,39,71,0,0],"gold":217,"neow_bonus":"","is_daily":false,"chose_seed":false,"campfire_upgraded":1,"win_rate":0.0,"timestamp":1610177709,"path_taken":["M","M","M","?","M","R","M","?","T","E","M","R","M","?","R","BOSS"],"items_purchased_type":[],"build_version":"2020-12-22","purchased_purges":0,"victory":false,"max_hp_per_floor":[80,80,80,80,80,80,80,80,80,96,96,96,108,108,108,108,108],"card_choices":[{"not_picked":["LongBird","OSAHOGD"],"picked":"Scorched","floor":1.0},{"not_picked":["True Grit","Body Slam","Iron Wave"],"picked":"SKIP","floor":1.0},{"not_picked":["ShyLook","DreamingCurrent"],"picked":"BeautyBeast","floor":2.0},{"not_picked":["Seeing Red","Pummel","True Grit"],"picked":"SKIP","floor":2.0},{"not_picked":["ShyLook","PunishingBird"],"picked":"BlackSwan","floor":3.0},{"not_picked":["Clothesline","Armaments","Havoc"],"picked":"SKIP","floor":3.0},{"not_picked":["Woodsman","WallGazer"],"picked":"UniverseFragment","floor":5.0},{"not_picked":["Brutality","Twin Strike","Armaments"],"picked":"SKIP","floor":5.0},{"not_picked":["CrumblingArmor","LongBird"],"picked":"WhitesApple","floor":7.0},{"not_picked":["Havoc","Sword Boomerang","Brutality"],"picked":"SKIP","floor":7.0},{"not_picked":["Bloodbath","BeautyBeast"],"picked":"Freischutz","floor":8.0},{"not_picked":["PunishingBird","Wellcheers"],"picked":"NakedNest","floor":10},{"not_picked":["Body Slam","Clash","Combust"],"picked":"SKIP","floor":10},{"not_picked":["WallGazer","PunishingBird"],"picked":"MHz","floor":11},{"not_picked":["Thunderclap","Battle Trance","Rage"],"picked":"SKIP","floor":11},{"not_picked":["Thunderclap","Battle Trance","Rage"],"picked":"SKIP","floor":11},{"not_picked":["LaLuna","BigBird"],"picked":"DreamingCurrent","floor":13},{"not_picked":["Flex","Evolve","Rampage"],"picked":"SKIP","floor":13}],"player_experience":598991,"relics_obtained":[{"floor":8.0,"key":"Gremlin Horn"},{"floor":9.0,"key":"Darkstone Periapt"},{"floor":10,"key":"Pear"}],"event_choices":[{"cards_removed":["BeautyBeast"],"damage_healed":0.0,"max_hp_gain":0.0,"max_hp_loss":0.0,"gold_gain":0.0,"event_name":"Golden Wing","player_choice":"Card Removal","floor":4.0,"gold_loss":0.0,"damage_taken":7.0},{"damage_healed":0.0,"max_hp_gain":0.0,"max_hp_loss":0.0,"gold_gain":0.0,"event_name":"Dead Adventurer","player_choice":"Searched \u00272\u0027 times","floor":8.0,"gold_loss":0.0,"damage_taken":0.0},{"damage_healed":0,"gold_gain":0,"player_choice":"Entered Light","damage_taken":22,"max_hp_gain":0,"max_hp_loss":0,"event_name":"Shining Light","floor":14,"gold_loss":0,"cards_upgraded":["Strike_R","Strike_R"]}],"is_beta":false,"boss_relics":[],"items_purged_floors":[],"is_endless":false,"potions_floor_spawned":[2,7,10,11],"killed_by":"Hexaghost","ascension_level":0}}