{"host":"iajupulv8i19r34s","time":1610230708,"event":{"mods":["BaseMod","Bestiary","Better Altar","Better Match","Better Note","Better Sensory Stone","Better Skull","Better Third Choice","Block Reminder","Curses Come First","Evolution","Hermit","Highlight Path","Minty Spire (QoL Compilation)","Permanent Neow","Random Character Button","Rare Cards Sparkle","Relic Sorter","Relic Stats","StSLib","Synergy Search","The Hierophant","everything is the same but u backflip on backflip","thorton"],"gold_per_floor":[119,132,143,143,143,143,178,178,178,205,60,20,20,33,33,132,132,146,165,39,55,69,97,22,22,22,22,22,51,51,63,63,160,160,177,231,156,174,74,74,5,5,5,23,35,64,0,18,18,18,18],"floor_reached":50,"playtime":4275,"items_purged":[],"score":568,"play_id":"70677cf0-74bb-4663-95b7-16b52cf75760","local_time":"20210109171828","is_ascension_mode":false,"campfire_choices":[{"data":"Backstab","floor":6,"key":"SMITH"},{"data":"Phantasmal Killer","floor":8,"key":"SMITH"},{"data":"Neutralize","floor":15,"key":"SMITH"},{"data":"Forethought","floor":25,"key":"SMITH"},{"data":"Footwork","floor":27,"key":"SMITH"},{"floor":32,"key":"REST"},{"data":"Burst","floor":40,"key":"SMITH"},{"floor":49,"key":"REST"}],"circlet_count":0,"master_deck":["Sucker Punch","Sucker Punch","Strike_G","Strike_G","Defend_G","Defend_G","Defend_G","Defend_G","Defend_G","Survivor","Neutralize+1","Escape Plan+1","Deadly Poison+1","Flying Knee","Backstab+1","Acrobatics","Phantasmal Killer+1","Noxious Fumes","Footwork+1","Burst+1","Outmaneuver+1","Blind","Footwork+1","Heel Hook","Prepared","Forethought+1","Terror","Night Terror","Malaise","Prepared","Flying Knee","Infinite Blades","Escape Plan+1"],"relics":["Ring of the Snake","EVO:Axolotl","Pocketwatch","Unceasing Top","Nunchaku","Lee\u0027s Waffle","Busted Crown","Ornamental Fan","Ninja Scroll","Toy Ornithopter","Black Star","TungstenRod","Question Card","PreservedInsect","Blood Vial","Red Mask"],"acts_visited":["TheCity","TheBeyond"],"potions_floor_usage":[31,39],"damage_taken":[{"damage":0,"enemies":"Cultist","floor":1,"turns":4},{"damage":3,"enemies":"Jaw Worm","floor":2,"turns":4},{"damage":0,"enemies":"Small Slimes","floor":3,"turns":3},{"damage":20,"enemies":"Gremlin Nob","floor":7,"turns":4},{"damage":13,"enemies":"3 Sentries","floor":10,"turns":11},{"damage":8,"enemies":"Exordium Wildlife","floor":14,"turns":3},{"damage":22,"enemies":"Hexaghost","floor":16,"turns":9},{"damage":2,"enemies":"Shell Parasite","floor":18,"turns":4},{"damage":1,"enemies":"Chosen","floor":19,"turns":4},{"damage":4,"enemies":"Shelled Parasite and Fungi","floor":21,"turns":6},{"damage":31,"enemies":"Snecko","floor":22,"turns":5},{"damage":5,"enemies":"Book of Stabbing","floor":23,"turns":6},{"damage":10,"enemies":"Slavers","floor":29,"turns":4},{"damage":15,"enemies":"Snake Plant","floor":31,"turns":4},{"damage":18,"enemies":"Collector","floor":33,"turns":8},{"damage":0,"enemies":"Orb Walker","floor":35,"turns":4},{"damage":40,"enemies":"2 Orb Walkers","floor":36,"turns":6},{"damage":6,"enemies":"3 Shapes","floor":38,"turns":4},{"damage":9,"enemies":"Spire Growth","floor":44,"turns":6},{"damage":0,"enemies":"3 Darklings","floor":45,"turns":6},{"damage":0,"enemies":"Giant Head","floor":46,"turns":7},{"damage":11,"enemies":"Maw","floor":48,"turns":6},{"damage":50,"enemies":"Time Eater","floor":50,"turns":12}],"seed_played":"8273729679416665042","potions_obtained":[{"floor":2,"key":"Explosive Potion"},{"floor":10,"key":"Explosive Potion"},{"floor":18,"key":"Weak Potion"},{"floor":23,"key":"Energy Potion"},{"floor":31,"key":"Poison Potion"},{"floor":45,"key":"LiquidBronze"},{"floor":48,"key":"DuplicationPotion"}],"is_trial":false,"path_per_floor":["M","M","M","?","?","R","E","R","T","E","$","$","?","M","R","B",null,"M","M","$","M","M","E","?","R","T","R","$","E","$","M","R","B",null,"M","?","?","M","$","R","$","?","T","M","M","E","?","M","R","B"],"character_chosen":"THE_SILENT","items_purchased":["Lee\u0027s Waffle","Footwork","Blind","Footwork","Fruit Juice","Infinite Blades"],"campfire_rested":2,"item_purchase_floors":[11,12,20,20,39,41],"current_hp_per_floor":[70,67,67,53,53,53,33,33,33,20,77,77,77,69,69,47,77,75,74,74,70,39,34,34,34,34,34,34,24,24,14,37,19,77,77,37,37,31,41,41,41,41,41,32,32,32,32,23,47,0,0],"gold":18,"neow_bonus":"THREE_CARDS","is_daily":false,"chose_seed":false,"campfire_upgraded":6,"win_rate":0.0,"timestamp":1610230708,"path_taken":["M","?","M","?","?","R","E","R","T","E","?","$","?","M","R","BOSS","M","M","$","M","?","E","?","R","T","R","$","E","$","?","R","BOSS","M","?","?","M","$","R","?","?","T","M","M","E","?","M","R","BOSS"],"items_purchased_type":["Relic","Card","Card","Card","Potion","Card"],"build_version":"2020-12-22","purchased_purges":0,"victory":false,"max_hp_per_floor":[70,70,70,70,70,70,70,70,70,70,77,77,77,77,77,77,77,77,77,77,77,77,77,77,77,77,77,77,77,77,77,77,77,77,77,77,77,77,82,82,82,82,82,82,82,82,82,82,82,82,82],"relic_stats":{"Lee\u0027s Waffle":57,"counters":[23,130],"PreservedInsect":0,"Question Card":4,"Blood Vial":4,"Nunchaku":[27],"Busted Crown":44,"Ornamental Fan":[184],"Black Star":1,"obtain_stats":[{"Lee\u0027s Waffle":11,"PreservedInsect":46,"EVO:Axolotl":0,"Question Card":43,"Blood Vial":46,"Nunchaku":10,"Busted Crown":17,"Ornamental Fan":23,"Ninja Scroll":26,"Black Star":34,"Red Mask":47,"Unceasing Top":9,"Toy Ornithopter":29,"TungstenRod":36,"Ring of the Snake":0,"Pocketwatch":7},{"Lee\u0027s Waffle":5,"PreservedInsect":21,"EVO:Axolotl":0,"Question Card":18,"Blood Vial":21,"Nunchaku":5,"Busted Crown":7,"Ornamental Fan":12,"Ninja Scroll":12,"Black Star":15,"Red Mask":21,"Unceasing Top":4,"Toy Ornithopter":13,"TungstenRod":17,"Ring of the Snake":0,"Pocketwatch":4},{"Lee\u0027s Waffle":26,"PreservedInsect":112,"EVO:Axolotl":0,"Question Card":93,"Blood Vial":112,"Nunchaku":26,"Busted Crown":38,"Ornamental Fan":63,"Ninja Scroll":63,"Black Star":79,"Red Mask":112,"Unceasing Top":15,"Toy Ornithopter":67,"TungstenRod":89,"Ring of the Snake":0,"Pocketwatch":15}],"Unceasing Top":[204],"Toy Ornithopter":10,"TungstenRod":16,"Ring of the Snake":[46],"Pocketwatch":[37]},"card_choices":[{"not_picked":["Deflect","All Out Attack"],"picked":"Escape Plan","floor":0},{"not_picked":["Backflip","Eviscerate"],"picked":"Deadly Poison","floor":1},{"not_picked":["All Out Attack","Dodge and Roll"],"picked":"Flying Knee","floor":2},{"not_picked":["Dagger Throw","Acrobatics"],"picked":"Backstab","floor":3},{"not_picked":["Quick Slash","Flechettes"],"picked":"Phantasmal Killer","floor":7},{"not_picked":["Backflip","Blade Dance"],"picked":"Noxious Fumes","floor":10},{"not_picked":["PiercingWail","Die Die Die","Crippling Poison"],"picked":"SKIP","floor":14},{"not_picked":["Glass Knife","A Thousand Cuts"],"picked":"Burst","floor":16},{"not_picked":["Crippling Poison"],"picked":"SKIP","floor":18},{"not_picked":[],"picked":"Outmaneuver+1","floor":19},{"not_picked":["Expertise+1"],"picked":"SKIP","floor":21},{"not_picked":["Sucker Punch"],"picked":"SKIP","floor":22},{"not_picked":[],"picked":"Heel Hook","floor":23},{"not_picked":[],"picked":"Prepared","floor":24},{"not_picked":[],"picked":"Forethought","floor":24},{"not_picked":[],"picked":"Terror","floor":29},{"not_picked":["Dagger Throw+1"],"picked":"SKIP","floor":31},{"not_picked":[],"picked":"Night Terror","floor":33},{"not_picked":["Dodge and Roll+1"],"picked":"SKIP","floor":35},{"not_picked":[],"picked":"Malaise","floor":37},{"not_picked":[],"picked":"Prepared","floor":37},{"not_picked":[],"picked":"Flying Knee","floor":37},{"not_picked":["Bouncing Flask"],"picked":"SKIP","floor":38},{"not_picked":["Bouncing Flask"],"picked":"Escape Plan+1","floor":44},{"not_picked":["Flying Knee","Riddle With Holes"],"picked":"SKIP","floor":45},{"not_picked":["Tactician+1","Wraith Form v2"],"picked":"SKIP","floor":46},{"not_picked":["Quick Slash+1","Finisher+1"],"picked":"SKIP","floor":48}],"player_experience":79152,"relics_obtained":[{"floor":7,"key":"Pocketwatch"},{"floor":9,"key":"Unceasing Top"},{"floor":10,"key":"Nunchaku"},{"floor":23,"key":"Ornamental Fan"},{"floor":26,"key":"Ninja Scroll"},{"floor":29,"key":"Toy Ornithopter"},{"floor":36,"key":"TungstenRod"},{"floor":43,"key":"Question Card"},{"floor":46,"key":"PreservedInsect"},{"floor":46,"key":"Blood Vial"}],"event_choices":[{"damage_healed":67,"gold_gain":0,"player_choice":"Upgrade","damage_taken":14,"max_hp_gain":0,"max_hp_loss":70,"event_name":"betterThird:BetterShining","floor":4,"gold_loss":0,"cards_upgraded":["Escape Plan","Deadly Poison"]},{"damage_healed":0,"gold_gain":0,"cards_transformed":["Strike_G"],"player_choice":"Change","damage_taken":0,"max_hp_gain":0,"max_hp_loss":0,"event_name":"Living Wall","floor":5,"gold_loss":0,"cards_obtained":["Acrobatics"]},{"damage_healed":0,"gold_gain":0,"player_choice":"Upgraded","damage_taken":0,"max_hp_gain":0,"max_hp_loss":0,"event_name":"Upgrade Shrine","floor":13,"gold_loss":0,"cards_upgraded":["Footwork"]},{"damage_healed":0,"gold_gain":0,"player_choice":"1","damage_taken":0,"max_hp_gain":0,"max_hp_loss":0,"event_name":"betterMatch:BetterMatch","floor":24,"gold_loss":0,"cards_obtained":["betterMatch:CommonCard","betterMatch:ColorlessUncommonCard"]},{"damage_healed":0,"gold_gain":0,"player_choice":"Fight","damage_taken":0,"max_hp_gain":0,"max_hp_loss":0,"event_name":"Mysterious Sphere","floor":36,"gold_loss":0},{"damage_healed":0,"gold_gain":0,"player_choice":"1","damage_taken":0,"max_hp_gain":0,"max_hp_loss":0,"event_name":"betterMatch:BetterMatch","floor":37,"gold_loss":0,"cards_obtained":["betterMatch:CommonCard","betterMatch:CommonCard","betterMatch:RareCard"]},{"damage_healed":0,"gold_gain":0,"player_choice":"Ignored","damage_taken":0,"max_hp_gain":0,"max_hp_loss":0,"event_name":"The Moai Head","floor":42,"gold_loss":0},{"damage_healed":0,"gold_gain":0,"player_choice":"Paid","damage_taken":0,"relics_obtained":["Red Mask"],"max_hp_gain":0,"max_hp_loss":0,"event_name":"Tomb of Lord Red Mask","floor":47,"gold_loss":64}],"is_beta":false,"boss_relics":[{"not_picked":["Runic Pyramid","Ectoplasm"],"picked":"Busted Crown"},{"not_picked":["Ring of the Serpent","Runic Dome"],"picked":"Black Star"}],"items_purged_floors":[],"is_endless":false,"potions_floor_spawned":[2,10,18,23,31,33,36,45,48],"killed_by":"Time Eater","ascension_level":0}}