{"host":"df48i9djcn92c5sx","time":1610201562,"event":{"mods":["BaseMod","Downfall","Marisa£®ÏF”Í°°ƒß¿Ì…≥£©","Minty Spire (QoL Compilation)","READ ME - Guardian Mod","READ ME - Snecko Mod","Reimu£®≤©¿ˆ¡È√Œ£©","Remilia£®¿Ÿ√◊¿Ú—«£©","Replay The Spire","Shop Mod","StSLib","The Jungle","The Servant 0.9.4"],"gold_per_floor":[117,127,127,155,17,17,42,42,67,87,107,107,118,135,135,135,135],"floor_reached":16,"playtime":924,"items_purged":["Strike_G"],"score":189,"play_id":"e8341791-2a8a-499c-89c9-ae3fdaf7155b","local_time":"20210109221242","is_ascension_mode":true,"campfire_choices":[{"data":"Deadly Poison","floor":6,"key":"SMITH"},{"data":"Bouncing Flask","floor":8,"key":"SMITH"},{"data":"Dagger Spray","floor":12,"key":"SMITH"}],"circlet_count":0,"master_deck":["AscendersBane","Strike_G+1","Strike_G+1","Strike_G","Defend_G","Defend_G","Defend_G","Defend_G","Defend_G","Survivor","Neutralize","Leg Sweep","Backstab+1","Deadly Poison+1","Bouncing Flask+1","Crippling Poison+1","Dagger Spray+1","Bullet Time"],"relics":["Ring of the Snake","Whetstone","Smiling Mask","ReplayTheSpireMod:TigerMarble"],"acts_visited":["Exordium"],"potions_floor_usage":[7,13,16,16],"damage_taken":[{"damage":1.0,"enemies":"Jaw Worm","floor":1.0,"turns":7.0},{"damage":0.0,"enemies":"Small Slimes","floor":2.0,"turns":5.0},{"damage":7,"enemies":"Lagavulin","floor":7,"turns":6},{"damage":0,"enemies":"2 Louse","floor":10,"turns":1},{"damage":6,"enemies":"Exordium Wildlife","floor":11,"turns":4},{"damage":0,"enemies":"Blue Slaver","floor":13,"turns":3},{"damage":1,"enemies":"Looter","floor":14,"turns":3},{"damage":58,"enemies":"Fading Forest","floor":16,"turns":9}],"seed_played":"5425078628893686684","potions_obtained":[{"floor":1.0,"key":"Energy Potion"},{"floor":4,"key":"Cursed Concoction"},{"floor":10,"key":"Flashbang"},{"floor":14,"key":"Milkshake"}],"is_trial":false,"path_per_floor":["M","M","?","?","$","R","E","R","T","M","M","R","M","M","R","B"],"character_chosen":"THE_SILENT","items_purchased":["Crippling Poison+1"],"campfire_rested":0,"item_purchase_floors":[5],"current_hp_per_floor":[58,58,58,37,37,37,30,30,30,30,24,24,24,31,50,0,0],"gold":135,"neow_bonus":"RANDOM_EVENT","is_daily":false,"chose_seed":false,"campfire_upgraded":3,"win_rate":0.0,"timestamp":1610201562,"path_taken":["M","M","?","?","?","R","E","R","T","?","M","R","M","M","R","BOSS"],"items_purchased_type":["Card"],"build_version":"2020-12-22","purchased_purges":1,"victory":false,"max_hp_per_floor":[66,66,66,66,66,66,66,66,66,66,66,66,66,66,66,66,66],"card_choices":[{"not_picked":["Quick Slash","Calculated Gamble"],"picked":"Leg Sweep","floor":1.0},{"not_picked":["Deflect","All Out Attack"],"picked":"Backstab","floor":2.0},{"not_picked":["Deflect","Well Laid Plans"],"picked":"Deadly Poison","floor":4},{"not_picked":["Backflip","Accuracy"],"picked":"Bouncing Flask","floor":4},{"not_picked":["Infinite Blades","Heel Hook","Reflex"],"picked":"SKIP","floor":7},{"not_picked":["Flying Knee","Endless Agony"],"picked":"Dagger Spray","floor":10},{"not_picked":["Slice","Riddle With Holes","Dagger Throw"],"picked":"SKIP","floor":11},{"not_picked":["Dagger Spray","Blade Dance"],"picked":"Bullet Time","floor":13},{"not_picked":["Eviscerate","Accuracy","Bouncing Flask"],"picked":"SKIP","floor":14}],"player_experience":1414085,"relics_obtained":[{"floor":4,"key":"Whetstone"},{"floor":7,"key":"Smiling Mask"},{"floor":9,"key":"ReplayTheSpireMod:TigerMarble"}],"event_choices":[{"damage_healed":0.0,"max_hp_gain":0.0,"max_hp_loss":0.0,"gold_gain":0.0,"event_name":"Shining Light","player_choice":"Ignored","floor":3.0,"gold_loss":0.0,"damage_taken":0.0}],"is_beta":false,"boss_relics":[],"items_purged_floors":[5],"is_endless":false,"potions_floor_spawned":[1,10,14],"killed_by":"Fading Forest","ascension_level":17}}