{"host":"tw5nadds0x0wro7l","time":1610171815,"event":{"mods":["Aspiration","BaseMod","Better Altar","Better Match","Better Skull","Block Reminder","Card Forge","CatGirl Mod","Conspire","DNKmod","Displayed Cursed Tome","Dota2Spire","Downfall","Energized Spire","Force Act Four","Friendly Minions","Gold Saver","Grow up Mod","GungeonMod","Highlight Path","Hubris","Infinite Spire","Luminous","Minty Spire (QoL Compilation)","Practice Mode","Relic Sorter","Replay The Spire","Spicy Shops","StSLib","The Alterego","The Animator","The Death Knight","The Marked","The Senshi","TheSwordswoman","Transform Curses","Waifu the Spire","WarShipGirlsR/????R mod","vexMod"],"gold_per_floor":[1000,1039,1139,1139,689,743,743,80,155,215,66,171,252,352,397,753,753,753,789,789,764,964,1116,1116,1185,1227,367,460,496,595,700,730,1033,1033,858,906,906,906,327,411,435,540,645,230,305,305,380,25,76,367,367,367],"floor_reached":51,"playtime":3613,"items_purged":["alterego_mod:Rip"],"score":1510,"play_id":"0e1c217c-411c-42ab-b4bd-4766495b045b","local_time":"20210109005655","daily_mods":["Vintage","Heirloom","Time Dilation","Flight","downfall:Lament","DeadlyEvents","Binary","Cursed Run","Elite Swarm","Lethality","Midas","Night Terrors","Terminal","Binary"],"is_ascension_mode":false,"campfire_choices":[{"floor":1,"key":"REST"},{"floor":18,"key":"RECALL"},{"floor":35,"key":"DIG"},{"floor":46,"key":"REST"}],"circlet_count":0,"master_deck":["infinitespire:UltimateForm+1","alterego_mod:BigMeatyClaws+1","infinitespire:UltimateForm+1","Barricade+1","Combust+1","Corruption+1","Dark Embrace+1","Demon Form+1","Dual Wield+1","Entrench+1","Feel No Pain+1","Flame Barrier+1","Juggernaut+1","Limit Break+1","A Thousand Cuts+1","Metallicize+1","After Image+1","Adrenaline+1","Caltrops+1","Infinite Blades+1","Noxious Fumes+1","expansioncontent:CaCaw+1","expansioncontent:DefensiveStance+1","alterego_mod:AlterEgo+1","alterego_mod:BreastValley+1","alterego_mod:ChallengeComplete+1","alterego_mod:BusterCard+1","alterego_mod:BustOut+1","alterego_mod:IdEs+1","alterego_mod:Cushion+1","alterego_mod:Cooking+1","alterego_mod:GIGAMILK+1","alterego_mod:Nekomimi+1","alterego_mod:PainIsPleasure+1","alterego_mod:Palingenesis+4","alterego_mod:PerceptionDisorder+1","alterego_mod:Punishment+1","alterego_mod:Rake+1","alterego_mod:Rip+1","alterego_mod:SakuraPetals+1","alterego_mod:Smother+1","alterego_mod:TrashNCrash+1","alterego_mod:Undulate+1","alterego_mod:Vow+1","alterego_mod:Venus+1","Pot Of Greed+1","Pot Of Greed+1","Pot Of Greed+1","Pot Of Greed+1","Pot Of Greed+1","infinitespire:DeathsTouch+1","infinitespire:Menacing+1","ReplayTheSpireMod:??????????????????????+1","infinitespire:Punishment+1","alterego_mod:PerceptionDisorder+1","infinitespire:DeathsTouch+1","alterego_mod:Undulate+1","Pot Of Greed+1","alterego_mod:DiscoLights+1","Regret","alterego_mod:Punishment+1","Replay:UnknownCurse"],"relics":["Cursed Key","Anvil of the Gods","Seething Fire","Dota2Spire:Dagon","Hammer of Thor","Darkstone Periapt","Du-Vu Doll","Busted Crown","NeowsBlessing","Ring of Chaos","replay:Trail_Library","DemoMod:Antibody","hubris:Spice","Nunchaku","Replay:Bottled Flurry","Toolbox","aspiration:HiddenCompartment","Shuriken","aspiration:Nostalgia","PureWater","Dota2Spire:Satanic","hubris:AstralHammer","vexMod:PaidLearning","hubris:MobiusCoin","Dota2Spire:PhaseBoots","Grinning Jar","energizedSpire:StickyHand","Dota2Spire:OrchidMalevolence","hubris:Towel","ReplayTheSpireMod:CursedCoin","ReplayTheSpireMod:Lightbulb","hubris:CuriousFeather","Unceasing Top","Bronze Scales","conspire:Boomerang","Mercury Hourglass","hubris:Zylophone","Gambling Chip","energizedSpire:RedRose","downfall:HeartBlessingRed","downfall:HeartBlessingBlue","downfall:HeartBlessingGreen","aspiration:FetidBarrel","conspire:InfiniteJournal","hubris:HerbalPaste","Dream Catcher","Thread and Needle","Torii","DemoMod:GlassGuonStoneRelic","hubris:TenFootPole","PreservedInsect","conspire:TreasureMap","Dota2Spire:ShivaGuard","Dota2Spire:Vanguard","DemoMod:Bottle","Guardian:PocketSentry","Dota2Spire:BattleFury","Replay:Ancient Bell","CeramicFish","hubris:SphereOfDissonance","DemoMod:PartiallyEatenCheese"],"acts_visited":["Exordium","TheCity","TheBeyond"],"potions_floor_usage":[],"damage_taken":[{"damage":17,"enemies":"Small Slimes","floor":2,"turns":3},{"damage":0,"enemies":"downfall:FleeingMerchant","floor":5,"turns":1},{"damage":0,"enemies":"Jaw Worm","floor":6,"turns":1},{"damage":2,"enemies":"3 Sentries","floor":9,"turns":4},{"damage":0,"enemies":"2 Louse","floor":10,"turns":1},{"damage":1,"enemies":"Gremlin Nob","floor":12,"turns":2},{"damage":0,"enemies":"Lagavulin","floor":13,"turns":2},{"damage":4,"enemies":"Large Slime","floor":15,"turns":1},{"damage":0,"enemies":"downfall:Silent","floor":16,"turns":2},{"damage":22,"enemies":"Spheric Guardian","floor":19,"turns":4},{"damage":18,"enemies":"Nightmare","floor":23,"turns":4},{"damage":0,"enemies":"Chosen","floor":26,"turns":1},{"damage":4,"enemies":"conspire:Head Lice","floor":28,"turns":2},{"damage":1,"enemies":"3 Cultists","floor":29,"turns":2},{"damage":13,"enemies":"Book of Stabbing","floor":30,"turns":2},{"damage":29,"enemies":"Gremlin Leader","floor":31,"turns":2},{"damage":4,"enemies":"Snake Plant","floor":32,"turns":2},{"damage":0,"enemies":"downfall:Ironclad","floor":33,"turns":1},{"damage":8,"enemies":"3 Shapes","floor":36,"turns":3},{"damage":4,"enemies":"R_Hoarder","floor":40,"turns":2},{"damage":12,"enemies":"Reptomancer","floor":42,"turns":2},{"damage":1,"enemies":"R_Hoarder","floor":43,"turns":2},{"damage":4,"enemies":"Giant Head","floor":45,"turns":3},{"damage":5,"enemies":"R_Hoarder","floor":47,"turns":3},{"damage":0,"enemies":"Orb Walker","floor":49,"turns":2},{"damage":0,"enemies":"downfall:Defect","floor":50,"turns":3}],"seed_played":"-8140158510205950000","potions_obtained":[{"floor":9,"key":"Slimebound:ThreeZeroPotion"},{"floor":23,"key":"Adrenaline Potion"},{"floor":29,"key":"champ:CounterPotion"},{"floor":49,"key":"Block Potion"}],"is_trial":true,"path_per_floor":["R","M","?","?","$","M","T","$","E","M","$","E","E","?","M","B",null,"R","M","?","?","AVR","NM","T","T","M","$","E","M","E","E","M","B",null,"R","M","?","?","$","E","T","E","E","$","E","R","E","$","M","B",null],"character_chosen":"The_Alterego","items_purchased":["Nunchaku","Dota2Spire:Dagon","Replay:Bottled Flurry","Toolbox","Shuriken","aspiration:Nostalgia","Dota2Spire:Satanic","vexMod:PaidLearning","Bronze Scales","hubris:Spice","hubris:Spice","hubris:Spice","hubris:HerbalPaste","Dream Catcher","alterego_mod:Undulate","hubris:TenFootPole","PreservedInsect","conspire:TreasureMap","alterego_mod:DiscoLights","DemoMod:Bottle","Guardian:PocketSentry","alterego_mod:Punishment"],"campfire_rested":2,"item_purchase_floors":[5,5,5,5,8,8,8,11,27,27,27,27,39,39,39,44,44,44,44,48,48,48],"current_hp_per_floor":[113,122,132,142,156,166,181,190,198,216,225,234,243,252,258,276,285,294,282,292,302,318,320,342,358,368,359,365,377,374,355,361,391,420,439,441,451,461,471,481,499,499,509,524,530,537,546,561,570,585,585,585],"gold":367,"neow_bonus":"","is_daily":false,"chose_seed":false,"campfire_upgraded":0,"win_rate":0.0,"timestamp":1610171815,"path_taken":["R","M","?","?","$","?","T","$","E","?","$","E","?","?","M","BOSS","R","M","?","?","AVR","NM","T","?","?","$","E","?","E","?","M","BOSS","R","M","?","?","$","?","T","?","?","$","?","R","E","?","M","BOSS"],"items_purchased_type":["Relic","Relic","Relic","Relic","Relic","Relic","Relic","Relic","Relic","Relic","Relic","Relic","Relic","Relic","Card","Relic","Relic","Relic","Card","Relic","Relic","Card"],"build_version":"2020-12-22","purchased_purges":1,"victory":false,"max_hp_per_floor":[113,130,139,148,157,166,181,190,199,216,225,234,243,252,261,276,285,294,303,312,313,328,337,352,367,368,359,368,377,378,387,396,411,420,439,448,457,466,475,484,499,500,509,524,533,537,546,561,570,585,585,585],"card_choices":[{"not_picked":["infinitespire:Menacing","ReplayTheSpireMod:??????????????????????"],"picked":"infinitespire:Punishment","floor":23}],"player_experience":83616,"relics_obtained":[{"floor":2,"key":"hubris:Spice"},{"floor":6,"key":"aspiration:HiddenCompartment"},{"floor":9,"key":"hubris:AstralHammer"},{"floor":10,"key":"hubris:Spice"},{"floor":12,"key":"hubris:MobiusCoin"},{"floor":13,"key":"Dota2Spire:PhaseBoots"},{"floor":15,"key":"Grinning Jar"},{"floor":19,"key":"Dota2Spire:OrchidMalevolence"},{"floor":23,"key":"ReplayTheSpireMod:Lightbulb"},{"floor":24,"key":"hubris:CuriousFeather"},{"floor":25,"key":"Unceasing Top"},{"floor":26,"key":"hubris:Spice"},{"floor":28,"key":"conspire:Boomerang"},{"floor":29,"key":"Mercury Hourglass"},{"floor":30,"key":"hubris:Spice"},{"floor":31,"key":"hubris:Zylophone"},{"floor":32,"key":"Gambling Chip"},{"floor":35,"key":"aspiration:FetidBarrel"},{"floor":36,"key":"conspire:InfiniteJournal"},{"floor":40,"key":"Thread and Needle"},{"floor":41,"key":"Torii"},{"floor":42,"key":"hubris:Spice"},{"floor":45,"key":"Dota2Spire:ShivaGuard"},{"floor":47,"key":"Dota2Spire:Vanguard"},{"floor":49,"key":"Dota2Spire:BattleFury"}],"event_choices":[{"damage_healed":0,"gold_gain":0,"player_choice":"Agree","damage_taken":0,"max_hp_gain":0,"max_hp_loss":0,"event_name":"conspire:LoneGhost","floor":4,"gold_loss":0},{"damage_healed":0,"gold_gain":100,"player_choice":"Gold","damage_taken":0,"max_hp_gain":0,"max_hp_loss":0,"event_name":"Wheel of Change","floor":14,"gold_loss":0}],"is_beta":false,"boss_relics":[{"not_picked":["theSenshi:MoonKaleidoScopeRelic","expansioncontent:StudyCardRelic"],"picked":"energizedSpire:StickyHand"},{"not_picked":["energizedSpire:NeverEndingSparkler","hubris:Spice"],"picked":"energizedSpire:RedRose"},{"not_picked":["hubris:Spice","hubris:Spice"],"picked":"Replay:Ancient Bell"},{"not_picked":["hubris:Spice","hubris:Spice"],"picked":"CeramicFish"},{"not_picked":["DemoMod:OrangeGuonStone","Blue Candle"],"picked":"hubris:SphereOfDissonance"},{"not_picked":["infinitespire:Magic Flask","hubris:Spice"],"picked":"DemoMod:PartiallyEatenCheese"}],"items_purged_floors":[8],"is_endless":true,"potions_floor_spawned":[2,9,12,16,23,28,29,30,33,45,47,49,50],"ascension_level":0}}