{"host":"a4s27ghlnr83kbqz","time":1610189375,"event":{"mods":["AchievementEnabler","BaseMod","Colored Map","Minty Spire (QoL Compilation)","Permanent Neow","SuperFastMode"],"gold_per_floor":[112,37,57,67,87,87,114,114,114,149,149,76,153,168,168,168,168],"floor_reached":16,"playtime":235,"items_purged":[],"score":220,"play_id":"134737c5-0a57-45a7-9ad1-f98ffbde0d30","local_time":"20210109184935","is_ascension_mode":true,"campfire_choices":[{"data":"Blood for Blood","floor":6,"key":"SMITH"},{"data":"Uppercut","floor":8,"key":"SMITH"},{"floor":15,"key":"REST"}],"circlet_count":0,"master_deck":["AscendersBane","Strike_R","Strike_R","Strike_R","Defend_R","Defend_R","Defend_R","Bash","Blood for Blood+1","Wild Strike","Anger","Uppercut+1","Flame Barrier","Offering","Rampage"],"relics":["Burning Blood","Blue Candle","Sundial","HornCleat"],"acts_visited":["Exordium"],"potions_floor_usage":[7],"damage_taken":[{"damage":2,"enemies":"2 Louse","floor":1,"turns":3},{"damage":10,"enemies":"Small Slimes","floor":3,"turns":4},{"damage":12,"enemies":"Jaw Worm","floor":4,"turns":2},{"damage":11,"enemies":"Looter","floor":5,"turns":2},{"damage":10,"enemies":"Lagavulin","floor":7,"turns":4},{"damage":40,"enemies":"3 Sentries","floor":10,"turns":9},{"damage":6,"enemies":"2 Fungi Beasts","floor":14,"turns":2},{"damage":36,"enemies":"The Guardian","floor":16,"turns":9}],"seed_played":"-1957817493412695188","potions_obtained":[{"floor":1,"key":"GamblersBrew"},{"floor":3,"key":"Strength Potion"}],"is_trial":false,"path_per_floor":["M","?","M","M","M","R","E","R","T","E","?","?","?","M","R","B"],"character_chosen":"IRONCLAD","items_purchased":[],"campfire_rested":1,"item_purchase_floors":[],"current_hp_per_floor":[68,68,64,58,53,53,49,49,49,15,15,15,15,15,35,0,0],"gold":168,"neow_bonus":"REMOVE_TWO","is_daily":false,"chose_seed":false,"campfire_upgraded":2,"win_rate":0.0,"timestamp":1610189375,"path_taken":["M","?","M","M","M","R","E","R","T","E","?","?","?","?","R","BOSS"],"items_purchased_type":[],"build_version":"2020-12-22","purchased_purges":0,"victory":false,"max_hp_per_floor":[68,68,68,68,68,68,68,68,68,68,68,68,68,68,68,68,68],"card_choices":[{"not_picked":["Thunderclap","Entrench"],"picked":"Blood for Blood","floor":1},{"not_picked":["Body Slam","Second Wind"],"picked":"Wild Strike","floor":3},{"not_picked":["Clothesline","Pommel Strike"],"picked":"Anger","floor":4},{"not_picked":["Headbutt","Clothesline"],"picked":"Uppercut","floor":5},{"not_picked":["Iron Wave","Thunderclap"],"picked":"Flame Barrier","floor":7},{"not_picked":["Twin Strike","Body Slam"],"picked":"Offering","floor":10},{"not_picked":["Sever Soul","Body Slam"],"picked":"Rampage","floor":14}],"player_experience":1098694,"relics_obtained":[{"floor":7,"key":"Blue Candle"},{"floor":9,"key":"Sundial"},{"floor":10,"key":"HornCleat"}],"event_choices":[{"cards_removed":["Strike_R"],"damage_healed":0,"gold_gain":0,"player_choice":"Card Removal","damage_taken":0,"max_hp_gain":0,"max_hp_loss":0,"event_name":"The Cleric","floor":2,"gold_loss":75},{"damage_healed":0,"gold_gain":0,"player_choice":"Ignored","damage_taken":0,"max_hp_gain":0,"max_hp_loss":0,"event_name":"Shining Light","floor":11,"gold_loss":0},{"damage_healed":0,"gold_gain":0,"player_choice":"Left Gold","damage_taken":0,"max_hp_gain":0,"max_hp_loss":0,"event_name":"World of Goop","floor":12,"gold_loss":73},{"damage_healed":0,"gold_gain":77,"player_choice":"Gained Gold","damage_taken":0,"max_hp_gain":0,"max_hp_loss":0,"event_name":"Golden Wing","floor":13,"gold_loss":0}],"is_beta":false,"boss_relics":[],"items_purged_floors":[],"is_endless":false,"potions_floor_spawned":[1,3],"killed_by":"The Guardian","ascension_level":20}}