{"host":"a3oe3gstxz77c7qu","time":1610197131,"event":{"mods":["2.2 Compatiblity","Act Like it!","BaseMod","Bestiary","Better Altar","Better Match","Better Note","Better Skull","Better Third Choice","Block Reminder","Curses Come First","Custom Start","Downfall","Friendly Minions","GifTheSpireLib","Hermit","Infinite Spire","Jorbs\u0027s Wanderer Trilogy","Lobotomy","LobotomyExtend","Marisa????????","Minty Spire (QoL Compilation)","Permanent Neow","Quick Restart","Relic Stats","Replay The Spire","StSLib","The Bug Knight","The Disciple","Uncapped","Wandering Minibosses"],"gold_per_floor":[10,10,10,30,49,84,84,84,152,232,263,277,277,297,297,395,395,405,455,455,455,480,480,509,534,558,558,597,597,252,281,281,385,385,412,160,188,37,63,63,102,123,147,175,198,224,262,289,289,289,289],"floor_reached":52,"playtime":2646,"items_purged":["hermit:Strike_Hermit","Delirium"],"score":960,"play_id":"5a05c65e-f759-4bba-a4e4-fda454aee9d0","local_time":"20210109125851","is_ascension_mode":true,"campfire_choices":[{"data":"hermit:FlashPowder","floor":7,"key":"SMITH"},{"data":"hermit:Magnum","floor":13,"key":"SMITH"},{"data":"hermit:HighNoon","floor":15,"key":"SMITH"},{"floor":23,"key":"REST"},{"data":"hermit:Grudge","floor":29,"key":"SMITH"},{"data":"hermit:FatalDesire","floor":32,"key":"SMITH"},{"data":"hermit:FromBeyond","floor":40,"key":"SMITH"},{"floor":49,"key":"REST"}],"circlet_count":0,"master_deck":["hermit:Strike_Hermit","hermit:Strike_Hermit+1","hermit:Strike_Hermit+1","hermit:Defend_Hermit+1","hermit:Defend_Hermit","hermit:Defend_Hermit","hermit:Defend_Hermit+1","hermit:Snapshot","hermit:Covet","hermit:HighNoon+1","hermit:FlashPowder+1","hermit:GhostlyPresence","hermit:Magnum+1","hermit:FatalDesire+1","hermit:Horror","hermit:FromBeyond+1","hermit:Quickdraw","hermit:FlashPowder+1","hermit:Grudge","hermit:NoHoldsBarred","hermit:TakeCover+1","hermit:Grudge+1","hermit:FatalDesire+1","hermit:ShadowCloak","hermit:FinalCanter","hermit:FlashPowder","hermit:Coalescence","hermit:Dissolve","hermit:FlashPowder","hermit:Cheat+1","hermit:Deadeye+1","hermit:EyeOfTheStorm+1","hermit:Shortfuse","hermit:WideOpen+1","hermit:Deadeye+1","hermit:WideOpen+1"],"relics":["hermit:Momento","LetterFromLob","Oddly Smooth Stone","Gaze_r","ShedSkin_r","Pear","infinitespire:Eraser","Honey Jar","Tiny House","CeramicFish","Replay:Wax Seal","Nunchaku","Ring of Hypnosis","Ring of Searing","War Paint","ReplayFunnel","Painkiller Herb","Strawberry","Frozen Egg 2","Vajra","Blood Vial"],"acts_visited":["Exordium","TheCity","TheBeyond"],"potions_floor_usage":[37,45,50,50,50],"damage_taken":[{"damage":0,"enemies":"2 Louse","floor":1,"turns":2},{"damage":0,"enemies":"2 Louse","floor":2,"turns":8},{"damage":1,"enemies":"Jaw Worm","floor":4,"turns":3},{"damage":4,"enemies":"Small Slimes","floor":5,"turns":4},{"damage":0,"enemies":"HollowMod:MossKnight","floor":6,"turns":12},{"damage":0,"enemies":"Looter","floor":8,"turns":5},{"damage":19,"enemies":"Gremlin Nob","floor":11,"turns":5},{"damage":0,"enemies":"Looter","floor":12,"turns":3},{"damage":0,"enemies":"3 Louse","floor":14,"turns":2},{"damage":6,"enemies":"Hexaghost","floor":16,"turns":8},{"damage":0,"enemies":"Shell Parasite","floor":18,"turns":4},{"damage":0,"enemies":"Cultist and Chosen","floor":22,"turns":4},{"damage":0,"enemies":"Shelled Parasite and Fungi","floor":24,"turns":2},{"damage":10,"enemies":"Snake Plant","floor":25,"turns":3},{"damage":0,"enemies":"Book of Stabbing","floor":28,"turns":3},{"damage":3,"enemies":"Snecko","floor":31,"turns":4},{"damage":5,"enemies":"Champ","floor":33,"turns":7},{"damage":6,"enemies":"Orb Walker","floor":35,"turns":4},{"damage":4,"enemies":"3 Darklings","floor":37,"turns":3},{"damage":8,"enemies":"Transient","floor":39,"turns":5},{"damage":7,"enemies":"HollowMod:StalkingDevout","floor":41,"turns":5},{"damage":0,"enemies":"Jaw Worm Horde","floor":42,"turns":4},{"damage":0,"enemies":"4 Shapes","floor":44,"turns":4},{"damage":13,"enemies":"3 Darklings","floor":45,"turns":4},{"damage":6,"enemies":"Sphere and 2 Shapes","floor":46,"turns":4},{"damage":15,"enemies":"Nemesis","floor":47,"turns":5},{"damage":11,"enemies":"Jaw Worm Horde","floor":48,"turns":4},{"damage":48,"enemies":"infinitespire:MassOfShapes","floor":50,"turns":6}],"seed_played":"-5968314140291206644","potions_obtained":[{"floor":4,"key":"Toxic Potion"},{"floor":6,"key":"Ancient Potion"},{"floor":14,"key":"Energy Potion"},{"floor":19,"key":"Reflective Coating"},{"floor":22,"key":"FearPotion"},{"floor":25,"key":"Flashbang"},{"floor":28,"key":"Elixir"},{"floor":35,"key":"ColorlessPotion"},{"floor":39,"key":"PowerPotion"},{"floor":46,"key":"Energy Potion"},{"floor":48,"key":"Cursed Concoction"}],"is_trial":false,"path_per_floor":["M","?","?","M","M","E","R","M","T","?","E","M","R","M","R","B",null,"M","AVR","?","?","M","R","M","M","T","?","E","R","$","M","R","B",null,"?","T","?","T","?","T","E","?","T","?","?","?","E","?","T","B",null,null],"character_chosen":"HERMIT","items_purchased":["ReplayFunnel","hermit:FatalDesire","Strawberry","hermit:Dissolve"],"campfire_rested":2,"item_purchase_floors":[30,30,36,38],"current_hp_per_floor":[75,75,60,59,55,55,55,33,43,43,24,24,24,24,24,18,85,85,90,90,34,34,61,61,51,51,51,51,51,51,48,48,43,90,84,91,87,87,79,79,72,72,72,72,59,53,38,29,58,12,12],"gold":289,"neow_bonus":"THREE_RARE_CARDS","is_daily":false,"chose_seed":false,"campfire_upgraded":6,"win_rate":0.0,"timestamp":1610197131,"path_taken":["M","?","?","?","M","E","R","M","T","?","E","M","R","M","R","BOSS","M","AVR","?","?","?","R","M","M","T","?","E","R","$","M","R","BOSS","?","T","?","T","?","T","E","?","T","?","?","?","E","?","T","BOSS"],"items_purchased_type":["Relic","Card","Relic","Card"],"build_version":"2020-12-22","purchased_purges":2,"victory":true,"max_hp_per_floor":[75,75,75,75,75,75,75,75,85,85,85,85,85,85,85,85,85,85,90,90,90,90,90,90,90,90,90,90,90,90,90,90,90,90,90,97,97,97,97,97,97,97,97,97,97,97,97,97,97,97,97],"relic_stats":{"Blood Vial":4,"Nunchaku":[8],"counters":[28,127],"CeramicFish":162,"War Paint":["hermit:FlashPowder","hermit:Defend_Hermit"],"obtain_stats":[{"ReplayFunnel":30,"Pear":9,"Tiny House":19,"Ring of Hypnosis":27,"CeramicFish":21,"Oddly Smooth Stone":6,"Vajra":43,"Painkiller Herb":34,"War Paint":28,"Frozen Egg 2":41,"Gaze_r":8,"Ring of Searing":27,"Blood Vial":47,"Nunchaku":26,"Strawberry":36,"Honey Jar":17,"LetterFromLob":1,"infinitespire:Eraser":11,"Replay:Wax Seal":21,"hermit:Momento":0,"ShedSkin_r":8},{"ReplayFunnel":15,"Pear":6,"Tiny House":11,"Ring of Hypnosis":14,"CeramicFish":11,"Oddly Smooth Stone":5,"Vajra":22,"Painkiller Herb":17,"War Paint":15,"Frozen Egg 2":21,"Gaze_r":6,"Ring of Searing":14,"Blood Vial":26,"Nunchaku":14,"Strawberry":18,"Honey Jar":10,"LetterFromLob":1,"infinitespire:Eraser":7,"Replay:Wax Seal":11,"hermit:Momento":0,"ShedSkin_r":6},{"ReplayFunnel":68,"Pear":34,"Tiny House":56,"Ring of Hypnosis":65,"CeramicFish":56,"Oddly Smooth Stone":29,"Vajra":100,"Painkiller Herb":79,"War Paint":68,"Frozen Egg 2":96,"Gaze_r":34,"Ring of Searing":65,"Blood Vial":117,"Nunchaku":65,"Strawberry":83,"Honey Jar":52,"LetterFromLob":2,"infinitespire:Eraser":39,"Replay:Wax Seal":56,"hermit:Momento":0,"ShedSkin_r":34}]},"card_choices":[{"not_picked":["hermit:BlackWind","hermit:Purgatory"],"picked":"hermit:HighNoon","floor":0},{"not_picked":["hermit:BodyArmor","hermit:Shortfuse"],"picked":"hermit:FlashPowder","floor":1},{"not_picked":["hermit:Cheat","hermit:ItchyTrigger","hermit:ShadowCloak"],"picked":"SKIP","floor":4},{"not_picked":["hermit:Dive","hermit:Snipe"],"picked":"hermit:GhostlyPresence","floor":5},{"not_picked":["hermit:WideOpen","hermit:Virtue"],"picked":"hermit:Magnum","floor":6},{"not_picked":["hermit:SprayPray","hermit:WideOpen"],"picked":"hermit:FatalDesire","floor":11},{"not_picked":["hermit:Feint","hermit:TrackingShot"],"picked":"hermit:Horror","floor":12},{"not_picked":["hermit:CursedWeapon","hermit:Snipe","hermit:BodyArmor"],"picked":"SKIP","floor":14},{"not_picked":["hermit:RoundhouseKick","hermit:DeadOrAlive"],"picked":"hermit:FromBeyond","floor":16},{"not_picked":["hermit:Glare","hermit:CalledShot","hermit:Coalescence+1"],"picked":"hermit:Quickdraw","floor":18},{"not_picked":["hermit:Roulette+1","hermit:BodyArmor","hermit:WideOpen+1"],"picked":"hermit:FlashPowder","floor":19},{"not_picked":["hermit:BodyArmor","hermit:PistolWhip","hermit:Headshot"],"picked":"hermit:Grudge","floor":22},{"not_picked":["hermit:Brawl","hermit:Roulette","hermit:BigShot+1"],"picked":"hermit:NoHoldsBarred","floor":24},{"not_picked":["hermit:Quickdraw","hermit:Headshot+1","hermit:Brawl"],"picked":"hermit:TakeCover+1","floor":25},{"not_picked":["hermit:Headshot","hermit:LuckOfTheDraw","hermit:CursedWeapon"],"picked":"hermit:Grudge","floor":28},{"not_picked":["hermit:LowProfile+1","hermit:Misfire","hermit:GhostlyPresence"],"picked":"hermit:ShadowCloak","floor":31},{"not_picked":["hermit:EternalForm","hermit:Gambit","hermit:DeadOrAlive"],"picked":"hermit:FinalCanter","floor":33},{"not_picked":["hermit:WideOpen+1","hermit:GoldenBullet","hermit:HighCaliber"],"picked":"hermit:FlashPowder","floor":35},{"not_picked":["hermit:Desperado+1","hermit:TrackingShot+1","hermit:Headshot+1"],"picked":"hermit:Coalescence","floor":37},{"not_picked":["hermit:Snipe","hermit:Cheat","hermit:Spite"],"picked":"hermit:FlashPowder","floor":39},{"not_picked":["hermit:Quickdraw","hermit:Feint","hermit:Vantage"],"picked":"hermit:Cheat+1","floor":41},{"not_picked":["hermit:Misfire","hermit:Headshot+1","hermit:Enervate"],"picked":"hermit:Deadeye+1","floor":42},{"not_picked":["hermit:ShadowCloak+1","hermit:BodyArmor+1","hermit:LuckOfTheDraw+1"],"picked":"hermit:EyeOfTheStorm+1","floor":44},{"not_picked":["hermit:HighNoon+1","hermit:BodyArmor+1","hermit:Desperado+1"],"picked":"hermit:Shortfuse","floor":45},{"not_picked":["hermit:ItchyTrigger","hermit:Malice+1","hermit:Vantage+1"],"picked":"hermit:WideOpen+1","floor":46},{"not_picked":["hermit:FullyLoaded+1","hermit:Shortfuse+1","hermit:Glare+1"],"picked":"hermit:Deadeye+1","floor":47},{"not_picked":["hermit:Vantage","hermit:LuckOfTheDraw","hermit:Coalescence"],"picked":"hermit:WideOpen+1","floor":48}],"player_experience":944350,"relics_obtained":[{"floor":1,"key":"LetterFromLob"},{"floor":6,"key":"Oddly Smooth Stone"},{"floor":9,"key":"Pear"},{"floor":11,"key":"infinitespire:Eraser"},{"floor":26,"key":"Nunchaku"},{"floor":27,"key":"Ring of Hypnosis"},{"floor":27,"key":"Ring of Searing"},{"floor":28,"key":"War Paint"},{"floor":41,"key":"Frozen Egg 2"},{"floor":43,"key":"Vajra"},{"floor":47,"key":"Blood Vial"}],"event_choices":[{"damage_healed":75,"gold_gain":0,"player_choice":"Upgrade","damage_taken":15,"max_hp_gain":0,"max_hp_loss":75,"event_name":"betterThird:BetterShining","floor":3,"gold_loss":0,"cards_upgraded":["hermit:Defend_Hermit","hermit:Strike_Hermit"]},{"damage_healed":0,"gold_gain":0,"player_choice":"RE RE UP ","damage_taken":62,"relics_obtained":["CeramicFish","Replay:Wax Seal"],"max_hp_gain":0,"max_hp_loss":0,"event_name":"betterSkull:BetterSkull","floor":21,"gold_loss":0,"cards_upgraded":["hermit:Strike_Hermit"]}],"is_beta":false,"boss_relics":[{"not_picked":["Ectoplasm","Pandora\u0027s Box"],"picked":"Honey Jar"},{"not_picked":["Replay:Bronze Core","Velvet Choker"],"picked":"Painkiller Herb"}],"items_purged_floors":[30,36],"is_endless":false,"potions_floor_spawned":[4,6,8,14,22,25,28,35,39,44,46,47,48],"ascension_level":1}}