{"host":"ci7ivtocgfxh0ueo","time":1610200613,"event":{"mods":["BaseMod","GifTheSpireLib","Minty Spire (QoL Compilation)","StSLib"],"gold_per_floor":[115,125,144,46,46,46,46,59,59,75,75,75,87,13,13,90,90,105,105,51,101,112,112,132,132,158,158,44,64,82,82,82,82,82],"floor_reached":33,"playtime":702,"items_purged":[],"score":457,"play_id":"052e450a-2314-4b9e-ad3c-0aae24e3af60","local_time":"20210109215653","is_ascension_mode":true,"campfire_choices":[{"data":"Trip","floor":6,"key":"SMITH"},{"data":"Uppercut","floor":12,"key":"SMITH"},{"data":"Inflame","floor":15,"key":"SMITH"},{"data":"Immolate","floor":23,"key":"SMITH"},{"floor":25,"key":"REST"},{"data":"Immolate","floor":27,"key":"SMITH"},{"floor":32,"key":"REST"}],"circlet_count":0,"master_deck":["AscendersBane","Bash","Uppercut+1","Dropkick","Trip+1","Twin Strike","Infernal Blade+1","Inflame+1","Exhume+1","Immolate+1","Sentinel+1","Double Tap+1","Rampage","Barricade","Pummel","Immolate+1","Clothesline","Exhume+1","Armaments+1","Flex+1","Havoc+1","Armaments+1","Bludgeon","Havoc+1"],"relics":["Burning Blood","Bronze Scales","Toxic Egg 2","Pandora\u0027s Box","Blood Vial","Letter Opener"],"acts_visited":["Exordium","TheCity"],"potions_floor_usage":[7,16,16,22,22,24,30,30,33],"damage_taken":[{"damage":1,"enemies":"Cultist","floor":1,"turns":3},{"damage":14,"enemies":"Small Slimes","floor":2,"turns":3},{"damage":7,"enemies":"Jaw Worm","floor":3,"turns":3},{"damage":0,"enemies":"3 Sentries","floor":7,"turns":1},{"damage":25,"enemies":"Exordium Wildlife","floor":8,"turns":4},{"damage":11,"enemies":"Looter","floor":10,"turns":2},{"damage":0,"enemies":"Large Slime","floor":13,"turns":3},{"damage":39,"enemies":"The Guardian","floor":16,"turns":8},{"damage":29,"enemies":"Shell Parasite","floor":18,"turns":3},{"damage":17,"enemies":"2 Thieves","floor":22,"turns":2},{"damage":1,"enemies":"Chosen and Byrds","floor":24,"turns":2},{"damage":13,"enemies":"Snake Plant","floor":29,"turns":2},{"damage":43,"enemies":"Shelled Parasite and Fungi","floor":30,"turns":3},{"damage":57,"enemies":"Collector","floor":33,"turns":5}],"seed_played":"-4141207099738991349","potions_obtained":[{"floor":1,"key":"SmokeBomb"},{"floor":2,"key":"Weak Potion"},{"floor":10,"key":"FearPotion"},{"floor":16,"key":"Explosive Potion"},{"floor":22,"key":"Explosive Potion"},{"floor":24,"key":"Fire Potion"},{"floor":30,"key":"Strength Potion"}],"is_trial":false,"path_per_floor":["M","M","M","$","?","R","E","M","T","M","$","R","M","$","R","B",null,"M","?","$","?","M","R","M","R","T","R","$","M","M","T","R","B"],"character_chosen":"IRONCLAD","items_purchased":["Trip","Exhume+1","FearPotion","Strength Potion","Armaments+1"],"campfire_rested":2,"item_purchase_floors":[4,14,20,28,28],"current_hp_per_floor":[73,65,64,64,64,64,70,51,51,46,46,46,52,52,52,19,61,38,38,38,38,27,27,32,54,54,54,54,49,14,14,36,0,0],"gold":82,"neow_bonus":"RANDOM_COMMON_RELIC","is_daily":false,"chose_seed":false,"campfire_upgraded":5,"win_rate":0.0,"timestamp":1610200613,"path_taken":["M","M","?","?","?","R","E","M","T","?","$","R","M","$","R","BOSS","M","?","$","?","M","R","M","R","T","R","?","M","M","?","R","BOSS"],"items_purchased_type":["Card","Card","Potion","Potion","Card"],"build_version":"2020-12-22","purchased_purges":0,"victory":false,"max_hp_per_floor":[75,75,75,75,75,75,75,75,75,75,75,75,75,75,75,75,75,75,75,75,75,75,75,75,75,75,75,75,75,75,75,75,75,75],"card_choices":[{"not_picked":["Metallicize","Havoc"],"picked":"Uppercut","floor":1},{"not_picked":["Second Wind","Entrench","Evolve"],"picked":"SKIP","floor":2},{"not_picked":["Headbutt","Warcry"],"picked":"Dropkick","floor":3},{"not_picked":["Headbutt","Brutality"],"picked":"Twin Strike","floor":8},{"not_picked":["Clothesline","Rampage"],"picked":"Infernal Blade+1","floor":10},{"not_picked":["Cleave","Shockwave+1"],"picked":"Inflame","floor":13},{"not_picked":["Demon Form","Exhume+1"],"picked":"Immolate","floor":16},{"not_picked":["Flame Barrier+1","True Grit+1"],"picked":"Armaments+1","floor":18},{"not_picked":["Cleave","Clash"],"picked":"Flex+1","floor":22},{"not_picked":["Thunderclap","Flex+1"],"picked":"Havoc+1","floor":24},{"not_picked":["Shrug It Off+1","Armaments+1"],"picked":"Bludgeon","floor":29},{"not_picked":["Headbutt","Heavy Blade"],"picked":"Havoc+1","floor":30}],"player_experience":1331512,"relics_obtained":[{"floor":9,"key":"Toxic Egg 2"},{"floor":26,"key":"Blood Vial"},{"floor":31,"key":"Letter Opener"}],"event_choices":[{"cards_removed":["Strike_R"],"damage_healed":0,"gold_gain":0,"player_choice":"Purged","damage_taken":0,"max_hp_gain":0,"max_hp_loss":0,"event_name":"Purifier","floor":5,"gold_loss":0},{"damage_healed":0,"gold_gain":0,"player_choice":"Ignored","damage_taken":0,"max_hp_gain":0,"max_hp_loss":0,"event_name":"Cursed Tome","floor":19,"gold_loss":0},{"damage_healed":0,"gold_gain":50,"player_choice":"Stole From Cult","damage_taken":0,"max_hp_gain":0,"max_hp_loss":0,"event_name":"Nest","floor":21,"gold_loss":0}],"is_beta":false,"boss_relics":[{"not_picked":["SlaversCollar","Coffee Dripper"],"picked":"Pandora\u0027s Box"}],"items_purged_floors":[],"is_endless":false,"potions_floor_spawned":[1,2,7,10,13,16,22,24,30],"killed_by":"Collector","ascension_level":17}}