{"host":"98ajcw3do3zsggh8","time":1610157670,"event":{"mods":["BaseMod","Minty Spire (QoL Compilation)","Replay The Spire","StSLib"],"gold_per_floor":[109,39,39,55,74,106,106,106,106,131,131,131,144,144,144,144,144],"floor_reached":16,"playtime":327,"items_purged":[],"score":124,"play_id":"76410349-0158-4404-9361-b615a1b449b5","local_time":"20210109030110","is_ascension_mode":true,"campfire_choices":[{"data":"Blood for Blood","floor":7,"key":"SMITH"},{"data":"ReplayTheSpireMod:Limb From Limb","floor":11,"key":"SMITH"},{"data":"Bash","floor":15,"key":"SMITH"}],"circlet_count":0,"master_deck":["Strike_R","Strike_R","Strike_R","Strike_R","Defend_R","Defend_R","Defend_R","Defend_R+1","Bash+1","Thunderclap+1","Blood for Blood+1","ReplayTheSpireMod:Limb From Limb+1"],"relics":["Burning Blood","NeowsBlessing","ReplayTheSpireMod:Shallot","Golden Egg","Replay:Bottled Snecko","Pear","Replay:Towering Pillar of Hats"],"acts_visited":["Exordium"],"potions_floor_usage":[16],"damage_taken":[{"damage":0,"enemies":"Cultist","floor":1,"turns":1},{"damage":0,"enemies":"2 Louse","floor":4,"turns":1},{"damage":0,"enemies":"Small Slimes","floor":5,"turns":1},{"damage":43,"enemies":"3 Sentries","floor":6,"turns":8},{"damage":21,"enemies":"Gremlin Nob","floor":10,"turns":4},{"damage":0,"enemies":"Exordium Wildlife","floor":13,"turns":3},{"damage":36,"enemies":"Slime Boss","floor":16,"turns":4}],"seed_played":"622282404025961376","potions_obtained":[{"floor":4,"key":"Explosive Potion"},{"floor":5,"key":"Languid Potion"}],"is_trial":false,"path_per_floor":["M","$","T","M","M","E","R","?","T","E","R","T","M","?","R","B"],"character_chosen":"IRONCLAD","items_purchased":["Blood for Blood"],"campfire_rested":0,"item_purchase_floors":[2],"current_hp_per_floor":[80,80,80,80,80,43,43,27,27,22,22,22,28,28,28,0,0],"gold":144,"neow_bonus":"THREE_ENEMY_KILL","is_daily":false,"chose_seed":false,"campfire_upgraded":3,"win_rate":0.0,"timestamp":1610157670,"path_taken":["M","?","?","M","M","E","R","?","T","E","R","?","M","?","R","BOSS"],"items_purchased_type":["Card"],"build_version":"2020-12-22","purchased_purges":0,"victory":false,"max_hp_per_floor":[80,80,80,80,80,80,80,80,80,90,90,90,90,90,90,90,90],"card_choices":[{"not_picked":["Shrug It Off","ReplayTheSpireMod:Stacked"],"picked":"Thunderclap","floor":1},{"not_picked":["Replay:Undeath\u0027s Touch","Pummel","Clothesline"],"picked":"SKIP","floor":4},{"not_picked":["ReplayTheSpireMod:Strike From Hell","Replay:Undeath\u0027s Touch","Wild Strike"],"picked":"SKIP","floor":5},{"not_picked":["Wild Strike","Armaments","Havoc"],"picked":"SKIP","floor":6},{"not_picked":["True Grit","Abandon"],"picked":"ReplayTheSpireMod:Limb From Limb","floor":10},{"not_picked":["ReplayTheSpireMod:Stacked","Ghostly Armor","Twin Strike"],"picked":"SKIP","floor":13}],"player_experience":323193,"relics_obtained":[{"floor":3,"key":"ReplayTheSpireMod:Shallot"},{"floor":6,"key":"Golden Egg"},{"floor":9,"key":"Replay:Bottled Snecko"},{"floor":10,"key":"Pear"},{"floor":12,"key":"Replay:Towering Pillar of Hats"}],"event_choices":[{"damage_healed":0,"gold_gain":0,"player_choice":"Entered Light","damage_taken":16,"max_hp_gain":0,"max_hp_loss":0,"event_name":"Shining Light","floor":8,"gold_loss":0,"cards_upgraded":["Defend_R","Thunderclap"]},{"cards_removed":["Strike_R"],"damage_healed":0,"gold_gain":0,"player_choice":"Forget","damage_taken":0,"max_hp_gain":0,"max_hp_loss":0,"event_name":"Living Wall","floor":14,"gold_loss":0}],"is_beta":false,"boss_relics":[],"items_purged_floors":[],"is_endless":false,"potions_floor_spawned":[4,5],"killed_by":"Slime Boss","ascension_level":3}}