{"host":"yecadp3kwkksam5a","time":1610192387,"event":{"mods":["BaseMod","Minty Spire (QoL Compilation)","StSLib"],"gold_per_floor":[109,121,137,154,154,184,196,226,238,285,311,354,366,90,90,190,190,205,255,97,97,97],"floor_reached":21,"playtime":839,"items_purged":["Strike_R"],"score":308,"play_id":"9e5d608c-217f-4ad5-b243-974c02650833","local_time":"20210109203947","is_ascension_mode":true,"campfire_choices":[{"data":"True Grit","floor":7.0,"key":"SMITH"},{"data":"Offering","floor":13.0,"key":"SMITH"},{"data":"Shockwave","floor":15.0,"key":"SMITH"}],"circlet_count":0,"master_deck":["AscendersBane","Strike_R","Strike_R","Strike_R","Strike_R","Defend_R","Defend_R","Defend_R","Defend_R","Bash","Sword Boomerang","Pommel Strike+1","True Grit+1","Carnage+1","Feel No Pain","Fire Breathing","Offering+1","Shockwave+1","Dropkick","Dropkick","Burning Pact","Immolate","Dropkick","Second Wind","Flash of Steel"],"relics":["Burning Blood","MawBank","Prayer Wheel","InkBottle","WingedGreaves","ClockworkSouvenir","Runic Cube"],"acts_visited":["Exordium","TheCity"],"potions_floor_usage":[21],"damage_taken":[{"damage":12.0,"enemies":"Jaw Worm","floor":1.0,"turns":4.0},{"damage":6.0,"enemies":"Cultist","floor":2.0,"turns":3.0},{"damage":4.0,"enemies":"2 Louse","floor":3.0,"turns":3.0},{"damage":9.0,"enemies":"Blue Slaver","floor":4.0,"turns":4.0},{"damage":16.0,"enemies":"Gremlin Nob","floor":6.0,"turns":3.0},{"damage":0.0,"enemies":"2 Fungi Beasts","floor":8.0,"turns":3.0},{"damage":14.0,"enemies":"3 Sentries","floor":10.0,"turns":6.0},{"damage":8.0,"enemies":"3 Louse","floor":11.0,"turns":3.0},{"damage":12.0,"enemies":"Lagavulin","floor":12.0,"turns":5.0},{"damage":16.0,"enemies":"Slime Boss","floor":16.0,"turns":10.0},{"damage":22.0,"enemies":"Shell Parasite","floor":18.0,"turns":5.0},{"damage":23,"enemies":"3 Byrds","floor":21,"turns":4}],"seed_played":"-7651656364637562899","potions_obtained":[{"floor":1.0,"key":"SpeedPotion"},{"floor":3.0,"key":"AttackPotion"},{"floor":8.0,"key":"HeartOfIron"}],"is_trial":false,"path_per_floor":["M","M","M","M","?","E","R","M","T","E","M","E","R","$","R","B",null,"M","?","$","M"],"character_chosen":"IRONCLAD","items_purchased":["Burning Pact","ClockworkSouvenir","Second Wind","Flash of Steel"],"campfire_rested":0,"item_purchase_floors":[14,14,20,20],"current_hp_per_floor":[74,74,76,73,55,45,45,51,51,43,41,35,35,35,35,25,72,56,56,56,33,33],"gold":97,"neow_bonus":"TEN_PERCENT_HP_BONUS","is_daily":false,"chose_seed":false,"campfire_upgraded":3,"win_rate":0.0,"timestamp":1610192387,"path_taken":["M","M","M","M","?","E","R","M","T","E","M","E","R","$","R","BOSS","M","?","$","?"],"items_purchased_type":["Card","Relic","Card","Card"],"build_version":"2020-12-22","purchased_purges":1,"victory":false,"max_hp_per_floor":[88,88,88,88,88,88,88,88,88,88,88,88,88,88,88,88,88,88,88,88,88,88],"card_choices":[{"not_picked":["Power Through","Pummel"],"picked":"Sword Boomerang","floor":1.0},{"not_picked":["Perfected Strike","Wild Strike"],"picked":"Pommel Strike","floor":2.0},{"not_picked":["Headbutt","Entrench"],"picked":"True Grit","floor":3.0},{"not_picked":["Thunderclap","Anger"],"picked":"Carnage","floor":4.0},{"not_picked":["Ghostly Armor","Thunderclap"],"picked":"Feel No Pain","floor":6.0},{"not_picked":["Clothesline","Dual Wield"],"picked":"Fire Breathing","floor":8.0},{"not_picked":["Impervious","Uppercut"],"picked":"Offering","floor":10.0},{"not_picked":["True Grit","Reckless Charge"],"picked":"Shockwave","floor":11.0},{"not_picked":["Thunderclap","Clothesline"],"picked":"Dropkick","floor":11.0},{"not_picked":["Combust","Flex"],"picked":"Dropkick","floor":12.0},{"not_picked":["Impervious","Limit Break"],"picked":"Immolate","floor":16.0},{"not_picked":["Flex","Clash"],"picked":"Dropkick","floor":18.0},{"not_picked":["Clothesline","Twin Strike","Warcry"],"picked":"SKIP","floor":18.0}],"player_experience":458992,"relics_obtained":[{"floor":6.0,"key":"MawBank"},{"floor":9.0,"key":"Prayer Wheel"},{"floor":10.0,"key":"InkBottle"},{"floor":12.0,"key":"WingedGreaves"}],"event_choices":[{"damage_healed":0.0,"max_hp_gain":0.0,"max_hp_loss":0.0,"gold_gain":0.0,"event_name":"Shining Light","player_choice":"Entered Light","floor":5.0,"gold_loss":0.0,"damage_taken":18.0,"cards_upgraded":["Carnage","Pommel Strike"]},{"damage_healed":0,"gold_gain":100,"player_choice":"Bet on Murderer","damage_taken":0,"max_hp_gain":0,"max_hp_loss":0,"event_name":"The Joust","floor":19,"gold_loss":50}],"is_beta":false,"boss_relics":[{"not_picked":["Philosopher\u0027s Stone","SacredBark"],"picked":"Runic Cube"}],"items_purged_floors":[14],"is_endless":false,"potions_floor_spawned":[1,3,8,10,11,16,18],"killed_by":"3 Byrds","ascension_level":11}}