{"host":"xrfvba1ye978kjmu","time":1610177828,"event":{"mods":["ATMod(阿瑾Mod)","BaseMod","CapriCore","Colored Powertips","Downfall","Friendly Minions","HumanHunterMod(怪物杀人mod)","Marisa（F雨　魔理沙）","Minty Spire (QoL Compilation)","MostiFishMod","Reimu（博丽灵梦）","Relic Filter","Remilia（蕾米莉亚）","Shop Mod","Spicy Shops","StSLib","TestMod","Waifu the Spire","noobMod","vexMod","【功能Mod】混沌之环修复补丁","【功能Mod】聪明的最终Boss","【遗物卡牌】REMEMod","篝火指南"],"gold_per_floor":[99,116,136,411,423,398,424,424,40,170,170,570,134,463,478,683,683,683,700,800,800,326,326,326,326,343,268,397,417,342,359,370,572,572,605,618,636,653,320,320,346,346,359,377,377,391,428,428,443,543],"floor_reached":51,"playtime":2075,"items_purged":["Regret","Parasite","Writhe","Doubt"],"score":977,"play_id":"c3dabfbd-8951-4c7d-baf2-49de2a693949","local_time":"20210109153708","is_ascension_mode":false,"campfire_choices":[{"data":"UpSweep","floor":1,"key":"SMITH"},{"data":"REME_ACTH","floor":11,"key":"SMITH"},{"data":"MillisecondPulsars","floor":18,"key":"SMITH"},{"floor":27,"key":"RECALL"},{"data":"DoubleSpark","floor":30,"key":"SMITH"}],"circlet_count":0,"master_deck":["Strike_MRS+1","Strike_MRS+1","Strike_MRS+1","Strike_MRS+1","Defend_MRS+1","Defend_MRS+1","Defend_MRS+1","MasterSpark+1","UpSweep+1","REME_ACTH+1","AT_DrawKnifeCut+1","PowerUp+1","BlazeAway+1","DoubleSpark+1","UnstableBomb+1","EscapeVelocity+1","GalacticHalo+1","MillisecondPulsars+1","BinaryStars+1","PowerUp+1","RitualDagger+1","FinalSpark+1","PowerUp+1","MachineGunSpark+1","StarBarrage+1","SuperNova+1","LuminesStrike+1"],"relics":["MiniHakkero","AT_ATBox","DaveBox","ice","testmod-IndustrialRevolution","DSteel32","Blood Vial","AT_TheCollector","MerchantsRug","AT_SeraphEmbrace","Shuriken","HandDrill","PreservedInsect","AT_DeathDance","xbg","testmod-CrystalShield","testmod-Hope","testmod-Antiphasic","vexMod:Dragonfruit","ThornShield","downfall:HeartBlessingGreen","testmod-TurbochargingSystem","downfall:HeartBlessingRed","DiscerningMonocle","Frozen Eye","AT_ForceNature","Toy Ornithopter","vexMod:InvisibilityCloak","Ornamental Fan","REME_CardOfGreed","DianDianMeat","testmod-Register","Whetstone","testmod-CyclicPeriapt","Peace Pipe","testmod-TestBox"],"acts_visited":["Exordium","TheCity","TheBeyond"],"potions_floor_usage":[16,49],"damage_taken":[{"damage":0,"enemies":"Cultist","floor":2,"turns":2},{"damage":3,"enemies":"Jaw Worm","floor":3,"turns":3},{"damage":0,"enemies":"2 Louse","floor":5,"turns":1},{"damage":50,"enemies":"Lagavulin","floor":10,"turns":7},{"damage":3,"enemies":"3 Sentries","floor":14,"turns":4},{"damage":1,"enemies":"Blue Slaver","floor":15,"turns":2},{"damage":0,"enemies":"downfall:Ironclad","floor":16,"turns":2},{"damage":28,"enemies":"Spheric Guardian","floor":19,"turns":8},{"damage":0,"enemies":"downfall:FleeingMerchant","floor":22,"turns":4},{"damage":0,"enemies":"3 Byrds","floor":26,"turns":1},{"damage":19,"enemies":"Gremlin Leader","floor":28,"turns":4},{"damage":0,"enemies":"Centurion and Healer","floor":29,"turns":1},{"damage":27,"enemies":"Snake Plant","floor":31,"turns":2},{"damage":7,"enemies":"Cultist and Chosen","floor":32,"turns":3},{"damage":2,"enemies":"downfall:Defect","floor":33,"turns":3},{"damage":14,"enemies":"3 Darklings","floor":36,"turns":3},{"damage":20,"enemies":"3 Shapes","floor":37,"turns":4},{"damage":10,"enemies":"Transient","floor":38,"turns":5},{"damage":21,"enemies":"Jaw Worm Horde","floor":43,"turns":3},{"damage":0,"enemies":"Maw","floor":44,"turns":2},{"damage":9,"enemies":"Spire Growth","floor":46,"turns":2},{"damage":0,"enemies":"Transient","floor":49,"turns":2},{"damage":0,"enemies":"downfall:Watcher","floor":50,"turns":1}],"seed_played":"-6116665022097245385","potions_obtained":[{"floor":5,"key":"FearPotion"},{"floor":10,"key":"Block Potion"},{"floor":14,"key":"Block Potion"},{"floor":31,"key":"Strength Potion"},{"floor":32,"key":"Dexterity Potion"},{"floor":44,"key":"SpeedPotion"},{"floor":46,"key":"DistilledChaos"}],"is_trial":false,"path_per_floor":["R","M","M","?","M","?","T","?","R","E","R","?","R","E","M","B",null,"R","M","?","?","$","?","T","?","M","R","E","M","R","M","M","B",null,"R","M","M","M","?","?","T","$","M","M","?","M","?","?","M","B",null],"character_chosen":"MARISA","items_purchased":["MerchantsRug","AT_ArchangelStaff","UnstableBomb","expansioncontent:DecasProtection","HandDrill","PreservedInsect","testmod-Hope","testmod-Antiphasic","vexMod:Dragonfruit","BinaryStars","vexMod:TimeEaterHat","Frozen Eye","AT_ForceNature","Toy Ornithopter","vexMod:InvisibilityCloak","Ornamental Fan","REME_CardOfGreed","DianDianMeat","testmod-Register","Whetstone","testmod-CyclicPeriapt","Peace Pipe"],"campfire_rested":0,"item_purchase_floors":[9,9,13,13,13,13,22,22,22,22,42,42,42,42,42,42,47,47,47,47,47,47],"current_hp_per_floor":[75,75,72,72,72,72,72,65,65,17,17,17,17,16,17,19,75,75,47,47,47,54,54,54,48,77,77,58,77,77,50,45,45,77,77,63,45,77,87,87,87,87,87,87,87,108,109,109,153,153],"gold":543,"neow_bonus":"REMOVE_CARD","is_daily":false,"chose_seed":false,"campfire_upgraded":4,"win_rate":0.0,"timestamp":1610177828,"path_taken":["R","M","?","?","?","?","T","?","R","E","R","?","R","E","M","BOSS","R","M","?","?","$","?","T","?","M","R","E","M","R","M","M","BOSS","R","M","M","M","?","?","T","$","M","M","?","M","?","?","M","BOSS"],"items_purchased_type":["Relic","Relic","Card","Card","Relic","Relic","Relic","Relic","Relic","Card","Relic","Relic","Relic","Relic","Relic","Relic","Relic","Relic","Relic","Relic","Relic","Relic"],"build_version":"2020-12-22","purchased_purges":4,"victory":true,"max_hp_per_floor":[75,75,75,75,75,75,75,75,75,75,75,75,75,75,75,75,75,75,75,75,75,77,77,77,77,77,77,77,77,77,77,77,77,77,77,77,77,77,87,87,87,87,87,87,87,141,142,142,153,156],"card_choices":[{"not_picked":["GrandCross","PropBag"],"picked":"PowerUp","floor":2},{"not_picked":["Singularity","EventHorizon"],"picked":"BlazeAway","floor":3},{"not_picked":["NonDirectionalLaser","WitchLeyline"],"picked":"DoubleSpark","floor":5},{"not_picked":["ShootingEcho","ShootTheMoon","PropBag"],"picked":"SKIP","floor":10},{"not_picked":["EarthLightRay","IllusionStar"],"picked":"EscapeVelocity","floor":14},{"not_picked":["6A","MagicAbsorber"],"picked":"GalacticHalo","floor":15},{"not_picked":["TreasureHunter","FinalSpark"],"picked":"MillisecondPulsars","floor":16},{"not_picked":["DeepEcoloBomb","MysteriousBeam","GrandCross"],"picked":"SKIP","floor":19},{"not_picked":["WitchOfGreed","Acceleration","IllusionStar"],"picked":"SKIP","floor":22},{"not_picked":["ShootingEcho","GalacticHalo","MysteriousBeam"],"picked":"SKIP","floor":26},{"not_picked":["OpenUniverse","BigCrunch","TreasureHunter"],"picked":"SKIP","floor":28},{"not_picked":["UnstableBomb","SprinkleStarSeal","ShootingEcho"],"picked":"SKIP","floor":29},{"not_picked":["StarlightTyphoon","FairyDestructionRay","Acceleration+1"],"picked":"SKIP","floor":31},{"not_picked":["DeepEcoloBomb","LuminesStrike+1","SporeBomb"],"picked":"SKIP","floor":32},{"not_picked":["EscapeVelocity","SatelliteIllusion"],"picked":"FinalSpark","floor":33},{"not_picked":["Acceleration","NonDirectionalLaser"],"picked":"PowerUp+1","floor":36},{"not_picked":["StarlightTyphoon","Acceleration+1"],"picked":"MachineGunSpark","floor":37},{"not_picked":["OneTimeOff","GrandCross"],"picked":"StarBarrage","floor":38},{"not_picked":["SporeBomb+1","GravityBeat+1","AsteroidBelt"],"picked":"SKIP","floor":43},{"not_picked":["StarlightTyphoon","IllusionStar+1"],"picked":"SuperNova","floor":44},{"not_picked":["WitchOfGreed+1","DeepEcoloBomb+1","Acceleration"],"picked":"SKIP","floor":46},{"not_picked":["GrandCross","MysteriousBeam"],"picked":"LuminesStrike","floor":49}],"player_experience":187437,"relics_obtained":[{"floor":7,"key":"Blood Vial"},{"floor":10,"key":"Shuriken"},{"floor":14,"key":"AT_DeathDance"},{"floor":24,"key":"ThornShield"},{"floor":28,"key":"testmod-TurbochargingSystem"}],"event_choices":[{"damage_healed":0,"gold_gain":0,"player_choice":"Success","damage_taken":7,"relics_obtained":["AT_TheCollector"],"max_hp_gain":0,"max_hp_loss":0,"event_name":"Scrap Ooze","floor":8,"gold_loss":0},{"damage_healed":0,"gold_gain":400,"player_choice":"Sell","damage_taken":0,"max_hp_gain":0,"max_hp_loss":0,"event_name":"恩洛斯的盘子","floor":12,"relics_lost":["REME_ComplimentaryCards"],"gold_loss":0},{"damage_healed":0,"gold_gain":0,"player_choice":"Read","damage_taken":0,"max_hp_gain":0,"max_hp_loss":0,"event_name":"The Library","floor":23,"gold_loss":0,"cards_obtained":["PowerUp"]},{"cards_removed":["expansioncontent:DecasProtection"],"damage_healed":0,"gold_gain":0,"player_choice":"Removed Skill","damage_taken":0,"max_hp_gain":0,"max_hp_loss":0,"event_name":"Falling","floor":40,"gold_loss":0},{"damage_healed":0,"gold_gain":0,"player_choice":"Swap Relic","damage_taken":0,"relics_obtained":["testmod-TestBox"],"max_hp_gain":0,"max_hp_loss":0,"event_name":"给自己的盒子","floor":48,"relics_lost":["testmod-TestBox"],"gold_loss":0}],"is_beta":false,"boss_relics":[{"not_picked":["testmod-NegativeEmotionEnhancer","Busted Crown"],"picked":"xbg"},{"not_picked":["Coffee Dripper","testmod-TimeTraveler"],"picked":"DiscerningMonocle"}],"items_purged_floors":[9,22,42,47],"is_endless":false,"potions_floor_spawned":[5,10,14,28,31,32,44,46],"ascension_level":0}}