{"host":"nkolxg4se00n20yf","time":1610188220,"event":{"mods":["BaseMod","CatGirl Mod","Chen","Colored Map","Colored Powertips","Downfall","Friendly Minions","Infinite Spire","Kiyohime????","Marisa????????","Minty Spire (QoL Compilation)","StSLib","Td1madao Mod","The Administrix","The Cursed","The Exalted","The Hierophant","The Servant 0.9.4"],"gold_per_floor":[359,359,71,71,82,108,108,127,127,141,176,176,326,356,356,427,427,443,443,416,416,416],"floor_reached":21,"playtime":894,"items_purged":["Pain"],"score":355,"play_id":"4abc0616-be52-45c9-83b8-ff42008cea79","local_time":"20210109113020","is_ascension_mode":true,"campfire_choices":[{"floor":7.0,"key":"REST"},{"floor":12,"key":"REST"},{"data":"Terror","floor":12,"key":"SMITH"},{"floor":15,"key":"REST"},{"data":"Neutralize","floor":15,"key":"SMITH"}],"circlet_count":0,"master_deck":["AscendersBane","Strike_G","Strike_G","Strike_G","Strike_G","Defend_G","Defend_G","Defend_G","Defend_G","Defend_G","Survivor","Neutralize+1","Underhanded Strike","Leg Sweep","Quick Slash","Corpse Explosion","Footwork","Deflect","Terror+1","Doubt","infinitespire:Neurotoxin","Caltrops","Choke"],"relics":["Guardian:ModeShifter","infinitespire:Cubic Diamond","HandDrill","WingedGreaves","infinitespire:Magic Flask","infinitespire:Eraser","Cursed Key","MutagenicStrength"],"acts_visited":["Exordium","TheCity"],"potions_floor_usage":[11,16,21],"damage_taken":[{"damage":5.0,"enemies":"2 Louse","floor":1.0,"turns":4.0},{"damage":0.0,"enemies":"Jaw Worm","floor":5.0,"turns":5.0},{"damage":30.0,"enemies":"Gremlin Nob","floor":6.0,"turns":6.0},{"damage":3.0,"enemies":"Cultist","floor":8.0,"turns":4.0},{"damage":12.0,"enemies":"Exordium Wildlife","floor":10.0,"turns":6.0},{"damage":27,"enemies":"Lagavulin","floor":11,"turns":12},{"damage":36,"enemies":"Slime Boss","floor":16,"turns":8},{"damage":24,"enemies":"3 Byrds","floor":18,"turns":5},{"damage":14,"enemies":"2 Thieves","floor":20,"turns":4},{"damage":12,"enemies":"Cultist and Chosen","floor":21,"turns":4}],"seed_played":"-4014597387974983972","potions_obtained":[{"floor":5.0,"key":"Ancient Potion"},{"floor":8.0,"key":"Weak Potion"},{"floor":11,"key":"ColorlessPotion"},{"floor":20,"key":"PowerPotion"}],"is_trial":false,"path_per_floor":["M","?","$","?","M","E","R","M","T","M","E","R","?","?","R","B",null,"M","?","M","M"],"character_chosen":"THE_SILENT","items_purchased":["HandDrill","Leg Sweep"],"campfire_rested":3,"item_purchase_floors":[3,3],"current_hp_per_floor":[54,54,54,54,54,24,43,40,40,28,1,20,20,20,39,3,50,26,26,12,0,0],"gold":416,"neow_bonus":"TWO_FIFTY_GOLD","is_daily":false,"chose_seed":false,"campfire_upgraded":2,"win_rate":0.0,"timestamp":1610188220,"path_taken":["M","?","$","?","M","E","R","M","T","?","E","R","?","?","R","BOSS","M","?","M","M"],"items_purchased_type":["Relic","Card"],"build_version":"2020-12-22","purchased_purges":1,"victory":false,"max_hp_per_floor":[66,66,66,66,66,66,66,66,66,66,66,66,66,66,66,66,66,66,66,66,66,66],"card_choices":[{"not_picked":["Escape Plan","Prepared"],"picked":"Underhanded Strike","floor":1.0},{"not_picked":["Dagger Spray","Sucker Punch"],"picked":"Quick Slash","floor":5.0},{"not_picked":["Underhanded Strike","Dagger Spray"],"picked":"Corpse Explosion","floor":6.0},{"not_picked":["Outmaneuver","Flying Knee"],"picked":"Footwork","floor":8.0},{"not_picked":["Accuracy","Outmaneuver"],"picked":"Deflect","floor":10.0},{"not_picked":["Backflip","Outmaneuver"],"picked":"Terror","floor":11},{"not_picked":["Unload","Corpse Explosion"],"picked":"infinitespire:Neurotoxin","floor":16},{"not_picked":["Outmaneuver","Quick Slash"],"picked":"Caltrops","floor":18},{"not_picked":["Concentrate","Accuracy"],"picked":"Choke","floor":20}],"player_experience":1082830,"relics_obtained":[{"floor":6.0,"key":"WingedGreaves"},{"floor":9.0,"key":"infinitespire:Magic Flask"},{"floor":11,"key":"infinitespire:Eraser"}],"event_choices":[{"cards_removed":["Strike_G"],"damage_healed":0.0,"max_hp_gain":0.0,"max_hp_loss":0.0,"gold_gain":0.0,"event_name":"Purifier","player_choice":"Purged","floor":4.0,"gold_loss":0.0,"damage_taken":0.0},{"damage_healed":0,"gold_gain":150,"player_choice":"AGREE","damage_taken":0,"max_hp_gain":0,"max_hp_loss":0,"event_name":"Liars Game","floor":13,"gold_loss":0,"cards_obtained":["Doubt"]},{"damage_healed":0,"gold_gain":30,"player_choice":"Searched \u00271\u0027 times","damage_taken":0,"max_hp_gain":0,"max_hp_loss":0,"event_name":"Dead Adventurer","floor":14,"gold_loss":0},{"damage_healed":0,"gold_gain":0,"player_choice":"Inject Mutagens","damage_taken":0,"relics_obtained":["MutagenicStrength"],"max_hp_gain":0,"max_hp_loss":0,"event_name":"Drug Dealer","floor":19,"gold_loss":0}],"is_beta":false,"boss_relics":[{"not_picked":["Fusion Hammer","Snecko Eye"],"picked":"Cursed Key"}],"items_purged_floors":[3],"is_endless":false,"potions_floor_spawned":[5,8,11,20],"killed_by":"Cultist and Chosen","ascension_level":18}}