{"host":"dn6kke80v5f7isus","time":1610228443,"event":{"mods":["AchievementEnabler","Act Like it!","BaseMod","Colored Powertips","Custom Start","Defuse TimeMaze Blight","Downfall","Duelist Mod","Gremlin Skip","Highlight Path","Hubris","Infinite Spire","Minty Spire (QoL Compilation)","Rare Cards Sparkle","Replay The Spire","StSLib","Uncapped"],"gold_per_floor":[144,144,144,158,158,158,183,32,32,99497,99541,99566,99566,99586,99586,99706,99706,99731,99754,99754,99768,93273,93352,93352,93409,93409,93454,93537,93537,93611,93659,93659,93853,93853,93904,93904,93913,93941,93997,94080,94131,94200,94200,94249,94249,94249,94275,94304,94304,94415,94415,94415,88111,88189,88228],"floor_reached":56,"playtime":3744,"items_purged":[],"score":1840,"play_id":"98165a74-c706-463c-b8f3-73eda92a97e2","local_time":"20210109164043","is_ascension_mode":true,"campfire_choices":[{"data":"theDuelist:ShardGreed","floor":6.0,"key":"SMITH"},{"data":"theDuelist:PotGreed","floor":13,"key":"SMITH"},{"floor":15,"key":"RECALL"},{"floor":24,"key":"REST"},{"floor":29,"key":"REST"},{"data":"theDuelist:GracefulCharity","floor":32,"key":"SMITH"},{"data":"theDuelist:ExodiaHead","floor":46,"key":"SMITH"},{"data":"theDuelist:ExodiaHead+1","floor":52,"key":"SMITH"}],"circlet_count":0,"master_deck":["theDuelist:FeatherShot","theDuelist:MagicCylinder","theDuelist:ExodiaNecross","theDuelist:LegendaryExodia","theDuelist:PowerWall","theDuelist:Wildfire","theDuelist:MiraculousDescent+1","theDuelist:ExodiaRL","theDuelist:IceQueen","theDuelist:DarkMasterZorc+1","theDuelist:BeastTalwar+1","theDuelist:BlockSpider","theDuelist:Mixeroid","theDuelist:ExodiaNecross","theDuelist:BlueEyes","theDuelist:BlockSpider","theDuelist:MillenniumScorpion","theDuelist:Hinotama+1","theDuelist:Sparks","theDuelist:OneForOne","theDuelist:CombinationAttack","theDuelist:ArchfiendSoldier","theDuelist:PowerWall+1","theDuelist:Sparks","theDuelist:Polymerization","theDuelist:RainbowDragon","theDuelist:ExodiaHead+2","theDuelist:Hinotama+1","theDuelist:ClownZombie","theDuelist:ArchfiendSoldier","theDuelist:LabyrinthWall","theDuelist:ChangeHeart","theDuelist:ExodiaRA","theDuelist:CaveDragon","theDuelist:Sparks","theDuelist:GreenGadget","theDuelist:PowerWall","theDuelist:CardDestruction","theDuelist:ExodiaLL","theDuelist:PotGreed+1","theDuelist:CaveDragon","theDuelist:MysticalElf","theDuelist:MillenniumShield","theDuelist:OjamaYellow","theDuelist:GracefulCharity+1","theDuelist:OneForOne","theDuelist:ExodiaLA","theDuelist:ZombieMammoth","theDuelist:CyberArchfiend","theDuelist:FairyBox","theDuelist:ShardGreed+1","theDuelist:BerserkerCrush","theDuelist:SpiralSpearStrike","theDuelist:PowerWall","theDuelist:DarkMagician","theDuelist:Mixeroid","theDuelist:ClownZombie","theDuelist:SummonedSkull","theDuelist:GracefulCharity","theDuelist:Sparks"],"relics":["theDuelist:MillenniumPuzzle","theDuelist:CardPoolRelic","theDuelist:CardPoolBasicRelic","theDuelist:BoosterPackPoolRelic","Golden Idol","Lantern","hubris:Reverence","Tingsha","Lee\u0027s Waffle","Orichalcum","hubris:Backtick","The Courier","theDuelist:StoneExxod","Tiny Chest","hubris:TinFlute","Centennial Puzzle","theDuelist:YugiMirror","Pantograph","theDuelist:MillenniumPeriapt","hubris:MysteriousPyramids","Replay:Bandana","CeramicFish","hubris:SphereOfDissonance","Gremlin Horn","ReplayTheSpireMod:Lightbulb","Bag of Preparation","hubris:SoftwareUpdate","theDuelist:DuelistTeaSet","Mango","Darkstone Periapt","hubris:IronBody","infinitespire:Bottled Soul","hubris:DeckOfHolding","theDuelist:BlessingAnubis","hubris:Spice","hubris:MedicalManual","Anchor","hubris:Metronome","Bottled Tornado","Replay:Bottled Flurry","MealTicket","theDuelist:MerchantPendant","Singing Bowl","Guardian:PocketSentry","theDuelist:MerchantNecklace","hubris:BallOfYels","hubris:CrystalStatue","Akabeko","theDuelist:MetronomeRelicB","Paper Crane","SlaversCollar","Snake Skull","hubris:FunFungus","Toy Ornithopter","StoneCalendar","Ginger","Durian","Self Forming Clay","theDuelist:BoosterPackTrapEgg","Whetstone","theDuelist:MonsterEggRelic","Mirror","TungstenRod","infinitespire:Freezer","Magic Flower","Ornamental Fan","hubris:TenFootPole","Blue Doll","infinitespire:Eraser","Torii","Pen Nib"],"acts_visited":[],"potions_floor_usage":[11,16,18,33,55,55,55,55,55,55],"damage_taken":[{"damage":6.0,"enemies":"Jaw Worm","floor":1.0,"turns":2.0},{"damage":0.0,"enemies":"2 Louse","floor":4.0,"turns":2.0},{"damage":0.0,"enemies":"Small Slimes","floor":7.0,"turns":3.0},{"damage":2,"enemies":"Lagavulin","floor":11,"turns":6},{"damage":11,"enemies":"Red Slaver","floor":12,"turns":6},{"damage":0,"enemies":"Looter","floor":14,"turns":2},{"damage":71,"enemies":"Hexaghost","floor":16,"turns":6},{"damage":41,"enemies":"3 Byrds","floor":18,"turns":8},{"damage":28,"enemies":"2 Thieves","floor":19,"turns":4},{"damage":21,"enemies":"Snecko","floor":21,"turns":6},{"damage":40,"enemies":"Book of Stabbing","floor":23,"turns":6},{"damage":21,"enemies":"Shelled Parasite and Fungi","floor":25,"turns":4},{"damage":0,"enemies":"Chosen and Byrds","floor":27,"turns":3},{"damage":43,"enemies":"Gremlin Leader","floor":28,"turns":6},{"damage":0,"enemies":"Slavers","floor":30,"turns":3},{"damage":2,"enemies":"Centurion and Healer","floor":31,"turns":3},{"damage":25,"enemies":"Champ","floor":33,"turns":8},{"damage":2,"enemies":"3 Darklings","floor":35,"turns":5},{"damage":0,"enemies":"Orb Walker","floor":38,"turns":1},{"damage":10,"enemies":"Sphere and 2 Shapes","floor":39,"turns":4},{"damage":0,"enemies":"R_Hoarder","floor":40,"turns":7},{"damage":10,"enemies":"Maw","floor":41,"turns":6},{"damage":12,"enemies":"Giant Head","floor":42,"turns":6},{"damage":0,"enemies":"4 Shapes","floor":44,"turns":2},{"damage":0,"enemies":"Writhing Mass","floor":48,"turns":1},{"damage":65,"enemies":"infinitespire:MassOfShapes","floor":50,"turns":9},{"damage":28,"enemies":"Shield and Spear","floor":54,"turns":3},{"damage":0,"enemies":"The Heart","floor":55,"turns":5}],"seed_played":"-3438162087414937043","potions_obtained":[{"floor":1.0,"key":"theDuelist:StunPotion"},{"floor":11,"key":"theDuelist:MegaupgradePotion"},{"floor":14,"key":"theDuelist:WhiteBottle"},{"floor":18,"key":"theDuelist:SolderPotionB"},{"floor":23,"key":"theDuelist:MayhemPotion"},{"floor":30,"key":"theDuelist:OrbBottle"},{"floor":38,"key":"SpeedPotion"},{"floor":39,"key":"theDuelist:SealedPackC"},{"floor":42,"key":"Doom Potion"},{"floor":44,"key":"AttackPotion"}],"is_trial":false,"path_per_floor":["M","?","$","M","?","R","M","$","T","$","E","M","R","M","R","B",null,"M","M","?","M","$","E","R","M","T","M","E","R","E","M","R","B",null,"M","?","?","M","M","E","M","E","T","M","T","R","T","M","R","B",null,"R","$","E","B",null],"character_chosen":"THE_DUELIST","items_purchased":["Lantern","Tingsha","Lee\u0027s Waffle","Tiny Chest","hubris:TinFlute","Centennial Puzzle","theDuelist:YugiMirror","Pantograph","theDuelist:MillenniumPeriapt","hubris:MysteriousPyramids","Replay:Bandana","CeramicFish","hubris:SphereOfDissonance","Gremlin Horn","ReplayTheSpireMod:Lightbulb","Bag of Preparation","hubris:SoftwareUpdate","theDuelist:DuelistTeaSet","Mango","Darkstone Periapt","hubris:IronBody","infinitespire:Bottled Soul","hubris:DeckOfHolding","theDuelist:BlessingAnubis","hubris:Spice","hubris:MedicalManual","hubris:Spice","Anchor","hubris:Metronome","Bottled Tornado","hubris:Spice","Replay:Bottled Flurry","MealTicket","theDuelist:MerchantPendant","Singing Bowl","Guardian:PocketSentry","theDuelist:MerchantNecklace","hubris:BallOfYels","theDuelist:ForbiddenChalice","hubris:CrystalStatue","Akabeko","ReplayTheSpireMod:Brewmster","hubris:Spice","Toy Ornithopter","StoneCalendar","Ginger","hubris:Spice","Durian","Self Forming Clay","theDuelist:BoosterPackTrapEgg","hubris:Spice","hubris:Spice","Whetstone","hubris:Spice","theDuelist:MonsterEggRelic","hubris:Spice","Mirror","TungstenRod","infinitespire:Freezer","hubris:Spice","Magic Flower","hubris:Spice","Ornamental Fan","hubris:TenFootPole","hubris:Spice","hubris:Spice","Blue Doll","hubris:Spice","hubris:Spice","infinitespire:Eraser","hubris:Spice","Torii"],"campfire_rested":2,"item_purchase_floors":[8,10,10,22,22,22,22,22,22,22,22,22,22,22,22,22,22,22,22,22,22,22,22,22,22,22,22,22,22,22,22,22,22,22,22,22,22,22,22,22,22,22,53,53,53,53,53,53,53,53,53,53,53,53,53,53,53,53,53,53,53,53,53,53,53,53,53,53,53,53,53,53],"current_hp_per_floor":[74,52,52,52,52,52,52,52,52,191,189,178,178,178,178,107,170,129,101,95,74,104,66,130,111,111,113,72,138,140,140,140,142,206,206,206,235,237,229,231,223,213,213,215,215,215,215,217,249,184,233,233,150,124,152],"gold":88228,"neow_bonus":"TEN_PERCENT_HP_BONUS","is_daily":false,"chose_seed":false,"campfire_upgraded":5,"win_rate":0.0,"timestamp":1610228443,"path_taken":["M","?","$","M","?","R","M","$","T","$","E","M","R","M","R","BOSS","M","M","?","M","$","E","R","M","T","M","E","R","E","M","R","BOSS","M","?","?","M","M","E","M","E","T","M","?","R","?","M","R","BOSS","R","$","E","BOSS"],"items_purchased_type":["Relic","Relic","Relic","Relic","Relic","Relic","Relic","Relic","Relic","Relic","Relic","Relic","Relic","Relic","Relic","Relic","Relic","Relic","Relic","Relic","Relic","Relic","Relic","Relic","Relic","Relic","Relic","Relic","Relic","Relic","Relic","Relic","Relic","Relic","Relic","Relic","Relic","Relic","Card","Relic","Relic","Card","Relic","Relic","Relic","Relic","Relic","Relic","Relic","Relic","Relic","Relic","Relic","Relic","Relic","Relic","Relic","Relic","Relic","Relic","Relic","Relic","Relic","Relic","Relic","Relic","Relic","Relic","Relic","Relic","Relic","Relic"],"build_version":"2020-12-22","purchased_purges":0,"victory":true,"max_hp_per_floor":[88,88,88,88,84,84,84,84,84,191,191,191,191,191,191,191,191,191,191,191,191,213,215,215,217,217,219,221,221,223,225,225,227,227,229,229,235,237,239,241,243,245,245,247,247,247,247,249,249,249,249,249,150,152,152],"card_choices":[{"not_picked":["theDuelist:UltraPolymerization","theDuelist:Raigeki","theDuelist:ObeliskTormentor","theDuelist:MillenniumShield","theDuelist:MagicCylinder"],"picked":"SKIP","floor":1.0},{"not_picked":["theDuelist:ClearKuriboh","theDuelist:DarklordSuperbia","theDuelist:GilfordLegend","theDuelist:WormKing","theDuelist:Blockman"],"picked":"SKIP","floor":4.0},{"not_picked":["theDuelist:BigFire","theDuelist:Polymerization","theDuelist:WormApocalypse","theDuelist:Hinotama","theDuelist:ScrapFactory"],"picked":"SKIP","floor":7.0},{"not_picked":["theDuelist:FuryFire","theDuelist:ForbiddenLance","theDuelist:Terraforming","theDuelist:FluteKuriboh","theDuelist:UltraPolymerization"],"picked":"SKIP","floor":11},{"not_picked":["theDuelist:Hinotama","theDuelist:WormApocalypse","theDuelist:SilverApples","theDuelist:WormBarses"],"picked":"SKIP","floor":12},{"not_picked":["theDuelist:Hinotama","theDuelist:Polymerization","theDuelist:WormApocalypse","theDuelist:RedMedicine","theDuelist:BigFire"],"picked":"SKIP","floor":14},{"not_picked":["theDuelist:SolemnStrike","theDuelist:SmashingGround","theDuelist:OrbMetronome","theDuelist:MillenniumShield"],"picked":"theDuelist:PotGenerosity","floor":16},{"not_picked":["theDuelist:WingedKuribohLv10+1","theDuelist:UltraPolymerization+1","theDuelist:SolemnStrike","theDuelist:RainbowJar","theDuelist:MillenniumShield"],"picked":"SKIP","floor":18},{"not_picked":["theDuelist:MudragonSwamp","theDuelist:Jinzo","theDuelist:FutureFusion","theDuelist:ShardGreed+1"],"picked":"theDuelist:PotGreed","floor":19},{"not_picked":["theDuelist:LightningVortex","theDuelist:BigKoala","theDuelist:GaiaMidNightSun","theDuelist:Jinzo"],"picked":"theDuelist:Wiseman","floor":21},{"not_picked":["theDuelist:BigFire","theDuelist:RedMedicine","theDuelist:WormApocalypse+1","theDuelist:Polymerization+1","theDuelist:Hinotama"],"picked":"Singing Bowl","floor":23},{"not_picked":["theDuelist:Hinotama","theDuelist:Polymerization","theDuelist:WormApocalypse","theDuelist:SilverApples","theDuelist:RadiantMirrorForce"],"picked":"Singing Bowl","floor":25},{"not_picked":["theDuelist:LightningVortex","theDuelist:Fissure","theDuelist:FutureFusion+1","theDuelist:BlackPendant","theDuelist:ElectromagneticShield+1"],"picked":"Singing Bowl","floor":27},{"not_picked":["theDuelist:Raigeki","theDuelist:LightningDarts","theDuelist:GilfordLegend"],"picked":"Singing Bowl","floor":28},{"not_picked":["theDuelist:Hinotama","theDuelist:RedMedicine","theDuelist:WormApocalypse","theDuelist:BigFire","theDuelist:PowerWall"],"picked":"Singing Bowl","floor":30},{"not_picked":["theDuelist:UltimateOffering","theDuelist:StormingMirrorForce+1","theDuelist:LightningDarts","theDuelist:GoldenApples","theDuelist:DarkMirrorForce"],"picked":"Singing Bowl","floor":31},{"not_picked":["theDuelist:TheCreator","theDuelist:YellowBelliedOni+1","theDuelist:YamiForm","theDuelist:PotGenerosity+1","theDuelist:OrbMetronome"],"picked":"Singing Bowl","floor":33},{"not_picked":["theDuelist:DestroyerGolem","theDuelist:EarthquakeGiant+1","theDuelist:GreenGraveOni+1","theDuelist:PreventRat+1","theDuelist:PowerGiant"],"picked":"Singing Bowl","floor":35},{"not_picked":["theDuelist:WeepingIdol+1","theDuelist:RainbowOverdragon","theDuelist:MillenniumGolem","theDuelist:DokiDoki+1","theDuelist:BlockGolem"],"picked":"Singing Bowl","floor":38},{"not_picked":["Blind","Dramatic Entrance","HandOfGreed","Panache"],"picked":"Singing Bowl","floor":39},{"not_picked":["theDuelist:ClearKuriboh","theDuelist:Kuriboh+1","theDuelist:BlueBloodedOni+1","theDuelist:Polymerization","theDuelist:GolemSentry+1"],"picked":"Singing Bowl","floor":40},{"not_picked":["theDuelist:Mudora+1","theDuelist:LabyrinthWall+1","theDuelist:PurplePainOni+1","theDuelist:DianKeto+2","theDuelist:BigKoala"],"picked":"Singing Bowl","floor":41},{"not_picked":["theDuelist:Fissure+1","theDuelist:OneForOne+1","theDuelist:WingedKuriboh+1","theDuelist:DropOff+1","theDuelist:PotGenerosity+1"],"picked":"Singing Bowl","floor":42},{"not_picked":["theDuelist:MudGolem+1","theDuelist:MudragonSwamp","theDuelist:FuryFire+1","theDuelist:EarthquakeGiant+1","theDuelist:Blockman+1"],"picked":"Singing Bowl","floor":44},{"not_picked":["theDuelist:YamiForm","theDuelist:SolemnStrike","theDuelist:SlotMachine+1","theDuelist:OrbMetronome+1","theDuelist:Mathematician+1"],"picked":"Singing Bowl","floor":48},{"not_picked":["theDuelist:BigFire+1","theDuelist:AttackTheMoon+1","theDuelist:RedMedicine+8","theDuelist:BlockGolem+1","theDuelist:BattleFootballer+1"],"picked":"Singing Bowl","floor":54}],"player_experience":566209,"relics_obtained":[{"floor":9.0,"key":"hubris:Reverence"},{"floor":11,"key":"Orichalcum"},{"floor":23,"key":"theDuelist:MetronomeRelicB"},{"floor":26,"key":"Paper Crane"},{"floor":40,"key":"Snake Skull"},{"floor":45,"key":"hubris:FunFungus"},{"floor":54,"key":"Pen Nib"}],"event_choices":[{"damage_healed":0.0,"max_hp_gain":0.0,"max_hp_loss":0.0,"gold_gain":0.0,"event_name":"Golden Idol","player_choice":"Take Damage","floor":2.0,"gold_loss":0.0,"damage_taken":22.0,"relics_obtained":["Golden Idol"]},{"damage_healed":0.0,"max_hp_gain":0.0,"max_hp_loss":0.0,"gold_gain":0.0,"event_name":"Aknamkanon\u0027s Tomb","player_choice":"Brew - 2x Potion Slots","duelist":true,"floor":5.0,"gold_loss":0.0,"damage_taken":0.0},{"damage_healed":0,"gold_gain":0,"player_choice":"Dig - random Duelist relic","duelist":true,"damage_taken":0,"max_hp_gain":0,"max_hp_loss":0,"event_name":"Aknamkanon\u0027s Tomb","floor":20,"gold_loss":0},{"damage_healed":57,"gold_gain":0,"player_choice":"Writhe","damage_taken":0,"max_hp_gain":0,"max_hp_loss":0,"event_name":"Winding Halls","floor":37,"gold_loss":0,"cards_obtained":["Writhe"]}],"is_beta":false,"boss_relics":[{"not_picked":["Cursed Key","Sozu"],"picked":"hubris:Backtick"},{"not_picked":["Busted Crown","Runic Pyramid"],"picked":"SlaversCollar"}],"items_purged_floors":[],"is_endless":false,"potions_floor_spawned":[1,11,14,18,23,28,30,31,38,39,42,44],"ascension_level":6}}