{"host":"08t08ld674si40tv","time":1610187086,"event":{"mods":["AchievementEnabler","BaseMod","Colored Map","Minty Spire (QoL Compilation)","StSLib","SuperFastMode"],"gold_per_floor":[113,31,0,0,15,15,41,41,68,84,94,94,94,108,108,212,212,223,236,252,268,367,401,316,346,346,346,381,381,393,423,423,521,521,536,555,203,251,262,78,108,124,173,173,0,16,16,41,41,41,41,41,41,73,73],"floor_reached":56,"playtime":1269,"items_purged":["Strike_P"],"score":1872,"play_id":"010094b8-ba1c-4bd9-aea4-f62a4726349d","local_time":"20210109191126","is_ascension_mode":true,"campfire_choices":[{"data":"Eruption","floor":6,"key":"SMITH"},{"data":"Fasting2","floor":8,"key":"SMITH"},{"data":"Ragnarok","floor":12,"key":"SMITH"},{"data":"TalkToTheHand","floor":15,"key":"SMITH"},{"data":"ClearTheMind","floor":27,"key":"SMITH"},{"data":"Tantrum","floor":29,"key":"SMITH"},{"floor":32,"key":"RECALL"},{"data":"Omniscience","floor":47,"key":"SMITH"},{"data":"Strike_P","floor":49,"key":"SMITH"},{"floor":52,"key":"REST"}],"circlet_count":0,"master_deck":["Strike_P+1","Strike_P+1","Defend_P+1","Defend_P+1","Eruption+1","Vigilance+1","Ragnarok+1","Fasting2+1","Tantrum+1","TalkToTheHand+1","Consecrate+1","ClearTheMind+1","Omniscience+1"],"relics":["PureWater","Black Blood","Molten Egg 2","Happy Flower","Busted Crown","Black Star","Strawberry","White Beast Statue","Lizard Tail","Toy Ornithopter","Bag of Marbles","The Courier","Yang","Question Card","Bag of Preparation","War Paint","SlaversCollar","Medical Kit","Ice Cream","Torii","Vajra","Mango","Bottled Flame","Red Mask","Centennial Puzzle","Regal Pillow","Blood Vial","Sundial"],"acts_visited":["Exordium","TheCity","TheBeyond","TheEnding"],"potions_floor_usage":[7,16,16,21,25,36,42,50,55,55],"damage_taken":[{"damage":0,"enemies":"Small Slimes","floor":1,"turns":3},{"damage":4,"enemies":"2 Louse","floor":5,"turns":2},{"damage":31,"enemies":"3 Sentries","floor":7,"turns":5},{"damage":6,"enemies":"Cultist","floor":10,"turns":3},{"damage":9,"enemies":"3 Louse","floor":11,"turns":3},{"damage":0,"enemies":"2 Fungi Beasts","floor":14,"turns":2},{"damage":47,"enemies":"Hexaghost","floor":16,"turns":4},{"damage":0,"enemies":"Shell Parasite","floor":18,"turns":1},{"damage":0,"enemies":"Spheric Guardian","floor":19,"turns":2},{"damage":0,"enemies":"Cultist and Chosen","floor":20,"turns":3},{"damage":19,"enemies":"Shelled Parasite and Fungi","floor":21,"turns":3},{"damage":0,"enemies":"Book of Stabbing","floor":23,"turns":4},{"damage":39,"enemies":"Slavers","floor":25,"turns":4},{"damage":21,"enemies":"Book of Stabbing","floor":28,"turns":3},{"damage":0,"enemies":"Sentry and Sphere","floor":30,"turns":2},{"damage":15,"enemies":"Slavers","floor":31,"turns":2},{"damage":12,"enemies":"Automaton","floor":33,"turns":6},{"damage":0,"enemies":"Orb Walker","floor":35,"turns":1},{"damage":0,"enemies":"3 Shapes","floor":36,"turns":1},{"damage":13,"enemies":"2 Orb Walkers","floor":38,"turns":3},{"damage":0,"enemies":"Maw","floor":39,"turns":5},{"damage":0,"enemies":"Giant Head","floor":41,"turns":5},{"damage":0,"enemies":"3 Darklings","floor":42,"turns":2},{"damage":0,"enemies":"Jaw Worm Horde","floor":46,"turns":1},{"damage":0,"enemies":"Nemesis","floor":48,"turns":3},{"damage":7,"enemies":"Awakened One","floor":50,"turns":6},{"damage":1,"enemies":"Shield and Spear","floor":54,"turns":3},{"damage":128,"enemies":"The Heart","floor":55,"turns":8}],"seed_played":"-7402028318165395897","potions_obtained":[{"floor":5,"key":"Explosive Potion"},{"floor":7,"key":"Explosive Potion"},{"floor":11,"key":"Energy Potion"},{"floor":14,"key":"Energy Potion"},{"floor":19,"key":"BottledMiracle"},{"floor":20,"key":"Ancient Potion"},{"floor":25,"key":"BottledMiracle"},{"floor":28,"key":"Fire Potion"},{"floor":31,"key":"Dexterity Potion"},{"floor":36,"key":"StancePotion"},{"floor":42,"key":"EssenceOfSteel"},{"floor":54,"key":"BottledMiracle"}],"is_trial":false,"path_per_floor":["M","$","?","?","M","R","E","R","T","M","M","R","?","M","R","B",null,"M","M","M","M","?","E","?","E","T","R","E","R","M","E","R","B",null,"M","M","$","?","M","$","E","M","T","$","?","M","R","E","R","B",null,"R","$","E","B",null],"character_chosen":"WATCHER","items_purchased":["TalkToTheHand","Medical Kit","Ice Cream","Vajra"],"campfire_rested":1,"item_purchase_floors":[2,37,37,40],"current_hp_per_floor":[59,59,59,59,67,67,48,48,48,54,57,57,43,55,55,20,59,71,72,72,65,65,79,79,52,52,52,43,43,55,52,52,52,72,79,79,79,78,79,79,93,93,93,93,93,93,93,93,93,93,93,93,93,93,51],"gold":73,"neow_bonus":"TRANSFORM_TWO_CARDS","is_daily":false,"chose_seed":false,"campfire_upgraded":8,"win_rate":0.0,"timestamp":1610187086,"path_taken":["M","$","?","?","M","R","E","R","T","M","?","R","?","M","R","BOSS","M","M","M","M","?","E","?","E","T","R","E","R","M","E","R","BOSS","M","M","$","?","M","$","E","M","T","?","?","M","R","E","R","BOSS","R","$","E","BOSS"],"items_purchased_type":["Card","Relic","Relic","Relic"],"build_version":"2020-12-22","purchased_purges":1,"victory":true,"max_hp_per_floor":[72,72,72,72,72,72,72,72,72,72,72,72,72,72,72,72,72,72,72,72,72,72,79,79,79,79,79,79,79,79,79,79,79,79,79,79,79,79,79,79,93,93,93,93,93,93,93,93,93,93,93,93,93,93,93],"card_choices":[{"not_picked":["CutThroughFate","FollowUp"],"picked":"Tantrum","floor":1},{"not_picked":["WaveOfTheHand","Worship","Protect"],"picked":"SKIP","floor":5},{"not_picked":["Conclude+1","InnerPeace","Fasting2"],"picked":"SKIP","floor":7},{"not_picked":["Worship","PathToVictory"],"picked":"Consecrate+1","floor":10},{"not_picked":["Meditate","BowlingBash+1"],"picked":"ClearTheMind","floor":11},{"not_picked":["FlurryOfBlows+1","WaveOfTheHand","CutThroughFate+1"],"picked":"SKIP","floor":14},{"not_picked":["Protect"],"picked":"SKIP","floor":18},{"not_picked":["Protect"],"picked":"SKIP","floor":19},{"not_picked":["Halt"],"picked":"SKIP","floor":20},{"not_picked":["ReachHeaven+1"],"picked":"SKIP","floor":21},{"not_picked":["EmptyBody"],"picked":"SKIP","floor":23},{"not_picked":["Ragnarok+1"],"picked":"SKIP","floor":25},{"not_picked":["Nirvana"],"picked":"SKIP","floor":28},{"not_picked":["FlyingSleeves+1","WaveOfTheHand"],"picked":"SKIP","floor":30},{"not_picked":["Halt+1","SignatureMove+1"],"picked":"SKIP","floor":31},{"not_picked":["DeusExMachina"],"picked":"Omniscience","floor":33},{"not_picked":["Halt+1","Tantrum+1"],"picked":"SKIP","floor":35},{"not_picked":["ClearTheMind","EmptyFist+1"],"picked":"SKIP","floor":36},{"not_picked":["ThirdEye+1","Weave+1"],"picked":"SKIP","floor":39},{"not_picked":["EmptyBody+1","Devotion"],"picked":"SKIP","floor":41},{"not_picked":["BowlingBash+1","ClearTheMind"],"picked":"SKIP","floor":42},{"not_picked":["PathToVictory+1","SashWhip+1"],"picked":"SKIP","floor":46},{"not_picked":["Fasting2","FlurryOfBlows+1"],"picked":"SKIP","floor":48},{"not_picked":["WheelKick+1","Vengeance+1"],"picked":"SKIP","floor":54}],"player_experience":207728,"relics_obtained":[{"floor":7,"key":"Molten Egg 2"},{"floor":9,"key":"Happy Flower"},{"floor":23,"key":"Strawberry"},{"floor":23,"key":"White Beast Statue"},{"floor":25,"key":"Toy Ornithopter"},{"floor":25,"key":"Bag of Marbles"},{"floor":26,"key":"The Courier"},{"floor":28,"key":"Yang"},{"floor":28,"key":"Question Card"},{"floor":31,"key":"Bag of Preparation"},{"floor":31,"key":"War Paint"},{"floor":38,"key":"Torii"},{"floor":41,"key":"Mango"},{"floor":41,"key":"Bottled Flame"},{"floor":48,"key":"Centennial Puzzle"},{"floor":48,"key":"Regal Pillow"},{"floor":54,"key":"Blood Vial"},{"floor":54,"key":"Sundial"}],"event_choices":[{"damage_healed":0,"gold_gain":0,"player_choice":"Left Gold","damage_taken":0,"max_hp_gain":0,"max_hp_loss":0,"event_name":"World of Goop","floor":3,"gold_loss":31},{"cards_removed":["Defend_P"],"damage_healed":0,"gold_gain":0,"player_choice":"Purged","damage_taken":0,"max_hp_gain":0,"max_hp_loss":0,"event_name":"Purifier","floor":4,"gold_loss":0},{"damage_healed":0,"gold_gain":0,"player_choice":"Entered Light","damage_taken":14,"max_hp_gain":0,"max_hp_loss":0,"event_name":"Shining Light","floor":13,"gold_loss":0,"cards_upgraded":["Defend_P","Strike_P"]},{"damage_healed":0,"gold_gain":99,"player_choice":"Stole From Cult","damage_taken":0,"max_hp_gain":0,"max_hp_loss":0,"event_name":"Nest","floor":22,"gold_loss":0},{"damage_healed":0,"gold_gain":0,"player_choice":"Obtained Relic","damage_taken":0,"relics_obtained":["Lizard Tail"],"max_hp_gain":0,"max_hp_loss":0,"event_name":"Addict","floor":24,"gold_loss":85},{"damage_healed":0,"gold_gain":0,"player_choice":"Fight","damage_taken":0,"max_hp_gain":0,"max_hp_loss":0,"event_name":"Mysterious Sphere","floor":38,"gold_loss":0},{"damage_healed":0,"gold_gain":0,"player_choice":"Paid","damage_taken":0,"relics_obtained":["Red Mask"],"max_hp_gain":0,"max_hp_loss":0,"event_name":"Tomb of Lord Red Mask","floor":45,"gold_loss":173}],"is_beta":false,"boss_relics":[{"not_picked":["Pandora\u0027s Box","Black Star"],"picked":"Busted Crown"},{"not_picked":["Sozu","Philosopher\u0027s Stone"],"picked":"SlaversCollar"}],"items_purged_floors":[40],"is_endless":false,"potions_floor_spawned":[5,7,11,14,19,20,25,28,30,31,33,35,36,38,39,41,42,46,48,54],"ascension_level":7}}