{"host":"nkolxg4se00n20yf","time":1610205620,"event":{"mods":["BaseMod","CatGirl Mod","Chen","Colored Map","Colored Powertips","Downfall","Friendly Minions","Infinite Spire","Kiyohime????","Marisa????????","Minty Spire (QoL Compilation)","StSLib","Td1madao Mod","The Administrix","The Cursed","The Exalted","The Hierophant","The Servant 0.9.4"],"gold_per_floor":[217,228,242,242,317,317,330,360,360,360,389,406,406,425,425,498,498,512,35,51,51,81,81,108,108,108],"floor_reached":25,"playtime":1510,"items_purged":[],"score":431,"play_id":"462dc480-19aa-4d85-98b9-902c42afbcfb","local_time":"20210109162020","is_ascension_mode":true,"campfire_choices":[{"floor":6.0,"key":"REST"},{"floor":10.0,"key":"REST"},{"floor":13.0,"key":"REST"},{"floor":15.0,"key":"REST"},{"floor":23,"key":"REST"}],"circlet_count":0,"master_deck":["AscendersBane","Strike_G","Strike_G","Strike_G","Strike_G","Strike_G","Defend_G","Defend_G","Defend_G","Defend_G","Survivor","Neutralize","Riddle With Holes","Endless Agony","Heel Hook","Well Laid Plans","Poisoned Stab","A Thousand Cuts","Bouncing Flask","Slice","Corpse Explosion","Masterful Stab","Masterful Stab","Caltrops","Terror","Slice"],"relics":["Ring of the Serpent","Bromod:ArcaneGuardian","Matryoshka","Odd Mushroom","White Beast Statue","DollysMirror","infinitespire:Cupcake","Smiling Mask","Red Mask","Boot"],"acts_visited":["Exordium","TheCity"],"potions_floor_usage":[22,24,24],"damage_taken":[{"damage":1.0,"enemies":"Jaw Worm","floor":1.0,"turns":7.0},{"damage":1.0,"enemies":"Small Slimes","floor":2.0,"turns":4.0},{"damage":0.0,"enemies":"2 Louse","floor":3.0,"turns":3.0},{"damage":8.0,"enemies":"Blue Slaver","floor":7.0,"turns":4.0},{"damage":48.0,"enemies":"Lagavulin","floor":8.0,"turns":8.0},{"damage":7.0,"enemies":"The Mushroom Lair","floor":11.0,"turns":5.0},{"damage":14.0,"enemies":"Exordium Thugs","floor":12.0,"turns":5.0},{"damage":21.0,"enemies":"Gremlin Gang","floor":14.0,"turns":5.0},{"damage":13.0,"enemies":"Hexaghost","floor":16.0,"turns":9.0},{"damage":32.0,"enemies":"Chosen","floor":18.0,"turns":6.0},{"damage":13.0,"enemies":"Spheric Guardian","floor":20.0,"turns":4.0},{"damage":2,"enemies":"Masked Bandits","floor":22,"turns":2},{"damage":24,"enemies":"Gremlin Leader","floor":24,"turns":5},{"damage":9,"enemies":"3 Cultists","floor":25,"turns":3}],"seed_played":"-6584633462056096196","potions_obtained":[{"floor":1.0,"key":"ColorlessPotion"},{"floor":2.0,"key":"Regen Potion"},{"floor":8.0,"key":"Guardian:BlockOnCardUsePotion"},{"floor":14.0,"key":"DistilledChaos"},{"floor":16.0,"key":"Regen Potion"},{"floor":18.0,"key":"DistilledChaos"},{"floor":20.0,"key":"Poison Potion"},{"floor":22,"key":"Weak Potion"},{"floor":24,"key":"champ:CounterPotion"}],"is_trial":false,"path_per_floor":["M","M","M","?","?","R","M","E","T","R","?","M","R","M","R","B",null,"M","$","M","AVR","?","R","E","M"],"character_chosen":"THE_SILENT","items_purchased":["White Beast Statue","DollysMirror","Caltrops"],"campfire_rested":5,"item_purchase_floors":[19,19,19],"current_hp_per_floor":[58,57,57,50,39,58,50,7,7,26,19,5,24,3,22,9,52,20,20,7,7,14,33,9,0,0],"gold":108,"neow_bonus":"HUNDRED_GOLD","is_daily":false,"chose_seed":false,"campfire_upgraded":0,"win_rate":0.0,"timestamp":1610205620,"path_taken":["M","M","M","?","?","R","M","E","T","R","?","M","R","M","R","BOSS","M","$","M","AVR","?","R","E","M"],"items_purchased_type":["Relic","Relic","Card"],"build_version":"2020-12-22","purchased_purges":0,"victory":false,"max_hp_per_floor":[66,66,66,66,66,66,66,66,66,66,66,66,66,66,66,66,66,66,66,66,66,66,66,66,66,66],"card_choices":[{"not_picked":["Dodge and Roll","Deflect"],"picked":"Riddle With Holes","floor":1.0},{"not_picked":["Concentrate","Deadly Poison"],"picked":"Endless Agony","floor":2.0},{"not_picked":["Riddle With Holes","Prepared"],"picked":"Heel Hook","floor":3.0},{"not_picked":["Outmaneuver","Slice"],"picked":"Well Laid Plans","floor":7.0},{"not_picked":["Outmaneuver","Backflip"],"picked":"Poisoned Stab","floor":8.0},{"not_picked":["Flying Knee","Cloak And Dagger"],"picked":"A Thousand Cuts","floor":11.0},{"not_picked":["Blur","Poisoned Stab"],"picked":"Bouncing Flask","floor":12.0},{"not_picked":["Escape Plan","Accuracy"],"picked":"Slice","floor":14.0},{"not_picked":["Unload","Storm of Steel"],"picked":"Corpse Explosion","floor":16.0},{"not_picked":["Skewer","Expertise"],"picked":"Masterful Stab","floor":18.0},{"not_picked":["Slice","Skewer","Calculated Gamble"],"picked":"SKIP","floor":20.0},{"not_picked":["Bane","Eviscerate"],"picked":"Terror","floor":22},{"not_picked":["Terror","Cloak And Dagger"],"picked":"Slice","floor":24}],"player_experience":1087918,"relics_obtained":[{"floor":8.0,"key":"Bromod:ArcaneGuardian"},{"floor":9.0,"key":"Matryoshka"},{"floor":11.0,"key":"Odd Mushroom"},{"floor":22,"key":"Red Mask"},{"floor":24,"key":"Boot"}],"event_choices":[{"cards_removed":["Defend_G"],"damage_healed":0.0,"max_hp_gain":0.0,"max_hp_loss":0.0,"gold_gain":0.0,"event_name":"Golden Wing","player_choice":"Card Removal","floor":4.0,"gold_loss":0.0,"damage_taken":7.0},{"damage_healed":0.0,"max_hp_gain":0.0,"max_hp_loss":0.0,"gold_gain":75.0,"event_name":"World of Goop","player_choice":"Gather Gold","floor":5.0,"gold_loss":0.0,"damage_taken":11.0},{"damage_healed":0.0,"max_hp_gain":0.0,"max_hp_loss":0.0,"gold_gain":0.0,"event_name":"Mushrooms","player_choice":"Fought Mushrooms","floor":11.0,"gold_loss":0.0,"damage_taken":0.0},{"damage_healed":0,"gold_gain":0,"player_choice":"Fought Bandits","damage_taken":0,"max_hp_gain":0,"max_hp_loss":0,"event_name":"Masked Bandits","floor":22,"gold_loss":0}],"is_beta":false,"boss_relics":[{"not_picked":["WristBlade","Astrolabe"],"picked":"Ring of the Serpent"}],"items_purged_floors":[],"is_endless":false,"potions_floor_spawned":[1,2,8,14,16,18,20,22,24],"killed_by":"3 Cultists","ascension_level":19}}