{"host":"9ndbo4kgsfoemf7y","time":1610178364,"event":{"mods":["AchievementEnabler","BaseMod","Colored Map","DeckTracker","Keyboard Shortcuts","Minty Spire (QoL Compilation)","Permanent Neow","Quick Restart","Relic Stats","StSLib","SuperFastMode"],"gold_per_floor":[113,127,142,157,171,196,196,231,305,305,318,281,309,158,158,158,158],"floor_reached":16,"playtime":447,"items_purged":["Strike_G"],"score":238,"play_id":"ab29709e-fc46-424a-9b41-11ec31278455","local_time":"20210109164604","is_ascension_mode":true,"campfire_choices":[{"data":"Prepared","floor":7.0,"key":"SMITH"},{"floor":10.0,"key":"REST"},{"floor":15,"key":"REST"}],"circlet_count":0,"master_deck":["AscendersBane","Strike_G","Strike_G","Strike_G","Strike_G","Defend_G+1","Defend_G","Defend_G+1","Defend_G","Defend_G","Survivor","Neutralize","CurseOfTheBell","Blade Dance","Prepared+1","Blade Dance","Footwork+1"],"relics":["Calling Bell","Bag of Preparation","Frozen Egg 2","Lizard Tail","Orichalcum","War Paint","Letter Opener","Ginger"],"acts_visited":["Exordium"],"potions_floor_usage":[13],"damage_taken":[{"damage":17.0,"enemies":"Cultist","floor":1.0,"turns":7.0},{"damage":2.0,"enemies":"Jaw Worm","floor":2.0,"turns":4.0},{"damage":0.0,"enemies":"Small Slimes","floor":3.0,"turns":4.0},{"damage":9.0,"enemies":"Exordium Wildlife","floor":4.0,"turns":3.0},{"damage":5.0,"enemies":"Blue Slaver","floor":5.0,"turns":5.0},{"damage":39.0,"enemies":"Gremlin Nob","floor":6.0,"turns":4.0},{"damage":31.0,"enemies":"3 Sentries","floor":8.0,"turns":11.0},{"damage":4.0,"enemies":"Large Slime","floor":11.0,"turns":5.0},{"damage":15,"enemies":"Lagavulin","floor":13,"turns":7},{"damage":25,"enemies":"The Guardian","floor":16,"turns":5}],"seed_played":"7346209243514442280","potions_obtained":[{"floor":1.0,"key":"SteroidPotion"},{"floor":4.0,"key":"Poison Potion"},{"floor":5.0,"key":"DistilledChaos"},{"floor":8.0,"key":"CultistPotion"},{"floor":11.0,"key":"SmokeBomb"}],"is_trial":false,"path_per_floor":["M","M","M","M","M","E","R","E","T","R","M","?","E","$","R","B"],"character_chosen":"THE_SILENT","items_purchased":["Footwork+1"],"campfire_rested":2,"item_purchase_floors":[14],"current_hp_per_floor":[42,40,40,31,26,33,33,2,2,21,17,17,2,2,21,0,0],"gold":158,"neow_bonus":"BOSS_RELIC","is_daily":false,"chose_seed":false,"campfire_upgraded":1,"win_rate":0.0,"timestamp":1610178364,"path_taken":["M","?","M","M","M","E","R","E","T","R","M","?","E","?","R","BOSS"],"items_purchased_type":["Card"],"build_version":"2020-12-22","purchased_purges":1,"victory":false,"max_hp_per_floor":[66,66,66,66,66,66,66,66,66,66,66,66,66,66,66,66,66],"relic_stats":{"Lizard Tail":33,"counters":[10,55],"Bag of Preparation":[20],"Letter Opener":[16],"Ginger":[0],"Orichalcum":[84],"War Paint":["Defend_G","Defend_G"],"obtain_stats":[{"Calling Bell":0,"Lizard Tail":0,"Bag of Preparation":0,"Letter Opener":9,"Ginger":13,"Frozen Egg 2":0,"Orichalcum":6,"War Paint":8,"Ring of the Snake":0},{"Calling Bell":0,"Lizard Tail":0,"Bag of Preparation":0,"Letter Opener":7,"Ginger":9,"Frozen Egg 2":0,"Orichalcum":6,"War Paint":7,"Ring of the Snake":0},{"Calling Bell":0,"Lizard Tail":0,"Bag of Preparation":0,"Letter Opener":38,"Ginger":50,"Frozen Egg 2":0,"Orichalcum":27,"War Paint":38,"Ring of the Snake":0}]},"card_choices":[{"not_picked":["Poisoned Stab","Accuracy+1"],"picked":"Blade Dance","floor":1.0},{"not_picked":["Bane","Acrobatics"],"picked":"Prepared","floor":2.0},{"not_picked":["Distraction","Heel Hook"],"picked":"Blade Dance","floor":3.0},{"not_picked":["Deadly Poison","Expertise","Deflect"],"picked":"SKIP","floor":4.0},{"not_picked":["Deadly Poison","Backflip","Tools of the Trade+1"],"picked":"SKIP","floor":5.0},{"not_picked":["Underhanded Strike","Blade Dance","Riddle With Holes"],"picked":"SKIP","floor":6.0},{"not_picked":["Masterful Stab","Outmaneuver","Bane"],"picked":"SKIP","floor":8.0},{"not_picked":["Well Laid Plans+1","Dagger Spray","Underhanded Strike"],"picked":"SKIP","floor":11.0},{"not_picked":["Endless Agony","Blade Dance","Deflect"],"picked":"SKIP","floor":13}],"player_experience":794405,"relics_obtained":[{"floor":0.0,"key":"Bag of Preparation"},{"floor":0.0,"key":"Frozen Egg 2"},{"floor":0.0,"key":"Lizard Tail"},{"floor":6.0,"key":"Orichalcum"},{"floor":8.0,"key":"War Paint"},{"floor":9.0,"key":"Letter Opener"},{"floor":13,"key":"Ginger"}],"event_choices":[{"damage_healed":0.0,"max_hp_gain":0.0,"max_hp_loss":0.0,"gold_gain":0.0,"event_name":"World of Goop","player_choice":"Left Gold","floor":12.0,"gold_loss":37.0,"damage_taken":0.0}],"is_beta":false,"boss_relics":[],"items_purged_floors":[14],"is_endless":false,"potions_floor_spawned":[1,4,5,8,11],"killed_by":"The Guardian","ascension_level":19}}