{"host":"97k5lqmr6aaz1p9r","time":1610179679,"event":{"mods":["BaseMod","Colored Map","Downfall","Jorbs\u0027s Wanderer Trilogy","Minty Spire (QoL Compilation)","StSLib"],"gold_per_floor":[149,164,164,179,179,212,212,225,225,260,273,273,198,211,224,325,325,250,268,368,384,7,33,56,56,56,68,303,228,238,270,284,380,380,380,434,434,434,21,21,21,38,38,68,68,81,27,52,72,72,72,102,38,38,38],"floor_reached":56,"playtime":6347,"items_purged":["Guardian:Strike_Guardian"],"score":1714,"play_id":"f6011c26-37a5-4ec0-89a4-16eb6c541384","local_time":"20210109080759","is_ascension_mode":true,"campfire_choices":[{"data":"Guardian:TwinSlam","floor":1,"key":"SMITH"},{"data":"Guardian:CurlUp","floor":9,"key":"SMITH"},{"floor":13,"key":"RECALL"},{"data":"1","floor":18,"key":"LIFT"},{"data":"Guardian:StasisEngine","floor":29,"key":"SMITH"},{"data":"2","floor":35,"key":"LIFT"},{"data":"3","floor":40,"key":"LIFT"},{"data":"Guardian:CompilePackage","floor":43,"key":"SMITH"},{"data":"expansioncontent:Chronoboost","floor":54,"key":"SMITH"}],"circlet_count":0,"master_deck":["Guardian:Strike_Guardian+1","Guardian:Defend_Guardian","Guardian:Defend_Guardian","Guardian:CurlUp+1","Guardian:TwinSlam+1","Guardian:Incinerate","Guardian:DonusPower","Guardian:FuturePlans","Guardian:AncientConstruct","Guardian:PiercingHide","Guardian:WalkerClaw+1","Guardian:Orbwalk","Guardian:StasisEngine+1","Guardian:PiercingHide","Guardian:Clone","Guardian:FloatingOrbs+1","Guardian:Suspension","Guardian:Incinerate+1","Guardian:VentSteam","Guardian:BronzeOrb","Guardian:CompilePackage+1","Guardian:Incinerate+1","Guardian:DecasProtection","Guardian:Suspension+1","Guardian:FastForward","Guardian:ShieldCharger+1","expansioncontent:Chronoboost+1","Guardian:Repulse+1","Guardian:PolyBeam","Guardian:Harden+1","Guardian:PrismaticBeam","Guardian:PrismaticBarrier+1"],"relics":["Tiny House","Thread and Needle","Girya","Dead Branch","Guardian:SackOfGems","Gremlin Horn","Guardian:PickAxe","downfall:HeartBlessingGreen","Philosopher\u0027s Stone","downfall:HeartBlessingRed","MutagenicStrength","Lantern","Dream Catcher","Meat on the Bone","downfall:HeartBlessingBlue","Regal Pillow","SlaversCollar","Du-Vu Doll","Whetstone","Guardian:StasisCodex","Ornamental Fan","The Courier","Calipers","Anchor"],"acts_visited":["Exordium","TheCity","TheBeyond","TheEnding"],"potions_floor_usage":[6,15,16,16,16,23,36,49,55,55],"damage_taken":[{"damage":1,"enemies":"2 Louse","floor":2,"turns":3},{"damage":0,"enemies":"Jaw Worm","floor":4,"turns":2},{"damage":20,"enemies":"Lagavulin","floor":6,"turns":6},{"damage":0,"enemies":"Cultist","floor":8,"turns":3},{"damage":8,"enemies":"3 Sentries","floor":10,"turns":6},{"damage":0,"enemies":"3 Louse","floor":11,"turns":2},{"damage":0,"enemies":"3 Louse","floor":12,"turns":5},{"damage":0,"enemies":"Exordium Wildlife","floor":14,"turns":3},{"damage":9,"enemies":"Blue Slaver","floor":15,"turns":2},{"damage":31,"enemies":"downfall:Silent","floor":16,"turns":6},{"damage":0,"enemies":"3 Byrds","floor":19,"turns":5},{"damage":7,"enemies":"downfall:Augmenter","floor":20,"turns":4},{"damage":0,"enemies":"Shell Parasite","floor":21,"turns":3},{"damage":0,"enemies":"downfall:FleeingMerchant","floor":22,"turns":4},{"damage":0,"enemies":"Gremlin Leader","floor":23,"turns":4},{"damage":0,"enemies":"Centurion and Healer","floor":27,"turns":5},{"damage":0,"enemies":"downfall:FleeingMerchant","floor":28,"turns":2},{"damage":0,"enemies":"Snake Plant","floor":30,"turns":3},{"damage":0,"enemies":"Book of Stabbing","floor":31,"turns":2},{"damage":0,"enemies":"Snecko","floor":32,"turns":2},{"damage":0,"enemies":"downfall:Watcher","floor":33,"turns":3},{"damage":8,"enemies":"2 Orb Walkers","floor":36,"turns":3},{"damage":0,"enemies":"3 Darklings","floor":42,"turns":2},{"damage":0,"enemies":"Reptomancer","floor":44,"turns":3},{"damage":14,"enemies":"3 Shapes","floor":46,"turns":2},{"damage":0,"enemies":"Giant Head","floor":48,"turns":1},{"damage":0,"enemies":"Jaw Worm Horde","floor":49,"turns":2},{"damage":0,"enemies":"downfall:Defect","floor":50,"turns":4},{"damage":0,"enemies":"downfall:CharBossMerchant","floor":52,"turns":5},{"damage":23,"enemies":"downfall:NeowBoss","floor":55,"turns":10}],"seed_played":"3696052853210548384","potions_obtained":[{"floor":0,"key":"Guardian:AcceleratePotion"},{"floor":4,"key":"Swift Potion"},{"floor":11,"key":"Dexterity Potion"},{"floor":14,"key":"AttackPotion"},{"floor":15,"key":"Fire Potion"},{"floor":30,"key":"Guardian:DefensiveModePotion"},{"floor":33,"key":"Dexterity Potion"},{"floor":44,"key":"Block Potion"}],"is_trial":false,"path_per_floor":["R","M","?","M","T","E","T","M","R","E","M","?","R","M","M","B",null,"R","M","?","M","$","E","T","?","T","M","$","R","M","E","M","B",null,"R","?","?","?","$","R","T","M","R","E","?","M","$","E","M","B",null,"E","$","R","B",null],"character_chosen":"GUARDIAN","items_purchased":["Lantern","Guardian:VentSteam","EntropicBrew","Guardian:Gem_Blue","Whetstone","Guardian:StasisCodex","Guardian:PolyBeam","Guardian:Gem_Fragmented"],"campfire_rested":0,"item_purchase_floors":[22,22,22,28,39,39,47,53],"current_hp_per_floor":[85,84,77,77,77,57,57,57,57,49,49,49,49,49,40,9,85,85,85,78,78,78,78,78,78,78,78,78,88,88,88,88,88,95,95,87,87,87,87,87,87,87,87,87,87,73,73,73,73,73,95,95,95,95,72],"gold":38,"neow_bonus":"BOSS_RELIC","is_daily":false,"chose_seed":false,"campfire_upgraded":5,"win_rate":0.0,"timestamp":1610179679,"path_taken":["R","M","?","M","?","E","T","M","R","E","?","?","R","M","M","BOSS","R","M","?","M","$","E","T","?","?","?","$","R","M","E","M","BOSS","R","?","?","?","?","R","T","?","R","E","?","M","$","E","M","BOSS","E","$","R","BOSS"],"items_purchased_type":["Relic","Card","Potion","Card","Relic","Relic","Card","Card"],"build_version":"2020-12-22","purchased_purges":1,"victory":true,"max_hp_per_floor":[85,85,85,85,85,85,85,85,85,85,85,85,85,85,85,85,85,85,85,85,85,85,85,85,85,85,85,85,95,95,95,95,95,95,95,95,95,95,95,95,95,95,95,95,95,95,95,95,95,95,95,95,95,95,95],"card_choices":[{"not_picked":["Guardian:WalkerClaw","Guardian:VentSteam"],"picked":"Guardian:Incinerate","floor":0},{"not_picked":["Guardian:MultiBeam","Guardian:Gem_Red"],"picked":"Guardian:Gem_Fragmented","floor":2},{"not_picked":["Guardian:WalkerClaw","Guardian:Incinerate"],"picked":"Guardian:DonusPower","floor":4},{"not_picked":["Guardian:Repulse","Guardian:ArmoredProtocol"],"picked":"Guardian:Gem_Fragmented","floor":6},{"not_picked":["Guardian:Orbwalk","Guardian:Gem_Lightblue"],"picked":"Guardian:FuturePlans","floor":8},{"not_picked":["Guardian:PolyBeam","Guardian:SentryBeam"],"picked":"Guardian:AncientConstruct","floor":10},{"not_picked":["Guardian:Gem_Lightblue","Guardian:PrimingBeam"],"picked":"Guardian:PiercingHide","floor":11},{"not_picked":["Guardian:Gem_Cyan","Guardian:ChargeCore"],"picked":"Guardian:WalkerClaw","floor":14},{"not_picked":["Guardian:Gem_Purple","Guardian:GemFinder"],"picked":"Guardian:Orbwalk","floor":15},{"not_picked":["Guardian:ExploitGems","Guardian:GemFire"],"picked":"Guardian:StasisEngine","floor":16},{"not_picked":["Guardian:MultiBeam","Guardian:WalkerClaw"],"picked":"Guardian:PiercingHide","floor":19},{"not_picked":["Guardian:Preprogram","Guardian:CrystalBeam"],"picked":"Guardian:FloatingOrbs+1","floor":20},{"not_picked":["Guardian:ChargeCore","Guardian:ShieldCharger+1"],"picked":"Guardian:Suspension","floor":21},{"not_picked":["Guardian:Suspension","Guardian:RefractedBeam+1"],"picked":"Guardian:Incinerate","floor":22},{"not_picked":["Guardian:SpikerProtocol+1","Guardian:GemFinder"],"picked":"Guardian:BronzeOrb","floor":23},{"not_picked":["Guardian:Gem_Lightblue","Guardian:Gem_Green"],"picked":"Guardian:Gem_Fragmented","floor":27},{"not_picked":["Guardian:Orbwalk","Guardian:TemporalShield"],"picked":"Guardian:CompilePackage","floor":28},{"not_picked":["Guardian:Gem_Crimson","Guardian:ShieldCharger"],"picked":"Guardian:Incinerate+1","floor":30},{"not_picked":["Guardian:Emergency","Guardian:Gem_Synthetic"],"picked":"Guardian:DecasProtection","floor":31},{"not_picked":["Guardian:TemporalStrike","Guardian:Gem_Lightblue"],"picked":"Guardian:Suspension+1","floor":32},{"not_picked":["Guardian:CompilePackage","Guardian:GemFinder"],"picked":"Guardian:FastForward","floor":33},{"not_picked":["Guardian:TemporalShield+1","Guardian:GuardianWhirl"],"picked":"Guardian:ShieldCharger+1","floor":36},{"not_picked":["expansioncontent:TimeRipple","expansioncontent:DonusPower"],"picked":"expansioncontent:Chronoboost","floor":37},{"not_picked":["Guardian:Gem_Lightblue","Guardian:Harden+1"],"picked":"Guardian:Repulse+1","floor":42},{"not_picked":["Guardian:Gem_Cyan","Guardian:RollAttack+1"],"picked":"Guardian:Gem_White","floor":44},{"not_picked":["Guardian:PrimingBeam+1","Guardian:Gem_Lightblue","Guardian:Gem_Synthetic"],"picked":"SKIP","floor":46},{"not_picked":["Guardian:Recover","Guardian:Suspension"],"picked":"Guardian:Harden+1","floor":48},{"not_picked":["Guardian:DecasProtection","Guardian:BronzeOrb"],"picked":"Guardian:PrismaticBeam","floor":49},{"not_picked":["Guardian:Preprogram+1","Guardian:Gem_Red"],"picked":"Guardian:PrismaticBarrier+1","floor":52}],"player_experience":623911,"relics_obtained":[{"floor":5,"key":"Girya"},{"floor":6,"key":"Dead Branch"},{"floor":7,"key":"Guardian:SackOfGems"},{"floor":10,"key":"Gremlin Horn"},{"floor":20,"key":"MutagenicStrength"},{"floor":23,"key":"Dream Catcher"},{"floor":26,"key":"Meat on the Bone"},{"floor":31,"key":"Regal Pillow"},{"floor":36,"key":"Du-Vu Doll"},{"floor":41,"key":"Ornamental Fan"},{"floor":44,"key":"The Courier"},{"floor":48,"key":"Calipers"},{"floor":52,"key":"Anchor"}],"event_choices":[{"damage_healed":0,"gold_gain":0,"player_choice":"Success","damage_taken":7,"relics_obtained":["Thread and Needle"],"max_hp_gain":0,"max_hp_loss":0,"event_name":"Scrap Ooze","floor":3,"gold_loss":0},{"damage_healed":0,"gold_gain":0,"player_choice":"Fight","damage_taken":0,"max_hp_gain":0,"max_hp_loss":0,"event_name":"Mysterious Sphere","floor":36,"gold_loss":0},{"cards_removed":["Guardian:Strike_Guardian"],"damage_healed":0,"gold_gain":0,"player_choice":"Offered Basic","damage_taken":0,"max_hp_gain":0,"max_hp_loss":0,"event_name":"Bonfire Elementals","floor":45,"gold_loss":0}],"is_beta":false,"boss_relics":[{"not_picked":["Fusion Hammer","Runic Dome"],"picked":"Philosopher\u0027s Stone"},{"not_picked":["Guardian:StasisSlotReductionRelic","Black Star"],"picked":"SlaversCollar"}],"items_purged_floors":[22],"is_endless":false,"potions_floor_spawned":[4,11,14,15,27,30,31,33,42,44,48],"ascension_level":4}}