{"host":"19t2eyow02s954g8","time":1610214263,"event":{"mods":["BaseMod","Colored Map","DeckTracker","Minty Spire (QoL Compilation)","StSLib","SuperFastMode"],"gold_per_floor":[117,117,192,205,130,163,163,4,83,101,101,101],"floor_reached":11,"playtime":121,"items_purged":["Strike_G","Strike_G"],"score":192,"play_id":"e2f1c126-863d-4da5-ad37-471d6cec9cc7","local_time":"20210110024423","is_ascension_mode":true,"campfire_choices":[{"data":"Neutralize","floor":7,"key":"SMITH"}],"circlet_count":0,"master_deck":["AscendersBane","Strike_G","Strike_G","Strike_G","Defend_G","Defend_G","Defend_G","Defend_G","Defend_G","Survivor","Neutralize+1","Dagger Spray","Well Laid Plans","Dagger Spray","Cloak And Dagger"],"relics":["Ring of the Snake","NeowsBlessing","Golden Idol","Bag of Preparation","Ninja Scroll"],"acts_visited":["Exordium"],"potions_floor_usage":[11],"damage_taken":[{"damage":0,"enemies":"Jaw Worm","floor":1,"turns":1},{"damage":0,"enemies":"2 Louse","floor":4,"turns":1},{"damage":0,"enemies":"3 Sentries","floor":6,"turns":1},{"damage":0,"enemies":"Small Slimes","floor":10,"turns":2},{"damage":0,"enemies":"Lagavulin","floor":11,"turns":1}],"seed_played":"1475805105981640078","potions_obtained":[{"floor":1,"key":"Fire Potion"},{"floor":4,"key":"Dexterity Potion"}],"is_trial":false,"path_per_floor":["M","?","?","M","$","E","R","$","T","M","E"],"character_chosen":"THE_SILENT","items_purchased":["Dagger Spray"],"campfire_rested":0,"item_purchase_floors":[8],"current_hp_per_floor":[59,36,25,25,25,25,25,25,25,25,25,25],"gold":101,"neow_bonus":"THREE_ENEMY_KILL","is_daily":false,"chose_seed":false,"campfire_upgraded":1,"win_rate":0.0,"timestamp":1610214263,"path_taken":["M","?","?","M","$","E","R","$","T","M","E"],"items_purchased_type":["Card"],"build_version":"2020-12-22","purchased_purges":2,"victory":false,"max_hp_per_floor":[66,66,66,66,66,66,66,66,66,66,66,66],"card_choices":[{"not_picked":["Crippling Poison","Reflex"],"picked":"Dagger Spray","floor":1},{"not_picked":["Backstab","Choke"],"picked":"Well Laid Plans","floor":4},{"not_picked":["Masterful Stab","Riddle With Holes","Underhanded Strike"],"picked":"SKIP","floor":6},{"not_picked":["Dodge and Roll","PiercingWail"],"picked":"Cloak And Dagger","floor":10}],"player_experience":4235197,"relics_obtained":[{"floor":6,"key":"Bag of Preparation"},{"floor":9,"key":"Ninja Scroll"}],"event_choices":[{"damage_healed":0,"gold_gain":0,"player_choice":"Take Damage","damage_taken":23,"relics_obtained":["Golden Idol"],"max_hp_gain":0,"max_hp_loss":0,"event_name":"Golden Idol","floor":2,"gold_loss":0},{"damage_healed":0,"gold_gain":75,"player_choice":"Gather Gold","damage_taken":11,"max_hp_gain":0,"max_hp_loss":0,"event_name":"World of Goop","floor":3,"gold_loss":0}],"is_beta":false,"boss_relics":[],"items_purged_floors":[5,8],"is_endless":false,"potions_floor_spawned":[1,4,10],"killed_by":"Lagavulin","ascension_level":20}}