{"host":"Kdaddybrian","time":1610225868,"event":{"mods":["AchievementEnabler","BaseMod","Bestiary","Colored Powertips","Minty Spire (QoL Compilation)","Potion Indicator Mod","Quick Restart","Rare Cards Sparkle","Relic Stats","StSLib","Uncapped"],"gold_per_floor":[363,378,444,76,76,110,110,135,135,135,167,226,243,276,276,381,381,401,31,31,41,41,76,93,93,93,93,113,123,156,169,169,264,264,283,283,301,523,523,523,593,593,593],"floor_reached":42,"playtime":2616,"items_purged":["Strike_G","Strike_G"],"score":776,"play_id":"84796ba1-34aa-4e3e-989f-a0414ff4b8be","local_time":"20210109155748","is_ascension_mode":true,"campfire_choices":[{"floor":7,"key":"REST"},{"floor":10,"key":"REST"},{"floor":15,"key":"REST"},{"floor":25,"key":"REST"},{"floor":27,"key":"REST"},{"floor":32,"key":"REST"},{"floor":40,"key":"REST"}],"circlet_count":0,"master_deck":["AscendersBane","Strike_G","Strike_G","Defend_G","Defend_G","Defend_G","Defend_G","Defend_G","Survivor","Neutralize","Dash","PiercingWail","Dagger Spray","Infinite Blades","Quick Slash","PiercingWail","After Image","Sucker Punch","Escape Plan","Poisoned Stab","Cloak And Dagger","Backstab","Terror","Venomology","Deadly Poison+1","Adrenaline","Well Laid Plans","RitualDagger","Pain","Catalyst","PiercingWail","PiercingWail+1","Deflect","Dodge and Roll","Night Terror","Bullet Time","Dodge and Roll+1","Prepared","Bandage Up"],"relics":["Ring of the Snake","Bag of Marbles","Kunai","Tingsha","White Beast Statue","Mummified Hand","Snake Skull","Dream Catcher","SacredBark","WarpedTongs","Turnip","Paper Crane","Red Mask","Runic Pyramid"],"acts_visited":["Exordium","TheCity","TheBeyond"],"potions_floor_usage":[6,11,12,14,16,16,18,21,23,23,24,24,29,30,31,33,33,33,35,37,37,42,42],"damage_taken":[{"damage":1,"enemies":"Small Slimes","floor":1,"turns":4},{"damage":0,"enemies":"2 Louse","floor":2,"turns":4},{"damage":36,"enemies":"Lagavulin","floor":6,"turns":10},{"damage":19,"enemies":"Gremlin Nob","floor":8,"turns":6},{"damage":2,"enemies":"3 Sentries","floor":11,"turns":9},{"damage":14,"enemies":"Lagavulin Event","floor":12,"turns":7},{"damage":0,"enemies":"Jaw Worm","floor":13,"turns":4},{"damage":2,"enemies":"Lagavulin","floor":14,"turns":7},{"damage":25,"enemies":"Slime Boss","floor":16,"turns":9},{"damage":7,"enemies":"Shell Parasite","floor":18,"turns":6},{"damage":1,"enemies":"Spheric Guardian","floor":21,"turns":4},{"damage":5,"enemies":"Slavers","floor":23,"turns":4},{"damage":24,"enemies":"Cultist and Chosen","floor":24,"turns":6},{"damage":5,"enemies":"Sentry and Sphere","floor":28,"turns":5},{"damage":14,"enemies":"Shelled Parasite and Fungi","floor":29,"turns":5},{"damage":6,"enemies":"Masked Bandits","floor":30,"turns":4},{"damage":4,"enemies":"3 Cultists","floor":31,"turns":4},{"damage":16,"enemies":"Champ","floor":33,"turns":13},{"damage":0,"enemies":"Orb Walker","floor":35,"turns":1},{"damage":45,"enemies":"3 Darklings","floor":37,"turns":10},{"damage":44,"enemies":"Reptomancer","floor":42,"turns":3}],"seed_played":"-4193920489173017686","potions_obtained":[{"floor":2,"key":"BlessingOfTheForge"},{"floor":6,"key":"DistilledChaos"},{"floor":11,"key":"CunningPotion"},{"floor":12,"key":"PowerPotion"},{"floor":13,"key":"Explosive Potion"},{"floor":14,"key":"CunningPotion"},{"floor":16,"key":"SkillPotion"},{"floor":18,"key":"SkillPotion"},{"floor":21,"key":"SpeedPotion"},{"floor":23,"key":"SteroidPotion"},{"floor":24,"key":"Poison Potion"},{"floor":28,"key":"CultistPotion"},{"floor":29,"key":"EssenceOfSteel"},{"floor":30,"key":"SpeedPotion"},{"floor":33,"key":"ColorlessPotion"},{"floor":35,"key":"CunningPotion"},{"floor":37,"key":"PowerPotion"}],"is_trial":false,"path_per_floor":["M","M","?","$","?","E","R","E","T","R","E","?","M","E","R","B",null,"M","$","?","M","?","E","M","R","T","R","M","M","?","M","R","B",null,"M","?","M","?","?","R","T","E"],"character_chosen":"THE_SILENT","items_purchased":["Dagger Spray","CultistPotion","Infinite Blades","Quick Slash","PiercingWail","Adrenaline","Well Laid Plans","DuplicationPotion"],"campfire_rested":7,"item_purchase_floors":[4,4,4,4,4,19,19,19],"current_hp_per_floor":[62,62,62,62,59,23,41,22,22,40,38,24,24,22,40,15,51,44,44,38,37,37,32,8,26,26,44,39,25,19,15,33,17,52,52,52,7,7,7,25,25,0,0],"gold":593,"neow_bonus":"TWO_FIFTY_GOLD","is_daily":false,"chose_seed":false,"campfire_upgraded":0,"win_rate":0.0,"timestamp":1610225868,"path_taken":["M","M","?","$","?","E","R","E","T","R","E","?","?","E","R","BOSS","M","$","?","M","?","E","?","R","T","R","M","?","?","M","R","BOSS","M","?","M","?","?","R","?","E"],"items_purchased_type":["Card","Potion","Card","Card","Card","Card","Card","Potion"],"build_version":"2020-12-18","purchased_purges":2,"victory":false,"max_hp_per_floor":[63,63,63,63,63,63,63,63,63,63,63,63,63,63,63,63,63,63,63,63,63,63,63,63,63,63,63,63,63,63,63,63,63,63,63,63,63,63,63,63,63,63,63],"relic_stats":{"Dream Catcher":5,"counters":[21,125],"Mummified Hand":[35],"Tingsha":[30],"Snake Skull":[36],"Turnip":[13],"Kunai":[47],"obtain_stats":[{"SacredBark":17,"Tingsha":8,"Snake Skull":12,"Paper Crane":26,"White Beast Statue":9,"WarpedTongs":22,"Dream Catcher":14,"Mummified Hand":11,"Turnip":23,"Bag of Marbles":5,"Red Mask":30,"Kunai":6,"Ring of the Snake":0,"Runic Pyramid":34},{"SacredBark":9,"Tingsha":4,"Snake Skull":6,"Paper Crane":13,"White Beast Statue":4,"WarpedTongs":11,"Dream Catcher":8,"Mummified Hand":5,"Turnip":12,"Bag of Marbles":2,"Red Mask":16,"Kunai":3,"Ring of the Snake":0,"Runic Pyramid":18},{"SacredBark":60,"Tingsha":24,"Snake Skull":40,"Paper Crane":80,"White Beast Statue":24,"WarpedTongs":70,"Dream Catcher":51,"Mummified Hand":33,"Turnip":74,"Bag of Marbles":8,"Red Mask":94,"Kunai":18,"Ring of the Snake":0,"Runic Pyramid":111}],"Ring of the Snake":[42],"WarpedTongs":[55]},"card_choices":[{"not_picked":["Underhanded Strike","PiercingWail"],"picked":"Dash","floor":1},{"not_picked":["Dodge and Roll","Prepared"],"picked":"PiercingWail","floor":2},{"not_picked":["Catalyst","Deadly Poison"],"picked":"After Image","floor":6},{"not_picked":["Deflect","Acrobatics"],"picked":"Sucker Punch","floor":8},{"not_picked":["Predator","Terror"],"picked":"Escape Plan","floor":11},{"not_picked":["Acrobatics","Expertise"],"picked":"Poisoned Stab","floor":12},{"not_picked":["Finisher","Dagger Spray"],"picked":"Cloak And Dagger","floor":13},{"not_picked":["Sucker Punch","Prepared"],"picked":"Backstab","floor":14},{"not_picked":["Poisoned Stab","Skewer"],"picked":"Terror","floor":15},{"not_picked":["Grand Finale","Glass Knife"],"picked":"Venomology","floor":16},{"not_picked":["PiercingWail+1","Prepared"],"picked":"Deadly Poison+1","floor":18},{"not_picked":["Backflip","Dagger Throw+1","Prepared+1"],"picked":"SKIP","floor":21},{"not_picked":["Blade Dance+1","Prepared"],"picked":"Catalyst","floor":23},{"not_picked":["Caltrops","Flying Knee"],"picked":"PiercingWail","floor":24},{"not_picked":["Grand Finale","Slice"],"picked":"PiercingWail+1","floor":27},{"not_picked":["Setup","Dagger Throw"],"picked":"Deflect","floor":28},{"not_picked":["Flying Knee","Dagger Throw"],"picked":"Dodge and Roll","floor":29},{"not_picked":["Eviscerate","Backflip","Finisher"],"picked":"SKIP","floor":31},{"not_picked":["Deadly Poison+1","PiercingWail"],"picked":"Night Terror","floor":32},{"not_picked":["Night Terror","Doppelganger"],"picked":"Bullet Time","floor":33},{"not_picked":["Dash+1","Dagger Throw"],"picked":"Dodge and Roll+1","floor":35},{"not_picked":["Expertise","Heel Hook"],"picked":"Prepared","floor":37},{"not_picked":["Forethought","Panache"],"picked":"Bandage Up","floor":39}],"player_experience":2945642,"relics_obtained":[{"floor":6,"key":"Kunai"},{"floor":8,"key":"Tingsha"},{"floor":9,"key":"White Beast Statue"},{"floor":11,"key":"Mummified Hand"},{"floor":12,"key":"Snake Skull"},{"floor":14,"key":"Dream Catcher"},{"floor":23,"key":"Turnip"},{"floor":26,"key":"Paper Crane"},{"floor":30,"key":"Red Mask"}],"event_choices":[{"damage_healed":0,"gold_gain":66,"player_choice":"Gained Gold","damage_taken":0,"max_hp_gain":0,"max_hp_loss":0,"event_name":"Golden Wing","floor":3,"gold_loss":0},{"damage_healed":0,"gold_gain":0,"player_choice":"Success","damage_taken":3,"relics_obtained":["Bag of Marbles"],"max_hp_gain":0,"max_hp_loss":0,"event_name":"Scrap Ooze","floor":5,"gold_loss":0},{"damage_healed":0,"gold_gain":0,"player_choice":"Searched \u00271\u0027 times","damage_taken":0,"max_hp_gain":0,"max_hp_loss":0,"event_name":"Dead Adventurer","floor":12,"gold_loss":0},{"damage_healed":0,"gold_gain":0,"player_choice":"Joined the Cult","damage_taken":6,"max_hp_gain":0,"max_hp_loss":0,"event_name":"Nest","floor":20,"gold_loss":0,"cards_obtained":["RitualDagger"]},{"damage_healed":0,"gold_gain":0,"player_choice":"Rummage","damage_taken":0,"relics_obtained":["WarpedTongs"],"max_hp_gain":0,"max_hp_loss":0,"event_name":"Accursed Blacksmith","floor":22,"gold_loss":0,"cards_obtained":["Pain"]},{"damage_healed":0,"gold_gain":0,"player_choice":"Fought Bandits","damage_taken":0,"max_hp_gain":0,"max_hp_loss":0,"event_name":"Masked Bandits","floor":30,"gold_loss":0},{"cards_removed":["Strike_G"],"damage_healed":0,"gold_gain":0,"player_choice":"Removed Attack","damage_taken":0,"max_hp_gain":0,"max_hp_loss":0,"event_name":"Falling","floor":36,"gold_loss":0},{"damage_healed":0,"gold_gain":222,"player_choice":"Wore Mask","damage_taken":0,"max_hp_gain":0,"max_hp_loss":0,"event_name":"Tomb of Lord Red Mask","floor":38,"gold_loss":0},{"damage_healed":0,"gold_gain":0,"player_choice":"Memory 1","damage_taken":0,"max_hp_gain":0,"max_hp_loss":0,"event_name":"SensoryStone","floor":39,"gold_loss":0}],"is_beta":true,"boss_relics":[{"not_picked":["Pandora\u0027s Box","WristBlade"],"picked":"SacredBark"},{"not_picked":["Coffee Dripper","Sozu"],"picked":"Runic Pyramid"}],"items_purged_floors":[4,19],"is_endless":false,"potions_floor_spawned":[2,6,11,12,13,14,16,18,21,23,24,28,29,30,31,33,35,37],"killed_by":"Reptomancer","ascension_level":10}}