{"host":"hj54bcoh2isxm8b7","time":1610213257,"event":{"mods":["AchievementEnabler","Arknights The Spire","BaseMod","BetterRewards","Card Forge","Custom Start","GifTheSpireLib","Mimic Mod","Minty Spire (QoL Compilation)","Spicy Shops","StSLib","The Alterego","Waifu the Spire","Yuri Mod","slay the spire mod where everything is the same but ironclad has a cowboy hat"],"gold_per_floor":[114,39,57,67,142,176,194,211,234,234,234],"floor_reached":10,"playtime":466,"items_purged":["ats:Strike G"],"score":70,"play_id":"38c14a20-9c38-4e1a-9619-bd2f916d4c4f","local_time":"20210109122737","is_ascension_mode":false,"campfire_choices":[],"circlet_count":0,"master_deck":["ats:Strike C","ats:Strike S","ats:Strike V","ats:Armor Crushing Shot","ats:Defend","ats:Defend","ats:Defend","ats:Defend","ats:Emotion Absorption","ats:Song Of Battle","ats:Poison Spread","ats:Overload","ats:Dogmatic Field","ats:Beaten Up"],"relics":["ats:Sanity","Hammer of Thor","Seething Fire","Anvil of the Gods","NeowsBlessing","ats:Originium","Singing Bowl","Nunchaku"],"acts_visited":["Exordium"],"potions_floor_usage":[10,10],"damage_taken":[{"damage":0,"enemies":"Cultist","floor":1,"turns":1},{"damage":0,"enemies":"2 Louse","floor":3,"turns":1},{"damage":0,"enemies":"Small Slimes","floor":4,"turns":1},{"damage":27,"enemies":"Gremlin Nob","floor":6,"turns":4},{"damage":20,"enemies":"Exordium Thugs","floor":7,"turns":4},{"damage":46,"enemies":"Large Slime","floor":8,"turns":10},{"damage":14,"enemies":"3 Sentries","floor":10,"turns":4}],"seed_played":"1323391807802255521","potions_obtained":[{"floor":3,"key":"Block Potion"},{"floor":4,"key":"BlessingOfTheForge"}],"is_trial":false,"path_per_floor":["M","$","M","M","?","E","M","M","T","E"],"character_chosen":"DOCTOR_CLASS","items_purchased":[],"campfire_rested":0,"item_purchase_floors":[],"current_hp_per_floor":[72,72,72,72,61,36,16,6,6,0,0],"gold":234,"neow_bonus":"THREE_ENEMY_KILL","is_daily":false,"chose_seed":false,"campfire_upgraded":0,"win_rate":0.0,"timestamp":1610213257,"path_taken":["M","$","?","M","?","E","M","M","T","E"],"items_purchased_type":[],"build_version":"2020-12-22","purchased_purges":1,"victory":false,"max_hp_per_floor":[72,72,72,72,72,74,74,74,74,74,74],"card_choices":[{"not_picked":["ats:Poison Spread","ats:Childhood Dance"],"picked":"ats:Song Of Battle","floor":1},{"not_picked":["ats:Flexible Camouflage","ats:Cat Scratch"],"picked":"ats:Poison Spread","floor":3},{"not_picked":["ats:Closed Bolt Burst Fire","ats:Shell Defense"],"picked":"ats:Overload","floor":4},{"not_picked":["ats:Burning Ground","ats:Powerful Strike","ats:Poison Spread"],"picked":"Singing Bowl","floor":6},{"not_picked":["ats:Counter Healing Mode","ats:Hammer On"],"picked":"ats:Dogmatic Field","floor":7},{"not_picked":["ats:Overload","ats:Curse Doll"],"picked":"ats:Beaten Up","floor":8}],"player_experience":293557,"relics_obtained":[{"floor":6,"key":"ats:Originium"},{"floor":6,"key":"Singing Bowl"},{"floor":9,"key":"Nunchaku"}],"event_choices":[{"damage_healed":0,"gold_gain":75,"player_choice":"Gather Gold","damage_taken":11,"max_hp_gain":0,"max_hp_loss":0,"event_name":"World of Goop","floor":5,"gold_loss":0}],"is_beta":false,"boss_relics":[],"items_purged_floors":[2],"is_endless":false,"potions_floor_spawned":[3,4],"killed_by":"3 Sentries","ascension_level":0}}