{"host":"1a3cjta80tad0aqj","time":1610163697,"event":{"mods":["2.2 Compatiblity","AchievementEnabler","BaseMod","Colored Map","DeckTracker","KOR Keyword Fix","Keyboard Shortcuts","Minty Spire (QoL Compilation)","Permanent Neow","Quick Restart","Random Character Button","StSLib","SuperFastMode","everything is the same but u backflip on backflip"],"gold_per_floor":[112,124,124,124,136,136,148,148,148,168,184,109,129,61,61,161,161,176,176,191,91,111,111,111,111],"floor_reached":24,"playtime":943,"items_purged":["Strike_P","Defend_P"],"score":240,"play_id":"bcfabff3-3b95-4244-814a-740c282a0ea0","local_time":"20210109124137","is_ascension_mode":false,"campfire_choices":[{"data":"Eruption","floor":6,"key":"SMITH"},{"data":"Evaluate","floor":8,"key":"SMITH"},{"data":"Halt","floor":15,"key":"SMITH"},{"floor":23,"key":"REST"}],"circlet_count":0,"master_deck":["Strike_P","Strike_P","Defend_P","Eruption+1","Vigilance","Pray+1","SashWhip+1","Crescendo+1","BattleHymn","FlurryOfBlows","Evaluate+1","Worship","Halt+1","Consecrate","Brilliance","InnerPeace","BowlingBash","Adaptation+1"],"relics":["Astrolabe"],"acts_visited":["Exordium","TheCity"],"potions_floor_usage":[13,18],"damage_taken":[{"damage":0,"enemies":"Jaw Worm","floor":1,"turns":3},{"damage":0,"enemies":"2 Louse","floor":2,"turns":2},{"damage":0,"enemies":"Cultist","floor":5,"turns":2},{"damage":9,"enemies":"Looter","floor":7,"turns":4},{"damage":5,"enemies":"3 Louse","floor":10,"turns":3},{"damage":0,"enemies":"2 Fungi Beasts","floor":11,"turns":3},{"damage":8,"enemies":"Lots of Slimes","floor":13,"turns":2},{"damage":0,"enemies":"Slime Boss","floor":16,"turns":4},{"damage":18,"enemies":"Shell Parasite","floor":18,"turns":5},{"damage":27,"enemies":"2 Thieves","floor":20,"turns":4},{"damage":18,"enemies":"3 Cultists","floor":22,"turns":6},{"damage":30,"enemies":"Sentry and Sphere","floor":24,"turns":4}],"seed_played":"2422888770204025981","potions_obtained":[{"floor":5,"key":"LiquidBronze"},{"floor":10,"key":"LiquidBronze"},{"floor":11,"key":"Weak Potion"},{"floor":13,"key":"SteroidPotion"},{"floor":20,"key":"Explosive Potion"}],"is_trial":false,"path_per_floor":["M","M","?","?","M","R","M","R","T","M","M","$","M","$","R","B",null,"M","?","M","$","M","R","M"],"character_chosen":"WATCHER","items_purchased":["InnerPeace"],"campfire_rested":1,"item_purchase_floors":[14],"current_hp_per_floor":[72,72,72,72,72,72,63,63,63,58,58,58,50,50,50,50,72,54,54,27,27,9,30,0,0],"gold":111,"neow_bonus":"BOSS_RELIC","is_daily":false,"chose_seed":true,"campfire_upgraded":3,"win_rate":0.0,"timestamp":1610163697,"path_taken":["M","M","?","?","M","R","M","R","T","M","M","$","M","$","R","BOSS","M","?","M","$","M","R","M"],"items_purchased_type":["Card"],"build_version":"2020-12-22","purchased_purges":2,"victory":false,"max_hp_per_floor":[72,72,72,72,72,72,72,72,72,72,72,72,72,72,72,72,72,72,72,72,72,72,72,72,72],"card_choices":[{"not_picked":["SashWhip","Halt"],"picked":"BattleHymn","floor":1},{"not_picked":["LikeWater","CrushJoints"],"picked":"FlurryOfBlows","floor":2},{"not_picked":["LikeWater","EmptyFist"],"picked":"Worship","floor":5},{"not_picked":["FlyingSleeves","JustLucky"],"picked":"Halt","floor":7},{"not_picked":["FlurryOfBlows","Indignation"],"picked":"Consecrate","floor":10},{"not_picked":["Protect","Evaluate","EmptyFist"],"picked":"SKIP","floor":11},{"not_picked":["Consecrate","FollowUp"],"picked":"Brilliance","floor":13},{"not_picked":["Evaluate","Protect"],"picked":"BowlingBash","floor":18},{"not_picked":["Halt","JustLucky"],"picked":"Adaptation+1","floor":20},{"not_picked":["ReachHeaven+1","FlyingSleeves","SashWhip+1"],"picked":"SKIP","floor":22}],"player_experience":228267,"relics_obtained":[],"event_choices":[{"damage_healed":0,"gold_gain":0,"player_choice":"Fled","damage_taken":0,"max_hp_gain":0,"max_hp_loss":0,"event_name":"Scrap Ooze","floor":3,"gold_loss":0},{"damage_healed":0,"gold_gain":0,"player_choice":"1 cards matched","damage_taken":0,"max_hp_gain":0,"max_hp_loss":0,"event_name":"Match and Keep!","floor":4,"gold_loss":0,"cards_obtained":["Evaluate"]},{"damage_healed":0,"gold_gain":0,"player_choice":"Ignored","damage_taken":0,"max_hp_gain":0,"max_hp_loss":0,"event_name":"Ghosts","floor":19,"gold_loss":0}],"is_beta":false,"boss_relics":[{"not_picked":[]}],"items_purged_floors":[12,21],"is_endless":false,"potions_floor_spawned":[5,10,11,13,20],"killed_by":"Sentry and Sphere","ascension_level":0}}