{"host":"9ndbo4kgsfoemf7y","time":1610175651,"event":{"mods":["AchievementEnabler","BaseMod","Colored Map","DeckTracker","Keyboard Shortcuts","Minty Spire (QoL Compilation)","Permanent Neow","Quick Restart","Relic Stats","StSLib","SuperFastMode"],"gold_per_floor":[113,113,132,147,32,32,32,32,59,59,59,59,59],"floor_reached":12,"playtime":213,"items_purged":["Regret"],"score":132,"play_id":"e0953e62-7010-4499-9d2e-39af7497e703","local_time":"20210109160051","is_ascension_mode":true,"campfire_choices":[{"data":"Dark Embrace","floor":6.0,"key":"SMITH"},{"data":"Limit Break","floor":8.0,"key":"SMITH"}],"circlet_count":0,"master_deck":["AscendersBane","Strike_R","Strike_R","Strike_R+1","Strike_R","Strike_R","Defend_R+1","Defend_R","Defend_R","Defend_R","Bash","Limit Break+1","Evolve","Shrug It Off","Perfected Strike","Dark Embrace+1"],"relics":["Burning Blood","Lantern","Golden Idol","Pen Nib"],"acts_visited":["Exordium"],"potions_floor_usage":[],"damage_taken":[{"damage":12.0,"enemies":"Jaw Worm","floor":1.0,"turns":4.0},{"damage":12.0,"enemies":"2 Louse","floor":3.0,"turns":4.0},{"damage":11.0,"enemies":"Small Slimes","floor":4.0,"turns":4.0},{"damage":15,"enemies":"Lagavulin","floor":12,"turns":3}],"seed_played":"2156097963555408874","potions_obtained":[{"floor":1.0,"key":"GamblersBrew"}],"is_trial":false,"path_per_floor":["M","?","M","M","$","R","?","R","T","$","?","E"],"character_chosen":"IRONCLAD","items_purchased":["Dark Embrace"],"campfire_rested":0,"item_purchase_floors":[5],"current_hp_per_floor":[62,44,38,33,33,33,33,33,33,33,13,0,0],"gold":59,"neow_bonus":"THREE_RARE_CARDS","is_daily":false,"chose_seed":false,"campfire_upgraded":2,"win_rate":0.0,"timestamp":1610175651,"path_taken":["M","?","M","M","$","R","?","R","T","?","?","E"],"items_purchased_type":["Card"],"build_version":"2020-12-22","purchased_purges":1,"victory":false,"max_hp_per_floor":[75,75,75,75,75,75,68,68,68,68,68,68,68],"relic_stats":{"counters":[4,15],"Golden Idol":0,"Pen Nib":[0],"obtain_stats":[{"Lantern":2,"Golden Idol":7,"Pen Nib":9,"Burning Blood":0},{"Lantern":1,"Golden Idol":3,"Pen Nib":3,"Burning Blood":0},{"Lantern":4,"Golden Idol":12,"Pen Nib":12,"Burning Blood":0}],"Burning Blood":18},"card_choices":[{"not_picked":["Double Tap","Exhume"],"picked":"Limit Break","floor":0.0},{"not_picked":["Havoc","Infernal Blade"],"picked":"Evolve","floor":1.0},{"not_picked":["Wild Strike","Havoc"],"picked":"Shrug It Off","floor":3.0},{"not_picked":["Anger","Shrug It Off"],"picked":"Perfected Strike","floor":4.0}],"player_experience":791416,"relics_obtained":[{"floor":9.0,"key":"Pen Nib"}],"event_choices":[{"damage_healed":0.0,"max_hp_gain":0.0,"max_hp_loss":0.0,"gold_gain":0.0,"event_name":"Scrap Ooze","player_choice":"Success","floor":2.0,"gold_loss":0.0,"damage_taken":18.0,"relics_obtained":["Lantern"]},{"damage_healed":0.0,"max_hp_gain":0.0,"max_hp_loss":7.0,"gold_gain":0.0,"event_name":"Golden Idol","player_choice":"Lose Max HP","floor":7.0,"gold_loss":0.0,"damage_taken":0.0,"relics_obtained":["Golden Idol"]},{"damage_healed":0.0,"max_hp_gain":0.0,"max_hp_loss":0.0,"gold_gain":0.0,"event_name":"Shining Light","player_choice":"Entered Light","floor":11.0,"gold_loss":0.0,"damage_taken":20.0,"cards_upgraded":["Defend_R","Strike_R"]}],"is_beta":false,"boss_relics":[],"items_purged_floors":[5],"is_endless":false,"potions_floor_spawned":[1],"killed_by":"Lagavulin","ascension_level":20}}