{"host":"my77oq6kb6j47rwl","time":1610229088,"event":{"mods":["BaseMod","Better Third Choice","Curses Come First","Displayed Cursed Tome","Emptier Cage","Hermit","Ironclad Rager","Minty Spire (QoL Compilation)","Quick Restart","Rare Cards Sparkle","StSLib"],"gold_per_floor":[20,30,46,46,61,61,80,90,116,143,143,176,176,206,206,278,278,290,305,60,60,79,79,112,130,184,184,213,224,235,263,263,335,335,346,365,227,227,17,47,67,67,67,101,125,137,0,27,39,51,51],"floor_reached":50,"playtime":4242,"items_purged":["Normality","Twin Strike"],"score":993,"play_id":"4e5accf8-b2d6-48df-a0b2-86316efe8a28","local_time":"20210109165128","is_ascension_mode":true,"campfire_choices":[{"data":"Rampage","floor":6,"key":"SMITH"},{"data":"Iron Wave","floor":11,"key":"SMITH"},{"data":"Berserk","floor":15,"key":"SMITH"},{"data":"Iron Wave","floor":23,"key":"SMITH"},{"data":"Iron Wave","floor":27,"key":"SMITH"},{"data":"Bash","floor":32,"key":"SMITH"},{"data":"Inflame","floor":42,"key":"SMITH"},{"data":"Fire Breathing","floor":49,"key":"SMITH"}],"circlet_count":0,"master_deck":["AscendersBane","Bash+1","Twin Strike+1","Twin Strike","Twin Strike","Twin Strike","Iron Wave+1","Iron Wave+1","Iron Wave+1","Iron Wave+1","Thunderclap","Rampage+1","Metallicize","Berserk+1","Juggernaut","Clothesline+1","Dropkick","Spot Weakness","Demon Form+1","Evolve+1","Blood for Blood","Fire Breathing","Fire Breathing+1","Inflame+1","Evolve","Madness","Madness"],"relics":["Burning Blood","CaptainsWheel","Anchor","Magic Flower","Smiling Mask","Sundial","Blood Vial","Snecko Eye","Whetstone","Pen Nib","Art of War","Happy Flower","PreservedInsect","Mark of Pain","Bronze Scales","Self Forming Clay","Shuriken","MawBank","Red Mask"],"acts_visited":["Exordium","TheCity","TheBeyond"],"potions_floor_usage":[10,16,28,36,41,50,50],"damage_taken":[{"damage":1,"enemies":"Cultist","floor":1,"turns":3},{"damage":7,"enemies":"Small Slimes","floor":2,"turns":2},{"damage":12,"enemies":"Jaw Worm","floor":3,"turns":2},{"damage":7,"enemies":"2 Fungi Beasts","floor":5,"turns":3},{"damage":4,"enemies":"Lots of Slimes","floor":7,"turns":3},{"damage":3,"enemies":"Blue Slaver","floor":8,"turns":2},{"damage":10,"enemies":"3 Sentries","floor":10,"turns":6},{"damage":15,"enemies":"Lagavulin","floor":12,"turns":5},{"damage":10,"enemies":"3 Sentries","floor":14,"turns":6},{"damage":27,"enemies":"The Guardian","floor":16,"turns":12},{"damage":14,"enemies":"Shell Parasite","floor":18,"turns":4},{"damage":11,"enemies":"3 Byrds","floor":19,"turns":6},{"damage":11,"enemies":"Sentry and Sphere","floor":22,"turns":4},{"damage":23,"enemies":"Gremlin Leader","floor":24,"turns":5},{"damage":0,"enemies":"Shelled Parasite and Fungi","floor":25,"turns":3},{"damage":4,"enemies":"Slavers","floor":28,"turns":3},{"damage":6,"enemies":"Centurion and Healer","floor":29,"turns":5},{"damage":10,"enemies":"Snake Plant","floor":30,"turns":3},{"damage":11,"enemies":"Book of Stabbing","floor":31,"turns":3},{"damage":16,"enemies":"Champ","floor":33,"turns":6},{"damage":13,"enemies":"3 Darklings","floor":35,"turns":4},{"damage":22,"enemies":"3 Shapes","floor":36,"turns":3},{"damage":2,"enemies":"Giant Head","floor":40,"turns":5},{"damage":15,"enemies":"Jaw Worm Horde","floor":41,"turns":4},{"damage":10,"enemies":"Nemesis","floor":44,"turns":3},{"damage":0,"enemies":"Transient","floor":45,"turns":5},{"damage":10,"enemies":"Sphere and 2 Shapes","floor":48,"turns":4},{"damage":86,"enemies":"Time Eater","floor":50,"turns":7}],"seed_played":"-2090867266668038617","potions_obtained":[{"floor":2,"key":"SmokeBomb"},{"floor":5,"key":"SkillPotion"},{"floor":8,"key":"Strength Potion"},{"floor":10,"key":"Fire Potion"},{"floor":28,"key":"Fire Potion"},{"floor":41,"key":"DuplicationPotion"},{"floor":45,"key":"Strength Potion"}],"is_trial":false,"path_per_floor":["M","M","M","T","M","R","M","M","T","E","R","E","?","E","R","B",null,"M","M","$","?","M","R","E","M","T","R","E","M","M","E","R","B",null,"M","M","$","?","$","E","M","R","T","E","M","?","?","M","R","B"],"character_chosen":"IRONCLAD","items_purchased":["Whetstone","PowerPotion","Fire Breathing","SkillPotion","Bronze Scales","Fire Breathing"],"campfire_rested":0,"item_purchase_floors":[20,20,37,37,39,39],"current_hp_per_floor":[55,54,48,48,47,47,49,52,52,48,48,42,42,41,41,26,58,56,57,57,57,58,58,47,59,59,59,67,68,67,66,66,61,66,64,54,54,54,54,64,61,61,61,63,68,59,59,61,61,0,0],"gold":51,"neow_bonus":"IRONCLAD_BERSERKER","is_daily":false,"chose_seed":false,"campfire_upgraded":8,"win_rate":0.0,"timestamp":1610229088,"path_taken":["M","M","M","?","M","R","M","M","T","E","R","E","?","E","R","BOSS","M","M","$","?","M","R","E","M","T","R","E","M","M","E","R","BOSS","M","M","$","?","$","E","?","R","T","E","M","?","?","M","R","BOSS"],"items_purchased_type":["Relic","Potion","Card","Potion","Relic","Card"],"build_version":"2020-12-22","purchased_purges":2,"victory":false,"max_hp_per_floor":[68,68,68,68,68,68,68,68,68,68,68,68,68,68,68,68,68,68,68,68,68,68,68,68,68,68,68,68,68,68,68,68,68,68,68,68,68,68,68,68,68,68,68,68,68,68,68,68,68,68,68],"card_choices":[{"not_picked":["Evolve","True Grit"],"picked":"Thunderclap","floor":1},{"not_picked":["Havoc","Spot Weakness"],"picked":"Rampage","floor":2},{"not_picked":["Flex","Twin Strike","Havoc"],"picked":"SKIP","floor":3},{"not_picked":["Reckless Charge","Heavy Blade","Thunderclap"],"picked":"SKIP","floor":5},{"not_picked":["Armaments","Reaper"],"picked":"Metallicize","floor":7},{"not_picked":["Bloodletting","Shrug It Off","Heavy Blade"],"picked":"SKIP","floor":8},{"not_picked":["Perfected Strike","Uppercut","True Grit"],"picked":"SKIP","floor":10},{"not_picked":["Thunderclap","Clothesline"],"picked":"Berserk","floor":12},{"not_picked":["Pummel","Immolate","Perfected Strike"],"picked":"SKIP","floor":14},{"not_picked":["Immolate","Corruption"],"picked":"Juggernaut","floor":16},{"not_picked":["Havoc","Shrug It Off"],"picked":"Clothesline+1","floor":18},{"not_picked":["Clothesline","Bloodletting+1","True Grit"],"picked":"SKIP","floor":19},{"not_picked":["True Grit","Intimidate"],"picked":"Dropkick","floor":22},{"not_picked":["Perfected Strike","Pommel Strike","Twin Strike"],"picked":"SKIP","floor":24},{"not_picked":["Searing Blow","Shrug It Off","Anger"],"picked":"SKIP","floor":25},{"not_picked":["Brutality","Flame Barrier","Iron Wave"],"picked":"SKIP","floor":28},{"not_picked":["Havoc","Evolve"],"picked":"Spot Weakness","floor":29},{"not_picked":["Infernal Blade","Evolve","Shrug It Off"],"picked":"SKIP","floor":30},{"not_picked":["Dual Wield","Perfected Strike+1","Thunderclap"],"picked":"SKIP","floor":31},{"not_picked":["Barricade","Exhume"],"picked":"Demon Form","floor":33},{"not_picked":["Wild Strike","Armaments"],"picked":"Evolve+1","floor":35},{"not_picked":["Pommel Strike","Anger"],"picked":"Blood for Blood","floor":36},{"not_picked":["Flex+1","Thunderclap","Twin Strike"],"picked":"SKIP","floor":40},{"not_picked":["Sever Soul+1","Shrug It Off"],"picked":"Inflame","floor":41},{"not_picked":["Iron Wave","Perfected Strike+1"],"picked":"Evolve","floor":44},{"not_picked":["Havoc+1","Pommel Strike","Ghostly Armor"],"picked":"SKIP","floor":45},{"not_picked":["Thunderclap","Havoc","Clash+1"],"picked":"SKIP","floor":48}],"player_experience":1072136,"relics_obtained":[{"floor":4,"key":"CaptainsWheel"},{"floor":9,"key":"Anchor"},{"floor":10,"key":"Magic Flower"},{"floor":12,"key":"Smiling Mask"},{"floor":14,"key":"Blood Vial"},{"floor":24,"key":"Pen Nib"},{"floor":26,"key":"Art of War"},{"floor":28,"key":"Happy Flower"},{"floor":31,"key":"PreservedInsect"},{"floor":40,"key":"Self Forming Clay"},{"floor":43,"key":"Shuriken"},{"floor":44,"key":"MawBank"}],"event_choices":[{"damage_healed":0,"gold_gain":0,"player_choice":"Box","damage_taken":0,"relics_obtained":["Sundial"],"max_hp_gain":0,"max_hp_loss":0,"event_name":"Big Fish","floor":13,"gold_loss":0,"cards_obtained":["Regret"]},{"cards_removed":["Regret"],"damage_healed":0,"gold_gain":0,"player_choice":"Elegance","damage_taken":0,"max_hp_gain":0,"max_hp_loss":0,"event_name":"betterThird:BetterWriting","floor":21,"gold_loss":0},{"damage_healed":0,"gold_gain":0,"player_choice":"Upgraded","damage_taken":0,"max_hp_gain":0,"max_hp_loss":0,"event_name":"Upgrade Shrine","floor":38,"gold_loss":0,"cards_upgraded":["Demon Form"]},{"damage_healed":0,"gold_gain":0,"player_choice":"Embrace Madness","damage_taken":9,"max_hp_gain":0,"max_hp_loss":0,"event_name":"Winding Halls","floor":46,"gold_loss":0,"cards_obtained":["Madness","Madness"]},{"damage_healed":0,"gold_gain":0,"player_choice":"Paid","damage_taken":0,"relics_obtained":["Red Mask"],"max_hp_gain":0,"max_hp_loss":0,"event_name":"Tomb of Lord Red Mask","floor":47,"gold_loss":149}],"is_beta":false,"boss_relics":[{"not_picked":["Philosopher\u0027s Stone","SacredBark"],"picked":"Snecko Eye"},{"not_picked":["Empty Cage","Tiny House"],"picked":"Mark of Pain"}],"items_purged_floors":[20,37],"is_endless":false,"potions_floor_spawned":[2,5,8,10,22,24,25,28,30,33,35,41,44,45],"killed_by":"Time Eater","ascension_level":14}}