{"host":"dxmdoimsvept8qwy","time":1610162080,"event":{"mods":["AlwaysNeverKeys","BaseMod","Colored Map","Colored Powertips","Custom Start","Minty Spire (QoL Compilation)","StSLib","The Hierophant"],"gold_per_floor":[118,118,137,150,75,75,93,111,135,135,177,177,177,217,217,217,217],"floor_reached":16,"playtime":565,"items_purged":["Strike_R"],"score":121,"play_id":"cb834f8a-6553-406b-ae20-156e155775de","local_time":"20210108221440","is_ascension_mode":true,"campfire_choices":[{"floor":10,"key":"REST"},{"floor":12,"key":"REST"},{"floor":15,"key":"REST"}],"circlet_count":0,"master_deck":["Strike_R","Strike_R","Strike_R+1","Defend_R","Defend_R","Defend_R","Defend_R","Bash+1","Iron Wave","Rupture","Heavy Blade","Dual Wield","Impervious","Heavy Blade","Combust","Flex"],"relics":["Burning Blood","NeowsBlessing","Whetstone","CeramicFish","Art of War"],"acts_visited":["Exordium"],"potions_floor_usage":[8,8],"damage_taken":[{"damage":0,"enemies":"Jaw Worm","floor":1,"turns":1},{"damage":0,"enemies":"Cultist","floor":3,"turns":1},{"damage":0,"enemies":"Small Slimes","floor":4,"turns":1},{"damage":50,"enemies":"Gremlin Gang","floor":7,"turns":9},{"damage":12,"enemies":"Looter","floor":8,"turns":3},{"damage":36,"enemies":"Lagavulin","floor":11,"turns":8},{"damage":34,"enemies":"3 Sentries","floor":14,"turns":6},{"damage":37,"enemies":"The Guardian","floor":16,"turns":5}],"seed_played":"9064108618678057590","potions_obtained":[{"floor":3,"key":"Strength Potion"},{"floor":7,"key":"SteroidPotion"}],"is_trial":false,"path_per_floor":["M","?","M","M","$","?","M","M","T","R","E","R","?","E","R","B"],"character_chosen":"IRONCLAD","items_purchased":[],"campfire_rested":3,"item_purchase_floors":[],"current_hp_per_floor":[80,80,80,80,80,80,36,30,30,54,24,48,41,13,37,0,0],"gold":217,"neow_bonus":"THREE_ENEMY_KILL","is_daily":false,"chose_seed":false,"campfire_upgraded":0,"win_rate":0.0,"timestamp":1610162080,"path_taken":["M","?","?","?","$","?","?","M","T","R","E","R","?","E","R","BOSS"],"items_purchased_type":[],"build_version":"2020-12-22","purchased_purges":1,"victory":false,"max_hp_per_floor":[80,80,80,80,80,80,80,80,80,80,80,80,80,80,80,80,80],"card_choices":[{"not_picked":["Pummel","Cleave"],"picked":"Iron Wave","floor":1},{"not_picked":["Thunderclap","Clash"],"picked":"Rupture","floor":3},{"not_picked":["Body Slam","Sword Boomerang"],"picked":"Heavy Blade","floor":4},{"not_picked":["Dual Wield","Cleave"],"picked":"Heavy Blade","floor":7},{"not_picked":["Warcry","Sword Boomerang","Evolve"],"picked":"SKIP","floor":8},{"not_picked":["Body Slam","Anger"],"picked":"Combust","floor":11},{"not_picked":["Clash","Perfected Strike"],"picked":"Flex","floor":14}],"player_experience":1003096,"relics_obtained":[{"floor":9,"key":"Whetstone"},{"floor":11,"key":"CeramicFish"},{"floor":14,"key":"Art of War"}],"event_choices":[{"damage_healed":0,"gold_gain":0,"player_choice":"Full Heal","damage_taken":0,"max_hp_gain":0,"max_hp_loss":0,"event_name":"Wheel of Change","floor":2,"gold_loss":0},{"damage_healed":0,"gold_gain":0,"player_choice":"2 cards matched","damage_taken":0,"max_hp_gain":0,"max_hp_loss":0,"event_name":"Match and Keep!","floor":6,"gold_loss":0,"cards_obtained":["Dual Wield","Impervious"]},{"cards_removed":["Strike_R"],"damage_healed":0,"gold_gain":0,"player_choice":"Card Removal","damage_taken":7,"max_hp_gain":0,"max_hp_loss":0,"event_name":"Golden Wing","floor":13,"gold_loss":0}],"is_beta":false,"boss_relics":[],"items_purged_floors":[5],"is_endless":false,"potions_floor_spawned":[3,7],"killed_by":"The Guardian","ascension_level":2}}