{"host":"g01l53quoe6lrer0","time":1610229627,"event":{"mods":["2.2 Compatiblity","AchievementEnabler","BaseMod","Colored Map","Highlight Path","Keyboard Shortcuts","Minty Spire (QoL Compilation)","Permanent Neow","StSLib","SuperFastMode","everything is the same but u backflip on backflip"],"gold_per_floor":[362,37,49,65,76,76,104,104,104,4,32,32,32,45,45,45,45],"floor_reached":16,"playtime":372,"items_purged":["Strike_R","Strike_R"],"score":220,"play_id":"b71f3195-fd2f-4a17-bf63-0c23685615e8","local_time":"20210110070027","is_ascension_mode":true,"campfire_choices":[{"data":"Offering","floor":6.0,"key":"SMITH"},{"data":"Purity","floor":12.0,"key":"SMITH"},{"floor":15,"key":"REST"}],"circlet_count":0,"master_deck":["AscendersBane","Strike_R","Strike_R","Strike_R","Defend_R","Defend_R","Defend_R","Defend_R","Bash","Sword Boomerang","Purity+1","Offering+1","Pommel Strike","Dropkick","Second Wind"],"relics":["Burning Blood","Darkstone Periapt","Mango","FossilizedHelix"],"acts_visited":["Exordium"],"potions_floor_usage":[],"damage_taken":[{"damage":8.0,"enemies":"2 Louse","floor":1.0,"turns":3.0},{"damage":6.0,"enemies":"Cultist","floor":3.0,"turns":2.0},{"damage":4.0,"enemies":"Small Slimes","floor":4.0,"turns":4.0},{"damage":6.0,"enemies":"Exordium Wildlife","floor":5.0,"turns":3.0},{"damage":42.0,"enemies":"Gremlin Nob","floor":7.0,"turns":4.0},{"damage":66.0,"enemies":"3 Sentries","floor":11.0,"turns":11.0},{"damage":11,"enemies":"Looter","floor":14,"turns":3},{"damage":60,"enemies":"Hexaghost","floor":16,"turns":9}],"seed_played":"-3082400603897096649","potions_obtained":[{"floor":3.0,"key":"BlessingOfTheForge"},{"floor":5.0,"key":"Fruit Juice"},{"floor":7.0,"key":"Ancient Potion"}],"is_trial":false,"path_per_floor":["M","$","M","M","M","R","E","?","T","$","E","R","$","M","R","B"],"character_chosen":"IRONCLAD","items_purchased":["Purity","Offering"],"campfire_rested":1,"item_purchase_floors":[2,2],"current_hp_per_floor":[48,48,48,50,50,50,19,80,94,94,34,34,34,29,57,0,0],"gold":45,"neow_bonus":"TWO_FIFTY_GOLD","is_daily":false,"chose_seed":false,"campfire_upgraded":2,"win_rate":0.0,"timestamp":1610229627,"path_taken":["M","$","M","M","M","R","E","?","T","$","E","R","?","M","R","BOSS"],"items_purchased_type":["Card","Card"],"build_version":"2020-12-22","purchased_purges":2,"victory":false,"max_hp_per_floor":[75,75,75,75,75,75,80,80,94,94,94,94,94,94,94,94,94],"card_choices":[{"not_picked":["Warcry","Body Slam"],"picked":"Sword Boomerang","floor":1.0},{"not_picked":["Wild Strike","Shrug It Off"],"picked":"Pommel Strike","floor":3.0},{"not_picked":["Havoc","Barricade"],"picked":"Shockwave","floor":4.0},{"not_picked":["Clash","Anger","Heavy Blade"],"picked":"SKIP","floor":5.0},{"not_picked":["Whirlwind","Iron Wave"],"picked":"Dropkick","floor":7.0},{"not_picked":["Hemokinesis","Armaments"],"picked":"Second Wind","floor":11.0},{"not_picked":["Battle Trance","Sword Boomerang","Shrug It Off"],"picked":"SKIP","floor":14}],"player_experience":123320,"relics_obtained":[{"floor":7.0,"key":"Darkstone Periapt"},{"floor":9.0,"key":"Mango"},{"floor":11.0,"key":"FossilizedHelix"}],"event_choices":[{"cards_removed":["Shockwave"],"damage_healed":61.0,"max_hp_gain":0.0,"max_hp_loss":0.0,"gold_gain":0.0,"event_name":"Bonfire Elementals","player_choice":"Offered Uncommon","floor":8.0,"gold_loss":0.0,"damage_taken":0.0}],"is_beta":false,"boss_relics":[],"items_purged_floors":[2,10],"is_endless":false,"potions_floor_spawned":[3,5,7],"killed_by":"Hexaghost","ascension_level":20}}