{"host":"04aht2z7d1qbuefv","time":1610170141,"event":{"mods":["AchievementEnabler","BaseMod","Downfall","Minty Spire (QoL Compilation)","StSLib","The Cursed","The Necromancer"],"gold_per_floor":[0,16,166,184,19,35,117,117,134,152,165,181,181,181,181],"floor_reached":13,"playtime":607,"items_purged":["Slimebound:Icky"],"score":79,"play_id":"1ea4226e-502e-40a2-8138-dfb39c4c0250","local_time":"20210109022901","is_ascension_mode":false,"campfire_choices":[{"floor":1,"key":"RECALL"}],"circlet_count":0,"master_deck":["hexamod:Strike","hexamod:Strike","hexamod:Strike","hexamod:Defend","hexamod:Defend","hexamod:Defend","hexamod:Defend","hexamod:Sear","hexamod:Float","hexamod:GhostOfSpirePast","hexamod:ChargedBarrage","hexamod:EmpoweredFlame","hexamod:ExtraCrispy","hexamod:DynamicBlow","hexamod:Rewind"],"relics":["hexamod:SpiritBrand","Pocketwatch","Kunai"],"acts_visited":["Exordium"],"potions_floor_usage":[13],"damage_taken":[{"damage":1,"enemies":"2 Louse","floor":2,"turns":2},{"damage":0,"enemies":"Jaw Worm","floor":4,"turns":4},{"damage":5,"enemies":"downfall:FleeingMerchant","floor":5,"turns":4},{"damage":0,"enemies":"Cultist","floor":6,"turns":3},{"damage":25,"enemies":"Gremlin Gang","floor":9,"turns":6},{"damage":0,"enemies":"Large Slime","floor":10,"turns":3},{"damage":6,"enemies":"2 Fungi Beasts","floor":11,"turns":4},{"damage":11,"enemies":"3 Louse","floor":12,"turns":5},{"damage":46,"enemies":"Gremlin Nob","floor":13,"turns":4}],"seed_played":"-5737524055379647140","potions_obtained":[{"floor":2,"key":"SpeedPotion"},{"floor":6,"key":"SteroidPotion"},{"floor":12,"key":"Ancient Potion"}],"is_trial":false,"path_per_floor":["R","M","?","M","$","M","T","?","M","M","M","M","E"],"character_chosen":"THE_SPIRIT","items_purchased":["hexamod:EmpoweredFlame"],"campfire_rested":0,"item_purchase_floors":[5],"current_hp_per_floor":[70,69,69,69,64,64,64,64,39,39,33,22,0,0,0],"gold":181,"neow_bonus":"ONE_RARE_RELIC","is_daily":false,"chose_seed":false,"campfire_upgraded":0,"win_rate":0.0,"timestamp":1610170141,"path_taken":["R","M","?","M","$","M","T","?","?","M","M","?","E"],"items_purchased_type":["Card"],"build_version":"2020-12-22","purchased_purges":1,"victory":false,"max_hp_per_floor":[70,70,70,70,70,70,70,70,70,70,70,70,70,70,70],"card_choices":[{"not_picked":["hexamod:HeatShield","hexamod:ThirdSeal"],"picked":"hexamod:GhostOfSpirePast","floor":2},{"not_picked":["hexamod:HeatCrush","hexamod:RadiantFlame"],"picked":"hexamod:ChargedBarrage","floor":4},{"not_picked":["hexamod:SwordOfDarkness","hexamod:ThermalTransfer","hexamod:GhostShield"],"picked":"SKIP","floor":5},{"not_picked":["hexamod:InspiringFlames","hexamod:AdvancingGuard"],"picked":"hexamod:ExtraCrispy","floor":6},{"not_picked":["hexamod:SwordOfDarkness","hexamod:GhostLash","hexamod:RainOfEmbers"],"picked":"SKIP","floor":9},{"not_picked":["hexamod:GhostShield","hexamod:SwordOfDarkness","hexamod:HeatCrush"],"picked":"SKIP","floor":10},{"not_picked":["hexamod:RadiantFlame","hexamod:HauntingEcho","hexamod:NightmareGuise"],"picked":"SKIP","floor":11},{"not_picked":["hexamod:SpectralAdrenaline","hexamod:ShieldOfDarkness"],"picked":"hexamod:Rewind","floor":12}],"player_experience":162804,"relics_obtained":[{"floor":7,"key":"Kunai"}],"event_choices":[{"damage_healed":0,"gold_gain":0,"cards_transformed":["hexamod:Strike"],"player_choice":"Transformed","damage_taken":0,"max_hp_gain":0,"max_hp_loss":0,"event_name":"Transmorgrifier","floor":8,"gold_loss":0,"cards_obtained":["hexamod:DynamicBlow"]}],"is_beta":false,"boss_relics":[],"items_purged_floors":[5],"is_endless":false,"potions_floor_spawned":[2,6,12],"killed_by":"Gremlin Nob","ascension_level":0}}