{"host":"a5lz0e76zb3fcwkm","time":1610193675,"event":{"mods":["AchievementEnabler","BaseMod","Colored Map","Colored Powertips","Minty Spire (QoL Compilation)","StSLib","SuperFastMode"],"gold_per_floor":[113,133,133,144,161,186,186,111,111,122,122,156,174,43,43,43,43],"floor_reached":16,"playtime":294,"items_purged":["Strike_R"],"score":224,"play_id":"edf28812-305d-418e-99c8-ffbf6e1a8b96","local_time":"20210109210115","is_ascension_mode":true,"campfire_choices":[{"data":"Wild Strike","floor":7.0,"key":"SMITH"},{"data":"Fiend Fire","floor":11.0,"key":"SMITH"},{"data":"Shockwave","floor":15,"key":"SMITH"}],"circlet_count":0,"master_deck":["AscendersBane","Strike_R","Strike_R","Strike_R","Strike_R","Defend_R","Defend_R","Defend_R","Defend_R","Bash","Power Through+1","Wild Strike+1","Fiend Fire+1","Shockwave+1","Second Wind"],"relics":["Burning Blood","Incense Burner","Pantograph","The Courier","Bottled Lightning","PrismaticShard"],"acts_visited":["Exordium"],"potions_floor_usage":[16],"damage_taken":[{"damage":12.0,"enemies":"Jaw Worm","floor":1.0,"turns":4.0},{"damage":1.0,"enemies":"Cultist","floor":2.0,"turns":3.0},{"damage":3.0,"enemies":"2 Louse","floor":4.0,"turns":3.0},{"damage":13.0,"enemies":"Blue Slaver","floor":5.0,"turns":2.0},{"damage":40.0,"enemies":"Gremlin Nob","floor":6.0,"turns":5.0},{"damage":9.0,"enemies":"Exordium Thugs","floor":10.0,"turns":5.0},{"damage":13.0,"enemies":"Lagavulin","floor":12.0,"turns":7.0},{"damage":0.0,"enemies":"Looter","floor":13.0,"turns":2.0},{"damage":51,"enemies":"The Guardian","floor":16,"turns":13}],"seed_played":"5757393600409219837","potions_obtained":[{"floor":4.0,"key":"SpeedPotion"},{"floor":10.0,"key":"SpeedPotion"}],"is_trial":false,"path_per_floor":["M","M","?","M","M","E","R","$","T","M","R","E","M","$","R","B"],"character_chosen":"IRONCLAD","items_purchased":["PrismaticShard"],"campfire_rested":0,"item_purchase_floors":[14],"current_hp_per_floor":[62,67,67,68,61,27,27,27,27,24,24,17,23,23,23,0,0],"gold":43,"neow_bonus":"ONE_RARE_RELIC","is_daily":false,"chose_seed":false,"campfire_upgraded":3,"win_rate":0.0,"timestamp":1610193675,"path_taken":["M","M","?","M","M","E","R","$","T","M","R","E","?","?","R","BOSS"],"items_purchased_type":["Relic"],"build_version":"2020-12-22","purchased_purges":1,"victory":false,"max_hp_per_floor":[68,68,68,68,68,68,68,68,68,68,68,68,68,68,68,68,68],"card_choices":[{"not_picked":["Heavy Blade","Rampage","Cleave"],"picked":"SKIP","floor":1.0},{"not_picked":["Infernal Blade","Perfected Strike"],"picked":"Power Through","floor":2.0},{"not_picked":["Clothesline","True Grit"],"picked":"Wild Strike","floor":4.0},{"not_picked":["Perfected Strike","Havoc","Twin Strike"],"picked":"SKIP","floor":5.0},{"not_picked":["Ghostly Armor","Whirlwind","Havoc"],"picked":"SKIP","floor":6.0},{"not_picked":["Wild Strike","Sentinel"],"picked":"Fiend Fire","floor":10.0},{"not_picked":["Anger","Reaper"],"picked":"Shockwave","floor":12.0},{"not_picked":["Shockwave","Inflame"],"picked":"Second Wind","floor":13.0}],"player_experience":1700272,"relics_obtained":[{"floor":6.0,"key":"Pantograph"},{"floor":9.0,"key":"The Courier"},{"floor":12.0,"key":"Bottled Lightning"}],"event_choices":[{"damage_healed":0.0,"max_hp_gain":0.0,"max_hp_loss":0.0,"gold_gain":0.0,"event_name":"Upgrade Shrine","player_choice":"Upgraded","floor":3.0,"gold_loss":0.0,"damage_taken":0.0,"cards_upgraded":["Power Through"]}],"is_beta":false,"boss_relics":[],"items_purged_floors":[8],"is_endless":false,"potions_floor_spawned":[4,10],"killed_by":"The Guardian","ascension_level":20}}