{"host":"9d9dhukr2jywmy0f","time":1610211720,"event":{"mods":["2.2 Compatiblity","Alarm Clock","BaseMod","Bestiary","Block Reminder","Colored Map","Colored Powertips","Curses Come First","Data Control","DeckTracker","Energized Spire","Highlight Path","Key Reminder","Minty Spire (QoL Compilation)","Quick Restart","Rare Cards Sparkle","Relic Sorter","Relic Stats","Spire Birthday Party","StSLib","SuperFastMode","Synergy Search","Unceasing Turn Reminder","Unknown Chances"],"gold_per_floor":[116,116,116,116,116,145,160,177,177,177,205,205,205,217,217,291,291,308,319,244,270,170,170,181,196,221,221,221,235,250,250,250,328,328,343,668,890,363,408,408,435,435,435,435,435,435,448,476,476,476,476,476],"floor_reached":51,"playtime":2417,"items_purged":["Defend_B","Strike_B","Strike_B"],"score":1493,"play_id":"a9e7e22f-53ee-4ac9-b726-28a32a9cba59","local_time":"20210110010200","is_ascension_mode":true,"campfire_choices":[{"data":"Dualcast","floor":10.0,"key":"SMITH"},{"floor":13.0,"key":"REST"},{"floor":15.0,"key":"RECALL"},{"data":"Loop","floor":23.0,"key":"SMITH"},{"data":"Coolheaded","floor":27.0,"key":"SMITH"},{"floor":32.0,"key":"REST"},{"data":"Defragment","floor":40.0,"key":"SMITH"},{"data":"Heatsinks","floor":42.0,"key":"SMITH"},{"data":"Double Energy","floor":45.0,"key":"SMITH"},{"data":"Thunder Strike","floor":49.0,"key":"SMITH"}],"circlet_count":0,"master_deck":["AscendersBane","Defend_B","Defend_B+1","Defend_B","Zap+1","Dualcast+1","Sunder+1","Ball Lightning","Core Surge","Loop+1","Double Energy+1","Coolheaded+1","Thunder Strike+1","Coolheaded+1","Electrodynamics","Defragment+1","Heatsinks+1","Redo+1","Thinking Ahead","Recycle+1"],"relics":["Cracked Core","NeowsBlessing","Ginger","Oddly Smooth Stone","Cables","White Beast Statue","energizedSpire:OgreHead","Red Mask","Letter Opener","energizedSpire:NeverEndingSparkler","Old Coin","Membership Card","Matryoshka","Mummified Hand","Emotion Chip","The Courier","Shuriken","Meat on the Bone","Nunchaku"],"acts_visited":["Exordium","TheCity","TheBeyond"],"potions_floor_usage":[],"damage_taken":[{"damage":0.0,"enemies":"Cultist","floor":1.0,"turns":1.0},{"damage":0.0,"enemies":"3 Sentries","floor":6.0,"turns":1.0},{"damage":0.0,"enemies":"Jaw Worm","floor":7.0,"turns":1.0},{"damage":0.0,"enemies":"2 Louse","floor":8.0,"turns":1.0},{"damage":25.0,"enemies":"Lagavulin","floor":11.0,"turns":5.0},{"damage":5.0,"enemies":"Looter","floor":14.0,"turns":3.0},{"damage":0.0,"enemies":"Slime Boss","floor":16.0,"turns":6.0},{"damage":0.0,"enemies":"3 Byrds","floor":18.0,"turns":4.0},{"damage":12.0,"enemies":"Chosen","floor":19.0,"turns":4.0},{"damage":26.0,"enemies":"Masked Bandits","floor":21.0,"turns":3.0},{"damage":0.0,"enemies":"Shelled Parasite and Fungi","floor":24.0,"turns":2.0},{"damage":2.0,"enemies":"Cultist and Chosen","floor":25.0,"turns":4.0},{"damage":0.0,"enemies":"Snecko","floor":29.0,"turns":3.0},{"damage":8.0,"enemies":"Centurion and Healer","floor":30.0,"turns":3.0},{"damage":30.0,"enemies":"Automaton","floor":33.0,"turns":10.0},{"damage":0.0,"enemies":"3 Shapes","floor":35.0,"turns":2.0},{"damage":0.0,"enemies":"Mind Bloom Boss Battle","floor":36.0,"turns":4.0},{"damage":11.0,"enemies":"2 Orb Walkers","floor":39.0,"turns":3.0},{"damage":17.0,"enemies":"Reptomancer","floor":41.0,"turns":5.0},{"damage":0.0,"enemies":"3 Darklings","floor":47.0,"turns":2.0},{"damage":5.0,"enemies":"Giant Head","floor":48.0,"turns":6.0},{"damage":27.0,"enemies":"Awakened One","floor":50.0,"turns":7.0},{"damage":12,"enemies":"Time Eater","floor":51,"turns":9}],"seed_played":"-1875521873574547005","potions_obtained":[{"floor":8.0,"key":"Fire Potion"},{"floor":14.0,"key":"Fire Potion"},{"floor":16.0,"key":"Weak Potion"},{"floor":18.0,"key":"LiquidMemories"},{"floor":19.0,"key":"DuplicationPotion"},{"floor":21.0,"key":"ColorlessPotion"},{"floor":24.0,"key":"SneckoOil"},{"floor":25.0,"key":"Swift Potion"},{"floor":29.0,"key":"SteroidPotion"},{"floor":30.0,"key":"FocusPotion"},{"floor":33.0,"key":"Energy Potion"},{"floor":35.0,"key":"FocusPotion"},{"floor":39.0,"key":"DuplicationPotion"},{"floor":41.0,"key":"Swift Potion"},{"floor":47.0,"key":"Swift Potion"}],"is_trial":false,"path_per_floor":["M","?","?","?","T","E","M","M","T","R","E","?","R","M","R","B",null,"M","M","$","?","$","R","M","M","T","R","T","M","M","?","R","B",null,"M","?","?","$","?","R","E","R","T","?","R","?","M","E","R","B","B"],"character_chosen":"DEFECT","items_purchased":["Membership Card","Matryoshka","Mummified Hand","Storm"],"campfire_rested":2,"item_purchase_floors":[38,38,38,38],"current_hp_per_floor":[64,57,57,36,36,36,36,36,36,36,11,11,32,27,27,27,60,60,48,48,22,22,22,22,20,20,20,20,20,12,12,33,3,54,54,54,54,54,43,43,26,26,26,26,26,26,38,45,45,30,18,18],"gold":476,"neow_bonus":"THREE_ENEMY_KILL","is_daily":false,"chose_seed":false,"campfire_upgraded":7,"win_rate":0.0,"timestamp":1610211720,"path_taken":["M","?","?","?","?","E","M","M","T","R","E","?","R","?","R","BOSS","M","M","$","?","$","R","M","M","T","R","?","M","M","?","R","BOSS","M","?","?","$","?","R","E","R","T","?","R","?","M","E","R","BOSS","BOSS"],"items_purchased_type":["Relic","Relic","Relic","Card"],"build_version":"2020-11-30","purchased_purges":3,"victory":false,"max_hp_per_floor":[71,71,71,71,71,71,71,71,71,71,71,71,71,71,71,71,71,71,71,71,71,71,71,71,71,71,71,71,71,71,71,71,71,71,71,71,71,71,71,71,71,71,71,71,71,71,71,71,71,71,71,71],"relic_stats":{"Emotion Chip":[18,12,6,0,0],"Nunchaku":[1],"counters":[23,89],"Mummified Hand":[24],"Shuriken":[1],"Ginger":[14],"Letter Opener":[266],"obtain_stats":[{"NeowsBlessing":0,"Oddly Smooth Stone":6,"The Courier":41,"energizedSpire:OgreHead":17,"Ginger":5,"Letter Opener":28,"White Beast Statue":11,"Cables":9,"Old Coin":36,"keyreminder:keyreminder":15,"Emotion Chip":39,"Nunchaku":48,"Matryoshka":38,"energizedSpire:NeverEndingSparkler":34,"Mummified Hand":38,"Shuriken":43,"Red Mask":21,"Membership Card":38,"Cracked Core":0,"Meat on the Bone":43},{"NeowsBlessing":0,"Oddly Smooth Stone":2,"The Courier":19,"energizedSpire:OgreHead":7,"Ginger":1,"Letter Opener":12,"White Beast Statue":5,"Cables":4,"Old Coin":17,"keyreminder:keyreminder":6,"Emotion Chip":18,"Nunchaku":21,"Matryoshka":17,"energizedSpire:NeverEndingSparkler":15,"Mummified Hand":17,"Shuriken":19,"Red Mask":10,"Membership Card":17,"Cracked Core":0,"Meat on the Bone":19},{"NeowsBlessing":0,"Oddly Smooth Stone":2,"The Courier":65,"energizedSpire:OgreHead":18,"Ginger":1,"Letter Opener":35,"White Beast Statue":9,"Cables":4,"Old Coin":57,"keyreminder:keyreminder":12,"Emotion Chip":60,"Nunchaku":73,"Matryoshka":57,"energizedSpire:NeverEndingSparkler":51,"Mummified Hand":57,"Shuriken":65,"Red Mask":29,"Membership Card":57,"Cracked Core":0,"Meat on the Bone":65}],"Cables":[74,54,20,0,0],"Meat on the Bone":36},"card_choices":[{"not_picked":["Cold Snap","Sweeping Beam","Fusion"],"picked":"SKIP","floor":1.0},{"not_picked":["Leap","Stack"],"picked":"Sunder","floor":6.0},{"not_picked":["Barrage","Compile Driver","Skim"],"picked":"SKIP","floor":7.0},{"not_picked":["Static Discharge","Hologram","Fission"],"picked":"SKIP","floor":8.0},{"not_picked":["Reinforced Body","Coolheaded"],"picked":"Ball Lightning","floor":11.0},{"not_picked":["Streamline","Steam","Blizzard"],"picked":"SKIP","floor":14.0},{"not_picked":["Reboot","Thunder Strike"],"picked":"Core Surge","floor":16.0},{"not_picked":["Cold Snap","Leap"],"picked":"Loop","floor":18.0},{"not_picked":["Cold Snap","FTL","Redo"],"picked":"SKIP","floor":19.0},{"not_picked":["Conserve Battery","Cold Snap"],"picked":"Double Energy","floor":21.0},{"not_picked":["Hologram+1","Melter+1"],"picked":"Coolheaded","floor":24.0},{"not_picked":["Barrage","Rebound+1","Lockon"],"picked":"SKIP","floor":25.0},{"not_picked":["Gash","Redo"],"picked":"Thunder Strike","floor":29.0},{"not_picked":["Steam","Gash"],"picked":"Coolheaded+1","floor":30.0},{"not_picked":["Multi-Cast","Hyperbeam"],"picked":"Electrodynamics","floor":33.0},{"not_picked":["Steam","Genetic Algorithm"],"picked":"Defragment","floor":35.0},{"not_picked":["Scrape+1","Gash"],"picked":"Redo+1","floor":39.0},{"not_picked":["Meteor Strike","Streamline"],"picked":"Ball Lightning+1","floor":41.0},{"not_picked":["Madness","Impatience"],"picked":"Thinking Ahead","floor":46.0},{"not_picked":["Fusion+1","Go for the Eyes+1","Barrage"],"picked":"SKIP","floor":47.0},{"not_picked":["Leap","Streamline"],"picked":"Recycle+1","floor":48.0}],"player_experience":795761,"relics_obtained":[{"floor":5.0,"key":"Ginger"},{"floor":6.0,"key":"Oddly Smooth Stone"},{"floor":9.0,"key":"Cables"},{"floor":11.0,"key":"White Beast Statue"},{"floor":21.0,"key":"Red Mask"},{"floor":28.0,"key":"Letter Opener"},{"floor":36.0,"key":"Old Coin"},{"floor":39.0,"key":"Emotion Chip"},{"floor":41.0,"key":"The Courier"},{"floor":43.0,"key":"Shuriken"},{"floor":43.0,"key":"Meat on the Bone"},{"floor":48.0,"key":"Nunchaku"}],"event_choices":[{"cards_removed":["Strike_B"],"damage_healed":0.0,"max_hp_gain":0.0,"max_hp_loss":0.0,"gold_gain":0.0,"event_name":"Golden Wing","player_choice":"Card Removal","floor":2.0,"gold_loss":0.0,"damage_taken":7.0},{"cards_removed":["Strike_B"],"damage_healed":0.0,"max_hp_gain":0.0,"max_hp_loss":0.0,"gold_gain":0.0,"event_name":"Living Wall","player_choice":"Forget","floor":3.0,"gold_loss":0.0,"damage_taken":0.0},{"damage_healed":0.0,"max_hp_gain":0.0,"max_hp_loss":0.0,"gold_gain":0.0,"event_name":"Shining Light","player_choice":"Entered Light","floor":4.0,"gold_loss":0.0,"damage_taken":21.0,"cards_upgraded":["Zap","Defend_B"]},{"damage_healed":0.0,"max_hp_gain":0.0,"max_hp_loss":0.0,"gold_gain":0.0,"event_name":"Accursed Blacksmith","player_choice":"Forge","floor":12.0,"gold_loss":0.0,"damage_taken":0.0,"cards_upgraded":["Sunder"]},{"damage_healed":0.0,"max_hp_gain":0.0,"max_hp_loss":0.0,"gold_gain":0.0,"event_name":"Masked Bandits","player_choice":"Fought Bandits","floor":21.0,"gold_loss":0.0,"damage_taken":0.0},{"damage_healed":0.0,"max_hp_gain":0.0,"max_hp_loss":0.0,"gold_gain":0.0,"event_name":"Cursed Tome","player_choice":"Ignored","floor":31.0,"gold_loss":0.0,"damage_taken":0.0},{"damage_healed":0.0,"max_hp_gain":0.0,"max_hp_loss":0.0,"gold_gain":0.0,"event_name":"MindBloom","player_choice":"Fight","floor":36.0,"gold_loss":0.0,"damage_taken":0.0},{"damage_healed":0.0,"max_hp_gain":0.0,"max_hp_loss":0.0,"gold_gain":222.0,"event_name":"Tomb of Lord Red Mask","player_choice":"Wore Mask","floor":37.0,"gold_loss":0.0,"damage_taken":0.0},{"damage_healed":0.0,"max_hp_gain":0.0,"max_hp_loss":0.0,"gold_gain":0.0,"event_name":"Mysterious Sphere","player_choice":"Fight","floor":39.0,"gold_loss":0.0,"damage_taken":0.0},{"cards_removed":["Ball Lightning"],"damage_healed":0.0,"max_hp_gain":0.0,"max_hp_loss":0.0,"gold_gain":0.0,"event_name":"Falling","player_choice":"Removed Attack","floor":44.0,"gold_loss":0.0,"damage_taken":0.0},{"damage_healed":0.0,"max_hp_gain":0.0,"max_hp_loss":0.0,"gold_gain":0.0,"event_name":"SensoryStone","player_choice":"Memory 1","floor":46.0,"gold_loss":0.0,"damage_taken":0.0}],"is_beta":false,"boss_relics":[{"not_picked":["energizedSpire:UnstableMolecules","Nuclear Battery"],"picked":"energizedSpire:OgreHead"},{"not_picked":["Empty Cage","Pandora\u0027s Box"],"picked":"energizedSpire:NeverEndingSparkler"}],"items_purged_floors":[20,22,38],"is_endless":false,"potions_floor_spawned":[8,14,16,18,19,21,24,25,29,30,33,35,36,39,41,47,48],"killed_by":"Time Eater","ascension_level":20}}