{"host":"3jjxuhjpio8e4zkv","time":1610152192,"event":{"mods":["BaseMod","Colored Map","Highlight Path","Minty Spire (QoL Compilation)","Permanent Neow","Relic Stats","StSLib"],"gold_per_floor":[369,40,55,74,74,74,102,119,119,119,135,135,162,173,173,251,251,267,286,211,211,229,229,240,272,322,342,342,352,4,104,104,175,175,192,205,225,6,0,32,32,32,32,76,103,138,156,178,178,178,178,178,178,11,53,53,53],"floor_reached":56,"playtime":5350,"items_purged":["Strike_G","Decay"],"score":1993,"play_id":"6ccf48ea-8639-45a8-858a-460e3c79eeb9","local_time":"20210108192952","is_ascension_mode":true,"campfire_choices":[{"data":"All Out Attack","floor":6,"key":"SMITH"},{"data":"Skewer","floor":12,"key":"SMITH"},{"data":"Blade Dance","floor":15,"key":"SMITH"},{"data":"Finisher","floor":23,"key":"SMITH"},{"data":"Malaise","floor":28,"key":"SMITH"},{"data":"Blade Dance","floor":32,"key":"SMITH"},{"data":"Phantasmal Killer","floor":41,"key":"SMITH"},{"floor":49,"key":"RECALL"},{"data":"Neutralize","floor":53,"key":"SMITH"}],"circlet_count":0,"master_deck":["AscendersBane","Strike_G+1","Defend_G+1","Defend_G","Defend_G","Defend_G","Defend_G","Survivor","Neutralize+1","All Out Attack+1","Infinite Blades","Masterful Stab","Skewer+1","Blade Dance+1","Calculated Gamble","Finisher+1","Malaise+1","Endless Agony+1","Infinite Blades+1","Footwork+1","Blade Dance+1","Phantasmal Killer+1","After Image+1","Accuracy+1","After Image+1","PiercingWail+1","Wraith Form v2+1","PiercingWail","Acrobatics+1","Backflip+1","Blind+1","Master of Strategy+1","Good Instincts+1","PiercingWail+1","Accuracy+1","Dodge and Roll+1"],"relics":["Ring of the Snake","Vajra","ClockworkSouvenir","Odd Mushroom","Bronze Scales","Meat on the Bone","Coffee Dripper","Frozen Egg 2","Pen Nib","Mango","Pear","Astrolabe","Red Mask","Toxic Egg 2","Letter Opener","CeramicFish","Bottled Lightning","TwistedFunnel"],"acts_visited":["Exordium","TheCity","TheBeyond","TheEnding"],"potions_floor_usage":[13,16,33,44,50],"damage_taken":[{"damage":1,"enemies":"2 Louse","floor":1,"turns":3},{"damage":0,"enemies":"Jaw Worm","floor":3,"turns":4},{"damage":2,"enemies":"Small Slimes","floor":4,"turns":4},{"damage":0,"enemies":"The Mushroom Lair","floor":7,"turns":2},{"damage":6,"enemies":"Looter","floor":8,"turns":3},{"damage":1,"enemies":"Exordium Thugs","floor":11,"turns":3},{"damage":0,"enemies":"Gremlin Nob","floor":13,"turns":2},{"damage":0,"enemies":"3 Louse","floor":14,"turns":1},{"damage":9,"enemies":"Slime Boss","floor":16,"turns":8},{"damage":0,"enemies":"Spheric Guardian","floor":18,"turns":1},{"damage":0,"enemies":"Chosen","floor":19,"turns":2},{"damage":22,"enemies":"Shelled Parasite and Fungi","floor":22,"turns":5},{"damage":5,"enemies":"Snake Plant","floor":24,"turns":3},{"damage":21,"enemies":"Book of Stabbing","floor":25,"turns":6},{"damage":2,"enemies":"3 Cultists","floor":27,"turns":3},{"damage":2,"enemies":"Snecko","floor":29,"turns":3},{"damage":15,"enemies":"Colosseum Slavers","floor":31,"turns":3},{"damage":7,"enemies":"Colosseum Nobs","floor":31,"turns":3},{"damage":52,"enemies":"Automaton","floor":33,"turns":8},{"damage":0,"enemies":"Orb Walker","floor":35,"turns":3},{"damage":3,"enemies":"3 Shapes","floor":36,"turns":8},{"damage":10,"enemies":"Jaw Worm Horde","floor":37,"turns":4},{"damage":14,"enemies":"Reptomancer","floor":40,"turns":7},{"damage":7,"enemies":"Nemesis","floor":44,"turns":9},{"damage":9,"enemies":"Giant Head","floor":46,"turns":7},{"damage":0,"enemies":"Sphere and 2 Shapes","floor":47,"turns":5},{"damage":3,"enemies":"4 Shapes","floor":48,"turns":5},{"damage":11,"enemies":"Donu and Deca","floor":50,"turns":10},{"damage":52,"enemies":"Awakened One","floor":51,"turns":22},{"damage":22,"enemies":"Shield and Spear","floor":55,"turns":8},{"damage":76,"enemies":"The Heart","floor":56,"turns":9}],"seed_played":"6885074708833467138","potions_obtained":[{"floor":7,"key":"Energy Potion"},{"floor":8,"key":"Fire Potion"},{"floor":14,"key":"LiquidBronze"},{"floor":16,"key":"PowerPotion"},{"floor":19,"key":"FairyPotion"},{"floor":35,"key":"Block Potion"},{"floor":46,"key":"DistilledChaos"}],"is_trial":false,"path_per_floor":["M","$","M","M","?","R","?","M","T","?","M","R","E","M","R","B",null,"M","M","$","?","M","R","M","E","T","M","R","M","$","?","R","B",null,"M","M","M","$","?","E","R","?","T","E","?","E","M","M","R","B","B",null,"R","$","E","B"],"character_chosen":"THE_SILENT","items_purchased":["Vajra","ClockworkSouvenir","Footwork+1","Pen Nib","Wraith Form v2+1","PiercingWail","TwistedFunnel"],"campfire_rested":0,"item_purchase_floors":[2,2,30,30,38,38,54],"current_hp_per_floor":[58,58,58,56,56,56,56,50,50,30,29,29,29,41,41,44,61,61,61,61,61,39,39,34,25,25,35,35,45,45,59,59,19,72,72,69,59,59,59,57,57,57,57,50,40,43,43,52,52,53,13,67,67,67,45,0,0],"gold":53,"neow_bonus":"TWO_FIFTY_GOLD","is_daily":false,"chose_seed":false,"campfire_upgraded":8,"win_rate":0.0,"timestamp":1610152192,"path_taken":["M","$","M","M","?","R","?","M","T","?","M","R","E","?","R","BOSS","M","M","$","?","M","R","M","E","T","M","R","M","$","?","R","BOSS","M","M","M","$","?","E","R","?","T","E","?","E","M","M","R","BOSS","BOSS","R","$","E","BOSS"],"items_purchased_type":["Relic","Relic","Card","Relic","Card","Card","Relic"],"build_version":"2020-12-22","purchased_purges":2,"victory":false,"max_hp_per_floor":[66,66,66,66,66,66,66,66,66,66,66,66,66,66,66,66,66,66,66,66,66,66,66,66,66,66,66,66,66,66,90,90,90,90,90,90,90,90,90,90,90,85,85,85,85,85,85,85,85,85,85,85,85,85,85,85,85],"relic_stats":{"counters":[31,164],"Bronze Scales":[547],"Astrolabe":["After Image","Accuracy","After Image"],"CeramicFish":63,"Pen Nib":[33],"Letter Opener":[193],"obtain_stats":[{"TwistedFunnel":54,"Pear":31,"Astrolabe":34,"CeramicFish":44,"Vajra":2,"Mango":31,"Pen Nib":30,"Letter Opener":43,"Odd Mushroom":7,"Frozen Egg 2":25,"ClockworkSouvenir":2,"Bronze Scales":9,"Coffee Dripper":17,"Red Mask":39,"Bottled Lightning":46,"Toxic Egg 2":40,"Ring of the Snake":0,"Meat on the Bone":13},{"TwistedFunnel":29,"Pear":18,"Astrolabe":19,"CeramicFish":24,"Vajra":1,"Mango":18,"Pen Nib":16,"Letter Opener":23,"Odd Mushroom":4,"Frozen Egg 2":14,"ClockworkSouvenir":1,"Bronze Scales":5,"Coffee Dripper":9,"Red Mask":22,"Bottled Lightning":25,"Toxic Egg 2":23,"Ring of the Snake":0,"Meat on the Bone":7},{"TwistedFunnel":147,"Pear":59,"Astrolabe":67,"CeramicFish":98,"Vajra":3,"Mango":59,"Pen Nib":53,"Letter Opener":89,"Odd Mushroom":13,"Frozen Egg 2":47,"ClockworkSouvenir":3,"Bronze Scales":16,"Coffee Dripper":30,"Red Mask":82,"Bottled Lightning":105,"Toxic Egg 2":89,"Ring of the Snake":0,"Meat on the Bone":21}],"Ring of the Snake":[63],"Meat on the Bone":144},"card_choices":[{"not_picked":["Deadly Poison","Outmaneuver"],"picked":"All Out Attack","floor":1},{"not_picked":["Underhanded Strike","Bane"],"picked":"Infinite Blades","floor":3},{"not_picked":["Poisoned Stab","Deflect"],"picked":"Masterful Stab","floor":4},{"not_picked":["Dagger Throw","Dash"],"picked":"Skewer","floor":7},{"not_picked":["Sucker Punch","Flying Knee"],"picked":"Blade Dance","floor":8},{"not_picked":["Flying Knee","Dodge and Roll"],"picked":"Calculated Gamble","floor":11},{"not_picked":["Quick Slash","Riddle With Holes"],"picked":"Finisher","floor":13},{"not_picked":["Footwork","Blur"],"picked":"Malaise","floor":14},{"not_picked":["Underhanded Strike+1","Noxious Fumes","Sucker Punch"],"picked":"SKIP","floor":18},{"not_picked":["Eviscerate","Catalyst","Outmaneuver+1"],"picked":"SKIP","floor":19},{"not_picked":["Riddle With Holes","Flechettes+1"],"picked":"Endless Agony+1","floor":22},{"not_picked":["Predator","Poisoned Stab","Crippling Poison"],"picked":"SKIP","floor":24},{"not_picked":["Prepared","Finisher","Underhanded Strike"],"picked":"SKIP","floor":25},{"not_picked":["Bane","Dodge and Roll","Quick Slash"],"picked":"SKIP","floor":27},{"not_picked":["Riddle With Holes","Heel Hook"],"picked":"Infinite Blades+1","floor":29},{"not_picked":["Finisher","Concentrate"],"picked":"Blade Dance","floor":31},{"not_picked":["Venomology","Corpse Explosion"],"picked":"Phantasmal Killer","floor":33},{"not_picked":["Bouncing Flask","Tactician+1","Sucker Punch"],"picked":"SKIP","floor":35},{"not_picked":["Poisoned Stab","Predator"],"picked":"PiercingWail+1","floor":36},{"not_picked":["Dagger Throw","Predator","Blade Dance+1"],"picked":"SKIP","floor":37},{"not_picked":["Flechettes","Cloak And Dagger+1"],"picked":"Acrobatics+1","floor":40},{"not_picked":["Bane","Choke"],"picked":"Backflip+1","floor":44},{"not_picked":["Impatience+1","Metamorphosis+1"],"picked":"Blind+1","floor":45},{"not_picked":["HandOfGreed","Secret Technique+1"],"picked":"Master of Strategy+1","floor":45},{"not_picked":["Dramatic Entrance","Apotheosis+1"],"picked":"Good Instincts+1","floor":45},{"not_picked":["Poisoned Stab","Flying Knee"],"picked":"PiercingWail+1","floor":46},{"not_picked":["Quick Slash","Flechettes","Dagger Spray"],"picked":"SKIP","floor":47},{"not_picked":["Reflex+1","Deadly Poison+1"],"picked":"Accuracy+1","floor":48},{"not_picked":["Bane+1","Quick Slash"],"picked":"Dodge and Roll+1","floor":55}],"player_experience":1190237,"relics_obtained":[{"floor":7,"key":"Odd Mushroom"},{"floor":9,"key":"Bronze Scales"},{"floor":13,"key":"Meat on the Bone"},{"floor":25,"key":"Frozen Egg 2"},{"floor":31,"key":"Mango"},{"floor":31,"key":"Pear"},{"floor":40,"key":"Toxic Egg 2"},{"floor":43,"key":"Letter Opener"},{"floor":44,"key":"CeramicFish"},{"floor":46,"key":"Bottled Lightning"}],"event_choices":[{"damage_healed":0,"gold_gain":0,"player_choice":"Leave","damage_taken":0,"max_hp_gain":0,"max_hp_loss":0,"event_name":"The Cleric","floor":5,"gold_loss":0},{"damage_healed":0,"gold_gain":0,"player_choice":"Fought Mushrooms","damage_taken":0,"max_hp_gain":0,"max_hp_loss":0,"event_name":"Mushrooms","floor":7,"gold_loss":0},{"damage_healed":0,"gold_gain":0,"player_choice":"Entered Light","damage_taken":20,"max_hp_gain":0,"max_hp_loss":0,"event_name":"Shining Light","floor":10,"gold_loss":0,"cards_upgraded":["Strike_G","Defend_G"]},{"damage_healed":0,"gold_gain":0,"player_choice":"Ignored","damage_taken":0,"max_hp_gain":0,"max_hp_loss":0,"event_name":"The Mausoleum","floor":21,"gold_loss":0},{"damage_healed":0,"gold_gain":0,"player_choice":"Fight","damage_taken":0,"max_hp_gain":0,"max_hp_loss":0,"event_name":"Colosseum","floor":31,"gold_loss":0},{"damage_healed":0,"gold_gain":0,"player_choice":"Fought Nobs","damage_taken":0,"max_hp_gain":0,"max_hp_loss":0,"event_name":"Colosseum","floor":31,"gold_loss":0},{"damage_healed":0,"gold_gain":0,"player_choice":"Paid","damage_taken":0,"relics_obtained":["Red Mask"],"max_hp_gain":0,"max_hp_loss":0,"event_name":"Tomb of Lord Red Mask","floor":39,"gold_loss":6},{"damage_healed":0,"gold_gain":0,"player_choice":"Max HP","damage_taken":0,"max_hp_gain":0,"max_hp_loss":5,"event_name":"Winding Halls","floor":42,"gold_loss":0},{"damage_healed":0,"gold_gain":0,"player_choice":"Memory 3","damage_taken":10,"max_hp_gain":0,"max_hp_loss":0,"event_name":"SensoryStone","floor":45,"gold_loss":0}],"is_beta":false,"boss_relics":[{"not_picked":["Fusion Hammer","Tiny House"],"picked":"Coffee Dripper"},{"not_picked":["WristBlade","Snecko Eye"],"picked":"Astrolabe"}],"items_purged_floors":[20,30],"is_endless":false,"potions_floor_spawned":[7,8,14,16,19,25,27,31,31,35,46],"killed_by":"The Heart","ascension_level":20}}