{"host":"7qf1todfnxspvw7w","time":1610153018,"event":{"mods":["AchievementEnabler","BaseMod","Block Reminder","Colored Powertips","Disable Question Mark Monsters","Displayed Cursed Tome","Googly Eyes","Minty Spire (QoL Compilation)","Poor People Problems","Rare Cards Sparkle","Relic Stats","Reorder Act Four","SacredBarkPlus","StSLib","Uncapped"],"gold_per_floor":[114,132,57,57,57,57,9,9,9,24,24,24,59,70,70,167,221,238,256,156,156,176,176,176],"floor_reached":23,"playtime":626,"items_purged":["Strike_R","Perfected Strike"],"score":214,"play_id":"0be6553b-c6c9-42cb-b6e7-33c87e3a0831","local_time":"20210109034338","is_ascension_mode":false,"campfire_choices":[{"data":"Clash","floor":6,"key":"SMITH"},{"data":"Shrug It Off","floor":8,"key":"SMITH"},{"data":"Bash","floor":15,"key":"SMITH"}],"circlet_count":0,"master_deck":["Bash+1","Clash+1","Shrug It Off+1","Havoc","Metallicize","Clothesline","Clash","Anger"],"relics":["Burning Blood","War Paint","Mummified Hand","CeramicFish","Pandora\u0027s Box"],"acts_visited":["Exordium","TheCity"],"potions_floor_usage":[23],"damage_taken":[{"damage":6,"enemies":"Cultist","floor":1,"turns":3},{"damage":5,"enemies":"2 Louse","floor":2,"turns":4},{"damage":0,"enemies":"Small Slimes","floor":10,"turns":2},{"damage":0,"enemies":"Gremlin Nob","floor":13,"turns":3},{"damage":10,"enemies":"Gremlin Gang","floor":14,"turns":7},{"damage":175,"enemies":"Slime Boss","floor":16,"turns":24},{"damage":5,"enemies":"Shell Parasite","floor":18,"turns":3},{"damage":19,"enemies":"3 Byrds","floor":19,"turns":5},{"damage":9,"enemies":"Sentry and Sphere","floor":22,"turns":4},{"damage":93,"enemies":"Slavers","floor":23,"turns":6}],"seed_played":"-8362136363196703083","potions_obtained":[{"floor":2,"key":"ElixirPotion"},{"floor":16,"key":"Explosive Potion"},{"floor":18,"key":"FairyPotion"},{"floor":22,"key":"ColorlessPotion"}],"is_trial":false,"path_per_floor":["M","M","$","?","?","R","$","R","T","M","?","?","E","M","R","B",null,"M","M","$","?","M","E"],"character_chosen":"IRONCLAD","items_purchased":["Shrug It Off"],"campfire_rested":0,"item_purchase_floors":[7],"current_hp_per_floor":[80,80,80,85,85,85,85,85,85,85,68,68,74,70,70,9,85,85,72,72,56,53,0,0],"gold":176,"neow_bonus":"RANDOM_COMMON_RELIC","is_daily":false,"chose_seed":false,"campfire_upgraded":3,"win_rate":0.0,"timestamp":1610153018,"path_taken":["M","?","$","?","?","R","$","R","T","M","?","?","E","M","R","BOSS","M","?","$","?","M","E"],"items_purchased_type":["Card"],"build_version":"2020-12-22","purchased_purges":2,"victory":false,"max_hp_per_floor":[80,80,80,85,85,85,85,85,85,85,85,85,85,85,85,85,85,85,85,85,90,90,90,90],"relic_stats":{"counters":[10,61],"Mummified Hand":[5],"CeramicFish":54,"Pandora\u0027s Box":["Perfected Strike","Havoc","Metallicize","Clothesline","Clash","Anger"],"War Paint":["Defend_R","Defend_R"],"obtain_stats":[{"Mummified Hand":9,"CeramicFish":13,"Pandora\u0027s Box":17,"War Paint":0,"Burning Blood":0},{"Mummified Hand":2,"CeramicFish":4,"Pandora\u0027s Box":6,"War Paint":0,"Burning Blood":0},{"Mummified Hand":7,"CeramicFish":12,"Pandora\u0027s Box":43,"War Paint":0,"Burning Blood":0}],"Burning Blood":46},"card_choices":[{"not_picked":["Twin Strike","Headbutt"],"picked":"Clash","floor":1},{"not_picked":["Cleave","Ghostly Armor","Headbutt"],"picked":"SKIP","floor":2},{"not_picked":["Flame Barrier","Dark Embrace","Body Slam"],"picked":"SKIP","floor":10},{"not_picked":["Shrug It Off","Twin Strike","Headbutt"],"picked":"SKIP","floor":13},{"not_picked":["Iron Wave","Havoc","Perfected Strike"],"picked":"SKIP","floor":14},{"not_picked":["Perfected Strike+1","Headbutt","Havoc"],"picked":"SKIP","floor":18},{"not_picked":["Havoc+1","Heavy Blade","Pommel Strike"],"picked":"SKIP","floor":19},{"not_picked":["Pommel Strike","Pummel","Sword Boomerang+1"],"picked":"SKIP","floor":22}],"player_experience":499501,"relics_obtained":[{"floor":9,"key":"Mummified Hand"},{"floor":13,"key":"CeramicFish"}],"event_choices":[{"damage_healed":0,"gold_gain":0,"player_choice":"Donut","damage_taken":0,"max_hp_gain":5,"max_hp_loss":0,"event_name":"Big Fish","floor":4,"gold_loss":0},{"cards_removed":["Defend_R"],"damage_healed":0,"gold_gain":0,"player_choice":"Forget","damage_taken":0,"max_hp_gain":0,"max_hp_loss":0,"event_name":"Living Wall","floor":5,"gold_loss":0},{"damage_healed":0,"gold_gain":0,"player_choice":"Entered Light","damage_taken":17,"max_hp_gain":0,"max_hp_loss":0,"event_name":"Shining Light","floor":11,"gold_loss":0,"cards_upgraded":["Defend_R","Strike_R"]},{"cards_removed":["Strike_R"],"damage_healed":0,"gold_gain":0,"player_choice":"Offered Basic","damage_taken":0,"max_hp_gain":0,"max_hp_loss":0,"event_name":"Bonfire Elementals","floor":12,"gold_loss":0},{"damage_healed":0,"gold_gain":0,"player_choice":"Shed Blood","damage_taken":21,"max_hp_gain":5,"max_hp_loss":0,"event_name":"Forgotten Altar","floor":21,"gold_loss":0}],"is_beta":false,"boss_relics":[{"not_picked":["Runic Cube","SacredBark"],"picked":"Pandora\u0027s Box"}],"items_purged_floors":[3,20],"is_endless":false,"potions_floor_spawned":[2,16,18,22],"killed_by":"Slavers","ascension_level":0}}