{"host":"94qggqh0xz0sp6ai","time":1610168107,"event":{"mods":["Abigail Mod","Act Like it!","BaseMod","CapriCore","Downfall","Friendly Minions","Gensokyo","Hermit","Jorbs\u0027s Wanderer Trilogy","Koishi","Marisa（霧雨　魔理沙）","Minty Spire (QoL Compilation)","Permanent Neow","Reimu（博??梦）","StSLib","The Alterego","The Construct","The Cursed","The Hierophant","The Immortal","The Marked","The Servant 0.9.4","TheBandit","Waifu the Spire"],"gold_per_floor":[114,126,126,45,56,85,85,117,188,188,218,230,241,298,298,400,400,414,428,53,68,83,112,127,127,151,180,194,212,242,242,242,347,347,358,358,96,107,107,139,159,159,237,268,268,288,73,93,93,93],"floor_reached":51,"playtime":2010,"items_purged":["theMarked:Strike","theMarked:Snap"],"score":852,"play_id":"e85e0e75-1f4d-41cb-8772-5a4e0e6822f1","local_time":"20210108225507","is_ascension_mode":true,"campfire_choices":[{"data":"expansioncontent:Flail","floor":7,"key":"SMITH"},{"floor":10,"key":"REST"},{"data":"theMarked:BindingBlade","floor":15,"key":"SMITH"},{"floor":25,"key":"REST"},{"floor":32,"key":"REST"},{"data":"theMarked:SoldierOfQuellstein","floor":42,"key":"SMITH"},{"data":"theMarked:RogueSparks","floor":45,"key":"SMITH"},{"data":"theMarked:Parkour","floor":49,"key":"SMITH"}],"circlet_count":0,"master_deck":["theMarked:Strike","theMarked:Strike+1","theMarked:Defend","theMarked:Defend+1","theMarked:Defend","theMarked:Defend+1","theMarked:SoldierOfQuellstein+1","theMarked:ParalyzingBlade+1","theMarked:StartUp+1","expansioncontent:Flail+1","theMarked:Aftermath","theMarked:BindingBlade+1","theMarked:Panic","theMarked:ResourceFulStrike","theMarked:StartUp+1","theMarked:EnhanceMovement+1","theMarked:Abjuration","theMarked:Opportunist","theMarked:AttractMetal","theMarked:RogueSparks+1","theMarked:SwordAndMagic+1","theMarked:Standoff+1","theMarked:TakeOffHeels","theMarked:Parkour+1","theMarked:TwofoldDefense","theMarked:ParalyzingBlade","theMarked:EmpowerWeapon","theMarked:Defy","theMarked:SummonStrength+1","theMarked:DeterminationOfTheMarked+1","Master of Strategy","theMarked:EmpowerWeapon+1"],"relics":["theMarked:ArtifactOfAir","PreservedInsect","construct:RocketBooster","Dream Catcher","Darkstone Periapt","Oddly Smooth Stone","Thread and Needle","theMarked:SpiritSword","theMarked:Winder","Happy Flower","Ancient Tea Set","Omamori","Mercury Hourglass","Potion Belt","Black Star","Membership Card","Bronze Scales","theMarked:NailFile","Mastiff:ReiMu","Ornamental Fan","Shuriken","construct:FoamFinger","Toy Ornithopter"],"acts_visited":["Exordium","TheCity","TheBeyond"],"potions_floor_usage":[11,14,14,16,16,16,16,23,30,30,50,50,50,50],"damage_taken":[{"damage":0,"enemies":"Small Slimes","floor":1,"turns":3},{"damage":4,"enemies":"Cultist","floor":2,"turns":3},{"damage":2,"enemies":"Jaw Worm","floor":5,"turns":4},{"damage":14,"enemies":"Gremlin Nob","floor":6,"turns":3},{"damage":25,"enemies":"Lagavulin","floor":8,"turns":6},{"damage":9,"enemies":"3 Sentries","floor":11,"turns":2},{"damage":4,"enemies":"Looter","floor":12,"turns":3},{"damage":3,"enemies":"Gremlin Gang","floor":13,"turns":2},{"damage":0,"enemies":"3 Sentries","floor":14,"turns":4},{"damage":26,"enemies":"Hexaghost","floor":16,"turns":13},{"damage":11,"enemies":"Spheric Guardian","floor":18,"turns":4},{"damage":9,"enemies":"3 Byrds","floor":19,"turns":5},{"damage":0,"enemies":"Cultist and Chosen","floor":21,"turns":6},{"damage":0,"enemies":"Centurion and Healer","floor":22,"turns":4},{"damage":17,"enemies":"Slavers","floor":23,"turns":4},{"damage":0,"enemies":"Snake Plant","floor":24,"turns":2},{"damage":9,"enemies":"Book of Stabbing","floor":27,"turns":4},{"damage":0,"enemies":"Cultist and Chosen","floor":28,"turns":4},{"damage":8,"enemies":"Shelled Parasite and Fungi","floor":29,"turns":4},{"damage":15,"enemies":"Slavers","floor":30,"turns":2},{"damage":3,"enemies":"Automaton","floor":33,"turns":8},{"damage":0,"enemies":"3 Shapes","floor":35,"turns":6},{"damage":0,"enemies":"Orb Walker","floor":38,"turns":3},{"damage":4,"enemies":"Giant Head","floor":40,"turns":6},{"damage":11,"enemies":"Sphere and 2 Shapes","floor":41,"turns":7},{"damage":0,"enemies":"Reptomancer","floor":44,"turns":3},{"damage":0,"enemies":"3 Darklings","floor":46,"turns":3},{"damage":5,"enemies":"Maw","floor":48,"turns":7},{"damage":38,"enemies":"Time Eater","floor":50,"turns":9}],"seed_played":"8197828601416413341","potions_obtained":[{"floor":1,"key":"DistilledChaos"},{"floor":6,"key":"ColorlessPotion"},{"floor":11,"key":"hexamod:EctoCoolerPotion"},{"floor":12,"key":"EntropicBrew"},{"floor":16,"key":"Strength Potion"},{"floor":18,"key":"FearPotion"},{"floor":21,"key":"sneckomod:MuddlingPotion"},{"floor":29,"key":"SpeedPotion"},{"floor":33,"key":"FearPotion"},{"floor":35,"key":"Fire Potion"},{"floor":40,"key":"BlessingOfTheForge"},{"floor":41,"key":"FearPotion"},{"floor":48,"key":"Explosive Potion"}],"is_trial":false,"path_per_floor":["M","M","?","$","M","E","R","E","T","R","E","M","M","?","R","B",null,"M","M","$","M","M","E","M","R","T","E","M","M","E","?","R","B",null,"M","?","$","M","?","E","M","R","T","E","R","M","$","M","R","B",null],"character_chosen":"THE_DEFAULT","items_purchased":["expansioncontent:Flail","theMarked:Winder","theMarked:RogueSparks","Happy Flower","Membership Card","Bronze Scales","Toy Ornithopter","Master of Strategy"],"campfire_rested":3,"item_purchase_floors":[4,20,20,20,37,37,47,47],"current_hp_per_floor":[70,66,66,66,64,50,50,25,25,46,37,33,30,30,30,13,70,59,50,50,50,50,33,33,54,54,45,45,37,22,22,43,40,70,70,70,70,70,70,66,55,55,55,65,65,65,65,70,70,47],"gold":93,"neow_bonus":"RANDOM_COMMON_RELIC","is_daily":false,"chose_seed":false,"campfire_upgraded":5,"win_rate":0.0,"timestamp":1610168107,"path_taken":["M","M","?","$","M","E","R","E","T","R","E","M","?","?","R","BOSS","M","M","$","M","M","E","M","R","T","E","M","M","E","?","R","BOSS","M","?","$","?","?","E","M","R","T","E","R","M","?","M","R","BOSS"],"items_purchased_type":["Card","Relic","Card","Relic","Relic","Relic","Relic","Card"],"build_version":"2020-12-22","purchased_purges":2,"victory":true,"max_hp_per_floor":[70,70,70,70,70,70,70,70,70,70,70,70,70,70,70,70,70,70,70,70,70,70,70,70,70,70,70,70,70,70,70,70,70,70,70,70,70,70,70,70,70,70,70,70,70,70,70,70,70,70],"card_choices":[{"not_picked":["theMarked:DeterminationOfTheMarked","theMarked:Aftermath"],"picked":"theMarked:ParalyzingBlade","floor":1},{"not_picked":["theMarked:TunnelVision","theMarked:AttractMetal"],"picked":"theMarked:StartUp","floor":2},{"not_picked":["theMarked:ShockingTouch","theMarked:WardOff"],"picked":"theMarked:Aftermath","floor":5},{"not_picked":["theMarked:WastefulDefense","theMarked:WastefulAttack","theMarked:Static"],"picked":"SKIP","floor":6},{"not_picked":["theMarked:Polarize","theMarked:Aftermath"],"picked":"theMarked:BindingBlade","floor":8},{"not_picked":["theMarked:ReduceFriction","theMarked:RepellingDischarge"],"picked":"theMarked:Panic","floor":10},{"not_picked":["theMarked:Improvise","theMarked:WardOff"],"picked":"theMarked:ResourceFulStrike","floor":11},{"not_picked":["theMarked:ChainLightning","theMarked:RogueSparks"],"picked":"theMarked:StartUp","floor":12},{"not_picked":["theMarked:Aftermath","theMarked:Frustration"],"picked":"theMarked:EnhanceMovement","floor":13},{"not_picked":["theMarked:SuspiciousRaven","theMarked:UnarmedFury"],"picked":"theMarked:Abjuration","floor":16},{"not_picked":["theMarked:ResourceFulStrike","theMarked:ShockingTouch"],"picked":"theMarked:Opportunist","floor":18},{"not_picked":["theMarked:Standoff","theMarked:WastefulAttack"],"picked":"theMarked:AttractMetal","floor":19},{"not_picked":["theMarked:PowerFlow","theMarked:RepellingDischarge"],"picked":"theMarked:SwordAndMagic+1","floor":21},{"not_picked":["theMarked:RepellingDischarge","theMarked:GodGivenPower"],"picked":"theMarked:Standoff","floor":22},{"not_picked":["theMarked:SwordAndMagic+1","theMarked:Improvise"],"picked":"theMarked:TakeOffHeels","floor":23},{"not_picked":["theMarked:Static+1","theMarked:Reabsorb+1","theMarked:SwordAndMagic"],"picked":"SKIP","floor":24},{"not_picked":["theMarked:ElectricStrings","theMarked:RepellingDischarge+1"],"picked":"theMarked:Parkour","floor":25},{"not_picked":["theMarked:TurnInvisible","theMarked:HeightenedSenses"],"picked":"theMarked:TwofoldDefense","floor":27},{"not_picked":["theMarked:TunnelVision","theMarked:WastefulAttack+1","theMarked:Parkour"],"picked":"SKIP","floor":28},{"not_picked":["theMarked:Static","theMarked:ContemptForTheProud"],"picked":"theMarked:ParalyzingBlade","floor":29},{"not_picked":["theMarked:Overthink","theMarked:Generate"],"picked":"theMarked:EmpowerWeapon","floor":30},{"not_picked":["theMarked:ChannelForce","theMarked:MagicAdept"],"picked":"theMarked:Defy","floor":33},{"not_picked":["theMarked:ResourceFulStrike","theMarked:BanishingStrike+1","theMarked:ChainLightning"],"picked":"SKIP","floor":35},{"not_picked":["theMarked:WastefulAttack","theMarked:TakeCover+1"],"picked":"theMarked:SummonStrength","floor":38},{"not_picked":["theMarked:RepellingDischarge","theMarked:Standoff+1","theMarked:Electrocute+1"],"picked":"SKIP","floor":40},{"not_picked":["theMarked:ChainLightning+1","theMarked:TwofoldDefense+1","theMarked:ResourceFulStrike"],"picked":"SKIP","floor":41},{"not_picked":["theMarked:Standoff","theMarked:ShockingTouch","theMarked:Levitate"],"picked":"SKIP","floor":44},{"not_picked":["theMarked:ReduceFriction+1","theMarked:WastefulAttack+1"],"picked":"theMarked:DeterminationOfTheMarked+1","floor":46},{"not_picked":["theMarked:HeightenedSenses+1","theMarked:Parkour"],"picked":"theMarked:EmpowerWeapon+1","floor":48}],"player_experience":1360581,"relics_obtained":[{"floor":6,"key":"construct:RocketBooster"},{"floor":8,"key":"Dream Catcher"},{"floor":9,"key":"Darkstone Periapt"},{"floor":11,"key":"Oddly Smooth Stone"},{"floor":23,"key":"Ancient Tea Set"},{"floor":26,"key":"Omamori"},{"floor":27,"key":"Mercury Hourglass"},{"floor":30,"key":"Potion Belt"},{"floor":40,"key":"theMarked:NailFile"},{"floor":40,"key":"Mastiff:ReiMu"},{"floor":43,"key":"Ornamental Fan"},{"floor":44,"key":"Shuriken"},{"floor":44,"key":"construct:FoamFinger"}],"event_choices":[{"cards_removed":["theMarked:Strike"],"damage_healed":0,"gold_gain":0,"player_choice":"Purged","damage_taken":0,"max_hp_gain":0,"max_hp_loss":0,"event_name":"Purifier","floor":3,"gold_loss":0},{"damage_healed":0,"gold_gain":0,"player_choice":"Searched \u00272\u0027 times","damage_taken":0,"relics_obtained":["Thread and Needle"],"max_hp_gain":0,"max_hp_loss":0,"event_name":"Dead Adventurer","floor":14,"gold_loss":0},{"damage_healed":0,"gold_gain":0,"cards_transformed":["theMarked:Strike"],"player_choice":"Transformed","damage_taken":0,"max_hp_gain":0,"max_hp_loss":0,"event_name":"Transmorgrifier","floor":36,"gold_loss":0,"cards_obtained":["theMarked:Snap"]},{"damage_healed":0,"gold_gain":0,"player_choice":"Upgraded","damage_taken":0,"max_hp_gain":0,"max_hp_loss":0,"event_name":"Upgrade Shrine","floor":39,"gold_loss":0,"cards_upgraded":["theMarked:SummonStrength"]}],"is_beta":false,"boss_relics":[{"not_picked":["Runic Dome","SacredBark"],"picked":"theMarked:SpiritSword"},{"not_picked":["Busted Crown","theMarked:Eyepatch"],"picked":"Black Star"}],"items_purged_floors":[37,47],"is_endless":false,"potions_floor_spawned":[1,6,11,12,16,18,21,29,33,35,40,41,48],"ascension_level":1}}