{"host":"8ujkkqjs1cxoxabk","time":1610220131,"event":{"mods":["AchievementEnabler","Act Like it!","Aspiration","BaseMod","Beaked The Cultist","BetterRewards","Colored Map","Conspire","Custom Start","Downfall","Glutton Mod","Halation","Hallownest","Hubris","Infinite Spire","Jorbs\u0027s Wanderer Trilogy","Marisa????????","Minty Spire (QoL Compilation)","Replay The Spire","Shop Mod","StSLib","The Animator","The Bug Knight","The Construct","The Cursed","The Disciple","The Factory","The Hierophant","The Jungle","The Mystic","The Necromancer","The Servant 0.9.4","The Valiant"],"gold_per_floor":[112,112,112,104,124,124,165,165,165,165,185,53,53,53,53,160,160,173,196,196,0,23,45,65,77,77,77,3,25,25,45,45,141,141,166,166,166,166,166],"floor_reached":37,"playtime":6766,"items_purged":[],"score":394,"play_id":"39ce47cb-a571-4916-9e07-6381580eeaa0","local_time":"20210109122211","daily_mods":["Heirloom"],"is_ascension_mode":false,"campfire_choices":[{"data":"hexamod:Sear","floor":6.0,"key":"SMITH"},{"data":"hexamod:HeatShield","floor":8.0,"key":"SMITH"},{"data":"hexamod:BurningTouch","floor":10.0,"key":"SMITH"},{"data":"hexamod:Hexaguard","floor":15.0,"key":"SMITH"},{"floor":27.0,"key":"REST"},{"floor":30,"key":"REST"},{"data":"hexamod:HexaLevel","floor":32,"key":"SMITH"}],"circlet_count":0,"master_deck":["hexamod:Strike","hexamod:Strike","hexamod:Strike+1","hexamod:Strike+1","hexamod:Defend+1","hexamod:Defend+1","hexamod:Defend","hexamod:Defend+1","hexamod:Sear+1","hexamod:Float","hexamod:BurningTouch+1","hexamod:SecondSeal","hexamod:FourthSeal","hexamod:HeatShield+1","hexamod:FirstSeal","hexamod:EmpoweredFlame+1","hexamod:GhostLash","hexamod:GhostLash","hexamod:Hexaguard+1","hexamod:BurningTouch","hexamod:ThirdSeal","hexamod:SixthSeal","hexamod:HexaLevel+1","hexamod:ChargedBarrage+1","hexamod:RecurringNightmare","hexamod:EtherealExpedition","hexamod:NightmareGuise","hexamod:Hexaguard","hexamod:HeatMetal+1","hexamod:SpectersWail","hexamod:PhantomFireball+1","hexamod:ThermalTransfer+1","hexamod:ParanormalForm","hexamod:ShieldOfDarkness+1","hexamod:ShieldOfDarkness+1","hexamod:FifthSeal","hexamod:HeatCrush","hexamod:TurnItUp","hexamod:BurningTouch","hexamod:ThermalTransfer+1","hexamod:Firestarter","hexamod:SearingWound+1","hexamod:FirstSeal","hexamod:ThirdSeal","hexamod:GhostShield+1"],"relics":["hexamod:SpiritBrand","replay:Trail_Library","Torii","hubris:Towel","construct:FoamFinger","champ:DuelingGlove","aspiration:EmptySkull","construct:WeddingRing","Membership Card","Meat on the Bone","SlaversCollar"],"acts_visited":["Exordium","Exordium","theJungle:Jungle"],"potions_floor_usage":[29,29,31,33,37,37],"damage_taken":[{"damage":0.0,"enemies":"conspire:RoseBush","floor":1.0,"turns":3.0},{"damage":0.0,"enemies":"Small Slimes","floor":5.0,"turns":6.0},{"damage":22.0,"enemies":"3 Sentries","floor":7.0,"turns":13.0},{"damage":1.0,"enemies":"Cultist","floor":11.0,"turns":5.0},{"damage":19.0,"enemies":"Hexaghost","floor":16.0,"turns":11.0},{"damage":2.0,"enemies":"theJungle:MUSHROOMGANG","floor":18.0,"turns":6.0},{"damage":22.0,"enemies":"theJungle:Flameango_and_Byrd","floor":19.0,"turns":8.0},{"damage":16.0,"enemies":"theJungle:Lyon","floor":22.0,"turns":7.0},{"damage":18.0,"enemies":"theJungle:SlimyTreeVines","floor":23.0,"turns":9.0},{"damage":58.0,"enemies":"theJungle:2_Snecko_Cultists","floor":24.0,"turns":9.0},{"damage":5.0,"enemies":"theJungle:2_Flameangoes","floor":25.0,"turns":7.0},{"damage":13,"enemies":"theJungle:JungleHuntersEncounter","floor":29,"turns":4},{"damage":7,"enemies":"theJungle:Lyon","floor":31,"turns":4},{"damage":14,"enemies":"theJungle:QueenSpyder","floor":33,"turns":19},{"damage":11,"enemies":"theFactory:BigBot","floor":35,"turns":7},{"damage":59,"enemies":"theFactory:2_Experiment_Personnel","floor":37,"turns":11}],"seed_played":"-6594212344435887431","potions_obtained":[{"floor":5.0,"key":"Elixir"},{"floor":7.0,"key":"Explosive Potion"},{"floor":7.0,"key":"Fire Potion"},{"floor":11.0,"key":"construct:ShiftPotion"},{"floor":16.0,"key":"LiquidBronze"},{"floor":16.0,"key":"LiquidMemories"},{"floor":18.0,"key":"DuplicationPotion"},{"floor":19.0,"key":"Reflective Coating"},{"floor":22.0,"key":"conspire:TimeTravelPotion"},{"floor":22.0,"key":"SpeedPotion"},{"floor":23.0,"key":"Death Potion"},{"floor":24.0,"key":"BlessingOfTheForge"},{"floor":24.0,"key":"GamblersBrew"},{"floor":25.0,"key":"EntropicBrew"},{"floor":29,"key":"hexamod:InfernoChargePotion"},{"floor":29,"key":"GamblersBrew"},{"floor":35,"key":"champ:CounterPotion"},{"floor":35,"key":"BlessingOfTheForge"}],"is_trial":true,"path_per_floor":["M","?","?","?","M","R","E","R","T","R","M","$","?","T","R_BF","B",null,"M","M","?","$","M","M","M","M","T","R","$","M","R","M","R","B",null,"M","?","M"],"character_chosen":"THE_SPIRIT","items_purchased":["hexamod:GhostLash","hexamod:Hexaguard","hexamod:BurningTouch","hexamod:NightmareGuise","Membership Card","hexamod:Hexaguard","hexamod:HeatCrush","hexamod:TurnItUp"],"campfire_rested":2,"item_purchase_floors":[12,12,12,21,21,21,28,28],"current_hp_per_floor":[70,70,70,70,70,70,48,48,48,48,54,54,54,54,54,42,70,70,55,55,55,46,41,8,10,10,31,31,30,51,51,51,44,70,59,59,0,0,0],"gold":166,"neow_bonus":"","is_daily":false,"chose_seed":false,"campfire_upgraded":5,"win_rate":0.0,"timestamp":1610220131,"path_taken":["M","?","?","?","M","R","E","R","T","R","M","$","?","?","R_BF","BOSS","M","M","?","$","?","M","M","M","T","R","$","M","R","M","R","BOSS","M","?","?"],"items_purchased_type":["Card","Card","Card","Card","Relic","Card","Card","Card"],"build_version":"2020-12-22","purchased_purges":0,"victory":false,"max_hp_per_floor":[70,70,70,70,70,70,70,70,70,70,70,70,70,70,70,70,70,70,70,70,70,70,70,70,70,70,70,70,70,70,70,70,70,70,70,70,70,70,70],"card_choices":[{"not_picked":["hexamod:EtherealExpedition","hexamod:SpectersWail"],"picked":"hexamod:BurningTouch","floor":1.0},{"not_picked":["hexamod:RecurringNightmare","hexamod:Hexaguard"],"picked":"hexamod:FourthSeal","floor":5.0},{"not_picked":["hexamod:RetreatToShadows","hexamod:EmpoweredFlame"],"picked":"hexamod:HeatShield","floor":7.0},{"not_picked":["hexamod:GhostOfSpirePresent","hexamod:BurningTouch"],"picked":"hexamod:EmpoweredFlame","floor":11.0},{"not_picked":["hexamod:SearingWound","hexamod:GhostflameInferno"],"picked":"hexamod:SixthSeal","floor":16.0},{"not_picked":["hexamod:TurnItUp","hexamod:EmpoweringStance"],"picked":"hexamod:HexaLevel","floor":16.0},{"not_picked":["hexamod:SpectersWail","hexamod:HauntingEcho"],"picked":"hexamod:ChargedBarrage+1","floor":18.0},{"not_picked":["hexamod:FastForward","hexamod:HauntingEcho+1"],"picked":"hexamod:RecurringNightmare","floor":18.0},{"not_picked":["hexamod:InspiringFlames","hexamod:HauntingEcho"],"picked":"hexamod:EtherealExpedition","floor":19.0},{"not_picked":["hexamod:RainOfEmbers","hexamod:SecondSeal"],"picked":"hexamod:HeatMetal","floor":22.0},{"not_picked":["hexamod:SixthSeal","hexamod:SpectralAdrenaline+1"],"picked":"hexamod:SpectersWail","floor":23.0},{"not_picked":["hexamod:RainOfEmbers","hexamod:FastForward"],"picked":"hexamod:PhantomFireball+1","floor":23.0},{"not_picked":["hexamod:FourthSeal","hexamod:GhostLash"],"picked":"hexamod:ThermalTransfer+1","floor":24.0},{"not_picked":["hexamod:SecondSeal","hexamod:Again"],"picked":"hexamod:ParanormalForm","floor":24.0},{"not_picked":["hexamod:InspiringFlames","hexamod:BurningTouch"],"picked":"hexamod:ShieldOfDarkness+1","floor":25.0},{"not_picked":["hexamod:PhantomCloak","hexamod:HeatShield"],"picked":"hexamod:ShieldOfDarkness+1","floor":25.0},{"not_picked":["hexamod:HexaLevel","hexamod:ThermalTransfer"],"picked":"hexamod:BurningTouch","floor":29},{"not_picked":["hexamod:FastForward","hexamod:SpectersWail"],"picked":"hexamod:ThermalTransfer+1","floor":31},{"not_picked":["hexamod:GhostShield","hexamod:RainOfEmbers"],"picked":"hexamod:Firestarter","floor":31},{"not_picked":["hexamod:HexaLevel","hexamod:UnleashSpirits"],"picked":"hexamod:SearingWound","floor":33},{"not_picked":["hexamod:Hexaguard","hexamod:HeatShield"],"picked":"hexamod:FirstSeal","floor":35},{"not_picked":["hexamod:FourthSeal","hexamod:SecondSeal"],"picked":"hexamod:ThirdSeal","floor":35},{"not_picked":["hexamod:NightmareGuise+1","hexamod:RainOfEmbers"],"picked":"hexamod:GhostShield+1","floor":35}],"player_experience":141116,"relics_obtained":[{"floor":7.0,"key":"construct:FoamFinger"},{"floor":9.0,"key":"champ:DuelingGlove"},{"floor":14.0,"key":"aspiration:EmptySkull"},{"floor":26.0,"key":"Meat on the Bone"}],"event_choices":[{"damage_healed":0.0,"max_hp_gain":0.0,"max_hp_loss":0.0,"gold_gain":0.0,"event_name":"Golden Wing","player_choice":"Ignored","floor":3.0,"gold_loss":0.0,"damage_taken":0.0},{"cards_removed":["Strike_MRS"],"damage_healed":0.0,"max_hp_gain":0.0,"max_hp_loss":0.0,"gold_gain":0.0,"event_name":"NoteForYourself","player_choice":"Took Card","floor":20.0,"gold_loss":0.0,"damage_taken":0.0,"cards_obtained":["Strike_MRS"]},{"damage_healed":0,"gold_gain":0,"player_choice":"Upgraded","damage_taken":0,"max_hp_gain":0,"max_hp_loss":0,"event_name":"Upgrade Shrine","floor":36,"gold_loss":0,"cards_upgraded":["hexamod:SearingWound"]}],"is_beta":false,"boss_relics":[{"not_picked":["Runic Dome","halation:PinkAlligatorPlush"],"picked":"construct:WeddingRing"},{"not_picked":["Busted Crown","hubris:VirtuousBlindfold"],"picked":"SlaversCollar"}],"items_purged_floors":[],"is_endless":false,"potions_floor_spawned":[5,7,16,18,22,23,24,29,35],"killed_by":"theFactory:2_Experiment_Personnel","ascension_level":0}}