{"host":"72lt20yb89m1ezcj","time":1610175217,"event":{"mods":["2.2 Compatiblity","AchievementEnabler","AlwaysNeverKeys","BaseMod","Better Note","BetterRewards","Block Reminder","Colored Powertips","Highlight Path","Minty Spire (QoL Compilation)","Rare Cards Sparkle","Reorder Act Four","StSLib","everything is the same but u backflip on backflip","slay the spire mod where everything is the same but ironclad has a cowboy hat"],"gold_per_floor":[122,72,89,89,89,130,130,165,165,15,44,69,69,96,96,208,208,223,248,271,271,221,264,276,308,320,332,332],"floor_reached":27,"playtime":965,"items_purged":[],"score":243,"play_id":"3afa2735-5bfe-40ab-ba1b-907162dc0476","local_time":"20210109005337","is_ascension_mode":false,"campfire_choices":[{"floor":7,"key":"REST"},{"floor":13,"key":"REST"},{"floor":15,"key":"RECALL"},{"floor":24,"key":"REST"}],"circlet_count":0,"master_deck":["Strike_R","Strike_R","Strike_R","Strike_R","Defend_R","Defend_R","Defend_R","Defend_R","Bash","Perfected Strike","Pommel Strike","Inflame","Crippling Poison","Halt","Berserk+1","Secret Weapon","Consecrate+1","Anger","ThirdEye+1"],"relics":["Burning Blood","CeramicFish","Darkstone Periapt","Gremlin Horn","Sundial","Pantograph","Paper Frog","PrismaticShard","Busted Crown","MawBank"],"acts_visited":["Exordium","TheCity"],"potions_floor_usage":[],"damage_taken":[{"damage":6,"enemies":"Jaw Worm","floor":1,"turns":3},{"damage":0,"enemies":"Small Slimes","floor":3,"turns":3},{"damage":38,"enemies":"3 Sentries","floor":6,"turns":10},{"damage":34,"enemies":"Gremlin Nob","floor":8,"turns":5},{"damage":1,"enemies":"Cultist","floor":11,"turns":3},{"damage":13,"enemies":"Exordium Thugs","floor":12,"turns":4},{"damage":12,"enemies":"Looter","floor":14,"turns":3},{"damage":34,"enemies":"The Guardian","floor":16,"turns":9},{"damage":19,"enemies":"Shell Parasite","floor":18,"turns":5},{"damage":14,"enemies":"3 Byrds","floor":19,"turns":5},{"damage":27,"enemies":"Snake Plant","floor":20,"turns":4},{"damage":24,"enemies":"Gremlin Leader","floor":23,"turns":6},{"damage":19,"enemies":"Shelled Parasite and Fungi","floor":25,"turns":6},{"damage":38,"enemies":"Sentry and Sphere","floor":27,"turns":5}],"seed_played":"7704621754025397007","potions_obtained":[{"floor":6,"key":"SneckoOil"},{"floor":12,"key":"EssenceOfSteel"},{"floor":16,"key":"DistilledChaos"},{"floor":18,"key":"Ancient Potion"}],"is_trial":false,"path_per_floor":["M","?","M","?","T","E","R","E","T","$","M","M","R","M","R","B",null,"M","M","M","?","?","E","R","M","T","M"],"character_chosen":"IRONCLAD","items_purchased":["PrismaticShard"],"campfire_rested":3,"item_purchase_floors":[10],"current_hp_per_floor":[80,80,80,73,73,41,65,37,37,37,42,35,59,53,53,50,80,67,59,38,38,38,20,44,31,31,0,0],"gold":332,"neow_bonus":"RANDOM_COMMON_RELIC","is_daily":false,"chose_seed":false,"campfire_upgraded":0,"win_rate":0.0,"timestamp":1610175217,"path_taken":["M","?","M","?","?","E","R","E","T","?","M","M","R","M","R","BOSS","M","?","M","?","?","E","R","M","T","M"],"items_purchased_type":["Relic"],"build_version":"2020-12-22","purchased_purges":0,"victory":false,"max_hp_per_floor":[80,80,80,80,80,80,80,80,80,80,80,80,80,80,80,80,80,80,80,80,80,80,80,80,80,80,80,80],"card_choices":[{"not_picked":["Wild Strike","Havoc"],"picked":"Perfected Strike","floor":1},{"not_picked":["Sword Boomerang","True Grit","Armaments"],"picked":"SKIP","floor":3},{"not_picked":["Hemokinesis","Twin Strike"],"picked":"Pommel Strike","floor":6},{"not_picked":["Combust","Blood for Blood"],"picked":"Inflame","floor":8},{"not_picked":["Terror","Heatsinks"],"picked":"Crippling Poison","floor":11},{"not_picked":["Defragment","Perfected Strike"],"picked":"Halt","floor":12},{"not_picked":["Perfected Strike","Bane"],"picked":"Berserk","floor":14},{"not_picked":["Doppelganger","Venomology"],"picked":"Secret Weapon","floor":16},{"not_picked":["Dark Embrace"],"picked":"SKIP","floor":18},{"not_picked":[],"picked":"Consecrate+1","floor":19},{"not_picked":[],"picked":"Anger","floor":20},{"not_picked":[],"picked":"ThirdEye+1","floor":23},{"not_picked":["Perfected Strike"],"picked":"SKIP","floor":25}],"player_experience":750077,"relics_obtained":[{"floor":5,"key":"Gremlin Horn"},{"floor":6,"key":"Sundial"},{"floor":8,"key":"Pantograph"},{"floor":9,"key":"Paper Frog"},{"floor":23,"key":"MawBank"}],"event_choices":[{"cards_removed":["Strike_R"],"damage_healed":0,"gold_gain":0,"player_choice":"Card Removal","damage_taken":0,"max_hp_gain":0,"max_hp_loss":0,"event_name":"The Cleric","floor":2,"gold_loss":50},{"damage_healed":0,"gold_gain":0,"player_choice":"Success","damage_taken":7,"relics_obtained":["Darkstone Periapt"],"max_hp_gain":0,"max_hp_loss":0,"event_name":"Scrap Ooze","floor":4,"gold_loss":0},{"damage_healed":0,"gold_gain":0,"player_choice":"Upgraded","damage_taken":0,"max_hp_gain":0,"max_hp_loss":0,"event_name":"Upgrade Shrine","floor":21,"gold_loss":0,"cards_upgraded":["Berserk"]},{"damage_healed":0,"gold_gain":0,"player_choice":"Bet on Murderer","damage_taken":0,"max_hp_gain":0,"max_hp_loss":0,"event_name":"The Joust","floor":22,"gold_loss":50}],"is_beta":false,"boss_relics":[{"not_picked":["Runic Dome","Velvet Choker"],"picked":"Busted Crown"}],"items_purged_floors":[],"is_endless":false,"potions_floor_spawned":[6,12,16,18,23],"killed_by":"Sentry and Sphere","ascension_level":0}}