{"host":"msa0wxqjs3jv1k3j","time":1610203470,"event":{"mods":["BaseMod","BetterRewards","Colored Map","Highlight Path","KOR Keyword Fix","Keyboard Shortcuts","Minty Spire (QoL Compilation)","Quick Restart","SuperFastMode","everything is the same but u backflip on backflip"],"gold_per_floor":[115,126,126,126,145,180,145,162,162,66,82,82,82,94,94,189,189,208,208,220,92,105,105,135,152,203,203,217,217,13,13,13,112,112,127,142,194,194,205,232,242,242,266,285,285,285,305,318,318,318],"floor_reached":51,"playtime":2058,"items_purged":["Defend_G","Strike_G","Defend_G"],"score":851,"play_id":"54866a55-e294-4a18-b841-1f52d33e2726","local_time":"20210109234430","is_ascension_mode":false,"campfire_choices":[{"floor":13,"key":"REST"},{"floor":15,"key":"REST"},{"data":"Blade Dance","floor":23,"key":"SMITH"},{"floor":27,"key":"REST"},{"data":"A Thousand Cuts","floor":29,"key":"SMITH"},{"floor":32,"key":"REST"},{"floor":42,"key":"REST"},{"floor":46,"key":"REST"},{"floor":49,"key":"REST"}],"circlet_count":0,"master_deck":["Strike_G","Strike_G+1","Defend_G","Survivor","Neutralize+1","Outmaneuver","Sadistic Nature","Footwork","Dash","Heel Hook","Dagger Throw+1","Backflip","Deadly Poison","Poisoned Stab+1","Blade Dance","Well Laid Plans","A Thousand Cuts+1","Outmaneuver","Blade Dance+1","After Image","Endless Agony","Dagger Spray","Blade Dance","Bane+1","Dodge and Roll","Backflip","Venomology","Distraction+1","Accuracy","Outmaneuver+1","Decay","Deadly Poison+1","Sucker Punch+1","Dagger Throw+1","Dagger Spray+1","Flying Knee+1","Corpse Explosion"],"relics":["Ring of the Snake","The Specimen","Incense Burner","Orichalcum","Smiling Mask","Mummified Hand","WristBlade","FossilizedHelix","Whetstone","Membership Card","SlaversCollar","Lizard Tail","Unceasing Top","Omamori","Ice Cream"],"acts_visited":["Exordium","TheCity","TheBeyond"],"potions_floor_usage":[8,24,24,33,33,33,37,40,40,40,48,48,50,50,50],"damage_taken":[{"damage":10,"enemies":"Jaw Worm","floor":1,"turns":5},{"damage":3,"enemies":"2 Louse","floor":2,"turns":4},{"damage":0,"enemies":"Cultist","floor":5,"turns":4},{"damage":13,"enemies":"3 Sentries","floor":6,"turns":13},{"damage":15,"enemies":"Large Slime","floor":8,"turns":7},{"damage":13,"enemies":"3 Louse","floor":11,"turns":3},{"damage":8,"enemies":"Red Slaver","floor":14,"turns":2},{"damage":24,"enemies":"The Guardian","floor":16,"turns":9},{"damage":0,"enemies":"Chosen","floor":18,"turns":3},{"damage":23,"enemies":"2 Thieves","floor":20,"turns":3},{"damage":0,"enemies":"Snake Plant","floor":22,"turns":4},{"damage":0,"enemies":"Gremlin Leader","floor":24,"turns":4},{"damage":14,"enemies":"Centurion and Healer","floor":25,"turns":3},{"damage":9,"enemies":"Shelled Parasite and Fungi","floor":28,"turns":4},{"damage":0,"enemies":"Champ","floor":33,"turns":8},{"damage":0,"enemies":"3 Darklings","floor":35,"turns":2},{"damage":0,"enemies":"Orb Walker","floor":36,"turns":2},{"damage":35,"enemies":"2 Orb Walkers","floor":37,"turns":4},{"damage":24,"enemies":"Jaw Worm Horde","floor":39,"turns":2},{"damage":0,"enemies":"Reptomancer","floor":40,"turns":2},{"damage":6,"enemies":"3 Darklings","floor":41,"turns":4},{"damage":0,"enemies":"Maw","floor":44,"turns":6},{"damage":6,"enemies":"4 Shapes","floor":47,"turns":4},{"damage":0,"enemies":"Writhing Mass","floor":48,"turns":4},{"damage":22,"enemies":"Awakened One","floor":50,"turns":7}],"seed_played":"8422420149144949243","potions_obtained":[{"floor":1,"key":"ColorlessPotion"},{"floor":8,"key":"Weak Potion"},{"floor":14,"key":"GamblersBrew"},{"floor":16,"key":"Explosive Potion"},{"floor":18,"key":"SteroidPotion"},{"floor":24,"key":"Block Potion"},{"floor":25,"key":"Explosive Potion"},{"floor":33,"key":"SteroidPotion"},{"floor":37,"key":"Block Potion"},{"floor":44,"key":"SteroidPotion"},{"floor":48,"key":"Swift Potion"}],"is_trial":false,"path_per_floor":["M","M","?","?","M","E","?","M","T","$","M","?","R","M","R","B",null,"M","?","M","$","M","R","E","M","T","R","M","R","$","?","R","B",null,"M","M","?","?","M","E","M","R","T","M","T","R","M","M","R","B",null],"character_chosen":"THE_SILENT","items_purchased":["Incense Burner","Orichalcum","Outmaneuver","Sadistic Nature","Poisoned Stab","After Image","Membership Card"],"campfire_rested":7,"item_purchase_floors":[0,0,0,0,10,21,30],"current_hp_per_floor":[60,57,57,62,62,49,67,52,52,52,39,24,46,38,60,36,75,75,75,52,52,52,52,52,38,38,60,51,51,51,51,73,73,75,75,75,40,40,16,16,10,32,32,32,32,54,48,48,70,48],"gold":318,"neow_bonus":"","is_daily":false,"chose_seed":false,"campfire_upgraded":2,"win_rate":0.0,"timestamp":1610203470,"path_taken":["M","M","?","?","M","E","?","?","T","?","M","?","R","M","R","BOSS","M","?","?","$","M","R","E","M","T","R","M","R","$","?","R","BOSS","M","M","?","?","M","E","?","R","T","M","?","R","?","M","R","BOSS"],"items_purchased_type":["Relic","Relic","Card","Card","Card","Card","Relic"],"build_version":"2020-12-22","purchased_purges":3,"victory":true,"max_hp_per_floor":[70,70,70,75,75,75,75,75,75,75,75,75,75,75,75,75,75,75,75,75,75,75,75,75,75,75,75,75,75,75,75,75,75,75,75,75,75,75,75,75,75,75,75,75,75,75,75,75,75,75],"card_choices":[{"not_picked":["Acrobatics","Infinite Blades"],"picked":"Footwork","floor":1},{"not_picked":["Expertise","Finisher"],"picked":"Dash","floor":2},{"not_picked":["Riddle With Holes","Skewer"],"picked":"Dagger Throw","floor":5},{"not_picked":["Flechettes","Predator"],"picked":"Backflip","floor":6},{"not_picked":["Masterful Stab","Predator"],"picked":"Deadly Poison","floor":8},{"not_picked":["Acrobatics","Prepared"],"picked":"Blade Dance","floor":11},{"not_picked":["Blade Dance","Dagger Throw"],"picked":"Well Laid Plans","floor":14},{"not_picked":["Wraith Form v2","Venomology"],"picked":"A Thousand Cuts","floor":16},{"not_picked":["Dash","Underhanded Strike"],"picked":"Outmaneuver","floor":18},{"not_picked":["Acrobatics","Dodge and Roll"],"picked":"Blade Dance","floor":20},{"not_picked":["Tools of the Trade","Bouncing Flask"],"picked":"Endless Agony","floor":22},{"not_picked":["Escape Plan","Bouncing Flask"],"picked":"Dagger Spray","floor":24},{"not_picked":["Poisoned Stab+1","Deadly Poison"],"picked":"Blade Dance","floor":25},{"not_picked":["Choke+1","Dagger Throw+1"],"picked":"Bane+1","floor":28},{"not_picked":["Unload","After Image"],"picked":"Venomology","floor":33},{"not_picked":["Flying Knee","Backflip+1"],"picked":"Distraction+1","floor":35},{"not_picked":["Noxious Fumes+1","Blade Dance+1"],"picked":"Accuracy","floor":36},{"not_picked":["Dagger Throw","Acrobatics+1"],"picked":"Outmaneuver+1","floor":37},{"not_picked":["Footwork","Underhanded Strike+1"],"picked":"Deadly Poison+1","floor":39},{"not_picked":["Heel Hook+1","Dash"],"picked":"Sucker Punch+1","floor":40},{"not_picked":["Riddle With Holes","Prepared"],"picked":"Dagger Throw+1","floor":41},{"not_picked":["Escape Plan","Finisher"],"picked":"Dagger Spray+1","floor":44},{"not_picked":["Acrobatics","Backflip+1"],"picked":"Flying Knee+1","floor":47},{"not_picked":["Deadly Poison","Dagger Throw+1"],"picked":"Corpse Explosion","floor":48}],"player_experience":56910,"relics_obtained":[{"floor":6,"key":"Smiling Mask"},{"floor":9,"key":"Mummified Hand"},{"floor":24,"key":"FossilizedHelix"},{"floor":26,"key":"Whetstone"},{"floor":37,"key":"Lizard Tail"},{"floor":40,"key":"Unceasing Top"},{"floor":43,"key":"Omamori"},{"floor":45,"key":"Ice Cream"}],"event_choices":[{"damage_healed":0,"gold_gain":0,"cards_transformed":["Strike_G"],"player_choice":"Change","damage_taken":0,"max_hp_gain":0,"max_hp_loss":0,"event_name":"Living Wall","floor":3,"gold_loss":0,"cards_obtained":["Heel Hook"]},{"damage_healed":0,"gold_gain":0,"player_choice":"Donut","damage_taken":0,"max_hp_gain":5,"max_hp_loss":0,"event_name":"Big Fish","floor":4,"gold_loss":0},{"damage_healed":18,"gold_gain":0,"player_choice":"Healed","damage_taken":0,"max_hp_gain":0,"max_hp_loss":0,"event_name":"The Cleric","floor":7,"gold_loss":35},{"damage_healed":0,"gold_gain":0,"player_choice":"Entered Light","damage_taken":15,"max_hp_gain":0,"max_hp_loss":0,"event_name":"Shining Light","floor":12,"gold_loss":0,"cards_upgraded":["Neutralize","Poisoned Stab"]},{"cards_removed":["Defend_G"],"damage_healed":0,"gold_gain":0,"player_choice":"Purged","damage_taken":0,"max_hp_gain":0,"max_hp_loss":0,"event_name":"Purifier","floor":19,"gold_loss":0},{"damage_healed":0,"gold_gain":0,"cards_transformed":["Strike_G","Defend_G"],"player_choice":"Became Test Subject","damage_taken":0,"max_hp_gain":0,"max_hp_loss":0,"event_name":"Drug Dealer","floor":31,"gold_loss":0,"cards_obtained":["Dodge and Roll","Backflip"]},{"damage_healed":0,"gold_gain":0,"player_choice":"Fight","damage_taken":0,"max_hp_gain":0,"max_hp_loss":0,"event_name":"Mysterious Sphere","floor":37,"gold_loss":0},{"damage_healed":0,"gold_gain":0,"player_choice":"Cursed","damage_taken":0,"max_hp_gain":0,"max_hp_loss":0,"event_name":"Wheel of Change","floor":38,"gold_loss":0,"cards_obtained":["Decay"]}],"is_beta":false,"boss_relics":[{"not_picked":["Calling Bell","SacredBark"],"picked":"WristBlade"},{"not_picked":["Runic Dome","Ring of the Serpent"],"picked":"SlaversCollar"}],"items_purged_floors":[10,21,30],"is_endless":false,"potions_floor_spawned":[1,8,14,16,18,20,24,25,33,37,39,44,48],"ascension_level":0}}