{"host":"evny4tziu33vpgm7","time":1610211592,"event":{"mods":["100% Spire Juice","Arknights The Spire","BaseMod","BetterRewards","Booster Modes","Card Filter","Colored Map","Colored Powertips","Dota2Spire","Evolution","Fox Events","Friendly Minions","GifTheSpireLib","Minty Spire (QoL Compilation)","Puzzle Mod","Random Character Button","Random Character Mod","Rare Cards Sparkle","Relic Filter","Relic Sorter","Shop Mod","StSLib","SuperFastMode","The Caster","The Marked","Thieving Mod","????"],"gold_per_floor":[119,173,248,77,87,87,87,87,87,87,121,121,121,121,121],"floor_reached":14,"playtime":1556,"items_purged":[],"score":88,"play_id":"bd31dbcd-9e7d-41ef-8809-e4cb1f09541a","local_time":"20210109095952","daily_mods":["SealedDeck","Heirloom","Flight","DeadlyEvents","Night Terrors"],"is_ascension_mode":true,"campfire_choices":[{"data":"Moonworks:RagingMadness","floor":6,"key":"SMITH"},{"data":"Moonworks:CloudOfSeagulls","floor":7,"key":"SMITH"},{"data":"Moonworks:Dash","floor":10,"key":"SMITH"},{"data":"Moonworks:BackdoorTrade","floor":12,"key":"SMITH"},{"data":"Moonworks:OutOfAmmo","floor":13,"key":"SMITH"}],"circlet_count":0,"master_deck":["Moonworks:JonathanRush","Moonworks:JonathanRush","Moonworks:StiffCrystal","Moonworks:RedAndBlue","Moonworks:ScrambledEve","Moonworks:MiracleWalker","Moonworks:Dash+1","Moonworks:CookingTime","Moonworks:x16BigRocket","Moonworks:OutOfAmmo+1","Moonworks:AngelHand","Moonworks:CloudOfSeagulls+1","Moonworks:RagingMadness+1","Moonworks:SakisCookie","Moonworks:BackdoorTrade+1"],"relics":["Moonworks:BrokenBomb","Moonworks:Homemark","EVO:Axolotl","MerchantsRug","The Courier","Torii"],"acts_visited":["Exordium"],"potions_floor_usage":[],"damage_taken":[{"damage":12,"enemies":"2 Louse","floor":1,"turns":3},{"damage":7,"enemies":"Small Slimes","floor":5,"turns":4},{"damage":18,"enemies":"Lagavulin","floor":11,"turns":5},{"damage":60,"enemies":"Gremlin Nob","floor":14,"turns":4}],"seed_played":"-861850902151236151","potions_obtained":[{"floor":11,"key":"PowerPotion"}],"is_trial":true,"path_per_floor":["M","?","?","$","M","R","R","?","T","R","E","R","R","E"],"character_chosen":"THE_STARBREAKER","items_purchased":["MerchantsRug","Moonworks:CloudOfSeagulls","Moonworks:RagingMadness"],"campfire_rested":0,"item_purchase_floors":[4,4,4],"current_hp_per_floor":[51,51,40,40,36,36,36,41,41,41,25,25,25,0,0],"gold":121,"neow_bonus":"","is_daily":false,"chose_seed":false,"campfire_upgraded":5,"win_rate":0.0,"timestamp":1610211592,"path_taken":["M","?","?","$","M","R","R","?","T","R","E","R","R","E"],"items_purchased_type":["Relic","Card","Card"],"build_version":"2020-12-22","purchased_purges":0,"victory":false,"max_hp_per_floor":[60,60,60,60,60,60,60,65,65,65,65,65,65,65,65],"card_choices":[{"not_picked":["Moonworks:DeployBits","Moonworks:ImmovableObject"],"picked":"Moonworks:AngelHand","floor":1},{"not_picked":["Moonworks:RagingMadness","Moonworks:ScrambledEve"],"picked":"Moonworks:SakisCookie","floor":5},{"not_picked":["Moonworks:ReproductionOfRecords","Moonworks:LulusLuckyEgg"],"picked":"Moonworks:BackdoorTrade","floor":11}],"player_experience":863058,"relics_obtained":[{"floor":9,"key":"The Courier"},{"floor":11,"key":"Torii"}],"event_choices":[{"damage_healed":0,"gold_gain":54,"player_choice":"Gained Gold","damage_taken":0,"max_hp_gain":0,"max_hp_loss":0,"event_name":"Golden Wing","floor":2,"gold_loss":0},{"damage_healed":0,"gold_gain":75,"player_choice":"Gather Gold","damage_taken":11,"max_hp_gain":0,"max_hp_loss":0,"event_name":"World of Goop","floor":3,"gold_loss":0},{"damage_healed":0,"gold_gain":0,"player_choice":"Donut","damage_taken":0,"max_hp_gain":5,"max_hp_loss":0,"event_name":"Big Fish","floor":8,"gold_loss":0}],"is_beta":false,"boss_relics":[],"items_purged_floors":[],"is_endless":false,"potions_floor_spawned":[11],"killed_by":"Gremlin Nob","ascension_level":1}}