{"host":"51f0ad793vly1w6u","time":1610181813,"event":{"mods":["BaseMod","Colored Map","DeckTracker","Minty Spire (QoL Compilation)","StSLib","SuperFastMode"],"gold_per_floor":[109,123,123,198,4,37,56,82,107,151,151,175,175,191,191,191,191],"floor_reached":16,"playtime":229,"items_purged":[],"score":270,"play_id":"de6eced5-ff72-4969-a3fe-bfbb22010fd9","local_time":"20210109174333","is_ascension_mode":true,"campfire_choices":[{"data":"Inflame","floor":11.0,"key":"SMITH"},{"data":"Berserk","floor":15.0,"key":"SMITH"}],"circlet_count":0,"master_deck":["AscendersBane","Strike_R","Strike_R","Strike_R","Strike_R","Strike_R","Defend_R","Defend_R","Defend_R","Defend_R","Bash","Shrug It Off","Sword Boomerang","Inflame+1","Second Wind","Heavy Blade","Feel No Pain","Berserk+1"],"relics":["Burning Blood","NeowsBlessing","Golden Idol","Membership Card","Centennial Puzzle","Nunchaku","Tiny Chest","Happy Flower","Potion Belt"],"acts_visited":["Exordium"],"potions_floor_usage":[16],"damage_taken":[{"damage":0.0,"enemies":"Cultist","floor":1.0,"turns":1.0},{"damage":0.0,"enemies":"2 Louse","floor":2.0,"turns":1.0},{"damage":0.0,"enemies":"Lagavulin","floor":6.0,"turns":1.0},{"damage":7.0,"enemies":"Jaw Worm","floor":7.0,"turns":4.0},{"damage":22.0,"enemies":"3 Sentries","floor":10.0,"turns":7.0},{"damage":5.0,"enemies":"Large Slime","floor":12.0,"turns":7.0},{"damage":9.0,"enemies":"Looter","floor":14.0,"turns":3.0},{"damage":41,"enemies":"The Guardian","floor":16,"turns":9}],"seed_played":"-4303719018227547810","potions_obtained":[{"floor":1.0,"key":"CultistPotion"},{"floor":2.0,"key":"ColorlessPotion"},{"floor":10.0,"key":"SpeedPotion"}],"is_trial":false,"path_per_floor":["M","M","?","?","$","E","M","T","T","E","R","M","?","M","R","B"],"character_chosen":"IRONCLAD","items_purchased":["Membership Card","Inflame"],"campfire_rested":0,"item_purchase_floors":[5,5],"current_hp_per_floor":[74,75,68,57,57,63,62,62,62,46,46,47,42,39,39,0,0],"gold":191,"neow_bonus":"THREE_ENEMY_KILL","is_daily":false,"chose_seed":false,"campfire_upgraded":2,"win_rate":0.0,"timestamp":1610181813,"path_taken":["M","M","?","?","$","E","M","?","T","E","R","M","?","M","R","BOSS"],"items_purchased_type":["Relic","Card"],"build_version":"2020-12-22","purchased_purges":0,"victory":false,"max_hp_per_floor":[75,75,68,68,68,68,68,68,68,68,68,68,68,68,68,68,68],"card_choices":[{"not_picked":["Combust","Intimidate"],"picked":"Shrug It Off","floor":1.0},{"not_picked":["Wild Strike","Flex"],"picked":"Sword Boomerang","floor":2.0},{"not_picked":["Seeing Red","Fire Breathing"],"picked":"Second Wind","floor":6.0},{"not_picked":["Rampage","Pommel Strike"],"picked":"Heavy Blade","floor":7.0},{"not_picked":["Perfected Strike","Anger"],"picked":"Feel No Pain","floor":10.0},{"not_picked":["Clothesline","Cleave"],"picked":"Berserk","floor":12.0},{"not_picked":["Clash","Heavy Blade","Body Slam"],"picked":"SKIP","floor":14.0}],"player_experience":1388243,"relics_obtained":[{"floor":6.0,"key":"Centennial Puzzle"},{"floor":8.0,"key":"Nunchaku"},{"floor":9.0,"key":"Tiny Chest"},{"floor":10.0,"key":"Happy Flower"}],"event_choices":[{"damage_healed":0.0,"max_hp_gain":0.0,"max_hp_loss":7.0,"gold_gain":0.0,"event_name":"Golden Idol","player_choice":"Lose Max HP","floor":3.0,"gold_loss":0.0,"damage_taken":0.0,"relics_obtained":["Golden Idol"]},{"damage_healed":0.0,"max_hp_gain":0.0,"max_hp_loss":0.0,"gold_gain":75.0,"event_name":"World of Goop","player_choice":"Gather Gold","floor":4.0,"gold_loss":0.0,"damage_taken":11.0},{"damage_healed":0.0,"max_hp_gain":0.0,"max_hp_loss":0.0,"gold_gain":0.0,"event_name":"Scrap Ooze","player_choice":"Success","floor":13.0,"gold_loss":0.0,"damage_taken":5.0,"relics_obtained":["Potion Belt"]}],"is_beta":false,"boss_relics":[],"items_purged_floors":[],"is_endless":false,"potions_floor_spawned":[1,2,10],"killed_by":"The Guardian","ascension_level":20}}