{"host":"xje8igj95tvh9ehd","time":1610176551,"event":{"mods":["BaseMod","Colored Map","Colored Powertips","Downfall","Infinite Spire","Marisa£®ÏF”Í°°ƒß¿Ì…≥£©","Minty Spire (QoL Compilation)","Replay The Spire","StSLib","SuperFastMode","The Bug Knight","The Construct","The Runesmith","The Servant 0.9.4","[IsaacMod]“‘»ˆº‚À˛"],"gold_per_floor":[119,119,219,232,248,283,283,293,375,375,395,395,395,405,405,500,500,517,532,442,367,367,367,380,395,395,427,443,462,472,482,482,482,482],"floor_reached":33,"playtime":1528,"items_purged":["Defend_R"],"score":298,"play_id":"6182d133-96bd-4167-a923-3ae504ab0f45","local_time":"20210109151551","is_ascension_mode":false,"campfire_choices":[{"data":"Replay:Many Hands","floor":7,"key":"SMITH"},{"data":"Dual Wield","floor":10,"key":"SMITH"},{"data":"Armaments","floor":13,"key":"SMITH"},{"data":"Infernal Blade","floor":15,"key":"SMITH"},{"data":"Replay:Fractal Strike","floor":23,"key":"SMITH"},{"data":"Limit Break","floor":32,"key":"SMITH"}],"circlet_count":0,"master_deck":["Strike_R+1","Strike_R","Strike_R","Strike_R","Strike_R","Defend_R","Defend_R","Bash","Infernal Blade+1","Ghostly Armor","Replay:Many Hands+1","Dual Wield+1","Armaments+1","Rampage","Heavy Blade","Limit Break+1","Flex","Shrug It Off","Replay:Fractal Strike+1","Heavy Blade+1"],"relics":["Burning Blood","HushsDoor","MoneyPower","infinitespire:Lychee Nut","infinitespire:EmpoweringShard","Runic Pyramid","Quantum Egg","Prayer Wheel"],"acts_visited":["Exordium","TheCity"],"potions_floor_usage":[33],"damage_taken":[{"damage":11,"enemies":"Small Slimes","floor":1,"turns":3},{"damage":0,"enemies":"2 Louse","floor":4,"turns":3},{"damage":11,"enemies":"Jaw Worm","floor":5,"turns":2},{"damage":23,"enemies":"Gremlin Nob","floor":6,"turns":4},{"damage":3,"enemies":"Red Slaver","floor":8,"turns":3},{"damage":11,"enemies":"Exordium Wildlife","floor":11,"turns":3},{"damage":7,"enemies":"Blue Slaver","floor":14,"turns":2},{"damage":48,"enemies":"Hexaghost","floor":16,"turns":6},{"damage":13,"enemies":"3 Byrds","floor":18,"turns":3},{"damage":10,"enemies":"2 Thieves","floor":19,"turns":3},{"damage":5,"enemies":"Cultist and Chosen","floor":24,"turns":3},{"damage":1,"enemies":"Shelled Parasite and Fungi","floor":25,"turns":3},{"damage":0,"enemies":"Gremlin Leader","floor":27,"turns":4},{"damage":10,"enemies":"Chosen and Byrds","floor":28,"turns":3},{"damage":11,"enemies":"Snake Plant","floor":29,"turns":2},{"damage":0,"enemies":"Snecko","floor":30,"turns":2},{"damage":0,"enemies":"Sentry and Sphere","floor":31,"turns":2},{"damage":115,"enemies":"Automaton","floor":33,"turns":6}],"seed_played":"5728835038333789890","potions_obtained":[{"floor":8,"key":"construct:ShiftPotion"},{"floor":11,"key":"HeartOfIron"},{"floor":14,"key":"PowerPotion"},{"floor":25,"key":"PowerPotion"},{"floor":27,"key":"Fire Potion"},{"floor":30,"key":"Fire Potion"}],"is_trial":false,"path_per_floor":["M","?","?","M","M","E","R","M","T","R","M","?","R","M","R_BF","B",null,"M","M","?","$","?","R","M","M","T","E","M","M","M","M","R","B"],"character_chosen":"IRONCLAD","items_purchased":[],"campfire_rested":0,"item_purchase_floors":[],"current_hp_per_floor":[83,83,68,74,69,52,52,60,60,60,60,60,60,62,62,25,66,59,60,60,60,44,44,50,60,60,66,64,61,66,66,66,0,0],"gold":482,"neow_bonus":"TEN_PERCENT_HP_BONUS","is_daily":false,"chose_seed":false,"campfire_upgraded":6,"win_rate":0.0,"timestamp":1610176551,"path_taken":["M","?","?","M","?","E","R","M","T","R","M","?","R","M","R_BF","BOSS","M","M","?","?","?","R","M","?","T","E","M","M","M","M","R","BOSS"],"items_purchased_type":[],"build_version":"2020-12-22","purchased_purges":1,"victory":false,"max_hp_per_floor":[88,88,88,88,88,66,66,66,66,66,66,66,66,66,66,66,66,66,66,66,66,66,66,66,66,66,66,66,66,66,66,66,66,66],"card_choices":[{"not_picked":["Dark Embrace","Sword Boomerang"],"picked":"Body Slam","floor":1},{"not_picked":["Perfected Strike","Run Through"],"picked":"Infernal Blade","floor":4},{"not_picked":["Dual Wield","Cleave"],"picked":"Ghostly Armor","floor":5},{"not_picked":["Anger","Clothesline"],"picked":"Replay:Many Hands","floor":6},{"not_picked":["ReplayTheSpireMod:Muscle Training","ReplayTheSpireMod:Strike From Hell"],"picked":"Dual Wield","floor":8},{"not_picked":["Bloodletting","True Grit"],"picked":"Armaments","floor":11},{"not_picked":["Clothesline","Fiend Fire"],"picked":"Heavy Blade","floor":14},{"not_picked":["Hemogenesis","Bludgeon"],"picked":"Limit Break","floor":16},{"not_picked":["Carnage+1","Evolve"],"picked":"Flex","floor":18},{"not_picked":["ReplayTheSpireMod:LeadingStrike","Defy Death"],"picked":"Shrug It Off","floor":19},{"not_picked":["ReplayTheSpireMod:Haul","infinitespire:Collect"],"picked":"Replay:Fractal Strike","floor":22},{"not_picked":["Metallicize+1","Abandon","Replay:Undeath\u0027s Touch"],"picked":"SKIP","floor":24},{"not_picked":["Headbutt","ReplayTheSpireMod:Strike From Hell+1","Body Slam+1"],"picked":"SKIP","floor":25},{"not_picked":["Abandon","Replay:Undeath\u0027s Touch","ReplayTheSpireMod:Muscle Training"],"picked":"SKIP","floor":27},{"not_picked":["Body Slam","Twin Strike+1","True Grit"],"picked":"SKIP","floor":28},{"not_picked":["Immolate","Iron Wave","Anger"],"picked":"SKIP","floor":28},{"not_picked":["Thunderclap","Entrench"],"picked":"Heavy Blade+1","floor":29},{"not_picked":["Cleave","Clash+1","ReplayTheSpireMod:Limb From Limb+1"],"picked":"SKIP","floor":29},{"not_picked":["Bloodletting","Thunderclap","Perfected Strike"],"picked":"SKIP","floor":30},{"not_picked":["Pommel Strike","Whirlwind+1","Flame Barrier+1"],"picked":"SKIP","floor":30},{"not_picked":["Iron Wave+1","Anger","Run Through"],"picked":"SKIP","floor":31},{"not_picked":["Shrug It Off+1","Sword Boomerang+1","Pommel Strike+1"],"picked":"SKIP","floor":31}],"player_experience":28062,"relics_obtained":[{"floor":6,"key":"infinitespire:Lychee Nut"},{"floor":9,"key":"infinitespire:EmpoweringShard"},{"floor":26,"key":"Quantum Egg"},{"floor":27,"key":"Prayer Wheel"}],"event_choices":[{"damage_healed":0,"gold_gain":0,"cards_transformed":["Body Slam"],"player_choice":"Transformed","damage_taken":0,"max_hp_gain":0,"max_hp_loss":0,"event_name":"Transmorgrifier","floor":12,"gold_loss":0,"cards_obtained":["Rampage"]},{"cards_removed":["Defend_R"],"damage_healed":0,"gold_gain":0,"player_choice":"Upgrade and Remove","damage_taken":0,"max_hp_gain":0,"max_hp_loss":0,"event_name":"Designer","floor":20,"gold_loss":90,"cards_upgraded":["Strike_R"]}],"is_beta":false,"boss_relics":[{"not_picked":["ChewingGum","Fusion Hammer"],"picked":"Runic Pyramid"},{"not_picked":[]}],"items_purged_floors":[21],"is_endless":false,"potions_floor_spawned":[8,11,14,25,27,30],"killed_by":"Automaton","ascension_level":0}}