{"host":"mytek2nu1hrzdnew","time":1610214030,"event":{"mods":["100% Spire Juice","Aspiration","BaseMod","Conspire","GifTheSpireLib","Gold Saver","Hubris","Minty Spire (QoL Compilation)","Replay The Spire","StSLib","Stuff the Spire","Uncapped"],"gold_per_floor":[520,536,546,556,453,453,483,483,483,483,483,497,516,528,528,626,626,642,661,661,661],"floor_reached":20,"playtime":1196,"items_purged":[],"score":198,"play_id":"29539ef7-37d0-4b70-ae45-68718ee6699f","local_time":"20210109124030","is_ascension_mode":true,"campfire_choices":[{"data":"Moonworks:ScrambledEve","floor":6,"key":"SMITH"},{"floor":8,"key":"REST"},{"floor":11,"key":"REST"},{"floor":15,"key":"REST"}],"circlet_count":0,"master_deck":["Moonworks:Strike","Moonworks:Strike","Moonworks:Strike","Moonworks:Strike","Moonworks:Defend","Moonworks:Defend","Moonworks:Defend","Moonworks:Defend","Moonworks:Ambush","Moonworks:LongDistanceShot","Moonworks:CloudOfSeagulls","Moonworks:ScrambledEve+1","Moonworks:x16BigRocket","Moonworks:JonathanRush","Moonworks:CloudOfSeagulls","Moonworks:MiracleWalker","Moonworks:JonathanRush+1","Moonworks:HolyNight","Moonworks:SakisCookie+1"],"relics":["Moonworks:BrokenBomb","Moonworks:Homemark","hubris:ToyBattleship","Molten Egg 2","hubris:Towel"],"acts_visited":["Exordium","TheCity"],"potions_floor_usage":[4,7,18,18],"damage_taken":[{"damage":0,"enemies":"2 Louse","floor":1,"turns":3},{"damage":4,"enemies":"Small Slimes","floor":2,"turns":4},{"damage":0,"enemies":"Jaw Worm","floor":3,"turns":4},{"damage":6,"enemies":"2 Fungi Beasts","floor":4,"turns":3},{"damage":5,"enemies":"Looter","floor":5,"turns":3},{"damage":26,"enemies":"3 Sentries","floor":7,"turns":5},{"damage":10,"enemies":"Large Slime","floor":12,"turns":3},{"damage":1,"enemies":"Gremlin Gang","floor":13,"turns":5},{"damage":19,"enemies":"3 Louse","floor":14,"turns":3},{"damage":5,"enemies":"Slime Boss","floor":16,"turns":3},{"damage":19,"enemies":"Chosen","floor":18,"turns":5},{"damage":26,"enemies":"3 Byrds","floor":19,"turns":5},{"damage":36,"enemies":"Masked Bandits","floor":20,"turns":2}],"seed_played":"1244090589006342193","potions_obtained":[{"floor":1,"key":"DistilledChaos"},{"floor":3,"key":"Fire Potion"},{"floor":4,"key":"Swift Potion"},{"floor":7,"key":"Adrenaline Potion"},{"floor":16,"key":"Elixir"}],"is_trial":false,"path_per_floor":["M","M","M","M","M","R","E","R","T","?","R","M","M","M","R","B",null,"M","M","?"],"character_chosen":"THE_STARBREAKER","items_purchased":[],"campfire_rested":3,"item_purchase_floors":[],"current_hp_per_floor":[60,56,56,50,45,45,19,37,37,37,55,45,44,25,43,45,60,41,21,0,0],"gold":661,"neow_bonus":"HUNDRED_GOLD","is_daily":false,"chose_seed":false,"campfire_upgraded":1,"win_rate":0.0,"timestamp":1610214030,"path_taken":["M","M","M","M","M","R","E","R","T","?","R","M","M","M","R","BOSS","M","M","?"],"items_purchased_type":[],"build_version":"2020-12-22","purchased_purges":0,"victory":false,"max_hp_per_floor":[60,60,60,60,60,60,60,60,60,60,60,60,60,60,60,60,60,60,60,60,60],"card_choices":[{"not_picked":["Moonworks:LulusLuckyEgg","Moonworks:WindyEnchantment"],"picked":"Moonworks:CloudOfSeagulls","floor":1},{"not_picked":["Moonworks:Dinner","Moonworks:Poppoformation"],"picked":"Moonworks:ScrambledEve","floor":2},{"not_picked":["Moonworks:WindyEnchantment","Moonworks:IndiscriminateFireSupport"],"picked":"Moonworks:x16BigRocket","floor":3},{"not_picked":["Moonworks:DevilHand","Moonworks:TacticalRetreat"],"picked":"Moonworks:JonathanRush","floor":4},{"not_picked":["Moonworks:ScrambledEve","Moonworks:FinalSurgery"],"picked":"Moonworks:CloudOfSeagulls","floor":5},{"not_picked":["Moonworks:CloudOfSeagulls","Moonworks:DevilHand"],"picked":"Moonworks:MiracleWalker","floor":7},{"not_picked":["Moonworks:BigMagnum","Moonworks:NicePresent","Moonworks:ImOnFire"],"picked":"SKIP","floor":12},{"not_picked":["Moonworks:RocketCannon+1","Moonworks:ForcedRevival","Moonworks:SealedMemories"],"picked":"SKIP","floor":13},{"not_picked":["Moonworks:ImOnFire","Moonworks:DeployBits"],"picked":"Moonworks:JonathanRush+1","floor":14},{"not_picked":["Moonworks:LeapThroughSpace","Moonworks:PlushieMaster"],"picked":"Moonworks:HolyNight","floor":16},{"not_picked":["Moonworks:ImmovableObject","Moonworks:TreasureThief+1"],"picked":"Moonworks:SakisCookie+1","floor":18},{"not_picked":["Moonworks:DeployBits","Moonworks:Poppoformation+1","Moonworks:UnluckyCharm"],"picked":"SKIP","floor":19}],"player_experience":1040462,"relics_obtained":[{"floor":7,"key":"hubris:ToyBattleship"},{"floor":9,"key":"Molten Egg 2"}],"event_choices":[{"damage_healed":0,"gold_gain":0,"player_choice":"Fought Bandits","damage_taken":0,"max_hp_gain":0,"max_hp_loss":0,"event_name":"Masked Bandits","floor":20,"gold_loss":0}],"is_beta":false,"boss_relics":[{"not_picked":["ReplayTheSpireMod:DimensionalGlitch","Runic Dome","hubris:RunicObelisk"]}],"items_purged_floors":[],"is_endless":false,"potions_floor_spawned":[1,3,4,7,16],"killed_by":"Masked Bandits","ascension_level":2}}