{"host":"ha6p5pdchuduffeg","time":1610163712,"event":{"mods":["Act Like it!","BaseMod","Gensokyo","KinomotoSakuraMod(ƒæ÷Æ±æ”£)","Koishi","Marisa£®ÏF”Í°°ƒß¿Ì…≥£©","Minty Spire (QoL Compilation)","Reimu£®≤©¿ˆ¡È√Œ£©","Remilia£®¿Ÿ√◊¿Ú—«£©","Replay The Spire","StSLib","The Servant 0.9.4","Youmu£®ªÍ∆«—˝√Œ£©"],"gold_per_floor":[117,117,117,69,79,111,197,42,42,42,56,56,46,59,59,59,59],"floor_reached":16,"playtime":451,"items_purged":[],"score":110,"play_id":"fd7cc0b1-ad1d-4b9b-b72e-2cbcc52a4185","local_time":"20210109114152","is_ascension_mode":true,"campfire_choices":[{"floor":12,"key":"REST"},{"floor":15,"key":"REST"}],"circlet_count":0,"master_deck":["Strike_R","Strike_R","Strike_R","Strike_R","Strike_R","Defend_R","Defend_R","Defend_R","Defend_R","Bash","Pummel+1","Headbutt","Flex","Armaments","Rupture","Cleave"],"relics":["Burning Blood","Blue Doll","Bronze Scales","TentaclePot:ReiMu","Letter Opener"],"acts_visited":["Exordium"],"potions_floor_usage":[16,16],"damage_taken":[{"damage":14.0,"enemies":"Jaw Worm","floor":1.0,"turns":5.0},{"damage":1.0,"enemies":"2 Louse","floor":5.0,"turns":4.0},{"damage":69.0,"enemies":"3 Sentries","floor":6.0,"turns":13.0},{"damage":8,"enemies":"Small Slimes","floor":11,"turns":3},{"damage":15,"enemies":"Exordium Thugs","floor":13,"turns":4},{"damage":9,"enemies":"2 Fungi Beasts","floor":14,"turns":2},{"damage":41,"enemies":"Slime Boss","floor":16,"turns":7}],"seed_played":"4471492773235026076","potions_obtained":[{"floor":13,"key":"Dexterity Potion"},{"floor":14,"key":"Explosive Potion"}],"is_trial":false,"path_per_floor":["M","?","?","$","M","E","?","$","T","?","M","R","M","M","R","B"],"character_chosen":"IRONCLAD","items_purchased":["Explosive Potion","TentaclePot:ReiMu"],"campfire_rested":2,"item_purchase_floors":[4,8],"current_hp_per_floor":[72,72,72,72,77,14,14,14,14,14,12,36,27,24,48,7,7],"gold":59,"neow_bonus":"RANDOM_COMMON_RELIC","is_daily":false,"chose_seed":false,"campfire_upgraded":0,"win_rate":0.0,"timestamp":1610163712,"path_taken":["M","?","?","$","?","E","?","$","T","?","M","R","M","M","R","BOSS"],"items_purchased_type":["Potion","Relic"],"build_version":"2020-12-22","purchased_purges":0,"victory":false,"max_hp_per_floor":[80,80,80,80,80,80,80,80,80,80,80,80,80,80,80,80,80],"card_choices":[{"not_picked":["Warcry","Clothesline","Body Slam"],"picked":"SKIP","floor":1.0},{"not_picked":["Perfected Strike","Dual Wield","Anger"],"picked":"SKIP","floor":5.0},{"not_picked":["Perfected Strike","Dual Wield","Anger"],"picked":"SKIP","floor":5.0},{"not_picked":["Run Through","Bludgeon"],"picked":"Pummel","floor":6.0},{"not_picked":["Replay:Undeath\u0027s Touch","True Grit"],"picked":"Headbutt","floor":7.0},{"not_picked":["Clash","ReplayTheSpireMod:Corrosion Curse"],"picked":"Flex","floor":7.0},{"not_picked":["Anger","True Grit"],"picked":"Armaments","floor":7.0},{"not_picked":["Body Slam","Dual Wield"],"picked":"Rupture","floor":11},{"not_picked":["Headbutt","Perfected Strike"],"picked":"Cleave","floor":13},{"not_picked":["Bludgeon","Thunderclap","Run Through"],"picked":"SKIP","floor":14}],"player_experience":21530,"relics_obtained":[{"floor":6.0,"key":"Bronze Scales"},{"floor":9.0,"key":"Letter Opener"}],"event_choices":[{"damage_healed":0.0,"max_hp_gain":0.0,"max_hp_loss":0.0,"gold_gain":0.0,"event_name":"The Cleric","player_choice":"Leave","floor":2.0,"gold_loss":0.0,"damage_taken":0.0},{"damage_healed":0.0,"max_hp_gain":0.0,"max_hp_loss":0.0,"gold_gain":0.0,"event_name":"Shining Light","player_choice":"Ignored","floor":3.0,"gold_loss":0.0,"damage_taken":0.0}],"is_beta":false,"boss_relics":[],"items_purged_floors":[],"is_endless":false,"potions_floor_spawned":[13,14],"killed_by":"Slime Boss","ascension_level":2}}