{"host":"m77rrhbqzv44va4v","time":1610229306,"event":{"mods":["AchievementEnabler","BaseMod","Colored Map","DeckTracker","Keyboard Shortcuts","Minty Spire (QoL Compilation)","StSLib","SuperFastMode","everything is the same but u backflip on backflip"],"gold_per_floor":[118,193,193,128,142,142,173,190,217,244,258,271,290,20,20,97,97,116,116,116,130,47,47,62,90,113,126,141,41,41,59,59,136,136,150,150,150],"floor_reached":36,"playtime":783,"items_purged":["Strike_G","Clumsy"],"score":892,"play_id":"0262c827-4e46-40d2-b7d9-8e8ba25cb68c","local_time":"20210110065506","is_ascension_mode":true,"campfire_choices":[{"data":"Noxious Fumes","floor":6,"key":"SMITH"},{"floor":15,"key":"REST"},{"data":"A Thousand Cuts","floor":23,"key":"SMITH"},{"floor":30,"key":"REST"},{"floor":32,"key":"REST"}],"circlet_count":0,"master_deck":["AscendersBane","Strike_G","Strike_G","Strike_G","Defend_G","Defend_G","Defend_G","Survivor","Neutralize","Noxious Fumes+1","PiercingWail","Slice","Bouncing Flask","A Thousand Cuts+1","Footwork","Well Laid Plans","Escape Plan","Malaise","Catalyst","Caltrops","Riddle With Holes","Bane+1","Crippling Poison","Backstab","Terror","Backflip","PiercingWail","Wraith Form v2"],"relics":["Ring of the Snake","NeowsBlessing","Art of War","PreservedInsect","Oddly Smooth Stone","Thread and Needle","Cursed Key","Tingsha","Anchor","Sozu"],"acts_visited":["Exordium","TheCity","TheBeyond"],"potions_floor_usage":[10,11,18,18,25,33],"damage_taken":[{"damage":0,"enemies":"Jaw Worm","floor":1,"turns":1},{"damage":0,"enemies":"Small Slimes","floor":5,"turns":1},{"damage":0,"enemies":"Lagavulin","floor":7,"turns":1},{"damage":0,"enemies":"Cultist","floor":8,"turns":4},{"damage":15,"enemies":"3 Sentries","floor":10,"turns":6},{"damage":23,"enemies":"Exordium Thugs","floor":11,"turns":5},{"damage":0,"enemies":"2 Fungi Beasts","floor":12,"turns":4},{"damage":5,"enemies":"3 Louse","floor":13,"turns":3},{"damage":2,"enemies":"Hexaghost","floor":16,"turns":9},{"damage":0,"enemies":"Spheric Guardian","floor":18,"turns":4},{"damage":12,"enemies":"Shell Parasite","floor":21,"turns":6},{"damage":12,"enemies":"Centurion and Healer","floor":24,"turns":8},{"damage":0,"enemies":"Gremlin Leader","floor":25,"turns":6},{"damage":8,"enemies":"Snake Plant","floor":27,"turns":4},{"damage":14,"enemies":"Snecko","floor":28,"turns":5},{"damage":18,"enemies":"Centurion and Healer","floor":31,"turns":6},{"damage":75,"enemies":"Automaton","floor":33,"turns":9},{"damage":38,"enemies":"3 Darklings","floor":35,"turns":5},{"damage":22,"enemies":"Orb Walker","floor":36,"turns":3}],"seed_played":"-4267561901314360645","potions_obtained":[{"floor":5,"key":"BlessingOfTheForge"},{"floor":7,"key":"SteroidPotion"},{"floor":11,"key":"Ancient Potion"},{"floor":16,"key":"EntropicBrew"},{"floor":24,"key":"DistilledChaos"},{"floor":25,"key":"Dexterity Potion"},{"floor":28,"key":"FairyPotion"}],"is_trial":false,"path_per_floor":["M","?","?","?","M","R","E","M","T","E","M","M","M","$","R","B",null,"M","?","?","M","$","R","M","E","T","M","M","$","R","M","R","B",null,"M","M"],"character_chosen":"THE_SILENT","items_purchased":["Escape Plan","GhostInAJar","Crippling Poison"],"campfire_rested":3,"item_purchase_floors":[14,14,22],"current_hp_per_floor":[59,48,48,48,48,48,48,48,48,33,10,10,5,5,24,22,55,55,55,55,43,43,43,31,31,31,23,9,9,28,10,29,13,53,15,0,0],"gold":150,"neow_bonus":"THREE_ENEMY_KILL","is_daily":false,"chose_seed":false,"campfire_upgraded":2,"win_rate":0.0,"timestamp":1610229306,"path_taken":["M","?","?","?","?","R","E","M","T","E","M","M","M","?","R","BOSS","M","?","?","M","$","R","M","E","T","M","?","$","R","M","R","BOSS","M","M"],"items_purchased_type":["Card","Potion","Card"],"build_version":"2020-12-22","purchased_purges":2,"victory":false,"max_hp_per_floor":[66,66,66,66,66,66,66,66,66,66,66,66,66,66,66,66,66,66,66,66,66,66,66,66,66,66,66,66,66,66,66,66,66,66,66,66,66],"card_choices":[{"not_picked":["Blade Dance","Concentrate"],"picked":"Noxious Fumes","floor":1},{"not_picked":["Endless Agony","Slice"],"picked":"PiercingWail","floor":5},{"not_picked":["Outmaneuver","Poisoned Stab"],"picked":"Slice","floor":7},{"not_picked":["Tactician","Calculated Gamble"],"picked":"Bouncing Flask","floor":8},{"not_picked":["Cloak And Dagger","All Out Attack"],"picked":"A Thousand Cuts","floor":10},{"not_picked":["Underhanded Strike","Bane"],"picked":"Footwork","floor":11},{"not_picked":["Caltrops","Acrobatics","Poisoned Stab"],"picked":"SKIP","floor":12},{"not_picked":["Deflect","Sucker Punch","Well Laid Plans"],"picked":"SKIP","floor":13},{"not_picked":["Deflect","Sucker Punch"],"picked":"Well Laid Plans","floor":13},{"not_picked":["Die Die Die","A Thousand Cuts"],"picked":"Malaise","floor":16},{"not_picked":["Underhanded Strike","Escape Plan"],"picked":"Catalyst","floor":18},{"not_picked":["Dodge and Roll","Heel Hook"],"picked":"Bane+1","floor":21},{"not_picked":["Dagger Throw","Dodge and Roll"],"picked":"Backstab","floor":24},{"not_picked":["Deflect","Outmaneuver"],"picked":"Terror","floor":25},{"not_picked":["Outmaneuver+1","Reflex"],"picked":"Backflip","floor":27},{"not_picked":["Choke+1","Backstab","Acrobatics"],"picked":"SKIP","floor":28},{"not_picked":["Concentrate","Deflect"],"picked":"PiercingWail","floor":31},{"not_picked":["Envenom","Doppelganger"],"picked":"Wraith Form v2","floor":33},{"not_picked":["Deadly Poison+1","Quick Slash","Flechettes"],"picked":"SKIP","floor":35}],"player_experience":921746,"relics_obtained":[{"floor":7,"key":"PreservedInsect"},{"floor":9,"key":"Oddly Smooth Stone"},{"floor":10,"key":"Thread and Needle"},{"floor":25,"key":"Tingsha"},{"floor":26,"key":"Anchor"}],"event_choices":[{"damage_healed":0,"gold_gain":75,"player_choice":"Gather Gold","damage_taken":11,"max_hp_gain":0,"max_hp_loss":0,"event_name":"World of Goop","floor":2,"gold_loss":0},{"cards_removed":["Defend_G"],"damage_healed":0,"gold_gain":0,"player_choice":"Forget","damage_taken":0,"max_hp_gain":0,"max_hp_loss":0,"event_name":"Living Wall","floor":3,"gold_loss":0},{"damage_healed":0,"gold_gain":0,"player_choice":"Paid Gold","damage_taken":0,"relics_obtained":["Art of War"],"max_hp_gain":0,"max_hp_loss":0,"event_name":"WeMeetAgain","floor":4,"gold_loss":65},{"damage_healed":0,"gold_gain":0,"cards_transformed":["Strike_G","Defend_G"],"player_choice":"Became Test Subject","damage_taken":0,"max_hp_gain":0,"max_hp_loss":0,"event_name":"Drug Dealer","floor":19,"gold_loss":0,"cards_obtained":["Caltrops","Infinite Blades"]},{"damage_healed":0,"gold_gain":0,"cards_transformed":["Infinite Blades"],"player_choice":"Transformed","damage_taken":0,"max_hp_gain":0,"max_hp_loss":0,"event_name":"Transmorgrifier","floor":20,"gold_loss":0,"cards_obtained":["Riddle With Holes"]}],"is_beta":false,"boss_relics":[{"not_picked":["Black Star","SlaversCollar"],"picked":"Cursed Key"},{"not_picked":["Velvet Choker","Busted Crown"],"picked":"Sozu"}],"items_purged_floors":[14,29],"is_endless":false,"potions_floor_spawned":[5,7,11,16,24,25,27,28],"killed_by":"Orb Walker","ascension_level":20}}