{"host":"5wznv0010959mrmz","time":1610210318,"event":{"mods":["BaseMod","Highlight Path","Minty Spire (QoL Compilation)","Relic Stats"],"gold_per_floor":[116,134,59,59,78,78,112,112,112,137,62,77,77,106,106,185,185,205,223,223,223,236,271,283,295,295],"floor_reached":25,"playtime":751,"items_purged":["Defend_G"],"score":478,"play_id":"093f556a-8fe3-491b-8026-c82ec8e3a699","local_time":"20210109103838","is_ascension_mode":true,"campfire_choices":[{"data":"Poisoned Stab","floor":6,"key":"SMITH"},{"data":"Neutralize","floor":8,"key":"SMITH"},{"floor":15,"key":"REST"}],"circlet_count":0,"master_deck":["AscendersBane","Strike_G","Strike_G","Strike_G","Strike_G+1","Defend_G","Defend_G","Defend_G","Defend_G","Survivor","Neutralize+1","Poisoned Stab+1","Backstab+1","Footwork","Terror","Adrenaline","Backflip","Eviscerate","Shame","Infinite Blades"],"relics":["Ring of the Snake","NeowsBlessing","White Beast Statue","Boot","StrikeDummy","Darkstone Periapt","Whetstone","Cursed Key","Anchor","MawBank"],"acts_visited":["Exordium","TheCity"],"potions_floor_usage":[7,10,12,16,16,18,22,22,23,25],"damage_taken":[{"damage":0,"enemies":"2 Louse","floor":1,"turns":1},{"damage":0,"enemies":"Jaw Worm","floor":2,"turns":1},{"damage":0,"enemies":"Small Slimes","floor":5,"turns":1},{"damage":15,"enemies":"3 Sentries","floor":7,"turns":10},{"damage":7,"enemies":"Lagavulin","floor":10,"turns":5},{"damage":3,"enemies":"3 Louse","floor":12,"turns":3},{"damage":21,"enemies":"3 Sentries","floor":14,"turns":7},{"damage":18,"enemies":"Slime Boss","floor":16,"turns":9},{"damage":8,"enemies":"3 Byrds","floor":18,"turns":4},{"damage":0,"enemies":"Chosen","floor":19,"turns":3},{"damage":23,"enemies":"Snake Plant","floor":22,"turns":3},{"damage":20,"enemies":"Book of Stabbing","floor":23,"turns":4},{"damage":5,"enemies":"Slavers","floor":25,"turns":3}],"seed_played":"8438322719685896765","potions_obtained":[{"floor":2,"key":"FearPotion"},{"floor":5,"key":"Dexterity Potion"},{"floor":7,"key":"PowerPotion"},{"floor":10,"key":"PowerPotion"},{"floor":12,"key":"SpeedPotion"},{"floor":14,"key":"DistilledChaos"},{"floor":16,"key":"Poison Potion"},{"floor":18,"key":"SkillPotion"},{"floor":19,"key":"Energy Potion"},{"floor":22,"key":"Fire Potion"},{"floor":23,"key":"SteroidPotion"}],"is_trial":false,"path_per_floor":["M","M","?","?","M","R","E","R","T","E","$","M","$","E","R","B",null,"M","M","?","?","M","E","?","E"],"character_chosen":"THE_SILENT","items_purchased":[],"campfire_rested":1,"item_purchase_floors":[],"current_hp_per_floor":[59,59,59,48,48,48,33,33,33,26,26,23,23,2,21,3,50,42,42,42,48,25,5,5,0,0],"gold":295,"neow_bonus":"THREE_ENEMY_KILL","is_daily":false,"chose_seed":false,"campfire_upgraded":2,"win_rate":0.0,"timestamp":1610210318,"path_taken":["M","M","?","?","M","R","E","R","T","E","$","M","?","E","R","BOSS","M","M","?","?","M","E","?","E"],"items_purchased_type":[],"build_version":"2020-12-22","purchased_purges":1,"victory":false,"max_hp_per_floor":[66,66,66,66,66,66,66,66,66,66,66,66,66,66,66,66,66,66,66,66,72,72,72,72,72,72],"relic_stats":{"Darkstone Periapt":6,"counters":[13,54],"Whetstone":["Strike_G","Backstab"],"Boot":[32],"Cursed Key":0,"MawBank":24,"obtain_stats":[{"Darkstone Periapt":10,"Anchor":21,"NeowsBlessing":0,"Whetstone":14,"Boot":7,"StrikeDummy":9,"Cursed Key":17,"MawBank":23,"White Beast Statue":4,"Ring of the Snake":0},{"Darkstone Periapt":5,"Anchor":10,"NeowsBlessing":0,"Whetstone":7,"Boot":4,"StrikeDummy":4,"Cursed Key":8,"MawBank":12,"White Beast Statue":2,"Ring of the Snake":0},{"Darkstone Periapt":18,"Anchor":44,"NeowsBlessing":0,"Whetstone":28,"Boot":13,"StrikeDummy":13,"Cursed Key":37,"MawBank":51,"White Beast Statue":2,"Ring of the Snake":0}],"Ring of the Snake":[26]},"card_choices":[{"not_picked":["Deadly Poison","Acrobatics"],"picked":"Poisoned Stab","floor":1},{"not_picked":["Setup","Predator"],"picked":"Dagger Throw","floor":2},{"not_picked":["Outmaneuver","Dodge and Roll"],"picked":"Backstab","floor":5},{"not_picked":["Dodge and Roll","Bane","Setup"],"picked":"SKIP","floor":7},{"not_picked":["Concentrate","Prepared"],"picked":"Footwork","floor":10},{"not_picked":["Backstab","Well Laid Plans"],"picked":"Terror","floor":12},{"not_picked":["All Out Attack","Bullet Time","Tactician"],"picked":"SKIP","floor":14},{"not_picked":["Glass Knife","Grand Finale"],"picked":"Adrenaline","floor":16},{"not_picked":["Cloak And Dagger","Flying Knee"],"picked":"Backflip","floor":18},{"not_picked":["Deadly Poison","Acrobatics"],"picked":"Eviscerate","floor":19},{"not_picked":["Masterful Stab","Backstab","Dodge and Roll"],"picked":"SKIP","floor":22},{"not_picked":["Underhanded Strike","PiercingWail","Storm of Steel"],"picked":"SKIP","floor":23}],"player_experience":425230,"relics_obtained":[{"floor":7,"key":"Boot"},{"floor":9,"key":"StrikeDummy"},{"floor":10,"key":"Darkstone Periapt"},{"floor":14,"key":"Whetstone"},{"floor":23,"key":"MawBank"}],"event_choices":[{"cards_removed":["Strike_G"],"damage_healed":0,"gold_gain":0,"player_choice":"Card Removal","damage_taken":0,"max_hp_gain":0,"max_hp_loss":0,"event_name":"The Cleric","floor":3,"gold_loss":75},{"damage_healed":0,"gold_gain":0,"player_choice":"Success","damage_taken":11,"relics_obtained":["White Beast Statue"],"max_hp_gain":0,"max_hp_loss":0,"event_name":"Scrap Ooze","floor":4,"gold_loss":0},{"damage_healed":0,"gold_gain":0,"player_choice":"Ignored","damage_taken":0,"max_hp_gain":0,"max_hp_loss":0,"event_name":"Vampires","floor":20,"gold_loss":0},{"damage_healed":0,"gold_gain":0,"player_choice":"Stole Relic","damage_taken":0,"relics_obtained":["Anchor"],"max_hp_gain":0,"max_hp_loss":0,"event_name":"Addict","floor":21,"gold_loss":0,"cards_obtained":["Shame"]},{"damage_healed":0,"gold_gain":0,"cards_transformed":["Dagger Throw"],"player_choice":"Transformed","damage_taken":0,"max_hp_gain":0,"max_hp_loss":0,"event_name":"Transmorgrifier","floor":24,"gold_loss":0,"cards_obtained":["Infinite Blades"]}],"is_beta":false,"boss_relics":[{"not_picked":["Runic Dome","HoveringKite"],"picked":"Cursed Key"}],"items_purged_floors":[11],"is_endless":false,"potions_floor_spawned":[2,5,7,10,12,14,16,18,19,22,23],"killed_by":"Slavers","ascension_level":20}}