{"host":"ul7yvwhigba0nw36","time":1610215804,"event":{"mods":["AchievementEnabler","Act Like it!","Aspiration","BaseMod","Colored Map","Colored Powertips","Downfall","Hermit","Highlight Path","Hubris","Infinite Spire","Minty Spire (QoL Compilation)","Random Character Button","Replay The Spire","StSLib","The Construct","The Cursed","The Disciple","The Jungle","The Necromancer"],"gold_per_floor":[117,132,34,59,69,98,98,131,155,171,171,171,23,67,67,198,198,214,232,232,142,157,201,201,225,277,277,356,22,47,96,96,251,251,334,334,334,58,92,92,92,144,170,203,52,111,111,151,151,151,201,201,45,98,114],"floor_reached":56,"playtime":2662,"items_purged":["Strike_R","Injury","Delirium","SwitchThreat"],"score":1183,"play_id":"159f8eed-eac3-4621-8ef6-70d5b6c31d71","local_time":"20210109181004","is_ascension_mode":false,"campfire_choices":[{"data":"Flex","floor":7,"key":"SMITH"},{"floor":12,"key":"REST"},{"floor":15,"key":"RECALL"},{"data":"Armaments","floor":24,"key":"SMITH"},{"data":"Double Tap","floor":27,"key":"SMITH"},{"data":"Perfected Strike","floor":32,"key":"SMITH"},{"data":"hubris:Fate","floor":40,"key":"SMITH"},{"data":"Exhume","floor":47,"key":"SMITH"},{"data":"Impervious","floor":49,"key":"SMITH"},{"data":"Flex","floor":52,"key":"SMITH"}],"circlet_count":0,"master_deck":["Strike_R+1","Strike_R+1","Strike_R+1","Strike_R+1","Defend_R+1","Defend_R+1","Defend_R+1","Defend_R+1","Bash+1","Twin Strike","Armaments+1","Flex+1","Shrug It Off","Dropkick","Shrug It Off","Inflame","Flex+1","Thunderclap","Double Tap+1","CurseOfTheBell","Dual Wield","hubris:Fate+1","Rage+1","Armaments+1","Perfected Strike+1","Disarm+1","Twin Strike","Exhume+1","Impervious+1","Shockwave+1","Headbutt+1","Shockwave+1","Twin Strike+1","Flex+1"],"relics":["Burning Blood","aspiration:Nostalgia","Slimebound:AbsorbEndCombat","hubris:ToyBattleship","Pet Ghost","Golden Idol","Lantern","construct:FoamFinger","Calling Bell","hubris:MobiusCoin","Blue Doll","aspiration:AnachronicSnailShell","Cursed Key","Another Sword","theJungle:ParSnip","MealTicket","King of Hearts","Replay:Bandana","Omamori","hubris:ChampionShield","Philosopher\u0027s Stone","hubris:Towel","Replay:WaspNest","infinitespire:Satchel","War Paint","ClockworkSouvenir","Snack Pack"],"acts_visited":["Exordium","Exordium","TheBeyond","TheEnding"],"potions_floor_usage":[6,31,55,55,55,55],"damage_taken":[{"damage":5,"enemies":"Cultist","floor":1,"turns":4},{"damage":5,"enemies":"Jaw Worm","floor":2,"turns":4},{"damage":0,"enemies":"Small Slimes","floor":5,"turns":3},{"damage":33,"enemies":"3 Sentries","floor":6,"turns":9},{"damage":7,"enemies":"Lagavulin","floor":8,"turns":5},{"damage":7,"enemies":"Looter","floor":10,"turns":3},{"damage":22,"enemies":"3 Sentries","floor":14,"turns":8},{"damage":11,"enemies":"Slime Boss","floor":16,"turns":8},{"damage":7,"enemies":"theJungle:5_Spyders","floor":18,"turns":5},{"damage":2,"enemies":"theJungle:MUSHROOMGANG","floor":19,"turns":4},{"damage":4,"enemies":"theJungle:SlimyTreeVines","floor":22,"turns":3},{"damage":0,"enemies":"theJungle:2_Phrogs","floor":23,"turns":7},{"damage":0,"enemies":"theJungle:2_Snecko_Cultists","floor":28,"turns":2},{"damage":0,"enemies":"theJungle:Snecko_Cultist_And_Trap","floor":30,"turns":1},{"damage":0,"enemies":"theJungle:MamaSnecko","floor":31,"turns":4},{"damage":2,"enemies":"theJungle:QueenSpyder","floor":33,"turns":8},{"damage":0,"enemies":"Orb Walker","floor":35,"turns":2},{"damage":4,"enemies":"3 Darklings","floor":39,"turns":2},{"damage":10,"enemies":"4 Shapes","floor":42,"turns":4},{"damage":0,"enemies":"Sphere and 2 Shapes","floor":44,"turns":3},{"damage":3,"enemies":"R_Hoarder","floor":46,"turns":5},{"damage":7,"enemies":"Spire Growth","floor":48,"turns":3},{"damage":0,"enemies":"infinitespire:MassOfShapes","floor":50,"turns":1},{"damage":0,"enemies":"Shield and Spear","floor":54,"turns":4},{"damage":79,"enemies":"The Heart","floor":55,"turns":6}],"seed_played":"910200666644113703","potions_obtained":[{"floor":4,"key":"SkillPotion"},{"floor":4,"key":"SmokeBomb"},{"floor":4,"key":"Explosive Potion"},{"floor":5,"key":"champ:CounterPotion"},{"floor":8,"key":"AttackPotion"},{"floor":16,"key":"SteroidPotion"},{"floor":18,"key":"SkillPotion"},{"floor":31,"key":"Fruit Juice"},{"floor":35,"key":"champ:CounterPotion"},{"floor":37,"key":"Doom Potion"},{"floor":48,"key":"PowerPotion"}],"is_trial":false,"path_per_floor":["M","M","$","?","M","E","R","E","T","M","?","R","$","E","R","B",null,"M","M","AVR","?","M","E","R","T","T","R","M","$","M","E","R","B",null,"M","?","?","$","M","R","?","M","T","M","$","E","R","M","R","B",null,"R","$","E","B",null],"character_chosen":"IRONCLAD","items_purchased":["Flex","Lantern","Perfected Strike","Omamori","Disarm","Headbutt+1","Replay:WaspNest","Flex+1","ClockworkSouvenir"],"campfire_rested":1,"item_purchase_floors":[3,13,29,29,29,38,38,45,53],"current_hp_per_floor":[80,80,80,48,54,27,27,26,26,25,25,49,49,33,33,28,80,79,80,80,80,80,80,80,80,80,80,80,80,80,85,85,85,85,85,85,85,85,85,85,85,81,81,85,85,85,85,84,84,85,85,85,85,85,13],"gold":114,"neow_bonus":"NOSTALGIA","is_daily":false,"chose_seed":false,"campfire_upgraded":8,"win_rate":0.0,"timestamp":1610215804,"path_taken":["M","M","?","?","M","E","R","E","T","M","?","R","$","E","R","BOSS","M","M","AVR","?","M","E","R","?","T","R","M","?","M","E","R","BOSS","M","?","?","$","?","R","?","M","T","M","$","E","R","M","R","BOSS","R","$","E","BOSS"],"items_purchased_type":["Card","Relic","Card","Relic","Card","Card","Relic","Card","Relic"],"build_version":"2020-12-22","purchased_purges":4,"victory":true,"max_hp_per_floor":[80,80,80,80,80,80,80,80,80,80,80,80,80,80,80,80,80,80,80,80,80,80,80,80,80,80,80,80,80,80,85,85,85,85,85,85,85,85,85,85,85,85,85,85,85,85,85,85,85,85,85,85,85,85,85],"card_choices":[{"not_picked":["Cleave","Clothesline"],"picked":"Twin Strike","floor":1},{"not_picked":["Metallicize","ReplayReversal"],"picked":"Armaments","floor":2},{"not_picked":["Body Slam","hubris:CleavingFinish"],"picked":"Shrug It Off","floor":4},{"not_picked":["Blood for Blood","ReplayTheSpireMod:Corrosion Curse"],"picked":"Dropkick","floor":5},{"not_picked":["Disarm","Juggernaut"],"picked":"Shrug It Off","floor":6},{"not_picked":["Replay:Undeath\u0027s Touch","Entrench"],"picked":"Inflame","floor":8},{"not_picked":["Battle Trance","Second Wind"],"picked":"Flex","floor":10},{"not_picked":["Rupture","infinitespire:OneForAll"],"picked":"Thunderclap","floor":14},{"not_picked":["Bludgeon","Impervious"],"picked":"Double Tap","floor":16},{"not_picked":["Dark Embrace+1","Run Through","Havoc"],"picked":"SKIP","floor":18},{"not_picked":["Cleave","Evolve"],"picked":"Dual Wield","floor":19},{"not_picked":["Run Through","Havoc"],"picked":"Rage+1","floor":22},{"not_picked":["Second Wind","ReplayReversal","Dropkick"],"picked":"SKIP","floor":23},{"not_picked":["Clothesline+1","Clash"],"picked":"Armaments+1","floor":28},{"not_picked":["Havoc","Heavy Blade"],"picked":"Twin Strike","floor":30},{"not_picked":["Shrug It Off","Abandon"],"picked":"Exhume","floor":31},{"not_picked":["Bludgeon","Offering"],"picked":"Impervious","floor":33},{"not_picked":["Hemokinesis+1","Clash+1"],"picked":"Shockwave","floor":35},{"not_picked":["Replay:Undeath\u0027s Touch+1","Clash+1"],"picked":"Shockwave+1","floor":39},{"not_picked":["Heavy Blade+1","Metallicize"],"picked":"Twin Strike+1","floor":42},{"not_picked":["Twin Strike+1","Heavy Blade+1","Armaments"],"picked":"SKIP","floor":44},{"not_picked":["Thunderclap+1","Iron Wave+1","Metallicize+1"],"picked":"SKIP","floor":46},{"not_picked":["Fire Breathing+1","Heavy Blade","Anger+1"],"picked":"SKIP","floor":48},{"not_picked":["Rampage+1","Havoc+1","Power Through"],"picked":"SKIP","floor":54}],"player_experience":434937,"relics_obtained":[{"floor":6,"key":"hubris:ToyBattleship"},{"floor":8,"key":"Pet Ghost"},{"floor":14,"key":"construct:FoamFinger"},{"floor":17,"key":"hubris:MobiusCoin"},{"floor":17,"key":"Blue Doll"},{"floor":17,"key":"aspiration:AnachronicSnailShell"},{"floor":23,"key":"MealTicket"},{"floor":25,"key":"King of Hearts"},{"floor":26,"key":"Replay:Bandana"},{"floor":31,"key":"hubris:ChampionShield"},{"floor":43,"key":"infinitespire:Satchel"},{"floor":46,"key":"War Paint"},{"floor":54,"key":"Snack Pack"}],"event_choices":[{"damage_healed":0,"gold_gain":0,"player_choice":"Take Wound","damage_taken":0,"relics_obtained":["Golden Idol"],"max_hp_gain":0,"max_hp_loss":0,"event_name":"Golden Idol","floor":11,"gold_loss":0,"cards_obtained":["Injury"]},{"damage_healed":0,"gold_gain":0,"player_choice":"Got Potions","damage_taken":0,"max_hp_gain":0,"max_hp_loss":0,"event_name":"Lab","floor":37,"gold_loss":0},{"damage_healed":0,"gold_gain":0,"player_choice":"Bought 0 Potions","damage_taken":0,"max_hp_gain":0,"max_hp_loss":0,"event_name":"The Woman in Blue","floor":41,"gold_loss":0}],"is_beta":false,"boss_relics":[{"not_picked":["Snecko Eye","aspiration:RitualDagger"],"picked":"Calling Bell"},{"not_picked":["aspiration:SilentSkillbook","construct:WeddingRing"],"picked":"Philosopher\u0027s Stone"}],"items_purged_floors":[3,20,29,45],"is_endless":false,"potions_floor_spawned":[5,8,16,18,19,31,35,39,48,54],"ascension_level":0}}