{"host":"19t2eyow02s954g8","time":1610167972,"event":{"mods":["BaseMod","Colored Map","DeckTracker","Minty Spire (QoL Compilation)","StSLib","SuperFastMode"],"gold_per_floor":[117,192,203,203,23,48,67,67,67,98,98,110,130,143,143,217,217,228,178,228,9,26,59,59,91,143,143,143,160,190,190,190],"floor_reached":31,"playtime":1261,"items_purged":["Strike_G","Strike_G","Defend_G"],"score":656,"play_id":"c4b0a007-9da9-4aa5-a8f4-dd9bb05fcdc6","local_time":"20210109135252","is_ascension_mode":true,"campfire_choices":[{"data":"Calculated Gamble","floor":8.0,"key":"SMITH"},{"data":"Terror","floor":11.0,"key":"SMITH"},{"data":"Neutralize","floor":15.0,"key":"SMITH"},{"floor":24.0,"key":"REST"},{"floor":28,"key":"REST"}],"circlet_count":0,"master_deck":["AscendersBane","Defend_G","Defend_G","Defend_G","Defend_G","Survivor","Neutralize+1","Calculated Gamble+1","Dagger Spray","Dagger Throw","Terror+1","Underhanded Strike+1","Heel Hook+1","Prepared","Deflect","Corpse Explosion","Expertise","Flying Knee+1","Backflip","Footwork","Dodge and Roll+1","Backstab+1","Reflex"],"relics":["Ring of the Snake","NeowsBlessing","Molten Egg 2","Smiling Mask","Empty Cage","StrikeDummy","Pen Nib","Snake Skull","Nunchaku"],"acts_visited":["Exordium","TheCity"],"potions_floor_usage":[25,30],"damage_taken":[{"damage":0.0,"enemies":"2 Louse","floor":1.0,"turns":1.0},{"damage":0.0,"enemies":"Small Slimes","floor":3.0,"turns":1.0},{"damage":0.0,"enemies":"3 Sentries","floor":6.0,"turns":1.0},{"damage":0.0,"enemies":"Cultist","floor":7.0,"turns":2.0},{"damage":7.0,"enemies":"Lagavulin","floor":10.0,"turns":5.0},{"damage":0.0,"enemies":"Red Slaver","floor":12.0,"turns":2.0},{"damage":0.0,"enemies":"3 Louse","floor":13.0,"turns":2.0},{"damage":0.0,"enemies":"Looter","floor":14.0,"turns":2.0},{"damage":15.0,"enemies":"Slime Boss","floor":16.0,"turns":7.0},{"damage":8.0,"enemies":"Chosen","floor":18.0,"turns":4.0},{"damage":15.0,"enemies":"Spheric Guardian","floor":22.0,"turns":5.0},{"damage":8.0,"enemies":"Book of Stabbing","floor":23.0,"turns":4.0},{"damage":25,"enemies":"Slavers","floor":25,"turns":2},{"damage":0,"enemies":"Snake Plant","floor":29,"turns":5},{"damage":6,"enemies":"Book of Stabbing","floor":30,"turns":5},{"damage":29,"enemies":"Chosen and Byrds","floor":31,"turns":5}],"seed_played":"7081711074446321010","potions_obtained":[{"floor":1.0,"key":"Swift Potion"},{"floor":10.0,"key":"CunningPotion"},{"floor":13.0,"key":"Weak Potion"},{"floor":16.0,"key":"FearPotion"},{"floor":18.0,"key":"Fire Potion"},{"floor":23.0,"key":"LiquidBronze"}],"is_trial":false,"path_per_floor":["M","?","M","?","$","E","M","R","T","E","R","M","M","M","R","B",null,"M","$","?","$","M","E","R","E","T","?","R","M","E","M"],"character_chosen":"THE_SILENT","items_purchased":["Dagger Throw","Terror","Flying Knee+1","Backflip","Footwork"],"campfire_rested":2,"item_purchase_floors":[5,5,21,21,21],"current_hp_per_floor":[59,48,48,48,48,48,48,48,48,41,41,41,41,41,41,26,56,48,48,48,48,33,25,44,19,19,19,38,38,32,3,3],"gold":190,"neow_bonus":"THREE_ENEMY_KILL","is_daily":false,"chose_seed":false,"campfire_upgraded":3,"win_rate":0.0,"timestamp":1610167972,"path_taken":["M","?","M","?","$","E","M","R","T","E","R","M","?","M","R","BOSS","M","$","?","$","M","E","R","E","T","?","R","M","E","M"],"items_purchased_type":["Card","Card","Card","Card","Card"],"build_version":"2020-12-22","purchased_purges":3,"victory":false,"max_hp_per_floor":[66,66,66,66,66,66,66,66,66,66,66,66,66,66,66,66,66,66,66,66,66,66,66,66,66,66,66,66,66,66,66,66],"card_choices":[{"not_picked":["Flying Knee","Prepared"],"picked":"Calculated Gamble","floor":1.0},{"not_picked":["Infinite Blades","Blade Dance"],"picked":"Dagger Spray","floor":3.0},{"not_picked":["Blur","Setup"],"picked":"Masterful Stab+1","floor":6.0},{"not_picked":["Expertise","Deadly Poison","Cloak And Dagger"],"picked":"SKIP","floor":7.0},{"not_picked":["Poisoned Stab+1","Backflip"],"picked":"Underhanded Strike+1","floor":10.0},{"not_picked":["Dagger Spray+1","Prepared"],"picked":"Heel Hook+1","floor":12.0},{"not_picked":["Bouncing Flask","Skewer+1"],"picked":"Prepared","floor":13.0},{"not_picked":["Accuracy","Terror"],"picked":"Deflect","floor":14.0},{"not_picked":["Unload+1","After Image"],"picked":"Corpse Explosion","floor":16.0},{"not_picked":["Deadly Poison","Blade Dance"],"picked":"Expertise","floor":18.0},{"not_picked":["Bane+1","Blade Dance"],"picked":"Dodge and Roll+1","floor":22.0},{"not_picked":["Setup","Riddle With Holes+1","Dagger Throw+1"],"picked":"SKIP","floor":23.0},{"not_picked":["Prepared","Choke+1","Bouncing Flask"],"picked":"SKIP","floor":25},{"not_picked":["Cloak And Dagger","Corpse Explosion"],"picked":"Backstab+1","floor":29},{"not_picked":["Sucker Punch+1","Malaise"],"picked":"Reflex","floor":30}],"player_experience":4207859,"relics_obtained":[{"floor":6.0,"key":"Molten Egg 2"},{"floor":10.0,"key":"Smiling Mask"},{"floor":23.0,"key":"StrikeDummy"},{"floor":25,"key":"Pen Nib"},{"floor":26,"key":"Snake Skull"},{"floor":30,"key":"Nunchaku"}],"event_choices":[{"damage_healed":0.0,"max_hp_gain":0.0,"max_hp_loss":0.0,"gold_gain":75.0,"event_name":"World of Goop","player_choice":"Gather Gold","floor":2.0,"gold_loss":0.0,"damage_taken":11.0},{"cards_removed":["Strike_G"],"damage_healed":0.0,"max_hp_gain":0.0,"max_hp_loss":0.0,"gold_gain":0.0,"event_name":"Purifier","player_choice":"Purged","floor":4.0,"gold_loss":0.0,"damage_taken":0.0},{"damage_healed":0.0,"max_hp_gain":0.0,"max_hp_loss":0.0,"gold_gain":50.0,"event_name":"Nest","player_choice":"Stole From Cult","floor":20.0,"gold_loss":0.0,"damage_taken":0.0},{"cards_removed":["Masterful Stab"],"damage_healed":0,"gold_gain":0,"player_choice":"Elegance","damage_taken":0,"max_hp_gain":0,"max_hp_loss":0,"event_name":"Back to Basics","floor":27,"gold_loss":0}],"is_beta":false,"boss_relics":[{"not_picked":["Runic Pyramid","Cursed Key"],"picked":"Empty Cage"}],"items_purged_floors":[5,19,21],"is_endless":false,"potions_floor_spawned":[1,10,13,16,18,23],"killed_by":"Chosen and Byrds","ascension_level":20}}