{"host":"8rqsnaeml9gxb0kp","time":1610173604,"event":{"mods":["AchievementEnabler","BaseMod","Dark Map","Minty Spire (QoL Compilation)","StSLib"],"gold_per_floor":[111,111,61,81,9,42,42,63,89,128,128,74,74,90,90,209,209,228,100,15,15,29,29,29,29,29,67,80,96,119,143,143,143,143],"floor_reached":33,"playtime":2818,"items_purged":["Strike_B"],"score":275,"play_id":"9b2d19ef-89c2-4918-9e2e-20123632042d","local_time":"20210108222644","is_ascension_mode":false,"campfire_choices":[{"floor":11,"key":"REST"},{"data":"Hologram","floor":15,"key":"SMITH"},{"data":"Darkness","floor":23,"key":"SMITH"},{"data":"Self Repair","floor":25,"key":"SMITH"},{"data":"Darkness","floor":32,"key":"SMITH"}],"circlet_count":0,"master_deck":["Zap","Dualcast","Ball Lightning+1","Tempest+1","Coolheaded","BootSequence","Aggregate","Auto Shields","Darkness+1","Hologram+1","Sweeping Beam","Biased Cognition","Barrage+1","Consume+1","Conserve Battery+1","Hologram+1","Compile Driver","FTL","Barrage","Cold Snap+1","Self Repair+1","Zap","Darkness+1","Redo+1","Chaos","Leap+1"],"relics":["Cracked Core","Lantern","Golden Idol","Pen Nib","Happy Flower","Astrolabe","Oddly Smooth Stone","StoneCalendar","Nunchaku"],"acts_visited":["Exordium","TheCity"],"potions_floor_usage":[10,10,27,33],"damage_taken":[{"damage":0.0,"enemies":"Small Slimes","floor":1.0,"turns":3.0},{"damage":6,"enemies":"2 Louse","floor":4,"turns":3},{"damage":18,"enemies":"3 Sentries","floor":6,"turns":9},{"damage":6,"enemies":"Jaw Worm","floor":8,"turns":3},{"damage":16,"enemies":"Gremlin Nob","floor":10,"turns":5},{"damage":0,"enemies":"Looter","floor":14,"turns":2},{"damage":23,"enemies":"Hexaghost","floor":16,"turns":9},{"damage":0,"enemies":"Chosen","floor":18,"turns":3},{"damage":4,"enemies":"2 Thieves","floor":22,"turns":3},{"damage":32,"enemies":"Slavers","floor":27,"turns":5},{"damage":10,"enemies":"Shelled Parasite and Fungi","floor":28,"turns":4},{"damage":4,"enemies":"Chosen and Byrds","floor":29,"turns":3},{"damage":11,"enemies":"Centurion and Healer","floor":30,"turns":4},{"damage":3,"enemies":"Sentry and Sphere","floor":31,"turns":5},{"damage":64,"enemies":"Automaton","floor":33,"turns":8}],"seed_played":"7293419956042156058","potions_obtained":[{"floor":6,"key":"AttackPotion"},{"floor":8,"key":"PowerPotion"},{"floor":10,"key":"FearPotion"},{"floor":16,"key":"Block Potion"},{"floor":27,"key":"Fire Potion"},{"floor":28,"key":"Swift Potion"},{"floor":29,"key":"SpeedPotion"}],"is_trial":false,"path_per_floor":["M","?","?","M","$","E","?","M","T","E","R","$","?","M","R","B",null,"M","$","?","?","M","R","?","R","T","E","M","M","M","M","R","B"],"character_chosen":"DEFECT","items_purchased":["BootSequence","Hologram","Compile Driver"],"campfire_rested":1,"item_purchase_floors":[5,12,19],"current_hp_per_floor":[82,82,82,76,76,58,58,52,52,36,58,58,43,43,43,20,76,76,76,76,76,72,72,72,72,72,50,50,46,45,52,52,0,0],"gold":143,"neow_bonus":"TEN_PERCENT_HP_BONUS","is_daily":false,"chose_seed":false,"campfire_upgraded":4,"win_rate":0.0,"timestamp":1610173604,"path_taken":["M","?","?","M","?","E","?","M","T","E","R","$","?","M","R","BOSS","M","$","?","?","M","R","?","R","T","E","M","M","?","M","R","BOSS"],"items_purchased_type":["Card","Card","Card"],"build_version":"2020-12-22","purchased_purges":1,"victory":false,"max_hp_per_floor":[82,82,82,82,82,82,76,76,76,76,76,76,76,76,76,76,76,76,76,76,76,76,76,76,76,76,76,76,76,76,76,76,76,76],"card_choices":[{"not_picked":["Hologram","Tempest"],"picked":"Ball Lightning","floor":1.0},{"not_picked":["Steam","Redo"],"picked":"Coolheaded","floor":4},{"not_picked":["Hello World","Melter"],"picked":"Aggregate","floor":6},{"not_picked":["Coolheaded","Double Energy"],"picked":"Auto Shields","floor":8},{"not_picked":["Rip and Tear","Static Discharge"],"picked":"Darkness","floor":10},{"not_picked":["Leap","FTL"],"picked":"Sweeping Beam","floor":14},{"not_picked":["Amplify","Creative AI"],"picked":"Biased Cognition","floor":16},{"not_picked":["Stack","Sweeping Beam"],"picked":"Hologram+1","floor":18},{"not_picked":["Go for the Eyes","Hologram"],"picked":"Cold Snap+1","floor":22},{"not_picked":["Stack+1","Chill"],"picked":"Darkness","floor":27},{"not_picked":["Hello World+1","BootSequence+1"],"picked":"Redo+1","floor":28},{"not_picked":["Barrage","Gash"],"picked":"Chaos","floor":29},{"not_picked":["Beam Cell","White Noise+1"],"picked":"Leap+1","floor":30},{"not_picked":["Tempest+1","Beam Cell+1","Compile Driver+1"],"picked":"SKIP","floor":31}],"player_experience":31269,"relics_obtained":[{"floor":6,"key":"Lantern"},{"floor":9,"key":"Pen Nib"},{"floor":10,"key":"Happy Flower"},{"floor":26,"key":"StoneCalendar"},{"floor":27,"key":"Nunchaku"}],"event_choices":[{"damage_healed":0.0,"max_hp_gain":0.0,"max_hp_loss":0.0,"gold_gain":0.0,"cards_transformed":["Strike_B"],"event_name":"Living Wall","player_choice":"Change","floor":2.0,"gold_loss":0.0,"damage_taken":0.0,"cards_obtained":["Tempest"]},{"cards_removed":["Defend_B"],"damage_healed":0.0,"max_hp_gain":0.0,"max_hp_loss":0.0,"gold_gain":0.0,"event_name":"The Cleric","player_choice":"Card Removal","floor":3.0,"gold_loss":50.0,"damage_taken":0.0},{"damage_healed":0,"gold_gain":0,"player_choice":"Lose Max HP","damage_taken":0,"relics_obtained":["Golden Idol"],"max_hp_gain":0,"max_hp_loss":6,"event_name":"Golden Idol","floor":7,"gold_loss":0},{"damage_healed":0,"gold_gain":0,"player_choice":"Entered Light","damage_taken":15,"max_hp_gain":0,"max_hp_loss":0,"event_name":"Shining Light","floor":13,"gold_loss":0,"cards_upgraded":["Ball Lightning","Tempest"]},{"damage_healed":0,"gold_gain":0,"player_choice":"Obtained Relic","damage_taken":0,"relics_obtained":["Oddly Smooth Stone"],"max_hp_gain":0,"max_hp_loss":0,"event_name":"Addict","floor":20,"gold_loss":85},{"damage_healed":0,"gold_gain":0,"cards_transformed":["Defend_B","Defend_B"],"player_choice":"Became Test Subject","damage_taken":0,"max_hp_gain":0,"max_hp_loss":0,"event_name":"Drug Dealer","floor":21,"gold_loss":0,"cards_obtained":["FTL","Barrage"]},{"damage_healed":0,"gold_gain":0,"player_choice":"2 cards matched","damage_taken":0,"max_hp_gain":0,"max_hp_loss":0,"event_name":"Match and Keep!","floor":24,"gold_loss":0,"cards_obtained":["Self Repair","Zap"]}],"is_beta":false,"boss_relics":[{"not_picked":["Runic Dome","Sozu"],"picked":"Astrolabe"}],"items_purged_floors":[19],"is_endless":false,"potions_floor_spawned":[6,8,10,16,27,28,29,31],"killed_by":"Automaton","ascension_level":0}}