{"host":"q387i5o1hp66091u","time":1610200280,"event":{"mods":["2.2 Compatiblity","BaseMod","Minty Spire (QoL Compilation)","Rare Cards Sparkle"],"gold_per_floor":[110,110,110,122,139,139,153,182,208,228,239,239,239],"floor_reached":12,"playtime":501,"items_purged":[],"score":128,"play_id":"db4090ed-1ffa-47a2-a80c-ce45acb713e2","local_time":"20210109225120","is_ascension_mode":true,"campfire_choices":[{"data":"Armaments","floor":6.0,"key":"SMITH"}],"circlet_count":0,"master_deck":["Strike_R","Strike_R","Strike_R","Strike_R","Strike_R","Defend_R","Defend_R","Defend_R","Defend_R","Bash","Armaments+1","Decay","Thunderclap","Flex","Disarm","Flame Barrier","Evolve","Perfected Strike"],"relics":["Burning Blood","Regal Pillow","Anchor","Strawberry"],"acts_visited":["Exordium"],"potions_floor_usage":[],"damage_taken":[{"damage":4.0,"enemies":"Jaw Worm","floor":1.0,"turns":4.0},{"damage":11.0,"enemies":"2 Louse","floor":4.0,"turns":4.0},{"damage":3.0,"enemies":"Cultist","floor":5.0,"turns":4.0},{"damage":14.0,"enemies":"Looter","floor":7.0,"turns":4.0},{"damage":30.0,"enemies":"3 Sentries","floor":8.0,"turns":9.0},{"damage":13.0,"enemies":"Gremlin Gang","floor":10.0,"turns":6.0},{"damage":4.0,"enemies":"Large Slime","floor":11.0,"turns":6.0},{"damage":31,"enemies":"Gremlin Nob","floor":12,"turns":4}],"seed_played":"8415132950819090067","potions_obtained":[{"floor":1.0,"key":"Fire Potion"},{"floor":4.0,"key":"AttackPotion"},{"floor":5.0,"key":"DuplicationPotion"},{"floor":10.0,"key":"BlessingOfTheForge"}],"is_trial":false,"path_per_floor":["M","?","?","M","M","R","M","E","T","M","M","E"],"character_chosen":"IRONCLAD","items_purchased":[],"campfire_rested":0,"item_purchase_floors":[],"current_hp_per_floor":[88,63,63,58,61,61,53,29,36,29,31,0,0],"gold":239,"neow_bonus":"TEN_PERCENT_HP_BONUS","is_daily":false,"chose_seed":false,"campfire_upgraded":1,"win_rate":0.0,"timestamp":1610200280,"path_taken":["M","?","?","M","?","R","M","E","T","M","M","E"],"items_purchased_type":[],"build_version":"2020-12-22","purchased_purges":0,"victory":false,"max_hp_per_floor":[88,88,88,88,88,88,88,88,95,95,95,95,95],"card_choices":[{"not_picked":["Battle Trance","Blood for Blood"],"picked":"Armaments","floor":1.0},{"not_picked":["Havoc","True Grit"],"picked":"Thunderclap","floor":4.0},{"not_picked":["Headbutt","Searing Blow"],"picked":"Flex","floor":5.0},{"not_picked":["Clash","Reckless Charge"],"picked":"Disarm","floor":7.0},{"not_picked":["Flex","Whirlwind"],"picked":"Flame Barrier","floor":8.0},{"not_picked":["Perfected Strike","Iron Wave"],"picked":"Evolve","floor":10.0},{"not_picked":["Corruption","Cleave"],"picked":"Perfected Strike","floor":11.0}],"player_experience":591795,"relics_obtained":[{"floor":8.0,"key":"Anchor"},{"floor":9.0,"key":"Strawberry"}],"event_choices":[{"damage_healed":0.0,"max_hp_gain":0.0,"max_hp_loss":0.0,"gold_gain":0.0,"event_name":"Scrap Ooze","player_choice":"Success","floor":2.0,"gold_loss":0.0,"damage_taken":25.0,"relics_obtained":["Regal Pillow"]},{"damage_healed":0.0,"max_hp_gain":0.0,"max_hp_loss":0.0,"gold_gain":0.0,"event_name":"Wheel of Change","player_choice":"Cursed","floor":3.0,"gold_loss":0.0,"damage_taken":0.0,"cards_obtained":["Decay"]}],"is_beta":false,"boss_relics":[],"items_purged_floors":[],"is_endless":false,"potions_floor_spawned":[1,4,5,10],"killed_by":"Gremlin Nob","ascension_level":5}}