{"host":"y3h3n3f7seyagppx","time":1610224378,"event":{"mods":["AlwaysNeverKeys","BaseMod","Better Vampires","Colored Powertips","DeckTracker","Emptier Cage","Minty Spire (QoL Compilation)","Permanent Neow","Quick Restart","Rare Cards Sparkle","Relic Sorter","Relic Stats","StSLib","Transform Curses"],"gold_per_floor":[111,261,280,1,17,42,42,75,75,75,0,13,45,59,59,133,133,152,186,76,90,102,102,131,131,131,164,174,190,190,223,223,305,305,323,345,354,376,391,426,426,426],"floor_reached":41,"playtime":12011,"items_purged":["Doubt"],"score":1106,"play_id":"20b59de9-3229-4f57-89f4-9d3a29739757","local_time":"20210109153258","is_ascension_mode":true,"campfire_choices":[{"data":"Carnage","floor":10,"key":"SMITH"},{"data":"Bash","floor":15,"key":"SMITH"},{"data":"Immolate","floor":23,"key":"SMITH"},{"data":"Shrug It Off","floor":25,"key":"SMITH"},{"floor":30,"key":"REST"},{"data":"Limit Break","floor":32,"key":"SMITH"}],"circlet_count":0,"master_deck":["AscendersBane","Strike_R+1","Strike_R","Strike_R","Strike_R","Defend_R","Defend_R","Defend_R","Defend_R","Bash+1","Carnage+1","Anger","Battle Trance","Shrug It Off+1","Second Wind","Brutality","Ghostly Armor","Immolate+1","Sword Boomerang+1","Burning Pact","Shockwave+1","Limit Break+1","Shrug It Off","Feel No Pain","Exhume","Heavy Blade","Secret Technique","Feel No Pain+1","Armaments+1"],"relics":["Burning Blood","Ancient Tea Set","Paper Frog","Anchor","Incense Burner","Shuriken","Art of War","Sozu","Red Mask","Kunai","Eternal Feather","Smiling Mask","CeramicFish","Snecko Eye","Frozen Egg 2"],"acts_visited":["Exordium","TheCity","TheBeyond"],"potions_floor_usage":[6,8,40],"damage_taken":[{"damage":13,"enemies":"Small Slimes","floor":1,"turns":5},{"damage":1,"enemies":"2 Louse","floor":3,"turns":4},{"damage":0,"enemies":"Cultist","floor":5,"turns":2},{"damage":35,"enemies":"3 Sentries","floor":6,"turns":9},{"damage":6,"enemies":"Gremlin Nob","floor":8,"turns":3},{"damage":0,"enemies":"Exordium Wildlife","floor":12,"turns":3},{"damage":15,"enemies":"3 Sentries","floor":13,"turns":6},{"damage":1,"enemies":"Looter","floor":14,"turns":5},{"damage":7,"enemies":"Slime Boss","floor":16,"turns":8},{"damage":20,"enemies":"Spheric Guardian","floor":18,"turns":4},{"damage":21,"enemies":"Masked Bandits","floor":19,"turns":5},{"damage":0,"enemies":"2 Thieves","floor":21,"turns":3},{"damage":17,"enemies":"Cultist and Chosen","floor":22,"turns":5},{"damage":15,"enemies":"Book of Stabbing","floor":24,"turns":4},{"damage":24,"enemies":"Gremlin Leader","floor":27,"turns":3},{"damage":0,"enemies":"3 Cultists","floor":28,"turns":4},{"damage":12,"enemies":"Shelled Parasite and Fungi","floor":29,"turns":7},{"damage":20,"enemies":"Slavers","floor":31,"turns":4},{"damage":24,"enemies":"Collector","floor":33,"turns":8},{"damage":0,"enemies":"Orb Walker","floor":35,"turns":2},{"damage":6,"enemies":"3 Darklings","floor":36,"turns":4},{"damage":6,"enemies":"4 Shapes","floor":38,"turns":11},{"damage":23,"enemies":"Spire Growth","floor":39,"turns":4},{"damage":52,"enemies":"Giant Head","floor":40,"turns":8}],"seed_played":"-5051477229647399156","potions_obtained":[{"floor":1,"key":"SpeedPotion"},{"floor":6,"key":"FearPotion"},{"floor":14,"key":"BloodPotion"}],"is_trial":false,"path_per_floor":["M","?","M","$","M","E","?","E","T","R","$","M","E","M","R","B",null,"M","?","?","M","M","R","E","R","T","E","M","M","R","E","R","B",null,"M","M","?","M","M","E","M"],"character_chosen":"IRONCLAD","items_purchased":["Paper Frog"],"campfire_rested":1,"item_purchase_floors":[4],"current_hp_per_floor":[61,61,66,66,72,43,68,68,68,68,68,74,65,70,70,69,74,60,45,45,51,40,40,31,31,31,13,19,13,47,33,45,27,63,69,69,59,59,42,11,0,0],"gold":426,"neow_bonus":"RANDOM_COMMON_RELIC","is_daily":false,"chose_seed":false,"campfire_upgraded":5,"win_rate":0.0,"timestamp":1610224378,"path_taken":["M","?","M","$","M","E","?","E","T","R","$","M","E","M","R","BOSS","M","?","?","?","M","R","E","R","T","E","M","M","R","E","R","BOSS","M","M","?","M","M","E","M"],"items_purchased_type":["Relic"],"build_version":"2020-12-22","purchased_purges":1,"victory":false,"max_hp_per_floor":[75,75,75,75,75,75,75,75,75,75,75,75,75,75,75,75,75,75,75,75,75,75,75,75,75,75,75,75,75,75,75,75,75,75,75,75,75,75,75,75,75,75],"relic_stats":{"Sozu":6,"counters":[25,127],"Shuriken":[26],"CeramicFish":45,"Snecko Eye":[75,67,58,70],"Eternal Feather":24,"Art of War":[13],"Kunai":[12],"Smiling Mask":0,"obtain_stats":[{"CeramicFish":31,"Eternal Feather":26,"Incense Burner":8,"Frozen Egg 2":40,"Ancient Tea Set":0,"Smiling Mask":27,"Burning Blood":0,"Sozu":17,"Anchor":6,"Shuriken":9,"Snecko Eye":34,"Art of War":13,"Red Mask":19,"Kunai":24,"Paper Frog":4},{"CeramicFish":18,"Eternal Feather":14,"Incense Burner":5,"Frozen Egg 2":24,"Ancient Tea Set":0,"Smiling Mask":15,"Burning Blood":0,"Sozu":9,"Anchor":4,"Shuriken":5,"Snecko Eye":19,"Art of War":7,"Red Mask":11,"Kunai":14,"Paper Frog":2},{"CeramicFish":84,"Eternal Feather":66,"Incense Burner":23,"Frozen Egg 2":121,"Ancient Tea Set":0,"Smiling Mask":69,"Burning Blood":0,"Sozu":45,"Anchor":20,"Shuriken":23,"Snecko Eye":92,"Art of War":32,"Red Mask":54,"Kunai":66,"Paper Frog":9}],"Burning Blood":144},"card_choices":[{"not_picked":["Disarm","Thunderclap"],"picked":"Carnage","floor":1},{"not_picked":["Clash","Warcry","Reckless Charge"],"picked":"SKIP","floor":3},{"not_picked":["Clothesline","Havoc"],"picked":"Anger","floor":5},{"not_picked":["Headbutt","Spot Weakness"],"picked":"Battle Trance","floor":6},{"not_picked":["Headbutt","Juggernaut"],"picked":"Shrug It Off","floor":8},{"not_picked":["Battle Trance","Cleave"],"picked":"Second Wind","floor":12},{"not_picked":["Perfected Strike","Havoc"],"picked":"Brutality","floor":13},{"not_picked":["Burning Pact","Wild Strike"],"picked":"Ghostly Armor","floor":14},{"not_picked":["Reaper","Juggernaut"],"picked":"Immolate","floor":16},{"not_picked":["Twin Strike","Havoc","Heavy Blade"],"picked":"SKIP","floor":18},{"not_picked":["Clothesline","Body Slam"],"picked":"Sword Boomerang+1","floor":19},{"not_picked":["Thunderclap","Heavy Blade"],"picked":"Burning Pact","floor":21},{"not_picked":["Power Through","Spot Weakness"],"picked":"Shockwave+1","floor":22},{"not_picked":["Searing Blow+1","Bloodletting+1"],"picked":"Limit Break","floor":24},{"not_picked":["Cleave","Seeing Red","Rupture"],"picked":"SKIP","floor":27},{"not_picked":["Sword Boomerang","Body Slam"],"picked":"Shrug It Off","floor":28},{"not_picked":["Clash","Body Slam"],"picked":"Feel No Pain","floor":29},{"not_picked":["Body Slam","Perfected Strike","Metallicize"],"picked":"SKIP","floor":31},{"not_picked":["Demon Form","Fiend Fire"],"picked":"Exhume","floor":33},{"not_picked":["Flex","Anger+1","True Grit"],"picked":"SKIP","floor":35},{"not_picked":["Twin Strike","Ghostly Armor"],"picked":"Heavy Blade","floor":36},{"not_picked":["Impatience","Secret Weapon"],"picked":"Secret Technique","floor":37},{"not_picked":["Pommel Strike","Rage"],"picked":"Feel No Pain+1","floor":38},{"not_picked":["Clothesline","Thunderclap","Shrug It Off"],"picked":"SKIP","floor":39},{"not_picked":["Spot Weakness","Warcry+1"],"picked":"Armaments+1","floor":40}],"player_experience":20545883,"relics_obtained":[{"floor":6,"key":"Anchor"},{"floor":8,"key":"Incense Burner"},{"floor":9,"key":"Shuriken"},{"floor":13,"key":"Art of War"},{"floor":19,"key":"Red Mask"},{"floor":24,"key":"Kunai"},{"floor":26,"key":"Eternal Feather"},{"floor":27,"key":"Smiling Mask"},{"floor":31,"key":"CeramicFish"},{"floor":40,"key":"Frozen Egg 2"}],"event_choices":[{"damage_healed":0,"gold_gain":150,"player_choice":"AGREE","damage_taken":0,"max_hp_gain":0,"max_hp_loss":0,"event_name":"Liars Game","floor":2,"gold_loss":0,"cards_obtained":["Doubt"]},{"damage_healed":25,"gold_gain":0,"player_choice":"Banana","damage_taken":0,"max_hp_gain":0,"max_hp_loss":0,"event_name":"Big Fish","floor":7,"gold_loss":0},{"damage_healed":0,"gold_gain":0,"player_choice":"Fought Bandits","damage_taken":0,"max_hp_gain":0,"max_hp_loss":0,"event_name":"Masked Bandits","floor":19,"gold_loss":0},{"cards_removed":["Strike_R"],"damage_healed":0,"gold_gain":0,"player_choice":"Upgrade and Remove","damage_taken":0,"max_hp_gain":0,"max_hp_loss":0,"event_name":"Designer","floor":20,"gold_loss":110,"cards_upgraded":["Strike_R"]},{"damage_healed":0,"gold_gain":0,"player_choice":"Memory 3","damage_taken":10,"max_hp_gain":0,"max_hp_loss":0,"event_name":"SensoryStone","floor":37,"gold_loss":0}],"is_beta":false,"boss_relics":[{"not_picked":["Busted Crown","SacredBark"],"picked":"Sozu"},{"not_picked":["Runic Dome","Black Blood"],"picked":"Snecko Eye"}],"items_purged_floors":[11],"is_endless":false,"potions_floor_spawned":[1,6,14,21,27,28,38,39,40],"killed_by":"Sphere and 2 Shapes","ascension_level":20}}