{"host":"7gewg82ormp6yt4e","time":1610182744,"event":{"mods":["BaseMod","Block Reminder","Colored Map","Colored Powertips","DeckTracker","Highlight Path","Minty Spire (QoL Compilation)","Relic Stats","StSLib","ojb\u0027s Info Mod"],"gold_per_floor":[111,111,130,142,16,16,44,44,69,99,249,45,62,73,73,151,151,171,171,183,198,27,358,117,117,117,117,117,135,135,166,166,240,240,259,271,285,110,110,110,127,127,207,226,246,265,280,307,307,307,307,307],"floor_reached":51,"playtime":3008,"items_purged":["Doubt","Strike_B"],"score":1508,"play_id":"08991630-abb2-43b9-8711-8003518e59df","local_time":"20210109175904","is_ascension_mode":true,"campfire_choices":[{"data":"Melter","floor":6.0,"key":"SMITH"},{"data":"Defragment","floor":8.0,"key":"SMITH"},{"data":"Barrage","floor":15.0,"key":"SMITH"},{"data":"Consume","floor":25.0,"key":"SMITH"},{"data":"Biased Cognition","floor":28.0,"key":"SMITH"},{"data":"Coolheaded","floor":32.0,"key":"SMITH"},{"data":"Biased Cognition","floor":40.0,"key":"SMITH"},{"floor":42.0,"key":"RECALL"},{"floor":49.0,"key":"REST"}],"circlet_count":0,"master_deck":["AscendersBane","Strike_B","Strike_B","Strike_B","Defend_B","Defend_B","Defend_B","Defend_B","Zap","Dualcast","Ball Lightning","Glacier","Melter+1","Glacier","Defragment+1","Hologram","Blind+1","Barrage+1","Biased Cognition+1","Cold Snap","Biased Cognition+1","Darkness+1","Ball Lightning","Consume+1","Core Surge","Echo Form","Coolheaded+1","Coolheaded","Echo Form","Chaos+1","BootSequence","Beam Cell","Parasite","Hologram","Aggregate+1","Blizzard+1","Loop"],"relics":["Cracked Core","Bronze Scales","MealTicket","Emotion Chip","Inserter","Runic Capacitor","Old Coin","Meat on the Bone","Bag of Preparation","Blue Candle","Runic Dome","Symbiotic Virus"],"acts_visited":["Exordium","TheCity","TheBeyond"],"potions_floor_usage":[],"damage_taken":[{"damage":1.0,"enemies":"Cultist","floor":1.0,"turns":3.0},{"damage":0.0,"enemies":"Small Slimes","floor":3.0,"turns":2.0},{"damage":7.0,"enemies":"2 Louse","floor":4.0,"turns":3.0},{"damage":25.0,"enemies":"3 Sentries","floor":7.0,"turns":8.0},{"damage":7.0,"enemies":"Gremlin Nob","floor":10.0,"turns":3.0},{"damage":4.0,"enemies":"Blue Slaver","floor":13.0,"turns":3.0},{"damage":17.0,"enemies":"Gremlin Gang","floor":14.0,"turns":5.0},{"damage":0.0,"enemies":"The Guardian","floor":16.0,"turns":12.0},{"damage":1.0,"enemies":"3 Byrds","floor":18.0,"turns":3.0},{"damage":0.0,"enemies":"Spheric Guardian","floor":20.0,"turns":1.0},{"damage":2.0,"enemies":"Shelled Parasite and Fungi","floor":21.0,"turns":6.0},{"damage":26.0,"enemies":"Gremlin Leader","floor":23.0,"turns":7.0},{"damage":0.0,"enemies":"Chosen and Byrds","floor":29.0,"turns":6.0},{"damage":18.0,"enemies":"Book of Stabbing","floor":31.0,"turns":5.0},{"damage":26.0,"enemies":"Champ","floor":33.0,"turns":13.0},{"damage":6.0,"enemies":"3 Shapes","floor":35.0,"turns":5.0},{"damage":7.0,"enemies":"Orb Walker","floor":36.0,"turns":5.0},{"damage":20.0,"enemies":"3 Darklings","floor":37.0,"turns":5.0},{"damage":0.0,"enemies":"Maw","floor":41.0,"turns":7.0},{"damage":21.0,"enemies":"Writhing Mass","floor":44.0,"turns":6.0},{"damage":0.0,"enemies":"Jaw Worm Horde","floor":45.0,"turns":5.0},{"damage":7.0,"enemies":"3 Darklings","floor":46.0,"turns":5.0},{"damage":1.0,"enemies":"Sphere and 2 Shapes","floor":47.0,"turns":6.0},{"damage":4.0,"enemies":"Nemesis","floor":48.0,"turns":7.0},{"damage":23.0,"enemies":"Donu and Deca","floor":50.0,"turns":9.0},{"damage":72,"enemies":"Awakened One","floor":51,"turns":3}],"seed_played":"-7987984842674558034","potions_obtained":[{"floor":1.0,"key":"Explosive Potion"},{"floor":2.0,"key":"Strength Potion"},{"floor":7.0,"key":"ColorlessPotion"},{"floor":13.0,"key":"Weak Potion"},{"floor":16.0,"key":"Block Potion"},{"floor":21.0,"key":"BlessingOfTheForge"},{"floor":29.0,"key":"FairyPotion"},{"floor":31.0,"key":"LiquidMemories"},{"floor":37.0,"key":"GamblersBrew"},{"floor":45.0,"key":"Regen Potion"}],"is_trial":false,"path_per_floor":["M","?","M","M","$","R","E","R","T","E","?","$","M","M","R","B",null,"M","?","M","M","$","E","$","R","T","?","R","M","T","E","R","B",null,"M","M","M","$","?","R","M","R","T","M","M","M","M","E","R","B","B"],"character_chosen":"DEFECT","items_purchased":["Melter","Glacier","Blind","Barrage","Runic Capacitor","Core Surge","Regen Potion","BootSequence"],"campfire_rested":1,"item_purchase_floors":[5,5,12,12,22,24,24,38],"current_hp_per_floor":[70,70,70,63,63,63,38,38,38,31,31,46,42,25,25,25,65,64,64,64,62,77,51,66,66,66,66,66,66,66,62,62,48,71,65,58,50,65,65,65,65,65,65,44,44,51,50,46,68,45,0,0],"gold":307,"neow_bonus":"TEN_PERCENT_HP_BONUS","is_daily":false,"chose_seed":false,"campfire_upgraded":7,"win_rate":0.0,"timestamp":1610182744,"path_taken":["M","?","M","M","?","R","E","R","T","E","?","$","M","M","R","BOSS","M","?","M","?","$","E","?","R","T","?","R","M","?","E","R","BOSS","M","?","M","$","?","R","M","R","T","M","M","M","M","E","R","BOSS","BOSS"],"items_purchased_type":["Card","Card","Card","Card","Relic","Card","Potion","Card"],"build_version":"2020-12-22","purchased_purges":2,"victory":false,"max_hp_per_floor":[78,78,78,78,78,78,78,78,78,78,78,78,78,78,78,78,78,78,78,78,78,78,78,78,78,78,78,78,78,78,78,78,78,78,78,78,78,78,74,74,74,74,74,74,74,74,74,74,74,74,74,74],"relic_stats":{"Emotion Chip":[71,36,28,7,0],"Inserter":[52],"counters":[26,143],"Bronze Scales":[516],"Blue Candle":[0],"MealTicket":60,"Bag of Preparation":[26],"obtain_stats":[{"Runic Dome":34,"Emotion Chip":10,"Inserter":17,"Bronze Scales":7,"Blue Candle":31,"MealTicket":9,"Runic Capacitor":22,"Bag of Preparation":30,"Cracked Core":0,"Symbiotic Virus":48,"Old Coin":23,"Meat on the Bone":26},{"Runic Dome":15,"Emotion Chip":5,"Inserter":8,"Bronze Scales":4,"Blue Candle":14,"MealTicket":4,"Runic Capacitor":11,"Bag of Preparation":13,"Cracked Core":0,"Symbiotic Virus":24,"Old Coin":12,"Meat on the Bone":12},{"Runic Dome":80,"Emotion Chip":19,"Inserter":39,"Bronze Scales":16,"Blue Candle":67,"MealTicket":16,"Runic Capacitor":49,"Bag of Preparation":62,"Cracked Core":0,"Symbiotic Virus":131,"Old Coin":56,"Meat on the Bone":56}],"Meat on the Bone":24},"card_choices":[{"not_picked":["Steam Power","Steam"],"picked":"Ball Lightning","floor":1.0},{"not_picked":["Steam","Coolheaded"],"picked":"Glacier","floor":3.0},{"not_picked":["Go for the Eyes","Recycle","Hologram"],"picked":"SKIP","floor":4.0},{"not_picked":["Sunder","Gash"],"picked":"Defragment","floor":7.0},{"not_picked":["Stack","Rip and Tear"],"picked":"Hologram","floor":10.0},{"not_picked":["Ball Lightning","Blizzard"],"picked":"Biased Cognition","floor":13.0},{"not_picked":["Steam","Leap"],"picked":"Cold Snap","floor":14.0},{"not_picked":["Rainbow","Hyperbeam"],"picked":"Biased Cognition","floor":16.0},{"not_picked":["Chaos","Streamline"],"picked":"Darkness+1","floor":18.0},{"not_picked":["Gash","Beam Cell"],"picked":"Ball Lightning","floor":20.0},{"not_picked":["Hologram","Glacier"],"picked":"Consume","floor":21.0},{"not_picked":["Auto Shields","Barrage","Turbo"],"picked":"SKIP","floor":23.0},{"not_picked":["Gash","Conserve Battery"],"picked":"Coolheaded","floor":29.0},{"not_picked":["Meteor Strike","Go for the Eyes"],"picked":"Coolheaded","floor":31.0},{"not_picked":["Multi-Cast","Hyperbeam"],"picked":"Echo Form","floor":33.0},{"not_picked":["Streamline","Ball Lightning","Leap"],"picked":"SKIP","floor":35.0},{"not_picked":["Hologram","Ball Lightning"],"picked":"Chaos+1","floor":36.0},{"not_picked":["Reprogram","Steam","Darkness"],"picked":"SKIP","floor":37.0},{"not_picked":["Redo","Barrage"],"picked":"Beam Cell","floor":41.0},{"not_picked":["Turbo","Beam Cell"],"picked":"Hologram","floor":44.0},{"not_picked":["Redo","Multi-Cast"],"picked":"Aggregate+1","floor":45.0},{"not_picked":["Streamline","Steam"],"picked":"Blizzard+1","floor":46.0},{"not_picked":["Aggregate","Rebound+1","Coolheaded"],"picked":"SKIP","floor":47.0},{"not_picked":["Scrape+1","Coolheaded"],"picked":"Loop","floor":48.0}],"player_experience":2510562,"relics_obtained":[{"floor":7.0,"key":"Bronze Scales"},{"floor":9.0,"key":"MealTicket"},{"floor":10.0,"key":"Emotion Chip"},{"floor":23.0,"key":"Old Coin"},{"floor":26.0,"key":"Meat on the Bone"},{"floor":30.0,"key":"Bag of Preparation"},{"floor":31.0,"key":"Blue Candle"},{"floor":48.0,"key":"Symbiotic Virus"}],"event_choices":[{"damage_healed":0.0,"max_hp_gain":0.0,"max_hp_loss":0.0,"gold_gain":0.0,"event_name":"Lab","player_choice":"Got Potions","floor":2.0,"gold_loss":0.0,"damage_taken":0.0},{"damage_healed":0.0,"max_hp_gain":0.0,"max_hp_loss":0.0,"gold_gain":150.0,"event_name":"Liars Game","player_choice":"AGREE","floor":11.0,"gold_loss":0.0,"damage_taken":0.0,"cards_obtained":["Doubt"]},{"damage_healed":0.0,"max_hp_gain":0.0,"max_hp_loss":0.0,"gold_gain":0.0,"event_name":"Upgrade Shrine","player_choice":"Upgraded","floor":19.0,"gold_loss":0.0,"damage_taken":0.0,"cards_upgraded":["Blind"]},{"damage_healed":0.0,"max_hp_gain":0.0,"max_hp_loss":0.0,"gold_gain":0.0,"event_name":"The Library","player_choice":"Read","floor":27.0,"gold_loss":0.0,"damage_taken":0.0,"cards_obtained":["Echo Form"]},{"damage_healed":0.0,"max_hp_gain":0.0,"max_hp_loss":4.0,"gold_gain":0.0,"event_name":"Winding Halls","player_choice":"Max HP","floor":39.0,"gold_loss":0.0,"damage_taken":0.0}],"is_beta":false,"boss_relics":[{"not_picked":["Sozu","Black Star"],"picked":"Inserter"},{"not_picked":["Philosopher\u0027s Stone","SlaversCollar"],"picked":"Runic Dome"}],"items_purged_floors":[12,38],"is_endless":false,"potions_floor_spawned":[1,7,13,16,21,29,31,36,37,44,45],"killed_by":"Awakened One","ascension_level":20}}