{"host":"1xdknvunkbjx06ui","time":1610215548,"event":{"mods":["BaseMod","Infinite Spire","Minty Spire (QoL Compilation)","Quick Restart","Replay The Spire","StSLib","The Dragon Tamer"],"gold_per_floor":[117,117,117,42,42,42,60,60,60,91,110,128,144,180,180,305,305,330,348,348,423,423,423,423,423,423],"floor_reached":24,"playtime":829,"items_purged":["DTMod:Strike"],"score":229,"play_id":"1b522870-aca6-44ea-b806-2c851b1b82af","local_time":"20210109190548","is_ascension_mode":false,"metric_token":467,"campfire_choices":[{"floor":6,"key":"REST"},{"data":"DTMod:CleansingStrike","floor":8,"key":"SMITH"},{"floor":15,"key":"REST"},{"floor":23,"key":"REST"}],"dtmod_dragon_data":[27,56,0,-1,0,0],"circlet_count":0,"master_deck":["DTMod:Strike","DTMod:Strike","DTMod:Strike","DTMod:DoubleHit","DTMod:TargetDefense","DTMod:TargetDefense","DTMod:TargetDefense","DTMod:TargetDefense","DTMod:SwitchingTactic","DTMod:CleansingStrike+1","DTMod:CleansingStrike","DTMod:BurningEnergy","DTMod:Harmonize","DTMod:InvisibleFlame"],"relics":["DTMod:PactStone","NeowsBlessing","Bloody Idol","Lantern","Darkstone Periapt","Ginger","Blood Vial","SlaversCollar","Replay:Towering Pillar of Hats"],"acts_visited":["Exordium","TheCity"],"potions_floor_usage":[24],"damage_taken":[{"damage":0,"enemies":"Small Slimes","floor":1,"turns":1},{"damage":0,"enemies":"Jaw Worm","floor":7,"turns":1},{"damage":0,"enemies":"Lagavulin","floor":10,"turns":1},{"damage":0,"enemies":"Cultist","floor":11,"turns":3},{"damage":0,"enemies":"3 Louse","floor":12,"turns":3},{"damage":0,"enemies":"Blue Slaver","floor":13,"turns":4},{"damage":14,"enemies":"3 Sentries","floor":14,"turns":9},{"damage":30,"enemies":"Fading Forest","floor":16,"turns":11},{"damage":27,"enemies":"3 Byrds","floor":18,"turns":8},{"damage":22,"enemies":"Shell Parasite","floor":19,"turns":6},{"damage":24,"enemies":"Centurion and Healer","floor":24,"turns":10}],"seed_played":"7560986080248524191","potions_obtained":[{"floor":1,"key":"EssenceOfSteel"},{"floor":10,"key":"Elixir"},{"floor":13,"key":"SteroidPotion"},{"floor":18,"key":"EntropicBrew"}],"is_trial":false,"path_per_floor":["M","?","?","$","?","R","M","R","T","E","M","M","M","E","R","B",null,"M","M","?","?","AVR","R","M"],"character_chosen":"THE_DT","items_purchased":[],"campfire_rested":3,"item_purchase_floors":[],"current_hp_per_floor":[45,50,38,38,20,35,35,35,35,35,35,35,35,21,36,18,50,23,3,3,3,3,18,0,0,0],"gold":423,"neow_bonus":"THREE_ENEMY_KILL","is_daily":false,"chose_seed":false,"campfire_upgraded":1,"win_rate":0.0,"timestamp":1610215548,"path_taken":["M","?","?","$","?","R","M","R","T","E","?","M","?","E","R","BOSS","M","M","?","?","AVR","R","?"],"items_purchased_type":[],"build_version":"2020-12-22","purchased_purges":1,"victory":false,"max_hp_per_floor":[45,50,50,50,50,50,50,50,50,50,50,50,50,50,50,50,50,50,50,50,50,50,50,50,50,50],"card_choices":[{"not_picked":["DTMod:GhostSkin","DTMod:Weaken"],"picked":"DTMod:CleansingStrike","floor":1},{"not_picked":["DTMod:Haste","DTMod:BalancedStrike","DTMod:MaximumCharge"],"picked":"SKIP","floor":7},{"not_picked":["DTMod:SealedStrike","DTMod:WarmUp","DTMod:LastStand"],"picked":"SKIP","floor":10},{"not_picked":["DTMod:Weaken","DTMod:Punisher","DTMod:HeatWave"],"picked":"SKIP","floor":11},{"not_picked":["DTMod:MasterPlan","DTMod:BlueScale"],"picked":"DTMod:CleansingStrike","floor":12},{"not_picked":["DTMod:BizarreTactic","DTMod:HeatWave"],"picked":"DTMod:BurningEnergy","floor":13},{"not_picked":["DTMod:Adaptation","DTMod:Cover","DTMod:BuildUp"],"picked":"SKIP","floor":14},{"not_picked":["DTMod:GearUp","DTMod:StunTrap"],"picked":"DTMod:Harmonize","floor":16},{"not_picked":["DTMod:SneakAttack","DTMod:BurningEnergy"],"picked":"DTMod:InvisibleFlame","floor":18},{"not_picked":["DTMod:BreakAttack+1","DTMod:Conduct+1","DTMod:QuickFly"],"picked":"SKIP","floor":19}],"player_experience":92199,"relics_obtained":[{"floor":9,"key":"Darkstone Periapt"},{"floor":10,"key":"Ginger"},{"floor":14,"key":"Blood Vial"}],"event_choices":[{"damage_healed":0,"gold_gain":0,"player_choice":"Donut","damage_taken":0,"max_hp_gain":5,"max_hp_loss":0,"event_name":"Big Fish","floor":2,"gold_loss":0},{"damage_healed":0,"gold_gain":0,"player_choice":"Take Damage","damage_taken":12,"relics_obtained":["Golden Idol"],"max_hp_gain":0,"max_hp_loss":0,"event_name":"Golden Idol","floor":3,"gold_loss":0},{"damage_healed":0,"gold_gain":0,"player_choice":"Success","damage_taken":18,"relics_obtained":["Lantern"],"max_hp_gain":0,"max_hp_loss":0,"event_name":"Scrap Ooze","floor":5,"gold_loss":0},{"damage_healed":0,"gold_gain":0,"player_choice":"Gave Idol","damage_taken":0,"relics_obtained":["Bloody Idol"],"max_hp_gain":0,"max_hp_loss":0,"event_name":"Forgotten Altar","floor":20,"relics_lost":["Golden Idol"],"gold_loss":0},{"damage_healed":0,"gold_gain":75,"player_choice":"Touch","damage_taken":5,"max_hp_gain":0,"max_hp_loss":0,"event_name":"FaceTrader","floor":21,"gold_loss":0}],"is_beta":false,"boss_relics":[{"not_picked":["Astrolabe","ReplayTheSpireMod:SealedPack"],"picked":"SlaversCollar"}],"items_purged_floors":[4],"is_endless":false,"potions_floor_spawned":[1,10,13,14,16,18],"killed_by":"Centurion and Healer","ascension_level":0}}