{"host":"newqdrzxfhh2im9e","time":1610167390,"event":{"mods":["AchievementEnabler","BaseMod","BetterRewards","Block Reminder","Colored Map","Jorbs\u0027s Wanderer Trilogy","Minty Spire (QoL Compilation)","Rare Cards Sparkle","Shop Mod","StSLib"],"gold_per_floor":[116,131,50,50,50,50,68,68,68,88,88,99,25,38,38,139,139,156,171,71,71,91,91,109,139,186,205,205,205],"floor_reached":28,"playtime":816,"items_purged":[],"score":232,"play_id":"2147c6cc-dcb3-4e64-aebe-123ca90e4402","local_time":"20210108204310","is_ascension_mode":false,"campfire_choices":[{"data":"BattleHymn","floor":6,"key":"SMITH"},{"data":"Wallop","floor":8,"key":"SMITH"},{"data":"FearNoEvil","floor":11,"key":"SMITH"},{"data":"Consecrate","floor":15,"key":"SMITH"},{"floor":23,"key":"REST"}],"circlet_count":0,"master_deck":["Strike_P+1","Strike_P+1","Strike_P+1","Strike_P+1","Defend_P+1","Defend_P+1","Defend_P+1","Defend_P+1","Eruption","Vigilance","Tantrum","EmptyMind","BattleHymn+1","Wallop+1","FearNoEvil+1","Nirvana","MentalFortress","Consecrate+1","Wish","Vengeance+1","SignatureMove+1","WindmillStrike","Fasting2"],"relics":["PureWater","NeowsBlessing","Akabeko","Kunai","Black Star","Gremlin Horn","Bottled Lightning","Orichalcum"],"acts_visited":["Exordium","TheCity"],"potions_floor_usage":[10,12,16,19,22,24,24,27],"damage_taken":[{"damage":0,"enemies":"2 Louse","floor":1,"turns":1},{"damage":0,"enemies":"Small Slimes","floor":2,"turns":2},{"damage":0,"enemies":"Cultist","floor":7,"turns":1},{"damage":0,"enemies":"Gremlin Gang","floor":10,"turns":2},{"damage":0,"enemies":"2 Fungi Beasts","floor":12,"turns":1},{"damage":0,"enemies":"3 Louse","floor":14,"turns":2},{"damage":33,"enemies":"Hexaghost","floor":16,"turns":6},{"damage":10,"enemies":"Chosen","floor":18,"turns":4},{"damage":30,"enemies":"2 Thieves","floor":19,"turns":3},{"damage":0,"enemies":"Cultist and Chosen","floor":22,"turns":4},{"damage":15,"enemies":"Snake Plant","floor":24,"turns":3},{"damage":23,"enemies":"Gremlin Leader","floor":25,"turns":4},{"damage":12,"enemies":"Centurion and Healer","floor":27,"turns":6},{"damage":7,"enemies":"Snecko","floor":28,"turns":2}],"seed_played":"4061872604807497309","potions_obtained":[{"floor":1,"key":"AttackPotion"},{"floor":7,"key":"Fire Potion"},{"floor":14,"key":"BlessingOfTheForge"},{"floor":18,"key":"Fire Potion"},{"floor":19,"key":"LiquidMemories"},{"floor":25,"key":"Explosive Potion"}],"is_trial":false,"path_per_floor":["M","M","$","?","?","R","M","R","T","M","R","M","$","M","R","B",null,"M","M","$","?","M","R","M","E","T","M","M"],"character_chosen":"WATCHER","items_purchased":["BattleHymn","MentalFortress","Explosive Potion","Explosive Potion"],"campfire_rested":1,"item_purchase_floors":[3,13,20,20],"current_hp_per_floor":[72,72,72,69,62,62,62,62,62,62,62,62,62,62,62,29,72,62,32,32,32,32,53,38,15,15,3,0,0],"gold":205,"neow_bonus":"THREE_ENEMY_KILL","is_daily":false,"chose_seed":false,"campfire_upgraded":4,"win_rate":0.0,"timestamp":1610167390,"path_taken":["M","M","$","?","?","R","M","R","T","M","R","M","$","?","R","BOSS","M","?","$","?","M","R","M","E","T","M","M"],"items_purchased_type":["Card","Card","Potion","Potion"],"build_version":"2020-12-22","purchased_purges":0,"victory":false,"max_hp_per_floor":[72,72,72,72,72,72,72,72,72,72,72,72,72,72,72,72,72,72,72,72,72,72,72,72,72,72,72,72,72],"card_choices":[{"not_picked":["CutThroughFate","BowlingBash"],"picked":"Tantrum","floor":1},{"not_picked":["Prostrate","BowlingBash"],"picked":"EmptyMind","floor":2},{"not_picked":["CrushJoints","FlurryOfBlows"],"picked":"Wallop","floor":7},{"not_picked":["ReachHeaven","WreathOfFlame"],"picked":"FearNoEvil","floor":10},{"not_picked":["EmptyBody","FlyingSleeves"],"picked":"Nirvana","floor":12},{"not_picked":["PathToVictory","ClearTheMind"],"picked":"Consecrate","floor":14},{"not_picked":["Ragnarok","Alpha"],"picked":"Wish","floor":16},{"not_picked":["Protect","WaveOfTheHand"],"picked":"Vengeance+1","floor":18},{"not_picked":["Evaluate","ReachHeaven"],"picked":"SignatureMove+1","floor":19},{"not_picked":["Prostrate","ThirdEye","EmptyBody"],"picked":"SKIP","floor":22},{"not_picked":["Protect","Crescendo+1"],"picked":"WindmillStrike","floor":24},{"not_picked":["CutThroughFate","PathToVictory","Crescendo+1"],"picked":"SKIP","floor":25},{"not_picked":["CrushJoints","Nirvana"],"picked":"Fasting2","floor":27}],"player_experience":709413,"relics_obtained":[{"floor":9,"key":"Kunai"},{"floor":25,"key":"Gremlin Horn"},{"floor":25,"key":"Bottled Lightning"},{"floor":26,"key":"Orichalcum"}],"event_choices":[{"damage_healed":0,"gold_gain":0,"player_choice":"Success","damage_taken":3,"relics_obtained":["Akabeko"],"max_hp_gain":0,"max_hp_loss":0,"event_name":"Scrap Ooze","floor":4,"gold_loss":0},{"damage_healed":0,"gold_gain":0,"player_choice":"Damaged","damage_taken":7,"max_hp_gain":0,"max_hp_loss":0,"event_name":"Wheel of Change","floor":5,"gold_loss":0},{"damage_healed":0,"gold_gain":0,"player_choice":"Simplicity","damage_taken":0,"max_hp_gain":0,"max_hp_loss":0,"event_name":"Back to Basics","floor":21,"gold_loss":0,"cards_upgraded":["Strike_P","Strike_P","Strike_P","Strike_P","Defend_P","Defend_P","Defend_P","Defend_P"]}],"is_beta":false,"boss_relics":[{"not_picked":["Pandora\u0027s Box","SlaversCollar"],"picked":"Black Star"}],"items_purged_floors":[],"is_endless":false,"potions_floor_spawned":[1,7,14,18,19,25],"killed_by":"Snecko","ascension_level":0}}