{"host":"uxq2rly8rxtwffuf","time":1610201598,"event":{"mods":["BaseMod","Koishi","Minty Spire (QoL Compilation)","StSLib","The Judge","The Servant 0.9.4"],"gold_per_floor":[111,163,12,22,32,67,67,93,116,126,141,141,156,28,28,102,102,112,135,135,135],"floor_reached":20,"playtime":780,"items_purged":["Strike_S","Strike_S"],"score":359,"play_id":"54ff2e4b-6762-4845-8b7e-3093ca5631b4","local_time":"20210109171318","is_ascension_mode":true,"campfire_choices":[{"floor":7,"key":"REST"},{"floor":15,"key":"REST"}],"circlet_count":0,"master_deck":["AscendersBane","Defend_S","Defend_S","Defend_S","KidneyShot","Exchange","Sunlight","BestPractice","TheWorld","BottledTime","Misdirection","Ricochet","SilverBlades","SilverBlades","Sabotage","Ricochet","Sunlight","PendulumOfEternity","Starlight+1","Rearm+1","Reset+1","Orbit"],"relics":["Uniform","Ancient Tea Set","Vajra","MealTicket","Smiling Mask","Astrolabe","Regal Pillow"],"acts_visited":["Exordium","TheCity"],"potions_floor_usage":[5,8,8,18],"damage_taken":[{"damage":4,"enemies":"Small Slimes","floor":1,"turns":4},{"damage":0,"enemies":"Cultist","floor":4,"turns":3},{"damage":0,"enemies":"Jaw Worm","floor":5,"turns":1},{"damage":19,"enemies":"Gremlin Nob","floor":6,"turns":4},{"damage":6,"enemies":"3 Sentries","floor":8,"turns":3},{"damage":3,"enemies":"Large Slime","floor":10,"turns":5},{"damage":6,"enemies":"Lots of Slimes","floor":11,"turns":2},{"damage":12,"enemies":"Exordium Wildlife","floor":13,"turns":3},{"damage":38,"enemies":"Slime Boss","floor":16,"turns":7},{"damage":28,"enemies":"2 Thieves","floor":18,"turns":3},{"damage":37,"enemies":"Shell Parasite","floor":20,"turns":4}],"seed_played":"5667742551719711016","potions_obtained":[{"floor":4,"key":"Fire Potion"},{"floor":5,"key":"LiquidMemories"},{"floor":6,"key":"Regen Potion"},{"floor":11,"key":"Regen Potion"},{"floor":13,"key":"FearPotion"}],"is_trial":false,"path_per_floor":["M","?","$","M","M","E","R","E","T","M","M","?","M","$","R","B",null,"M","T","M"],"character_chosen":"THE_SERVANT","items_purchased":["TheWorld","Sunlight"],"campfire_rested":2,"item_purchase_floors":[3,14],"current_hp_per_floor":[35,35,35,35,35,16,34,37,37,34,28,28,16,31,49,11,48,29,29,0,0],"gold":135,"neow_bonus":"THREE_RARE_CARDS","is_daily":false,"chose_seed":false,"campfire_upgraded":0,"win_rate":0.0,"timestamp":1610201598,"path_taken":["M","?","$","M","M","E","R","E","T","M","M","?","?","$","R","BOSS","M","?","M"],"items_purchased_type":["Card","Card"],"build_version":"2020-12-22","purchased_purges":2,"victory":false,"max_hp_per_floor":[60,60,60,60,60,60,60,60,60,60,60,60,60,60,60,60,60,60,60,60,60],"card_choices":[{"not_picked":["KillingDoll","TrueSight"],"picked":"Sunlight","floor":0},{"not_picked":["Rearm","Potential"],"picked":"BestPractice","floor":1},{"not_picked":["LightFlow","Rewind"],"picked":"BottledTime","floor":4},{"not_picked":["Spin","Rearm"],"picked":"Misdirection","floor":5},{"not_picked":["Rewind","Read"],"picked":"Ricochet","floor":6},{"not_picked":["Replace","ShatteredReality"],"picked":"SilverBlades","floor":8},{"not_picked":["DoubleEdge","SpecialFormula"],"picked":"SilverBlades","floor":10},{"not_picked":["ShatteredReality","Replace"],"picked":"Sabotage","floor":11},{"not_picked":["Alleviate","TimeWarp"],"picked":"Ricochet","floor":13},{"not_picked":["TrueSight","Duplication"],"picked":"PendulumOfEternity","floor":16},{"not_picked":["Starlight","Potential"],"picked":"Orbit","floor":18}],"player_experience":1392448,"relics_obtained":[{"floor":6,"key":"Ancient Tea Set"},{"floor":8,"key":"Vajra"},{"floor":9,"key":"MealTicket"},{"floor":12,"key":"Smiling Mask"},{"floor":19,"key":"Regal Pillow"}],"event_choices":[{"damage_healed":0,"gold_gain":52,"player_choice":"Gained Gold","damage_taken":0,"max_hp_gain":0,"max_hp_loss":0,"event_name":"Golden Wing","floor":2,"gold_loss":0},{"damage_healed":0,"gold_gain":0,"player_choice":"Relic","damage_taken":0,"max_hp_gain":0,"max_hp_loss":0,"event_name":"Wheel of Change","floor":12,"gold_loss":0}],"is_beta":false,"boss_relics":[{"not_picked":["Runic Dome","Busted Crown"],"picked":"Astrolabe"}],"items_purged_floors":[3,14],"is_endless":false,"potions_floor_spawned":[4,5,6,11,13],"killed_by":"Shell Parasite","ascension_level":19}}