{"host":"ewfe3cr33ktd9xzj","time":1610168109,"event":{"mods":["AchievementEnabler","BaseMod","Colored Map","Custom Start","DeckTracker","Minty Spire (QoL Compilation)","Permanent Neow","Rare Cards Sparkle","StSLib","everything is the same but u backflip on backflip"],"gold_per_floor":[129,186,186,224,55,126,162,162,232,270,270,270],"floor_reached":11,"playtime":475,"items_purged":[],"score":150,"play_id":"0915fd1a-1384-4a5f-b440-13ecb5d57d5d","local_time":"20210109135509","is_ascension_mode":true,"campfire_choices":[{"data":"Battle Trance","floor":8.0,"key":"SMITH"}],"circlet_count":0,"master_deck":["AscendersBane","Strike_P","Strike_P","Strike_P","Strike_P","Defend_P","Defend_P","Defend_P","Defend_P","Eruption+1","Vigilance","HandOfGreed","Halt","BowlingBash","EmptyMind","Battle Trance+1"],"relics":["PureWater","PrismaticShard","Thread and Needle","Molten Egg 2"],"acts_visited":["Exordium"],"potions_floor_usage":[11],"damage_taken":[{"damage":0.0,"enemies":"Small Slimes","floor":1.0,"turns":2.0},{"damage":0.0,"enemies":"2 Louse","floor":2.0,"turns":6.0},{"damage":0.0,"enemies":"Cultist","floor":4.0,"turns":3.0},{"damage":20.0,"enemies":"3 Sentries","floor":6.0,"turns":7.0},{"damage":2.0,"enemies":"Red Slaver","floor":7.0,"turns":4.0},{"damage":4.0,"enemies":"Large Slime","floor":10.0,"turns":2.0},{"damage":15,"enemies":"Lagavulin","floor":11,"turns":7}],"seed_played":"2129994189859731645","potions_obtained":[{"floor":2.0,"key":"Explosive Potion"},{"floor":4.0,"key":"LiquidBronze"}],"is_trial":false,"path_per_floor":["M","M","?","M","$","E","M","R","T","M","E"],"character_chosen":"WATCHER","items_purchased":["PrismaticShard"],"campfire_rested":0,"item_purchase_floors":[5],"current_hp_per_floor":[43,43,43,43,43,23,21,21,21,17,2,2],"gold":270,"neow_bonus":"RANDOM_COLORLESS_2","is_daily":false,"chose_seed":false,"campfire_upgraded":1,"win_rate":0.0,"timestamp":1610168109,"path_taken":["M","M","?","M","$","E","M","R","T","M","E"],"items_purchased_type":["Relic"],"build_version":"2020-12-22","purchased_purges":0,"victory":false,"max_hp_per_floor":[68,68,68,68,68,68,68,68,68,68,68,68],"card_choices":[{"not_picked":["Sadistic Nature","Apotheosis"],"picked":"HandOfGreed","floor":0.0},{"not_picked":["WheelKick","Consecrate"],"picked":"Halt","floor":1.0},{"not_picked":["FlyingSleeves","Crescendo"],"picked":"BowlingBash","floor":2.0},{"not_picked":["EmptyBody","CutThroughFate"],"picked":"EmptyMind","floor":4.0},{"not_picked":["Impatience","Blood for Blood"],"picked":"Battle Trance","floor":6.0},{"not_picked":["Perfected Strike","Flex","White Noise"],"picked":"SKIP","floor":7.0},{"not_picked":["Redo","Pommel Strike+1","Warcry"],"picked":"SKIP","floor":10.0}],"player_experience":32439,"relics_obtained":[{"floor":6.0,"key":"Thread and Needle"},{"floor":9.0,"key":"Molten Egg 2"}],"event_choices":[{"damage_healed":0.0,"max_hp_gain":0.0,"max_hp_loss":0.0,"gold_gain":0.0,"event_name":"Living Wall","player_choice":"Grow","floor":3.0,"gold_loss":0.0,"damage_taken":0.0,"cards_upgraded":["Eruption"]}],"is_beta":false,"boss_relics":[],"items_purged_floors":[],"is_endless":false,"potions_floor_spawned":[2,4,6,7],"killed_by":"Lagavulin","ascension_level":20}}