{"host":"z9811rt50ti81n54","time":1610209997,"event":{"mods":["BaseMod","Better Altar","Better Match","Better Note","Better Sensory Stone","Better Skull","Better Third Choice","Minty Spire (QoL Compilation)","StSLib","SuperFastMode"],"gold_per_floor":[114,133,308,381,8,8,22,22,22,22,36,51,70,83,83,182,182,196,196,196,121,1,1,14,26,49,49,19,37,37,37,37,144,144,157,177,30,30,30,30,30,30,30,44,103,103,103,115,115,115],"floor_reached":51,"playtime":1278,"items_purged":["Doubt"],"score":658,"play_id":"c6e302cb-db4f-4a57-a4ef-4176bd2679ec","local_time":"20210110013317","is_ascension_mode":false,"campfire_choices":[{"data":"Streamline","floor":8,"key":"SMITH"},{"data":"White Noise","floor":10,"key":"SMITH"},{"data":"Corruption","floor":15,"key":"SMITH"},{"data":"Alpha","floor":23,"key":"SMITH"},{"data":"Bandage Up","floor":27,"key":"SMITH"},{"data":"Storm","floor":32,"key":"SMITH"},{"data":"Heatsinks","floor":40,"key":"SMITH"},{"data":"Hello World","floor":42,"key":"SMITH"},{"data":"Footwork","floor":47,"key":"SMITH"},{"data":"Hello World","floor":49,"key":"SMITH"}],"circlet_count":0,"master_deck":["Defend_B","Defend_B","Defend_B","Defend_B","Zap","Dualcast","Streamline+1","White Noise+1","Turbo","PanicButton","Headbutt","Bandage Up+1","Storm+1","Corruption+1","Alpha+1","Offering+1","Hello World+1","Melter","Collect+1","Heatsinks+1","Stack","Hello World+1","Night Terror","Footwork+1"],"relics":["Cracked Core","NeowsBlessing","PrismaticShard","Anchor","Mummified Hand","Coffee Dripper","Juzu Bracelet","CeramicFish","Snecko Eye","Toy Ornithopter","DataDisk","Unceasing Top","Toxic Egg 2"],"acts_visited":["Exordium","TheCity","TheBeyond"],"potions_floor_usage":[16,35,50,50,50,50,50],"damage_taken":[{"damage":0,"enemies":"Small Slimes","floor":1,"turns":1},{"damage":0,"enemies":"Jaw Worm","floor":2,"turns":1},{"damage":0,"enemies":"Cultist","floor":7,"turns":1},{"damage":0,"enemies":"Looter","floor":11,"turns":2},{"damage":0,"enemies":"Exordium Wildlife","floor":12,"turns":3},{"damage":0,"enemies":"Exordium Thugs","floor":13,"turns":3},{"damage":0,"enemies":"Large Slime","floor":14,"turns":5},{"damage":49,"enemies":"The Guardian","floor":16,"turns":7},{"damage":17,"enemies":"Spheric Guardian","floor":18,"turns":4},{"damage":6,"enemies":"Chosen","floor":24,"turns":4},{"damage":10,"enemies":"Centurion and Healer","floor":25,"turns":5},{"damage":27,"enemies":"Champ","floor":33,"turns":7},{"damage":0,"enemies":"Orb Walker","floor":35,"turns":3},{"damage":0,"enemies":"3 Shapes","floor":36,"turns":3},{"damage":0,"enemies":"Sphere and 2 Shapes","floor":44,"turns":2},{"damage":6,"enemies":"Mind Bloom Boss Battle","floor":45,"turns":2},{"damage":6,"enemies":"Maw","floor":48,"turns":3},{"damage":7,"enemies":"Donu and Deca","floor":50,"turns":4}],"seed_played":"-7734634733727383893","potions_obtained":[{"floor":2,"key":"EntropicBrew"},{"floor":7,"key":"PowerPotion"},{"floor":13,"key":"Energy Potion"},{"floor":18,"key":"EssenceOfSteel"},{"floor":33,"key":"PowerPotion"},{"floor":35,"key":"AttackPotion"},{"floor":45,"key":"DuplicationPotion"}],"is_trial":false,"path_per_floor":["M","M","?","?","$","?","M","R","T","R","M","M","M","M","R","B",null,"M","?","T","?","$","R","M","M","T","R","$","?","?","$","R","B",null,"M","M","$","?","$","R","?","R","T","M","?","T","R","M","R","B",null],"character_chosen":"DEFECT","items_purchased":["PrismaticShard","Anchor","Hello World","Melter","Heatsinks","Toy Ornithopter"],"campfire_rested":0,"item_purchase_floors":[5,5,22,22,28,37],"current_hp_per_floor":[75,75,75,75,75,75,75,75,75,75,75,75,75,75,75,30,75,58,58,58,58,58,58,56,50,50,50,50,50,50,50,50,29,75,75,75,75,75,75,75,75,75,75,75,75,75,75,75,75,69],"gold":115,"neow_bonus":"THREE_ENEMY_KILL","is_daily":false,"chose_seed":false,"campfire_upgraded":10,"win_rate":0.0,"timestamp":1610209997,"path_taken":["M","M","?","?","$","?","M","R","T","R","M","?","M","M","R","BOSS","M","?","?","?","?","R","M","M","T","R","?","?","?","$","R","BOSS","M","M","$","?","$","R","?","R","T","M","?","?","R","M","R","BOSS"],"items_purchased_type":["Relic","Relic","Card","Card","Card","Relic"],"build_version":"2020-12-22","purchased_purges":1,"victory":true,"max_hp_per_floor":[75,75,75,75,75,75,75,75,75,75,75,75,75,75,75,75,75,75,75,75,75,75,75,75,75,75,75,75,75,75,75,75,75,75,75,75,75,75,75,75,75,75,75,75,75,75,75,75,75,75],"card_choices":[{"not_picked":["Barrage","Redo"],"picked":"Streamline","floor":1},{"not_picked":["Conserve Battery","Steam"],"picked":"White Noise","floor":2},{"not_picked":["Sentinel","PiercingWail"],"picked":"PanicButton","floor":7},{"not_picked":["Power Through","Heavy Blade"],"picked":"Headbutt","floor":11},{"not_picked":["Conserve Battery","Crippling Poison"],"picked":"Bandage Up","floor":12},{"not_picked":["Inflame","Tactician"],"picked":"Storm","floor":13},{"not_picked":["ForeignInfluence","Uppercut"],"picked":"Corruption","floor":14},{"not_picked":["After Image","Brutality"],"picked":"Alpha","floor":16},{"not_picked":["Clash","Choke"],"picked":"Cold Snap","floor":18},{"not_picked":["Dagger Spray","Stack"],"picked":"Collect+1","floor":24},{"not_picked":["Flying Knee","Halt+1","EmptyFist"],"picked":"SKIP","floor":25},{"not_picked":["Violence","Amplify"],"picked":"Night Terror","floor":33},{"not_picked":["Coolheaded","Cloak And Dagger+1","Thunderclap"],"picked":"SKIP","floor":35},{"not_picked":["ThirdEye+1","Wild Strike","Clash"],"picked":"SKIP","floor":36},{"not_picked":["Havoc","Perseverance+1","Ghostly Armor"],"picked":"SKIP","floor":44},{"not_picked":["Sentinel","Go for the Eyes"],"picked":"Footwork","floor":45},{"not_picked":["Entrench+1","Gash+1","FTL"],"picked":"SKIP","floor":48}],"player_experience":344520,"relics_obtained":[{"floor":9,"key":"Mummified Hand"},{"floor":20,"key":"Juzu Bracelet"},{"floor":26,"key":"CeramicFish"},{"floor":43,"key":"DataDisk"},{"floor":45,"key":"Unceasing Top"},{"floor":46,"key":"Toxic Egg 2"}],"event_choices":[{"damage_healed":0,"gold_gain":175,"player_choice":"AGREE","damage_taken":133,"max_hp_gain":0,"max_hp_loss":0,"event_name":"betterThird:BetterSerpent","floor":3,"gold_loss":0},{"damage_healed":0,"gold_gain":73,"player_choice":"Gained Gold","damage_taken":0,"max_hp_gain":0,"max_hp_loss":0,"event_name":"Golden Wing","floor":4,"gold_loss":0},{"damage_healed":0,"gold_gain":0,"cards_transformed":["Strike_B"],"player_choice":"Transformed","damage_taken":0,"max_hp_gain":0,"max_hp_loss":0,"event_name":"Transmorgrifier","floor":6,"gold_loss":0,"cards_obtained":["Turbo"]},{"cards_removed":["Corruption"],"damage_healed":0,"gold_gain":0,"player_choice":"Take \u0026 Give","damage_taken":0,"max_hp_gain":0,"max_hp_loss":0,"event_name":"betterNote:BetterNote","floor":19,"gold_loss":0,"cards_obtained":["Offering"]},{"cards_removed":["Strike_B"],"damage_healed":0,"gold_gain":0,"player_choice":"Gave Gold","damage_taken":0,"max_hp_gain":0,"max_hp_loss":0,"event_name":"Beggar","floor":21,"gold_loss":75},{"damage_healed":0,"gold_gain":0,"cards_transformed":["Strike_B","Strike_B"],"player_choice":"Became Test Subject","damage_taken":0,"max_hp_gain":0,"max_hp_loss":0,"event_name":"Drug Dealer","floor":29,"gold_loss":0,"cards_obtained":["Stack","Hello World"]},{"damage_healed":0,"gold_gain":0,"player_choice":"Ignored","damage_taken":0,"max_hp_gain":0,"max_hp_loss":0,"event_name":"Mysterious Sphere","floor":38,"gold_loss":0},{"cards_removed":["Cold Snap"],"damage_healed":0,"gold_gain":0,"player_choice":"Removed Attack","damage_taken":0,"max_hp_gain":0,"max_hp_loss":0,"event_name":"Falling","floor":41,"gold_loss":0},{"damage_healed":0,"gold_gain":0,"player_choice":"Fight","damage_taken":0,"max_hp_gain":0,"max_hp_loss":0,"event_name":"MindBloom","floor":45,"gold_loss":0}],"is_beta":false,"boss_relics":[{"not_picked":["Fusion Hammer","Inserter"],"picked":"Coffee Dripper"},{"not_picked":["Runic Dome","Busted Crown"],"picked":"Snecko Eye"}],"items_purged_floors":[5],"is_endless":false,"potions_floor_spawned":[2,7,13,14,18,25,33,35,45],"ascension_level":0}}