{"host":"bxdue9bkfm2khp2x","time":1610191565,"event":{"mods":["ATMod(阿瑾Mod)","Aspiration","BaseMod","Better Vampires","Challenge The Spire","Colored Map","Colored Powertips","Conspire","Decade(王小明)","Dota2Spire","Downfall","Highlight Path","Minty Spire (QoL Compilation)","MostiFishMod","Remilia（蕾米莉亚）","Replay The Spire","RumiaBox-露米娅的神秘盒子","Ryuuou龙王","Spicy Shops","StSLib","Td1madao Mod","The Alterego","The Bug Knight","The Cursed","The Servant 0.9.4","WarShipGirlsR/战舰少女R mod","noobMod","vexMod","【功能Mod】混沌之环修复补丁","【遗物卡牌】REMEMod","篝火指南"],"gold_per_floor":[118,98,143,155,55,55,90,109,161,61,61,80,93,124,124,225,225,235,249,259,134,152,186,186,186,186,205,205,115,115,130,130,228,228,239,239,258,258,274,274,290,290,313,327,359,97,126,157,157,157],"floor_reached":51,"playtime":6973,"items_purged":["Bash","Strike_R","Strike_R"],"score":1150,"play_id":"49955d99-f089-4b56-a83d-b0d4b2728b62","local_time":"20210109192605","is_ascension_mode":true,"campfire_choices":[{"data":"AT_ShrugMaster","floor":6.0,"key":"SMITH"},{"data":"Uppercut","floor":11.0,"key":"SMITH"},{"data":"Flame Barrier","floor":15.0,"key":"SMITH"},{"data":"ReplayReversal","floor":25.0,"key":"SMITH"},{"data":"Inflame","floor":28.0,"key":"SMITH"},{"data":"AT_ShadowStep","floor":30.0,"key":"SMITH"},{"data":"Iron Wave","floor":32.0,"key":"SMITH"},{"data":"MostiFishMod:Wind","floor":40.0,"key":"SMITH"},{"data":"Twin Strike","floor":42.0,"key":"SMITH"},{"data":"Headbutt","floor":49,"key":"SMITH"}],"circlet_count":0,"master_deck":["Strike_R","Strike_R+1","Strike_R","Defend_R","Defend_R+1","Defend_R+1","MostiFishMod:Wind+1","AT_ShadowStep+1","AT_ShrugMaster+1","Inflame+1","Iron Wave+1","Uppercut+1","Twin Strike+1","Headbutt+1","Flame Barrier+1","Feed","ReplayReversal+1","MostiFishMod:CullingBlade+1","Rampage+1"],"relics":["Burning Blood","DaveBox","REME_ComplimentaryCards","ice","AT_ATBox","RhineSuit","SynthV:TestCard","Dota2Spire:LotusOrb","AT_EbonyIvory","Replay:Baseball","Shovel","SacredBark","War Paint","Pocketwatch","Dota2Spire:BattleFury","Dota2Spire:ArmletOfMordiggian","Dota2Spire:ArcaneBoots"],"acts_visited":["Exordium","TheCity","TheBeyond"],"potions_floor_usage":[48,50,50,50],"damage_taken":[{"damage":0.0,"enemies":"2 Louse","floor":1.0,"turns":2.0},{"damage":4.0,"enemies":"Jaw Worm","floor":3.0,"turns":4.0},{"damage":0.0,"enemies":"Cultist","floor":4.0,"turns":3.0},{"damage":0.0,"enemies":"Gremlin Nob","floor":7.0,"turns":3.0},{"damage":4.0,"enemies":"Exordium Thugs","floor":8.0,"turns":4.0},{"damage":14.0,"enemies":"Gremlin Gang","floor":12.0,"turns":4.0},{"damage":3.0,"enemies":"Looter","floor":13.0,"turns":2.0},{"damage":2.0,"enemies":"3 Sentries","floor":14.0,"turns":4.0},{"damage":0.0,"enemies":"Slime Boss","floor":16.0,"turns":4.0},{"damage":6.0,"enemies":"Spheric Guardian","floor":18.0,"turns":5.0},{"damage":22.0,"enemies":"2 Thieves","floor":19.0,"turns":4.0},{"damage":0.0,"enemies":"Chosen and Byrds","floor":20.0,"turns":3.0},{"damage":0.0,"enemies":"Cultist and Chosen","floor":22.0,"turns":6.0},{"damage":25.0,"enemies":"Slavers","floor":23.0,"turns":6.0},{"damage":0.0,"enemies":"Snecko","floor":27.0,"turns":5.0},{"damage":1.0,"enemies":"Centurion and Healer","floor":31.0,"turns":4.0},{"damage":0.0,"enemies":"Collector","floor":33.0,"turns":8.0},{"damage":16.0,"enemies":"3 Shapes","floor":35.0,"turns":4.0},{"damage":3.0,"enemies":"Orb Walker","floor":37.0,"turns":2.0},{"damage":0.0,"enemies":"Maw","floor":39.0,"turns":5.0},{"damage":0.0,"enemies":"Jaw Worm Horde","floor":41.0,"turns":3.0},{"damage":11.0,"enemies":"4 Shapes","floor":44.0,"turns":4.0},{"damage":0.0,"enemies":"Giant Head","floor":45.0,"turns":6.0},{"damage":15,"enemies":"conspire:MimicChest","floor":47,"turns":3},{"damage":10,"enemies":"Nemesis","floor":48,"turns":3},{"damage":0,"enemies":"Replay:Hell Engine","floor":50,"turns":6}],"seed_played":"3938634489995053160","potions_obtained":[{"floor":1.0,"key":"REME_GoldPotion"},{"floor":4.0,"key":"ColorlessPotion"},{"floor":13.0,"key":"AttackPotion"},{"floor":14.0,"key":"Dota2Spire:HealingSalve"},{"floor":18.0,"key":"Guardian:BlockOnCardUsePotion"},{"floor":20.0,"key":"Languid Potion"},{"floor":27.0,"key":"SpeedPotion"},{"floor":31.0,"key":"EntropicBrew"},{"floor":33.0,"key":"Fruit Juice"},{"floor":39.0,"key":"AttackPotion"},{"floor":41.0,"key":"BlessingOfTheForge"},{"floor":48,"key":"Dota2Spire:Clarity"}],"is_trial":false,"path_per_floor":["M","?","M","M","$","R","E","M","T","$","R","M","M","E","R","B",null,"M","M","M","$","M","E","?","R","T","M","R","?","R","M","R","B",null,"M","?","M","?","M","R","M","R","T","M","E","$","?","E","R","B",null],"character_chosen":"IRONCLAD","items_purchased":["Twin Strike","Dota2Spire:BattleFury"],"campfire_rested":0,"item_purchase_floors":[5,46],"current_hp_per_floor":[86,86,88,88,88,88,88,88,88,88,88,80,83,87,87,88,88,91,78,84,84,93,89,89,89,89,95,95,95,95,103,103,103,103,103,103,106,106,107,107,107,107,107,105,110,110,101,103,103,109],"gold":157,"neow_bonus":"TEN_PERCENT_HP_BONUS","is_daily":false,"chose_seed":false,"campfire_upgraded":10,"win_rate":0.0,"timestamp":1610191565,"path_taken":["M","?","?","M","$","R","E","M","T","$","R","M","M","E","R","BOSS","M","?","M","$","M","E","?","R","T","M","R","?","R","M","R","BOSS","M","?","?","?","M","R","M","R","T","M","E","$","?","E","R","BOSS"],"items_purchased_type":["Card","Relic"],"build_version":"2020-12-22","purchased_purges":3,"victory":true,"max_hp_per_floor":[88,88,88,88,88,88,88,88,88,88,88,88,88,88,88,88,88,91,94,94,94,97,100,100,100,100,100,100,100,100,103,103,103,103,113,113,113,107,107,107,107,107,107,110,110,110,110,110,110,110],"card_choices":[{"not_picked":["AT_IchimonjiDouble","Dark Embrace"],"picked":"AT_ShrugMaster","floor":1.0},{"not_picked":[],"picked":"Inflame","floor":2.0},{"not_picked":["Havoc","Dual Wield","Thunderclap","Body Slam"],"picked":"Iron Wave","floor":3.0},{"not_picked":["AT_GerminateFire","Run Through","Feel No Pain","Shrug It Off"],"picked":"Uppercut","floor":4.0},{"not_picked":["Shrug It Off","Iron Wave","Infernal Blade","Perfected Strike","ReplayTheSpireMod:Strike From Hell"],"picked":"SKIP","floor":7.0},{"not_picked":["Warcry","True Grit","Anger","Pommel Strike","Bloodletting"],"picked":"SKIP","floor":8.0},{"not_picked":["MostiFishMod:NewArrival","ReplayTheSpireMod:Corrosion Curse","True Grit","AT_CaressingTears"],"picked":"Headbutt","floor":12.0},{"not_picked":["Havoc","Clothesline","Heavy Blade","AT_IchimonjiDouble"],"picked":"Flame Barrier","floor":13.0},{"not_picked":["Heavy Blade","Cleave","Battle Trance","REME_TheLastStrike","REME_Scribble"],"picked":"SKIP","floor":14.0},{"not_picked":["Exhume","Reaper","MostiFishMod:Mania","MostiFishMod:OrdinaryWorld"],"picked":"Feed","floor":16.0},{"not_picked":["Clash","Shrug It Off","Sever Soul","Cleave","Warcry"],"picked":"SKIP","floor":18.0},{"not_picked":["Iron Wave","AT_ManFootWork","AT_BodySlamDance","conspire:Charge","Thunderclap"],"picked":"SKIP","floor":19.0},{"not_picked":["Intimidate","Clash+1","Dual Wield","Body Slam+1","Replay:Undeath\u0027s Touch"],"picked":"SKIP","floor":20.0},{"not_picked":["Dual Wield","ReplayReversal+1","Pommel Strike","Thunderclap","MostiFishMod:BrandingRite"],"picked":"SKIP","floor":22.0},{"not_picked":["Run Through+1","Clothesline","Seeing Red","Body Slam"],"picked":"ReplayReversal","floor":23.0},{"not_picked":["Life Link","Clothesline","Feel No Pain+1","Clash","Cleave"],"picked":"SKIP","floor":27.0},{"not_picked":["MostiFishMod:BrandingRite","Body Slam+1","Brutality","Infernal Blade+1","AT_CaressingTears"],"picked":"SKIP","floor":31.0},{"not_picked":["conspire:Purge","MostiFishMod:NewArrival","Exhume","Demonic Infusion"],"picked":"MostiFishMod:CullingBlade","floor":33.0},{"not_picked":["Headbutt+1","Sword Boomerang+1","Perfected Strike","AT_DiedThrough+1","AT_CaressingTears+1"],"picked":"SKIP","floor":35.0},{"not_picked":["Clash","Anger+1","Abandon+1","Intimidate","Cleave+1"],"picked":"SKIP","floor":37.0},{"not_picked":["Ghostly Armor","Shrug It Off","MostiFishMod:HellRitual","Twin Strike","Run Through"],"picked":"SKIP","floor":39.0},{"not_picked":["AT_IchimonjiDouble+1","Run Through","Flex+1","Warcry","Replay:Undeath\u0027s Touch+1"],"picked":"SKIP","floor":41.0},{"not_picked":["ReplayReversal","Replay:Undeath\u0027s Touch+1","Life Link+1","AT_IchimonjiDouble+1"],"picked":"Rampage+1","floor":44.0},{"not_picked":["Twin Strike","ReplayTheSpireMod:Stacked","Power Through+1","Second Wind","AT_GerminateFire+1"],"picked":"SKIP","floor":45.0},{"not_picked":["ReplayTheSpireMod:Strike From Hell+1","Searing Blow","Heavy Blade","ReplayTheSpireMod:Stacked","Armaments"],"picked":"SKIP","floor":48}],"player_experience":1240966,"relics_obtained":[{"floor":1.0,"key":"SynthV:TestCard"},{"floor":7.0,"key":"Dota2Spire:LotusOrb"},{"floor":9.0,"key":"AT_EbonyIvory"},{"floor":14.0,"key":"Replay:Baseball"},{"floor":26.0,"key":"Shovel"},{"floor":43.0,"key":"War Paint"},{"floor":45.0,"key":"Pocketwatch"},{"floor":47,"key":"Dota2Spire:ArmletOfMordiggian"},{"floor":48,"key":"Dota2Spire:ArcaneBoots"}],"event_choices":[{"damage_healed":0.0,"max_hp_gain":0.0,"max_hp_loss":0.0,"gold_gain":0.0,"event_name":"Ghosts","player_choice":"Ignored","floor":24.0,"gold_loss":0.0,"damage_taken":0.0},{"cards_removed":["Defend_R"],"damage_healed":0.0,"max_hp_gain":0.0,"max_hp_loss":0.0,"gold_gain":0.0,"event_name":"Designer","player_choice":"Upgrade and Remove","floor":29.0,"gold_loss":90.0,"damage_taken":0.0,"cards_upgraded":["Strike_R"]},{"damage_healed":0.0,"max_hp_gain":0.0,"max_hp_loss":0.0,"gold_gain":0.0,"event_name":"Upgrade Shrine","player_choice":"Upgraded","floor":36.0,"gold_loss":0.0,"damage_taken":0.0,"cards_upgraded":["MostiFishMod:CullingBlade"]},{"damage_healed":0.0,"max_hp_gain":0.0,"max_hp_loss":6.0,"gold_gain":0.0,"event_name":"Winding Halls","player_choice":"Max HP","floor":38.0,"gold_loss":0.0,"damage_taken":0.0}],"is_beta":false,"boss_relics":[{"not_picked":["Ring of Chaos","Electric Blood","Velvet Choker"]},{"not_picked":["Replay:Wanted Poster","conspire:SlowCooker"],"picked":"SacredBark"}],"items_purged_floors":[5,10,21],"is_endless":false,"potions_floor_spawned":[1,4,13,14,18,20,27,31,33,39,41,44,48],"ascension_level":8}}