{"host":"i19jjmeqmvseha12","time":1610185343,"event":{"mods":["Act Like it!","BaseMod","Colored Powertips","Dota2Spire","Gensokyo","Minty Spire (QoL Compilation)","Replay The Spire","StSLib","The Cursed"],"gold_per_floor":[117,117,130,145,145,172,191,191,191,191,3,13,29,47,47,143,143,156,96,96,19,19,19,31,31,85,105,105,120,52,71,71,71,71],"floor_reached":33,"playtime":1094,"items_purged":[],"score":249,"play_id":"9020138b-49b5-47c3-8a36-a8058de42c75","local_time":"20210109014223","is_ascension_mode":false,"campfire_choices":[{"floor":23,"key":"REST"},{"floor":25,"key":"REST"},{"data":"Crippling Poison","floor":28,"key":"SMITH"}],"circlet_count":0,"master_deck":["Strike_G","Strike_G","Strike_G","Strike_G","Strike_G","Defend_G","Defend_G","Defend_G","Defend_G","Defend_G","Survivor","Neutralize","Corpse Explosion+1","Blade Dance","Crippling Poison+1","Fluid Movement","Bane","Deadly Poison+1","Deadly Poison","Blur","Blur","J.A.X.","Footwork","Footwork+1","Cloak And Dagger","Accuracy"],"relics":["Ring of the Snake","Mummified Hand","Blue Candle","TwistedFunnel","Smiling Mask"],"acts_visited":["Exordium","TheCity"],"potions_floor_usage":[14,29,33,33,33],"damage_taken":[{"damage":6,"enemies":"Gensokyo:Gryphon","floor":1,"turns":4},{"damage":4,"enemies":"Gensokyo:3_Fairies","floor":3,"turns":4},{"damage":0,"enemies":"Gensokyo:2_Kodama","floor":4,"turns":2},{"damage":22,"enemies":"Gensokyo:Aya","floor":6,"turns":6},{"damage":7,"enemies":"Gensokyo:CorruptedTreant","floor":7,"turns":5},{"damage":14,"enemies":"Gensokyo:Python_and_Kodama","floor":12,"turns":4},{"damage":0,"enemies":"Gensokyo:LivingMonolith","floor":13,"turns":2},{"damage":7,"enemies":"Gensokyo:Gryphon_and_Rabbit","floor":14,"turns":2},{"damage":18,"enemies":"Gensokyo:Yukari","floor":16,"turns":9},{"damage":13,"enemies":"Spheric Guardian","floor":18,"turns":5},{"damage":25,"enemies":"Shell Parasite","floor":24,"turns":5},{"damage":19,"enemies":"Centurion and Healer","floor":27,"turns":5},{"damage":20,"enemies":"Snake Plant","floor":29,"turns":5},{"damage":16,"enemies":"Cultist and Chosen","floor":31,"turns":7},{"damage":62,"enemies":"Champ","floor":33,"turns":11}],"seed_played":"5698140893924486806","potions_obtained":[{"floor":1,"key":"Fire Potion"},{"floor":12,"key":"Swift Potion"},{"floor":16,"key":"SteroidPotion"},{"floor":24,"key":"Venom Potion"},{"floor":27,"key":"Adrenaline Potion"},{"floor":29,"key":"Toxic Potion"}],"is_trial":false,"path_per_floor":["M","?","M","M","?","E","M","?","T","?","$","M","M","M","R","B",null,"M","?","?","$","?","R","M","R","T","M","R","M","$","M","R","B"],"character_chosen":"THE_SILENT","items_purchased":["TwistedFunnel","Deadly Poison","Footwork","Accuracy"],"campfire_rested":2,"item_purchase_floors":[11,11,21,30],"current_hp_per_floor":[64,64,60,60,60,38,31,31,31,38,38,24,24,17,40,22,77,64,64,64,64,50,74,49,73,73,54,54,34,34,18,42,0,0],"gold":71,"neow_bonus":"ONE_RANDOM_RARE_CARD","is_daily":false,"chose_seed":false,"campfire_upgraded":1,"win_rate":0.0,"timestamp":1610185343,"path_taken":["M","?","M","?","?","E","M","?","T","?","?","M","M","M","R","BOSS","M","?","?","$","?","R","M","R","T","M","R","M","?","?","R","BOSS"],"items_purchased_type":["Relic","Card","Card","Card"],"build_version":"2020-12-22","purchased_purges":0,"victory":false,"max_hp_per_floor":[70,70,70,70,70,70,70,70,70,77,77,77,77,77,77,77,77,77,77,77,77,82,82,82,82,82,82,82,82,82,82,82,82,82],"card_choices":[{"not_picked":["Masterful Stab","Prepared"],"picked":"Blade Dance","floor":1},{"not_picked":["Bane","Dagger Throw"],"picked":"Crippling Poison","floor":3},{"not_picked":["Skewer","Underhanded Strike"],"picked":"Fluid Movement","floor":4},{"not_picked":["Dagger Spray","PiercingWail","ReplayTheSpireMod:The Works"],"picked":"SKIP","floor":6},{"not_picked":["Backflip","ReplayTheSpireMod:Scrap Shanks"],"picked":"Bane","floor":7},{"not_picked":["Poisoned Stab","Sneak Up"],"picked":"Blur","floor":12},{"not_picked":["PiercingWail","Dagger Throw","Dagger Spray"],"picked":"SKIP","floor":13},{"not_picked":["Poisoned Stab","Sucker Punch"],"picked":"Blur","floor":14},{"not_picked":["ReplayTheSpireMod:The Works+1","Flechettes","Slice"],"picked":"SKIP","floor":18},{"not_picked":["ReplayTheSpireMod:Speed Training+1","Reflex"],"picked":"Footwork+1","floor":24},{"not_picked":["Dagger Throw","Terror","Hidden Blade+1"],"picked":"SKIP","floor":27},{"not_picked":["Outmaneuver","Calculated Gamble+1"],"picked":"Cloak And Dagger","floor":29},{"not_picked":["Outmaneuver","ReplayTheSpireMod:Speed Training","Quick Slash"],"picked":"SKIP","floor":31}],"player_experience":153814,"relics_obtained":[{"floor":6,"key":"Mummified Hand"},{"floor":9,"key":"Blue Candle"},{"floor":26,"key":"Smiling Mask"}],"event_choices":[{"damage_healed":0,"gold_gain":0,"player_choice":"Obtain J.A.X.","damage_taken":0,"max_hp_gain":0,"max_hp_loss":0,"event_name":"Drug Dealer","floor":20,"gold_loss":0,"cards_obtained":["J.A.X."]},{"damage_healed":0,"gold_gain":0,"player_choice":"Shed Blood","damage_taken":19,"max_hp_gain":5,"max_hp_loss":0,"event_name":"Forgotten Altar","floor":22,"gold_loss":0}],"is_beta":false,"boss_relics":[{"not_picked":["Kintsugi","Runic Pyramid","Replay:Bronze Core"]}],"items_purged_floors":[],"is_endless":false,"potions_floor_spawned":[1,12,16,24,27,29],"killed_by":"Champ","ascension_level":0}}