{"host":"wnty67d4nhrob9mt","time":1610197543,"event":{"mods":["BaseMod","Block Reminder","Infinite Spire","Minty Spire (QoL Compilation)","Permanent Neow","Quick Restart","Relic Stats","Replay The Spire","StSLib","The Jungle"],"gold_per_floor":[16,16,16,16,30,60,73,98,98,26,53,67,79,95,95,198,198,209,243,243,258,273,273,273],"floor_reached":23,"playtime":1784,"items_purged":[],"score":224,"play_id":"da4eab11-5fa6-44c6-b329-eb5fa273cd70","local_time":"20210109160543","is_ascension_mode":true,"campfire_choices":[{"data":"1","floor":15,"key":"LIFT"}],"circlet_count":0,"master_deck":["Strike_B","Strike_B+1","Strike_B","Strike_B","Defend_B","Defend_B","Defend_B","Defend_B","Zap","Dualcast","Go for the Eyes","Beam Cell","Defragment","Conserve Battery","Gash","ReplayTheSpireMod:Omega Cannon","Redo","Steam","Double Energy","Sweeping Beam","Amplify","Rebound","Barrage+1","Force Field","Crystallizer"],"relics":["Cracked Core","Replay:Arrowhead","StoneCalendar","Eternal Feather","Girya","Kunai","Tiny Chest","Black Star","Red Mask"],"acts_visited":["Exordium","TheCity"],"potions_floor_usage":[16,16,19,22,23,23],"damage_taken":[{"damage":12,"enemies":"Small Slimes","floor":1,"turns":4},{"damage":0,"enemies":"Jaw Worm","floor":5,"turns":2},{"damage":11,"enemies":"Replay:BlueRogue","floor":6,"turns":6},{"damage":0,"enemies":"Cultist","floor":7,"turns":3},{"damage":25,"enemies":"3 Sentries","floor":8,"turns":7},{"damage":6,"enemies":"Gremlin Nob","floor":11,"turns":3},{"damage":7,"enemies":"Exordium Thugs","floor":12,"turns":3},{"damage":5,"enemies":"Large Slime","floor":13,"turns":4},{"damage":0,"enemies":"Blue Slaver","floor":14,"turns":3},{"damage":2,"enemies":"Fading Forest","floor":16,"turns":11},{"damage":9,"enemies":"Shell Parasite","floor":18,"turns":6},{"damage":20,"enemies":"Masked Bandits","floor":19,"turns":4},{"damage":10,"enemies":"2 Thieves","floor":21,"turns":3},{"damage":9,"enemies":"Centurion and Healer","floor":22,"turns":4},{"damage":16,"enemies":"Slavers","floor":23,"turns":1}],"seed_played":"-1238215831694957652","potions_obtained":[{"floor":6,"key":"LifebloodPotion"},{"floor":7,"key":"SmokeBomb"},{"floor":11,"key":"SkillPotion"},{"floor":14,"key":"DuplicationPotion"},{"floor":16,"key":"SteroidPotion"},{"floor":18,"key":"Dexterity Potion"},{"floor":19,"key":"BlessingOfTheForge"},{"floor":22,"key":"PowerPotion"}],"is_trial":false,"path_per_floor":["M","?","T","$","M","E","M","E","T","$","E","M","M","M","R","B",null,"M","?","?","M","M","E"],"character_chosen":"DEFECT","items_purchased":["ReplayTheSpireMod:Omega Cannon"],"campfire_rested":0,"item_purchase_floors":[10],"current_hp_per_floor":[63,63,63,63,63,52,52,27,27,27,21,14,9,9,21,29,75,66,46,32,22,13,0,0],"gold":273,"neow_bonus":"ONE_RARE_RELIC","is_daily":false,"chose_seed":false,"campfire_upgraded":0,"win_rate":0.0,"timestamp":1610197543,"path_taken":["M","?","?","$","M","E","M","E","T","$","E","M","M","M","R","BOSS","M","?","?","M","M","E"],"items_purchased_type":["Card"],"build_version":"2020-12-22","purchased_purges":0,"victory":false,"max_hp_per_floor":[75,75,75,75,75,75,75,75,75,75,75,75,75,75,75,75,75,75,75,80,80,80,80,80],"relic_stats":{"counters":[15,64],"StoneCalendar":[106],"Eternal Feather":12,"Tiny Chest":0,"Black Star":0,"Kunai":[8],"obtain_stats":[{"Girya":8,"StoneCalendar":3,"Eternal Feather":6,"Tiny Chest":11,"Black Star":17,"Red Mask":19,"Kunai":9,"Cracked Core":0,"Replay:Arrowhead":0},{"Girya":5,"StoneCalendar":1,"Eternal Feather":3,"Tiny Chest":6,"Black Star":10,"Red Mask":12,"Kunai":5,"Cracked Core":0,"Replay:Arrowhead":0},{"Girya":22,"StoneCalendar":4,"Eternal Feather":12,"Tiny Chest":25,"Black Star":46,"Red Mask":56,"Kunai":22,"Cracked Core":0,"Replay:Arrowhead":0}]},"card_choices":[{"not_picked":["Coolheaded","Reprogram"],"picked":"Go for the Eyes","floor":1},{"not_picked":["Turbo","Tempest"],"picked":"Beam Cell","floor":5},{"not_picked":["Go for the Eyes","Fusion"],"picked":"Defragment","floor":6},{"not_picked":["Glacier","ReplayGash"],"picked":"Conserve Battery","floor":7},{"not_picked":["Hello World","Skim"],"picked":"Gash","floor":8},{"not_picked":["Force Field","Blizzard"],"picked":"Redo","floor":11},{"not_picked":["Rainbow","Turbo"],"picked":"Steam","floor":12},{"not_picked":["Go for the Eyes","ReplayTheSpireMod:Reroute Power"],"picked":"Double Energy","floor":13},{"not_picked":["Double Energy","Panic Button"],"picked":"Sweeping Beam","floor":14},{"not_picked":["Reboot","Rainbow"],"picked":"Amplify","floor":16},{"not_picked":["Cold Snap","Compile Driver"],"picked":"Rebound","floor":18},{"not_picked":["Cold Snap","Beam Cell"],"picked":"Barrage+1","floor":19},{"not_picked":["Cold Snap+1","Self Repair"],"picked":"Force Field","floor":21},{"not_picked":["Conserve Battery","Stack"],"picked":"Crystallizer","floor":22}],"player_experience":158708,"relics_obtained":[{"floor":3,"key":"StoneCalendar"},{"floor":6,"key":"Eternal Feather"},{"floor":8,"key":"Girya"},{"floor":9,"key":"Kunai"},{"floor":11,"key":"Tiny Chest"},{"floor":19,"key":"Red Mask"}],"event_choices":[{"damage_healed":0,"gold_gain":0,"player_choice":"Fought Bandits","damage_taken":0,"max_hp_gain":0,"max_hp_loss":0,"event_name":"Masked Bandits","floor":19,"gold_loss":0},{"damage_healed":0,"gold_gain":0,"player_choice":"Shed Blood","damage_taken":19,"max_hp_gain":5,"max_hp_loss":0,"event_name":"Forgotten Altar","floor":20,"gold_loss":0}],"is_beta":false,"boss_relics":[{"not_picked":["Painkiller Herb","Calling Bell"],"picked":"Black Star"}],"items_purged_floors":[],"is_endless":false,"potions_floor_spawned":[6,7,11,14,16,18,19,22],"killed_by":"Slavers","ascension_level":1}}