{"host":"s6mlqkqtr3ey2mm2","time":1610236062,"event":{"mods":["2.2 Compatiblity","AchievementEnabler","Aspiration","BaseMod","Beaked The Cultist","Better Note","Better Vampires","BetterRewards","Challenge The Spire","Colored Map","Colored Powertips","Conspire","Curses Come First","Downfall","Emptier Cage","Energized Spire","GifTheSpireLib","GungeonMod","Halation","Hermit","Hubris","Infinite Spire","Ironclad Rager","Magitek Elite","Marked Mod","Minty Spire (QoL Compilation)","Quick Restart","RatMod","Replay The Spire","Retaliation","Robot Space Explorer","Shade Mod","Somnambulant","Spicy Shops","StSLib","Stuff the Spire","The Blue Laboratory","The Druid","The IronCluck","The Necromancer","The Valiant","vexMod"],"gold_per_floor":[109,109,119,134,99,126,126,157,157,157,157,169,169,187,187,187,187],"floor_reached":16,"playtime":946,"items_purged":[],"score":110,"play_id":"b5f28dfa-375d-4c7d-b1a4-d7fb118993b9","local_time":"20210109184742","is_ascension_mode":false,"campfire_choices":[{"data":"StuffTheSpire:LoadUp","floor":7,"key":"SMITH"},{"floor":10,"key":"REST"},{"data":"1","floor":15,"key":"LIFT"}],"circlet_count":0,"master_deck":["Strike_B","Strike_B","Strike_B","Strike_B","Defend_B","Defend_B","Defend_B","Defend_B","Zap","Dualcast","Redo+1","Time Bomb","Redo","StuffTheSpire:LoadUp+1","Ball Lightning","StuffTheSpire:Plugnplay","Lockon"],"relics":["Cracked Core","vexMod:RedPlottingStone","StoneCalendar","conspire:IceCreamScoop","Girya","hubris:Icosahedron"],"acts_visited":["Exordium"],"potions_floor_usage":[6],"damage_taken":[{"damage":1,"enemies":"Cultist","floor":1,"turns":3},{"damage":1,"enemies":"2 Louse","floor":3,"turns":2},{"damage":10,"enemies":"Jaw Worm","floor":4,"turns":2},{"damage":35,"enemies":"Lagavulin","floor":6,"turns":6},{"damage":26,"enemies":"3 Sentries","floor":8,"turns":6},{"damage":13,"enemies":"2 Fungi Beasts","floor":12,"turns":3},{"damage":0,"enemies":"Large Slime","floor":14,"turns":4},{"damage":39,"enemies":"The Guardian","floor":16,"turns":5}],"seed_played":"-8157887449945907254","potions_obtained":[{"floor":4,"key":"blueLaboratory:FruitPunch"},{"floor":12,"key":"conspire:TimeTravelPotion"},{"floor":14,"key":"DistilledChaos"}],"is_trial":false,"path_per_floor":["M","?","M","M","?","E","R","E","T","R","T","M","?","M","R","B"],"character_chosen":"DEFECT","items_purchased":[],"campfire_rested":1,"item_purchase_floors":[],"current_hp_per_floor":[81,81,80,70,82,49,49,23,23,48,48,35,35,35,35,0,0],"gold":187,"neow_bonus":"TEN_PERCENT_HP_BONUS","is_daily":false,"chose_seed":false,"campfire_upgraded":1,"win_rate":0.0,"timestamp":1610236062,"path_taken":["M","?","M","?","?","E","R","E","T","R","?","M","?","M","R","BOSS"],"items_purchased_type":[],"build_version":"2020-12-22","purchased_purges":0,"victory":false,"max_hp_per_floor":[82,82,82,82,82,84,84,84,84,84,84,84,84,84,84,84,84],"card_choices":[{"not_picked":["Melter","Leap"],"picked":"Redo","floor":1},{"not_picked":["ReplayTheSpireMod:Reroute Power","Turbo"],"picked":"Time Bomb","floor":3},{"not_picked":["Hologram","Rebound"],"picked":"Redo","floor":4},{"not_picked":["Compile Driver","ReplayTheSpireMod:Omega Cannon"],"picked":"StuffTheSpire:LoadUp","floor":6},{"not_picked":["Coolheaded","Conserve Battery"],"picked":"Ball Lightning","floor":8},{"not_picked":["Compile Driver","Reprogram"],"picked":"StuffTheSpire:Plugnplay","floor":12},{"not_picked":["Panic Button","Leap"],"picked":"Lockon","floor":14}],"player_experience":70767,"relics_obtained":[{"floor":6,"key":"vexMod:RedPlottingStone"},{"floor":8,"key":"StoneCalendar"},{"floor":9,"key":"conspire:IceCreamScoop"},{"floor":11,"key":"Girya"}],"event_choices":[{"damage_healed":0,"gold_gain":0,"player_choice":"Forge","damage_taken":0,"max_hp_gain":0,"max_hp_loss":0,"event_name":"Accursed Blacksmith","floor":2,"gold_loss":0,"cards_upgraded":["Redo"]},{"damage_healed":20,"gold_gain":0,"player_choice":"Healed","damage_taken":0,"max_hp_gain":0,"max_hp_loss":0,"event_name":"The Cleric","floor":5,"gold_loss":35}],"is_beta":false,"boss_relics":[],"items_purged_floors":[],"is_endless":false,"potions_floor_spawned":[4,12,14],"killed_by":"The Guardian","ascension_level":0}}