{"host":"6jrnojxwearbrjzo","time":1610218598,"event":{"mods":["BaseMod","Colored Map","Minty Spire (QoL Compilation)","Replay The Spire","Shop Mod","Spicy Shops","StSLib","The Cursed","The Servant 0.9.4","vexMod"],"gold_per_floor":[113,128,128,142,142,168,168,187,187,187,207,11,11,45,45,143,143,162,162,180,28,128,155,155,182,234,234,234],"floor_reached":27,"playtime":1339,"items_purged":["Defend_G"],"score":284,"play_id":"c24f5ec4-d8e4-4ae0-a9f8-6755fea1f23b","local_time":"20210110025638","is_ascension_mode":false,"campfire_choices":[{"floor":7,"key":"REST"},{"floor":10,"key":"REST"},{"floor":15,"key":"REST"},{"floor":24,"key":"REST"}],"circlet_count":0,"master_deck":["Strike_G","Strike_G","Strike_G","Defend_G","Survivor","Neutralize","Replay:Poison Smokescreen+1","ReplayTheSpireMod:Necrosis","Tactician","Deep Breath","Night Terror","ReplayTheSpireMod:Restless Dread","Overencumbered","Catalyst","ReplayTheSpireMod:Scrap Shanks","Acrobatics","Acrobatics","Prepared+1","Toxin Wave","Eviscerate","Calculated Gamble","Envenom"],"relics":["Fusion Hammer","Pet Ghost","Darkstone Periapt","BargainBundle","Replay:Bottled Snecko","TungstenRod","Kintsugi","Centennial Puzzle","Mango","Letter Opener","ReplayFunnel"],"acts_visited":["Exordium","TheCity"],"potions_floor_usage":[14,14,14,16],"damage_taken":[{"damage":10,"enemies":"Cultist","floor":1,"turns":4},{"damage":0,"enemies":"Small Slimes","floor":2,"turns":4},{"damage":2,"enemies":"2 Louse","floor":4,"turns":3},{"damage":21,"enemies":"Lagavulin","floor":6,"turns":8},{"damage":14,"enemies":"Lots of Slimes","floor":8,"turns":6},{"damage":6,"enemies":"Blue Slaver","floor":11,"turns":4},{"damage":7,"enemies":"Gremlin Nob","floor":14,"turns":4},{"damage":23,"enemies":"Fading Forest","floor":16,"turns":11},{"damage":31,"enemies":"3 Byrds","floor":18,"turns":9},{"damage":10,"enemies":"Chosen","floor":20,"turns":5},{"damage":17,"enemies":"Book of Stabbing","floor":23,"turns":5},{"damage":63,"enemies":"Gremlin Leader","floor":25,"turns":6},{"damage":5,"enemies":"3 Cultists","floor":27,"turns":2}],"seed_played":"1565593167631874201","potions_obtained":[{"floor":4,"key":"LiquidMemories"},{"floor":8,"key":"BlessingOfTheForge"},{"floor":14,"key":"LiquidBronze"},{"floor":25,"key":"Weak Potion"}],"is_trial":false,"path_per_floor":["M","M","?","M","?","E","R","M","T","R","M","$","T","E","R","B",null,"M","?","M","$","?","E","R","E","T","M"],"character_chosen":"THE_SILENT","items_purchased":["BargainBundle","Deep Breath","Adrenaline Potion","ReplayTheSpireMod:Scrap Shanks","Acrobatics"],"campfire_rested":4,"item_purchase_floors":[12,12,12,21,21],"current_hp_per_floor":[60,60,70,68,68,47,68,54,54,70,64,64,64,57,70,47,82,51,51,41,41,41,38,66,3,3,0,0],"gold":234,"neow_bonus":"BOSS_RELIC","is_daily":false,"chose_seed":false,"campfire_upgraded":0,"win_rate":0.0,"timestamp":1610218598,"path_taken":["M","?","?","?","?","E","R","M","T","R","?","$","?","E","R","BOSS","M","?","?","$","?","E","R","E","T","M"],"items_purchased_type":["Relic","Card","Potion","Card","Card"],"build_version":"2020-12-22","purchased_purges":1,"victory":false,"max_hp_per_floor":[70,70,70,70,70,70,70,70,70,70,70,70,70,70,70,70,82,82,82,82,82,82,96,96,96,96,96,96],"card_choices":[{"not_picked":["Prepared","Dagger Spray"],"picked":"Replay:Poison Smokescreen","floor":1},{"not_picked":["Deflect","Flying Knee","Dagger Spray"],"picked":"SKIP","floor":2},{"not_picked":["Distraction","Predator","Quick Slash"],"picked":"SKIP","floor":4},{"not_picked":["Choke","Bane"],"picked":"ReplayTheSpireMod:Necrosis","floor":6},{"not_picked":["Poisoned Stab","Sucker Punch"],"picked":"Tactician","floor":8},{"not_picked":["Finisher","Outmaneuver","ReplayTheSpireMod:Speed Training"],"picked":"SKIP","floor":11},{"not_picked":["Dagger Spray","Poisoned Stab","Hidden Blade"],"picked":"SKIP","floor":14},{"not_picked":["ReplayTheSpireMod:Necrosis","A Thousand Cuts"],"picked":"Night Terror","floor":16},{"not_picked":["Deadly Poison","Finisher","ReplayTheSpireMod:Shiv Toss+1"],"picked":"SKIP","floor":18},{"not_picked":["Bane","Leg Sweep+1"],"picked":"Catalyst","floor":20},{"not_picked":["ReplayTheSpireMod:The Works","Deadly Poison"],"picked":"Prepared+1","floor":22},{"not_picked":["Dagger Spray","Dagger Throw+1"],"picked":"Toxin Wave","floor":22},{"not_picked":["Cloak And Dagger","Outmaneuver+1"],"picked":"Eviscerate","floor":22},{"not_picked":["Blade Dance","After Image"],"picked":"Calculated Gamble","floor":23},{"not_picked":["Underhanded Strike","ReplayTheSpireMod:Scrap Shanks"],"picked":"Envenom","floor":25}],"player_experience":45959,"relics_obtained":[{"floor":6,"key":"Pet Ghost"},{"floor":9,"key":"Darkstone Periapt"},{"floor":13,"key":"Replay:Bottled Snecko"},{"floor":14,"key":"TungstenRod"},{"floor":23,"key":"Mango"},{"floor":25,"key":"Letter Opener"},{"floor":26,"key":"ReplayFunnel"}],"event_choices":[{"damage_healed":10,"gold_gain":0,"player_choice":"Full Heal","damage_taken":0,"max_hp_gain":0,"max_hp_loss":0,"event_name":"Wheel of Change","floor":3,"gold_loss":0},{"damage_healed":0,"gold_gain":0,"player_choice":"Forge","damage_taken":0,"max_hp_gain":0,"max_hp_loss":0,"event_name":"Accursed Blacksmith","floor":5,"gold_loss":0,"cards_upgraded":["Replay:Poison Smokescreen"]}],"is_beta":false,"boss_relics":[{"not_picked":["Snecko Scales","Coffee Dripper"],"picked":"Kintsugi"}],"items_purged_floors":[12],"is_endless":false,"potions_floor_spawned":[4,8,14,25],"killed_by":"3 Cultists","ascension_level":0}}