{"host":"okln270zkafj6dck","time":1610186076,"event":{"mods":["BaseMod","Minty Spire (QoL Compilation)","Permanent Neow","Quick Restart","Relic Stats","StSLib","SuperFastMode"],"gold_per_floor":[112,112,37,56,66,66,401,412,487,521,531,531,531,543,543,543,543],"floor_reached":16,"playtime":390,"items_purged":["Normality"],"score":224,"play_id":"a9f4ed63-bdff-426d-bc0b-d2679506b63b","local_time":"20210109015436","is_ascension_mode":true,"campfire_choices":[{"data":"Apotheosis","floor":6,"key":"SMITH"},{"data":"Well Laid Plans","floor":12,"key":"SMITH"},{"data":"Footwork","floor":15,"key":"SMITH"}],"circlet_count":0,"master_deck":["AscendersBane","Strike_G","Strike_G","Strike_G","Strike_G","Strike_G","Defend_G","Defend_G","Defend_G","Defend_G","Defend_G","Survivor","Neutralize","Apotheosis+1","Deadly Poison","Terror","Calculated Gamble","Well Laid Plans+1","Backflip","Footwork+1","Pain"],"relics":["Ring of the Snake","Old Coin","Shuriken","Centennial Puzzle","WarpedTongs"],"acts_visited":["Exordium"],"potions_floor_usage":[10,16],"damage_taken":[{"damage":1,"enemies":"2 Louse","floor":1,"turns":3},{"damage":4,"enemies":"Jaw Worm","floor":4,"turns":6},{"damage":0,"enemies":"Cultist","floor":5,"turns":3},{"damage":1,"enemies":"Lagavulin","floor":7,"turns":6},{"damage":0,"enemies":"3 Louse","floor":8,"turns":3},{"damage":10,"enemies":"Gremlin Nob","floor":10,"turns":3},{"damage":10,"enemies":"Exordium Wildlife","floor":11,"turns":6},{"damage":4,"enemies":"Looter","floor":14,"turns":4},{"damage":34,"enemies":"Slime Boss","floor":16,"turns":16}],"seed_played":"-2308914700529133743","potions_obtained":[{"floor":1,"key":"Poison Potion"},{"floor":8,"key":"SmokeBomb"},{"floor":11,"key":"SpeedPotion"},{"floor":14,"key":"GamblersBrew"}],"is_trial":false,"path_per_floor":["M","?","$","M","M","R","E","M","T","E","M","R","?","M","R","B"],"character_chosen":"THE_SILENT","items_purchased":[],"campfire_rested":0,"item_purchase_floors":[],"current_hp_per_floor":[58,63,63,59,59,59,58,58,58,48,38,38,38,34,34,0,0],"gold":543,"neow_bonus":"RANDOM_COLORLESS_2","is_daily":false,"chose_seed":false,"campfire_upgraded":3,"win_rate":0.0,"timestamp":1610186076,"path_taken":["M","?","$","M","M","R","E","M","T","E","M","R","?","M","R","BOSS"],"items_purchased_type":[],"build_version":"2020-12-22","purchased_purges":1,"victory":false,"max_hp_per_floor":[66,71,71,71,71,71,71,71,71,71,71,71,71,71,71,71,71],"relic_stats":{"Centennial Puzzle":[9],"counters":[9,50],"Shuriken":[6],"obtain_stats":[{"Centennial Puzzle":10,"Shuriken":9,"Ring of the Snake":0,"Old Coin":7,"WarpedTongs":13},{"Centennial Puzzle":6,"Shuriken":5,"Ring of the Snake":0,"Old Coin":4,"WarpedTongs":7},{"Centennial Puzzle":24,"Shuriken":21,"Ring of the Snake":0,"Old Coin":18,"WarpedTongs":30}],"Ring of the Snake":[18],"WarpedTongs":[6]},"card_choices":[{"not_picked":["Sadistic Nature","Thinking Ahead"],"picked":"Apotheosis","floor":0},{"not_picked":["Caltrops","Flying Knee"],"picked":"Deadly Poison","floor":1},{"not_picked":["Finisher","Reflex"],"picked":"Terror","floor":4},{"not_picked":["Dodge and Roll","Concentrate"],"picked":"Calculated Gamble","floor":5},{"not_picked":["Underhanded Strike","Deadly Poison"],"picked":"Well Laid Plans","floor":7},{"not_picked":["Dodge and Roll","Dagger Throw","Bane"],"picked":"SKIP","floor":8},{"not_picked":["Prepared","Terror"],"picked":"Backflip","floor":10},{"not_picked":["Deflect","All Out Attack"],"picked":"Footwork","floor":11},{"not_picked":["Dagger Throw","Quick Slash","Sucker Punch"],"picked":"SKIP","floor":14}],"player_experience":97712,"relics_obtained":[{"floor":7,"key":"Old Coin"},{"floor":9,"key":"Shuriken"},{"floor":10,"key":"Centennial Puzzle"}],"event_choices":[{"damage_healed":0,"gold_gain":0,"player_choice":"Donut","damage_taken":0,"max_hp_gain":5,"max_hp_loss":0,"event_name":"Big Fish","floor":2,"gold_loss":0},{"damage_healed":0,"gold_gain":0,"player_choice":"Rummage","damage_taken":0,"relics_obtained":["WarpedTongs"],"max_hp_gain":0,"max_hp_loss":0,"event_name":"Accursed Blacksmith","floor":13,"gold_loss":0,"cards_obtained":["Pain"]}],"is_beta":false,"boss_relics":[],"items_purged_floors":[3],"is_endless":false,"potions_floor_spawned":[1,8,11,14],"killed_by":"Slime Boss","ascension_level":20}}