{"host":"c97twqu0op5dg8i4","time":1610227887,"event":{"mods":["BaseMod","Minty Spire (QoL Compilation)","Permanent Neow"],"gold_per_floor":[114,114,131,56,56,89,105,119,119,152,152,152,169,188,188,290,290,305,10,24,24,24,24,37,37,60,60,76,76,88,113,113,212,212,231,181,231,242,242,242,267,267,342,50,63,63,13,23,23,23],"floor_reached":51,"playtime":1434,"items_purged":["Tools of the Trade","Tools of the Trade","Storm of Steel+1","Flechettes+1"],"score":916,"play_id":"6ce0857e-f2f2-4ba5-8846-36760a701d70","local_time":"20210109163127","is_ascension_mode":true,"campfire_choices":[{"data":"Catalyst","floor":11,"key":"SMITH"},{"floor":15,"key":"REST"},{"data":"Corpse Explosion","floor":23,"key":"SMITH"},{"data":"Footwork","floor":25,"key":"SMITH"},{"data":"Poisoned Stab","floor":27,"key":"SMITH"},{"floor":32,"key":"REST"},{"floor":40,"key":"DIG"},{"floor":42,"key":"DIG"},{"floor":46,"key":"REST"},{"floor":49,"key":"DIG"}],"circlet_count":0,"master_deck":["Survivor","Neutralize","Leg Sweep","Choke","Noxious Fumes+1","Bane","Deadly Poison+1","Catalyst+1","Footwork+1","Poisoned Stab+1","Poisoned Stab+1","Deadly Poison","Dagger Spray","Deflect","Corpse Explosion+1","Backflip","Poisoned Stab","Noxious Fumes","After Image","CurseOfTheBell","Backflip+1","Deflect+1","Bandage Up","Poisoned Stab","Acrobatics+1","PiercingWail+1"],"relics":["Pandora\u0027s Box","Smiling Mask","Whetstone","Bottled Tornado","War Paint","Sozu","The Specimen","Happy Flower","PreservedInsect","Mango","Calling Bell","Potion Belt","Sundial","Shovel","Tingsha","Omamori","Ornamental Fan","Blood Vial","Gremlin Horn","Eternal Feather","Bag of Marbles"],"acts_visited":["Exordium","TheCity","TheBeyond"],"potions_floor_usage":[10,16,38],"damage_taken":[{"damage":12,"enemies":"Jaw Worm","floor":1,"turns":4},{"damage":0,"enemies":"Small Slimes","floor":3,"turns":4},{"damage":17,"enemies":"Lagavulin","floor":6,"turns":5},{"damage":0,"enemies":"2 Louse","floor":7,"turns":2},{"damage":10,"enemies":"Exordium Wildlife","floor":8,"turns":4},{"damage":3,"enemies":"Gremlin Nob","floor":10,"turns":3},{"damage":4,"enemies":"3 Louse","floor":13,"turns":3},{"damage":7,"enemies":"Looter","floor":14,"turns":2},{"damage":18,"enemies":"Slime Boss","floor":16,"turns":5},{"damage":0,"enemies":"Spheric Guardian","floor":18,"turns":2},{"damage":3,"enemies":"Chosen","floor":20,"turns":3},{"damage":2,"enemies":"Snecko","floor":24,"turns":4},{"damage":8,"enemies":"Centurion and Healer","floor":28,"turns":3},{"damage":19,"enemies":"Chosen and Byrds","floor":30,"turns":5},{"damage":7,"enemies":"Book of Stabbing","floor":31,"turns":3},{"damage":45,"enemies":"Automaton","floor":33,"turns":7},{"damage":13,"enemies":"Orb Walker","floor":35,"turns":3},{"damage":2,"enemies":"Mind Bloom Boss Battle","floor":37,"turns":5},{"damage":12,"enemies":"3 Darklings","floor":38,"turns":2},{"damage":24,"enemies":"Giant Head","floor":41,"turns":6},{"damage":24,"enemies":"Spire Growth","floor":45,"turns":4},{"damage":13,"enemies":"Jaw Worm Horde","floor":48,"turns":3},{"damage":37,"enemies":"Donu and Deca","floor":50,"turns":6}],"seed_played":"-2331158534518108477","potions_obtained":[{"floor":1,"key":"Explosive Potion"},{"floor":6,"key":"Energy Potion"},{"floor":7,"key":"Block Potion"},{"floor":16,"key":"Weak Potion"}],"is_trial":false,"path_per_floor":["M","?","M","$","?","E","M","M","T","E","R","?","M","M","R","B",null,"M","$","M","$","?","R","M","R","T","R","M","?","M","E","R","B",null,"M","$","?","M","?","R","E","R","T","$","M","R","$","M","R","B",null],"character_chosen":"THE_SILENT","items_purchased":["The Specimen","Eternal Feather"],"campfire_rested":3,"item_purchase_floors":[19,44],"current_hp_per_floor":[58,63,63,63,63,46,46,36,36,33,33,26,22,15,37,19,75,75,75,72,72,58,58,56,56,56,56,48,48,29,36,64,19,94,81,81,79,67,67,67,47,47,47,47,29,72,72,65,80,49],"gold":23,"neow_bonus":"BOSS_RELIC","is_daily":false,"chose_seed":false,"campfire_upgraded":4,"win_rate":0.0,"timestamp":1610227887,"path_taken":["M","?","M","$","?","E","M","M","T","E","R","?","M","?","R","BOSS","M","$","M","$","?","R","M","R","T","R","M","?","M","E","R","BOSS","M","$","?","M","?","R","E","R","T","$","M","R","?","M","R","BOSS"],"items_purchased_type":["Relic","Relic"],"build_version":"2020-12-22","purchased_purges":4,"victory":true,"max_hp_per_floor":[70,75,75,75,75,75,75,75,75,75,75,75,75,75,75,75,75,75,75,75,75,80,80,80,80,80,80,80,80,80,94,94,94,94,94,94,94,94,94,94,94,94,94,94,94,94,94,94,94,94],"card_choices":[{"not_picked":["Caltrops","Outmaneuver"],"picked":"Footwork","floor":1},{"not_picked":["Sucker Punch","Setup"],"picked":"Poisoned Stab","floor":3},{"not_picked":["Well Laid Plans","Dodge and Roll"],"picked":"Poisoned Stab","floor":6},{"not_picked":["Escape Plan","Flying Knee"],"picked":"Deadly Poison","floor":7},{"not_picked":["Dodge and Roll","Prepared"],"picked":"Dagger Spray","floor":8},{"not_picked":["Accuracy","Sucker Punch","Dagger Throw"],"picked":"SKIP","floor":10},{"not_picked":["Riddle With Holes","Eviscerate"],"picked":"Deflect","floor":13},{"not_picked":["Flechettes","Unload","Sucker Punch"],"picked":"SKIP","floor":14},{"not_picked":["Envenom","Die Die Die"],"picked":"Corpse Explosion","floor":16},{"not_picked":["Dagger Throw","PiercingWail+1"],"picked":"Backflip","floor":18},{"not_picked":["Setup","Outmaneuver","Blade Dance+1"],"picked":"SKIP","floor":20},{"not_picked":["Dash","Prepared","All Out Attack"],"picked":"SKIP","floor":24},{"not_picked":["Reflex","All Out Attack","Accuracy"],"picked":"SKIP","floor":28},{"not_picked":["Flying Knee","Well Laid Plans"],"picked":"Poisoned Stab","floor":30},{"not_picked":["Reflex","Accuracy"],"picked":"Noxious Fumes","floor":31},{"not_picked":["Tools of the Trade","Envenom"],"picked":"After Image","floor":33},{"not_picked":["Heel Hook","Blade Dance+1"],"picked":"Backflip+1","floor":35},{"not_picked":["Reflex","Slice"],"picked":"Deflect+1","floor":37},{"not_picked":["Blade Dance","Flying Knee","Endless Agony+1"],"picked":"SKIP","floor":38},{"not_picked":["Deep Breath","Mayhem"],"picked":"Bandage Up","floor":39},{"not_picked":["Dagger Throw","Deflect"],"picked":"Poisoned Stab","floor":41},{"not_picked":["Cloak And Dagger+1","All Out Attack+1"],"picked":"Acrobatics+1","floor":45},{"not_picked":["Blade Dance+1","Distraction"],"picked":"PiercingWail+1","floor":48}],"player_experience":273700,"relics_obtained":[{"floor":6,"key":"Smiling Mask"},{"floor":9,"key":"Whetstone"},{"floor":10,"key":"Bottled Tornado"},{"floor":26,"key":"Happy Flower"},{"floor":31,"key":"Mango"},{"floor":34,"key":"Potion Belt"},{"floor":34,"key":"Sundial"},{"floor":34,"key":"Shovel"},{"floor":37,"key":"Tingsha"},{"floor":40,"key":"Omamori"},{"floor":41,"key":"Ornamental Fan"},{"floor":42,"key":"Blood Vial"},{"floor":43,"key":"Gremlin Horn"},{"floor":49,"key":"Bag of Marbles"}],"event_choices":[{"damage_healed":0,"gold_gain":0,"player_choice":"Donut","damage_taken":0,"max_hp_gain":5,"max_hp_loss":0,"event_name":"Big Fish","floor":2,"gold_loss":0},{"damage_healed":0,"gold_gain":0,"player_choice":"Grow","damage_taken":0,"max_hp_gain":0,"max_hp_loss":0,"event_name":"Living Wall","floor":5,"gold_loss":0,"cards_upgraded":["Noxious Fumes"]},{"damage_healed":0,"gold_gain":0,"player_choice":"Success","damage_taken":7,"relics_obtained":["War Paint"],"max_hp_gain":0,"max_hp_loss":0,"event_name":"Scrap Ooze","floor":12,"gold_loss":0},{"damage_healed":0,"gold_gain":0,"player_choice":"Shed Blood","damage_taken":19,"max_hp_gain":5,"max_hp_loss":0,"event_name":"Forgotten Altar","floor":22,"gold_loss":0},{"damage_healed":0,"gold_gain":0,"player_choice":"Opened","damage_taken":0,"relics_obtained":["PreservedInsect"],"max_hp_gain":0,"max_hp_loss":0,"event_name":"The Mausoleum","floor":29,"gold_loss":0},{"damage_healed":0,"gold_gain":0,"player_choice":"Fight","damage_taken":0,"max_hp_gain":0,"max_hp_loss":0,"event_name":"MindBloom","floor":37,"gold_loss":0},{"damage_healed":0,"gold_gain":0,"player_choice":"Memory 1","damage_taken":0,"max_hp_gain":0,"max_hp_loss":0,"event_name":"SensoryStone","floor":39,"gold_loss":0}],"is_beta":false,"boss_relics":[{"not_picked":["HoveringKite","Runic Pyramid"],"picked":"Sozu"},{"not_picked":["Fusion Hammer","Velvet Choker"],"picked":"Calling Bell"}],"items_purged_floors":[4,36,44,47],"is_endless":false,"potions_floor_spawned":[1,6,7,16,20,28,33,37,41],"ascension_level":4}}