{"host":"a1eatafr7pisesky","time":1610168053,"event":{"mods":["AchievementEnabler","BaseMod","Colored Map","Keyboard Shortcuts","Minty Spire (QoL Compilation)","Say the Spire","StSLib","SuperFastMode","everything is the same but u backflip on backflip"],"gold_per_floor":[360,27,27,46,46,46,56,81,107,107,154,188,204,218,218,321,321,338,253,253,83,182,210,90,90,114,124,155,155,175,194,194,299,299,313,313,313,330,28,28,46,73,73,73,91,41,41,41,41,41,41,41,41,68,68,68],"floor_reached":55,"playtime":1819,"items_purged":["Strike_B","Strike_B","Strike_B","Strike_B","Pain"],"score":961,"play_id":"0036346a-910b-44c8-8b81-c3d33fe64af4","local_time":"20210109135413","is_ascension_mode":true,"campfire_choices":[{"data":"Dualcast","floor":6.0,"key":"SMITH"},{"data":"Defragment","floor":10.0,"key":"SMITH"},{"data":"Defragment","floor":15.0,"key":"SMITH"},{"data":"Heatsinks","floor":25.0,"key":"SMITH"},{"data":"Defragment","floor":29.0,"key":"SMITH"},{"floor":32.0,"key":"REST"},{"data":"Blizzard","floor":40.0,"key":"SMITH"},{"floor":44.0,"key":"REST"},{"floor":49.0,"key":"RECALL"},{"data":"Cold Snap","floor":52.0,"key":"SMITH"}],"circlet_count":0,"master_deck":["Defend_B","Defend_B","Defend_B","Defend_B","Zap","Dualcast+1","Conserve Battery","Defragment+1","Cold Snap+1","Auto Shields+1","Defragment+1","Ball Lightning","Chill+1","Electrodynamics","Coolheaded+1","Defragment+1","Blizzard+1","White Noise+1","Heatsinks+1","Hologram+1","Coolheaded+1","Self Repair","Echo Form","Force Field+1","Parasite","Aggregate+1"],"relics":["Cracked Core","Toxic Egg 2","Blood Vial","Orichalcum","Smiling Mask","Art of War","Runic Pyramid","Pear","Regal Pillow","Lantern","Pen Nib","Cursed Key","Bottled Tornado","The Courier","Letter Opener"],"acts_visited":["Exordium","TheCity","TheBeyond","TheEnding"],"potions_floor_usage":[55,55,55],"damage_taken":[{"damage":1.0,"enemies":"Cultist","floor":1.0,"turns":3.0},{"damage":10.0,"enemies":"Small Slimes","floor":4.0,"turns":3.0},{"damage":6.0,"enemies":"Jaw Worm","floor":7.0,"turns":4.0},{"damage":12.0,"enemies":"Gremlin Nob","floor":8.0,"turns":4.0},{"damage":21.0,"enemies":"Lagavulin","floor":12.0,"turns":6.0},{"damage":7.0,"enemies":"Exordium Wildlife","floor":13.0,"turns":5.0},{"damage":5.0,"enemies":"3 Louse","floor":14.0,"turns":3.0},{"damage":7.0,"enemies":"The Guardian","floor":16.0,"turns":9.0},{"damage":2.0,"enemies":"Chosen","floor":18.0,"turns":4.0},{"damage":16.0,"enemies":"Gremlin Leader","floor":23.0,"turns":5.0},{"damage":0.0,"enemies":"2 Thieves","floor":27.0,"turns":3.0},{"damage":9.0,"enemies":"Book of Stabbing","floor":28.0,"turns":7.0},{"damage":0.0,"enemies":"Centurion and Healer","floor":30.0,"turns":5.0},{"damage":0.0,"enemies":"Cultist and Chosen","floor":31.0,"turns":4.0},{"damage":17.0,"enemies":"Champ","floor":33.0,"turns":11.0},{"damage":7.0,"enemies":"3 Darklings","floor":35.0,"turns":3.0},{"damage":4.0,"enemies":"Orb Walker","floor":38.0,"turns":5.0},{"damage":44.0,"enemies":"Writhing Mass","floor":41.0,"turns":4.0},{"damage":32.0,"enemies":"Reptomancer","floor":42.0,"turns":5.0},{"damage":28.0,"enemies":"4 Shapes","floor":45.0,"turns":3.0},{"damage":0.0,"enemies":"Mind Bloom Boss Battle","floor":48.0,"turns":6.0},{"damage":18.0,"enemies":"Time Eater","floor":50.0,"turns":11.0},{"damage":17.0,"enemies":"Shield and Spear","floor":54.0,"turns":7.0},{"damage":67,"enemies":"The Heart","floor":55,"turns":11}],"seed_played":"568119681638183158","potions_obtained":[{"floor":4.0,"key":"Fire Potion"},{"floor":8.0,"key":"EssenceOfDarkness"},{"floor":12.0,"key":"EssenceOfSteel"},{"floor":23.0,"key":"FearPotion"},{"floor":27.0,"key":"Explosive Potion"},{"floor":30.0,"key":"SkillPotion"},{"floor":37.0,"key":"BlessingOfTheForge"},{"floor":37.0,"key":"Swift Potion"},{"floor":54.0,"key":"Dexterity Potion"}],"is_trial":false,"path_per_floor":["M","$","$","M","?","R","M","E","T","R","T","E","M","M","R","B",null,"M","?","?","$","?","E","$","R","T","M","E","R","M","M","R","B",null,"M","?","?","M","$","R","M","E","T","R","M","$","$","?","R","B",null,"R","$","E","B"],"character_chosen":"DEFECT","items_purchased":["Toxic Egg 2","Defragment","Blizzard","Heatsinks","Bottled Tornado"],"campfire_rested":2,"item_purchase_floors":[2,21,21,24,39],"current_hp_per_floor":[67,67,67,57,62,62,56,44,44,44,44,25,20,17,17,12,58,58,68,52,52,52,38,38,38,38,40,33,33,35,37,78,70,84,79,79,79,84,84,84,47,24,24,64,38,38,38,47,47,38,73,73,73,65,0,0],"gold":68,"neow_bonus":"TWO_FIFTY_GOLD","is_daily":false,"chose_seed":false,"campfire_upgraded":7,"win_rate":0.0,"timestamp":1610168053,"path_taken":["M","?","$","?","?","R","M","E","T","R","?","E","M","M","R","BOSS","M","?","?","$","?","E","$","R","T","M","E","R","M","M","R","BOSS","M","?","?","M","$","R","M","E","T","R","?","?","$","?","R","BOSS","R","$","E","BOSS"],"items_purchased_type":["Relic","Card","Card","Card","Relic"],"build_version":"2020-12-22","purchased_purges":5,"victory":false,"max_hp_per_floor":[68,68,68,68,73,73,73,73,73,73,73,73,73,73,73,73,73,73,83,88,88,88,88,88,88,88,88,88,88,88,88,88,88,88,88,84,84,84,84,84,84,84,84,84,84,84,84,84,84,84,84,84,84,84,84,84],"card_choices":[{"not_picked":["Beam Cell","Cold Snap"],"picked":"Conserve Battery","floor":1.0},{"not_picked":["Compile Driver","Leap+1"],"picked":"Defragment","floor":4.0},{"not_picked":["White Noise+1","Multi-Cast+1"],"picked":"Cold Snap","floor":7.0},{"not_picked":["Reprogram+1","Redo+1"],"picked":"Auto Shields+1","floor":8.0},{"not_picked":["All For One","FTL"],"picked":"Defragment","floor":12.0},{"not_picked":["Go for the Eyes","Storm"],"picked":"Ball Lightning","floor":13.0},{"not_picked":["Turbo+1","Conserve Battery+1"],"picked":"Chill+1","floor":14.0},{"not_picked":["Fission+1","Reboot+1"],"picked":"Electrodynamics","floor":16.0},{"not_picked":["Leap+1","Doom and Gloom"],"picked":"Coolheaded+1","floor":18.0},{"not_picked":["Turbo+1","Lockon"],"picked":"White Noise+1","floor":23.0},{"not_picked":["Rip and Tear","Aggregate+1"],"picked":"Hologram+1","floor":27.0},{"not_picked":["Gash","Redo+1","Chaos+1"],"picked":"SKIP","floor":28.0},{"not_picked":["Redo+1","Gash"],"picked":"Coolheaded+1","floor":30.0},{"not_picked":["Stack+1","Conserve Battery+1"],"picked":"Self Repair","floor":31.0},{"not_picked":["Biased Cognition","Electrodynamics"],"picked":"Echo Form","floor":33.0},{"not_picked":["Stack+1","Gash+1","FTL"],"picked":"SKIP","floor":35.0},{"not_picked":["Melter+1","Steam+1"],"picked":"Force Field+1","floor":38.0},{"not_picked":["Steam+1","Static Discharge+1","Self Repair+1"],"picked":"SKIP","floor":41.0},{"not_picked":["Compile Driver","Tempest+1","Gash"],"picked":"SKIP","floor":42.0},{"not_picked":["Stack+1","Cold Snap+1"],"picked":"Aggregate+1","floor":45.0},{"not_picked":["Steam+1","Heatsinks","Turbo+1"],"picked":"SKIP","floor":54.0}],"player_experience":299158,"relics_obtained":[{"floor":8.0,"key":"Blood Vial"},{"floor":9.0,"key":"Orichalcum"},{"floor":11.0,"key":"Smiling Mask"},{"floor":12.0,"key":"Art of War"},{"floor":23.0,"key":"Regal Pillow"},{"floor":26.0,"key":"Lantern"},{"floor":28.0,"key":"Pen Nib"},{"floor":42.0,"key":"The Courier"},{"floor":54.0,"key":"Letter Opener"}],"event_choices":[{"damage_healed":0.0,"max_hp_gain":5.0,"max_hp_loss":0.0,"gold_gain":0.0,"event_name":"Big Fish","player_choice":"Donut","floor":5.0,"gold_loss":0.0,"damage_taken":0.0},{"damage_healed":0.0,"max_hp_gain":0.0,"max_hp_loss":0.0,"gold_gain":0.0,"event_name":"Addict","player_choice":"Obtained Relic","floor":19.0,"gold_loss":85.0,"damage_taken":0.0,"relics_obtained":["Pear"]},{"damage_healed":0.0,"max_hp_gain":5.0,"max_hp_loss":0.0,"gold_gain":0.0,"event_name":"Forgotten Altar","player_choice":"Shed Blood","floor":20.0,"gold_loss":0.0,"damage_taken":21.0},{"damage_healed":0.0,"max_hp_gain":0.0,"max_hp_loss":0.0,"gold_gain":99.0,"event_name":"Nest","player_choice":"Stole From Cult","floor":22.0,"gold_loss":0.0,"damage_taken":0.0},{"damage_healed":0.0,"max_hp_gain":0.0,"max_hp_loss":4.0,"gold_gain":0.0,"event_name":"Winding Halls","player_choice":"Max HP","floor":36.0,"gold_loss":0.0,"damage_taken":0.0},{"damage_healed":0.0,"max_hp_gain":0.0,"max_hp_loss":0.0,"gold_gain":0.0,"event_name":"Lab","player_choice":"Got Potions","floor":37.0,"gold_loss":0.0,"damage_taken":0.0},{"damage_healed":0.0,"max_hp_gain":0.0,"max_hp_loss":0.0,"gold_gain":0.0,"event_name":"MindBloom","player_choice":"Fight","floor":48.0,"gold_loss":0.0,"damage_taken":0.0}],"is_beta":false,"boss_relics":[{"not_picked":["FrozenCore","Philosopher\u0027s Stone"],"picked":"Runic Pyramid"},{"not_picked":["Sozu","Tiny House"],"picked":"Cursed Key"}],"items_purged_floors":[2,21,24,39,46],"is_endless":false,"potions_floor_spawned":[4,8,12,23,27,30,41,45,54],"killed_by":"The Heart","ascension_level":7}}