{"host":"egwexuw5uvnxf11j","time":1610156979,"event":{"mods":["2.2 Compatiblity","Aspiration","BaseMod","Better Altar","Better Note","Better Sensory Stone","Better Third Choice","Displayed Cursed Tome","Downfall","Hermit","Key Reminder","Koishi","Marisa????????","Minty Spire (QoL Compilation)","Quick Restart","Shade Mod","Spicy Shops","StSLib","The Construct","The Cursed","The Hierophant","The Runesmith","The Senshi","The Servant 0.9.4","Transform Curses"],"gold_per_floor":[114,66,66,81,99,131,131,157,157,157,157,168,202,202,202,306,306,322,335,93,109,128,128,128,128,128],"floor_reached":25,"playtime":5598,"items_purged":[],"score":258,"play_id":"e62e233e-5cff-4451-99db-b7a114ec6a95","local_time":"20210108204939","is_ascension_mode":true,"campfire_choices":[{"data":"hermit:Headshot","floor":7.0,"key":"SMITH"},{"floor":11,"key":"REST"},{"floor":15,"key":"REST"},{"floor":23,"key":"REST"}],"circlet_count":0,"master_deck":["hermit:Strike_Hermit","hermit:Defend_Hermit","hermit:Defend_Hermit","hermit:Defend_Hermit","hermit:Snapshot","hermit:Covet","hermit:Misfire","hermit:Headshot+1","hermit:Glare","hermit:Misfire","hermit:Gestalt","hermit:HoleUp","hermit:Desperado","hermit:Glare+1","hermit:LuckOfTheDraw+1","hermit:BlackWind","hermit:HoleUp+1","hermit:Enervate+1","hermit:ShadowCloak+1","hermit:EyeOfTheStorm+1","hermit:Snipe+1","hermit:Brawl","hermit:GoldenBullet","hermit:Headshot","hermit:ShadowCloak+1","hermit:Midnight+1"],"relics":["hermit:Momento","hermit:RyeStalk","Boot","Singing Bowl","Toxic Egg 2","Pantograph","keyreminder:keyreminder","Astrolabe","DollysMirror"],"acts_visited":["Exordium","TheCity"],"potions_floor_usage":[8,13,16,19,22],"damage_taken":[{"damage":1.0,"enemies":"Jaw Worm","floor":1.0,"turns":3.0},{"damage":0.0,"enemies":"Cultist","floor":4.0,"turns":2.0},{"damage":6.0,"enemies":"2 Louse","floor":5.0,"turns":2.0},{"damage":0.0,"enemies":"Gremlin Nob","floor":6.0,"turns":2.0},{"damage":20,"enemies":"3 Sentries","floor":8,"turns":6},{"damage":2,"enemies":"Large Slime","floor":12,"turns":4},{"damage":29,"enemies":"Gremlin Nob","floor":13,"turns":4},{"damage":30,"enemies":"Hexaghost","floor":16,"turns":9},{"damage":3,"enemies":"Chosen","floor":18,"turns":4},{"damage":23,"enemies":"2 Thieves","floor":19,"turns":4},{"damage":43,"enemies":"Sentry and Sphere","floor":21,"turns":6},{"damage":5,"enemies":"Snecko","floor":22,"turns":5},{"damage":28,"enemies":"Snake Plant","floor":25,"turns":3}],"seed_played":"-3310797103307554542","potions_obtained":[{"floor":3.0,"key":"LiquidBronze"},{"floor":3.0,"key":"SmokeBomb"},{"floor":3.0,"key":"Block Potion"},{"floor":5.0,"key":"Fire Potion"},{"floor":6.0,"key":"construct:ShiftPotion"},{"floor":13,"key":"DistilledChaos"},{"floor":16,"key":"champ:CounterPotion"},{"floor":19,"key":"PowerPotion"}],"is_trial":false,"path_per_floor":["M","$","?","M","M","E","R","E","T","?","R","M","E","?","R","B",null,"M","M","$","M","M","R","?","M"],"character_chosen":"HERMIT","items_purchased":["hermit:Headshot","hermit:Brawl","hermit:GoldenBullet","hermit:Headshot","DollysMirror"],"campfire_rested":3,"item_purchase_floors":[2,20,20,20,20],"current_hp_per_floor":[74,74,74,74,68,68,68,48,48,56,75,73,44,44,66,45,75,72,49,49,6,3,26,26,0,0],"gold":128,"neow_bonus":"RANDOM_COMMON_RELIC","is_daily":false,"chose_seed":false,"campfire_upgraded":1,"win_rate":0.0,"timestamp":1610156979,"path_taken":["M","$","?","M","?","E","R","E","T","?","R","M","E","?","R","BOSS","M","M","$","M","?","R","?","M"],"items_purchased_type":["Card","Card","Card","Card","Relic"],"build_version":"2020-12-22","purchased_purges":0,"victory":false,"max_hp_per_floor":[75,75,75,75,75,75,75,75,75,75,75,75,75,75,75,75,75,75,75,75,75,77,77,77,77,77],"card_choices":[{"not_picked":["hermit:Scavenge","hermit:Feint"],"picked":"hermit:Misfire","floor":1.0},{"not_picked":["hermit:Spite","hermit:Headshot"],"picked":"hermit:Glare","floor":4.0},{"not_picked":["hermit:Headshot","hermit:CalledShot"],"picked":"hermit:Misfire","floor":5.0},{"not_picked":["hermit:Roulette","hermit:LoneWolf"],"picked":"hermit:Gestalt","floor":6.0},{"not_picked":["hermit:Showdown","hermit:Cheat"],"picked":"hermit:HoleUp","floor":8},{"not_picked":["hermit:Dive+1","hermit:FullyLoaded+1"],"picked":"hermit:Desperado","floor":12},{"not_picked":["hermit:Cheat+1","hermit:Roulette"],"picked":"hermit:Glare+1","floor":13},{"not_picked":["hermit:Reprieve+1","hermit:OverwhelmingPower"],"picked":"hermit:BlackWind","floor":16},{"not_picked":["hermit:HighCaliber+1","hermit:Gestalt+1"],"picked":"hermit:EyeOfTheStorm+1","floor":18},{"not_picked":["hermit:Ricochet","hermit:TakeCover+1"],"picked":"hermit:Snipe+1","floor":19},{"not_picked":["hermit:HoleUp+1","hermit:Feint+1"],"picked":"hermit:Midnight+1","floor":21},{"not_picked":["hermit:Snipe+1","hermit:EyeOfTheStorm+1","hermit:Midnight+1"],"picked":"Singing Bowl","floor":22}],"player_experience":2163236,"relics_obtained":[{"floor":6.0,"key":"Boot"},{"floor":8,"key":"Singing Bowl"},{"floor":9,"key":"Toxic Egg 2"},{"floor":13,"key":"Pantograph"}],"event_choices":[{"damage_healed":0.0,"max_hp_gain":0.0,"max_hp_loss":0.0,"gold_gain":0.0,"event_name":"Lab","player_choice":"Got Potions","floor":3.0,"gold_loss":0.0,"damage_taken":0.0},{"damage_healed":0,"gold_gain":0,"cards_transformed":["hermit:Strike_Hermit"],"player_choice":"Transformed","damage_taken":0,"max_hp_gain":0,"max_hp_loss":0,"event_name":"Transmorgrifier","floor":14,"gold_loss":0,"cards_obtained":["hermit:LuckOfTheDraw"]},{"damage_healed":0,"gold_gain":0,"player_choice":"Ignored","damage_taken":0,"max_hp_gain":0,"max_hp_loss":0,"event_name":"Beggar","floor":24,"gold_loss":0}],"is_beta":false,"boss_relics":[{"not_picked":["Pandora\u0027s Box","aspiration:RitualDagger"],"picked":"Astrolabe"}],"items_purged_floors":[],"is_endless":false,"potions_floor_spawned":[4,5,6,13,16,19],"killed_by":"Snake Plant","ascension_level":1}}