{"host":"2yqfi47fogfu1ic4","time":1610178301,"event":{"mods":["AchievementEnabler","BaseMod","Colored Map","Colored Powertips","Highlight Path","Minty Spire (QoL Compilation)","Permanent Neow","Relic Stats","StSLib"],"gold_per_floor":[118,193,2,20,36,36,55,55,103,121,37,37,60,91,91,176,203,218,241,283,283,283],"floor_reached":21,"playtime":1250,"items_purged":["Strike_G"],"score":362,"play_id":"16b26352-0e3e-4d25-865d-75f001a0697e","local_time":"20210109084501","is_ascension_mode":true,"campfire_choices":[{"data":"Sucker Punch","floor":6.0,"key":"SMITH"},{"data":"Blade Dance","floor":8.0,"key":"SMITH"},{"data":"Catalyst","floor":15.0,"key":"SMITH"}],"circlet_count":0,"master_deck":["AscendersBane","Defend_G","Defend_G","Defend_G","Defend_G","Survivor","Neutralize","Sucker Punch+1","Masterful Stab","Footwork","Leg Sweep","Catalyst+1","Blade Dance+1","Poisoned Stab","Catalyst","Bouncing Flask","Bullet Time","Eviscerate+1","Skewer+1","Bullet Time+1","Footwork","PiercingWail+1"],"relics":["Empty Cage","CeramicFish","Dead Branch","Astrolabe","Red Mask"],"acts_visited":["Exordium","TheCity"],"potions_floor_usage":[],"damage_taken":[{"damage":6.0,"enemies":"2 Louse","floor":1.0,"turns":4.0},{"damage":4.0,"enemies":"Jaw Worm","floor":4.0,"turns":4.0},{"damage":0.0,"enemies":"Cultist","floor":5.0,"turns":5.0},{"damage":0.0,"enemies":"Exordium Wildlife","floor":7.0,"turns":8.0},{"damage":6.0,"enemies":"3 Louse","floor":10.0,"turns":4.0},{"damage":1.0,"enemies":"2 Fungi Beasts","floor":13.0,"turns":3.0},{"damage":14.0,"enemies":"Gremlin Nob","floor":14.0,"turns":3.0},{"damage":10.0,"enemies":"Hexaghost","floor":16.0,"turns":6.0},{"damage":20.0,"enemies":"Shell Parasite","floor":18.0,"turns":5.0},{"damage":0.0,"enemies":"3 Byrds","floor":19.0,"turns":5.0},{"damage":28.0,"enemies":"Masked Bandits","floor":20.0,"turns":4.0},{"damage":6,"enemies":"Snake Plant","floor":21,"turns":2}],"seed_played":"2278601211952234181","potions_obtained":[{"floor":1.0,"key":"Dexterity Potion"},{"floor":7.0,"key":"CunningPotion"},{"floor":13.0,"key":"DuplicationPotion"},{"floor":20.0,"key":"Ancient Potion"}],"is_trial":false,"path_per_floor":["M","?","$","M","M","R","M","R","T","M","$","?","M","E","R","B",null,"M","M","?","M"],"character_chosen":"THE_SILENT","items_purchased":["Masterful Stab","Footwork","Catalyst"],"campfire_rested":0,"item_purchase_floors":[3,3,11],"current_hp_per_floor":[53,42,42,38,38,38,38,38,38,32,32,27,26,12,12,2,50,30,30,2,0,0],"gold":283,"neow_bonus":"BOSS_RELIC","is_daily":false,"chose_seed":false,"campfire_upgraded":3,"win_rate":0.0,"timestamp":1610178301,"path_taken":["M","?","$","M","M","R","M","R","T","M","$","?","M","E","R","BOSS","M","M","?","M"],"items_purchased_type":["Card","Card","Card"],"build_version":"2020-12-22","purchased_purges":1,"victory":false,"max_hp_per_floor":[66,66,66,66,66,66,66,66,66,66,66,66,66,66,66,66,66,66,66,66,66,66],"relic_stats":{"counters":[12,53],"CeramicFish":63,"Dead Branch":[50],"Astrolabe":["Eviscerate","Skewer","Bullet Time"],"obtain_stats":[{"CeramicFish":12,"Dead Branch":14,"Astrolabe":17,"Red Mask":20,"Empty Cage":0,"Ring of the Snake":0},{"CeramicFish":5,"Dead Branch":7,"Astrolabe":8,"Red Mask":11,"Empty Cage":0,"Ring of the Snake":0},{"CeramicFish":25,"Dead Branch":31,"Astrolabe":37,"Red Mask":51,"Empty Cage":0,"Ring of the Snake":0}]},"card_choices":[{"not_picked":["Infinite Blades","Bane"],"picked":"Sucker Punch","floor":1.0},{"not_picked":["Underhanded Strike","Acrobatics"],"picked":"Leg Sweep","floor":4.0},{"not_picked":["Outmaneuver","Cloak And Dagger"],"picked":"Catalyst","floor":5.0},{"not_picked":["Cloak And Dagger","Sucker Punch"],"picked":"Blade Dance","floor":7.0},{"not_picked":["Dodge and Roll","Well Laid Plans"],"picked":"Poisoned Stab","floor":10.0},{"not_picked":["Bane","Dodge and Roll"],"picked":"Bouncing Flask","floor":13.0},{"not_picked":["Sucker Punch","Outmaneuver","Envenom"],"picked":"SKIP","floor":14.0},{"not_picked":["Grand Finale","After Image"],"picked":"Bullet Time","floor":16.0},{"not_picked":["Bane","Flying Knee","Underhanded Strike"],"picked":"SKIP","floor":18.0},{"not_picked":["Cloak And Dagger","Infinite Blades"],"picked":"Footwork","floor":19.0},{"not_picked":["Deflect+1","Escape Plan"],"picked":"PiercingWail+1","floor":20.0}],"player_experience":2131913,"relics_obtained":[{"floor":14.0,"key":"Dead Branch"},{"floor":20.0,"key":"Red Mask"}],"event_choices":[{"damage_healed":0.0,"max_hp_gain":0.0,"max_hp_loss":0.0,"gold_gain":75.0,"event_name":"World of Goop","player_choice":"Gather Gold","floor":2.0,"gold_loss":0.0,"damage_taken":11.0},{"damage_healed":0.0,"max_hp_gain":0.0,"max_hp_loss":0.0,"gold_gain":0.0,"event_name":"Scrap Ooze","player_choice":"Success","floor":12.0,"gold_loss":0.0,"damage_taken":5.0,"relics_obtained":["CeramicFish"]},{"damage_healed":0.0,"max_hp_gain":0.0,"max_hp_loss":0.0,"gold_gain":0.0,"event_name":"Masked Bandits","player_choice":"Fought Bandits","floor":20.0,"gold_loss":0.0,"damage_taken":0.0}],"is_beta":false,"boss_relics":[{"not_picked":["Tiny House","Runic Dome"],"picked":"Astrolabe"}],"items_purged_floors":[3],"is_endless":false,"potions_floor_spawned":[1,7,13,20],"killed_by":"Snake Plant","ascension_level":20}}