{"host":"rmsq46plbpwfbxcc","time":1610154604,"event":{"mods":["AchievementEnabler","BaseMod","Colored Map","Colored Powertips","DeckTracker","KOR Keyword Fix","Minty Spire (QoL Compilation)","Permanent Neow","Quick Restart","SuperFastMode"],"gold_per_floor":[119,130,130,55,55,55,85,104,178,178,198,230,250,265,265,362,362,375,8,18,18,38,38,50,76,76,76,8,43,43,67,67,177,177,197,247,271,9,9,9,48,48,118,144,16,36,47,74,74,74],"floor_reached":51,"playtime":1579,"items_purged":["Defend_G","Defend_G"],"score":921,"play_id":"510a1af4-900b-4fde-90a1-392e28eec73a","local_time":"20210109101004","is_ascension_mode":true,"campfire_choices":[{"data":"Blade Dance","floor":6,"key":"SMITH"},{"data":"Cloak And Dagger","floor":10,"key":"SMITH"},{"data":"Envenom","floor":15,"key":"SMITH"},{"data":"Accuracy","floor":23,"key":"SMITH"},{"data":"Neutralize","floor":30,"key":"SMITH"},{"data":"Finisher","floor":32,"key":"SMITH"},{"data":"A Thousand Cuts","floor":40,"key":"SMITH"},{"floor":42,"key":"DIG"},{"floor":49,"key":"REST"}],"circlet_count":0,"master_deck":["Strike_G","Strike_G","Strike_G","Defend_G","Defend_G","Survivor","Neutralize+1","Cloak And Dagger+1","Blade Dance+1","PiercingWail","Footwork+1","Backflip","Envenom+1","Bullet Time","Accuracy+1","Finisher+1","Phantasmal Killer","Terror","Escape Plan","A Thousand Cuts+1","Well Laid Plans+1","Noxious Fumes+1","Backstab+1","Choke","Accuracy+1","Blade Dance+1"],"relics":["Black Star","Toy Ornithopter","Ancient Tea Set","Du-Vu Doll","Mummified Hand","Pen Nib","Bag of Preparation","Sozu","Happy Flower","Shovel","CeramicFish","MealTicket","PreservedInsect","Incense Burner","Bottled Flame","Empty Cage","FossilizedHelix","Ornamental Fan","Ginger","Nunchaku","HornCleat","White Beast Statue","The Courier"],"acts_visited":["Exordium","TheCity","TheBeyond"],"potions_floor_usage":[8,12,16,18,50],"damage_taken":[{"damage":2,"enemies":"Cultist","floor":1,"turns":5},{"damage":7,"enemies":"Small Slimes","floor":2,"turns":4},{"damage":29,"enemies":"3 Sentries","floor":7,"turns":10},{"damage":3,"enemies":"Jaw Worm","floor":8,"turns":3},{"damage":2,"enemies":"Blue Slaver","floor":11,"turns":4},{"damage":13,"enemies":"Lagavulin","floor":12,"turns":10},{"damage":0,"enemies":"Red Slaver","floor":13,"turns":3},{"damage":0,"enemies":"Large Slime","floor":14,"turns":4},{"damage":4,"enemies":"Hexaghost","floor":16,"turns":10},{"damage":0,"enemies":"Chosen","floor":18,"turns":4},{"damage":10,"enemies":"2 Thieves","floor":20,"turns":3},{"damage":3,"enemies":"Shelled Parasite and Fungi","floor":22,"turns":4},{"damage":13,"enemies":"Snecko","floor":24,"turns":3},{"damage":23,"enemies":"Book of Stabbing","floor":25,"turns":5},{"damage":1,"enemies":"Slavers","floor":29,"turns":4},{"damage":0,"enemies":"Snake Plant","floor":31,"turns":4},{"damage":1,"enemies":"Champ","floor":33,"turns":7},{"damage":40,"enemies":"3 Darklings","floor":35,"turns":5},{"damage":0,"enemies":"Mind Bloom Boss Battle","floor":36,"turns":3},{"damage":0,"enemies":"3 Shapes","floor":37,"turns":2},{"damage":0,"enemies":"Nemesis","floor":41,"turns":3},{"damage":0,"enemies":"Giant Head","floor":44,"turns":6},{"damage":0,"enemies":"Maw","floor":46,"turns":5},{"damage":13,"enemies":"Sphere and 2 Shapes","floor":47,"turns":5},{"damage":44,"enemies":"Jaw Worm Horde","floor":48,"turns":4},{"damage":15,"enemies":"Donu and Deca","floor":50,"turns":6}],"seed_played":"-1695695315228713167","potions_obtained":[{"floor":7,"key":"DistilledChaos"},{"floor":8,"key":"DuplicationPotion"},{"floor":12,"key":"EssenceOfSteel"},{"floor":14,"key":"SneckoOil"},{"floor":16,"key":"AttackPotion"}],"is_trial":false,"path_per_floor":["M","M","?","$","?","R","E","M","T","R","M","E","M","M","R","B",null,"M","$","M","?","M","R","M","E","T","?","?","E","R","M","R","B",null,"M","?","M","$","?","R","E","R","T","E","$","M","M","M","R","B",null],"character_chosen":"THE_SILENT","items_purchased":["Accuracy","Finisher","Happy Flower","Phantasmal Killer","Ornamental Fan","Choke"],"campfire_rested":1,"item_purchase_floors":[19,19,19,19,38,45],"current_hp_per_floor":[68,61,49,49,49,49,20,22,22,22,20,12,12,12,12,13,70,70,70,60,70,67,67,54,31,31,31,31,30,30,30,30,29,70,30,30,30,45,45,45,45,45,45,45,60,60,47,3,24,14],"gold":74,"neow_bonus":"BOSS_RELIC","is_daily":false,"chose_seed":false,"campfire_upgraded":7,"win_rate":0.0,"timestamp":1610154604,"path_taken":["M","M","?","$","?","R","E","M","T","R","M","E","?","M","R","BOSS","M","$","M","?","?","R","M","E","T","?","?","E","R","M","R","BOSS","M","?","M","$","?","R","E","R","T","E","$","M","?","M","R","BOSS"],"items_purchased_type":["Card","Card","Relic","Card","Relic","Card"],"build_version":"2020-12-22","purchased_purges":2,"victory":true,"max_hp_per_floor":[70,70,70,70,70,70,70,70,70,70,70,70,70,70,70,70,70,70,70,70,70,70,70,70,70,70,70,70,70,70,70,70,70,70,70,70,70,70,70,70,70,70,70,70,70,70,70,70,70,70],"card_choices":[{"not_picked":["PiercingWail","All Out Attack"],"picked":"Cloak And Dagger","floor":1},{"not_picked":["Choke","Dash"],"picked":"Blade Dance","floor":2},{"not_picked":["Bane","Outmaneuver"],"picked":"PiercingWail","floor":7},{"not_picked":["Distraction","Dagger Throw"],"picked":"Footwork","floor":8},{"not_picked":["PiercingWail","Slice"],"picked":"Backflip","floor":11},{"not_picked":["Noxious Fumes","Dagger Spray"],"picked":"Envenom","floor":12},{"not_picked":["Dagger Spray","Prepared","Outmaneuver"],"picked":"SKIP","floor":13},{"not_picked":["Dodge and Roll","Deflect","Bouncing Flask"],"picked":"SKIP","floor":14},{"not_picked":["Envenom","Night Terror"],"picked":"Bullet Time","floor":16},{"not_picked":["Noxious Fumes","Setup+1","Poisoned Stab"],"picked":"SKIP","floor":18},{"not_picked":["Dagger Throw+1","Dagger Spray","Acrobatics"],"picked":"SKIP","floor":20},{"not_picked":["PiercingWail","Poisoned Stab","Grand Finale"],"picked":"SKIP","floor":22},{"not_picked":["Quick Slash","Dagger Spray","Predator"],"picked":"SKIP","floor":24},{"not_picked":["Slice","All Out Attack","Backflip"],"picked":"SKIP","floor":25},{"not_picked":["Underhanded Strike","Deadly Poison+1"],"picked":"Terror","floor":29},{"not_picked":["Backflip+1","Finisher+1"],"picked":"Escape Plan","floor":31},{"not_picked":["Bullet Time","Venomology"],"picked":"A Thousand Cuts","floor":33},{"not_picked":["Blade Dance+1","Cloak And Dagger+1"],"picked":"Well Laid Plans+1","floor":35},{"not_picked":["Dagger Spray","Dodge and Roll+1"],"picked":"Noxious Fumes+1","floor":37},{"not_picked":["Dagger Throw","Sucker Punch"],"picked":"Backstab+1","floor":41},{"not_picked":["Flechettes+1","Dagger Throw","Storm of Steel"],"picked":"SKIP","floor":44},{"not_picked":["Deadly Poison+1","Dagger Throw+1"],"picked":"Accuracy+1","floor":46},{"not_picked":["Deflect+1","Wraith Form v2","Bane+1"],"picked":"SKIP","floor":47},{"not_picked":["Poisoned Stab","Deadly Poison"],"picked":"Blade Dance+1","floor":48}],"player_experience":638325,"relics_obtained":[{"floor":7,"key":"Ancient Tea Set"},{"floor":7,"key":"Du-Vu Doll"},{"floor":9,"key":"Mummified Hand"},{"floor":12,"key":"Pen Nib"},{"floor":12,"key":"Bag of Preparation"},{"floor":25,"key":"Shovel"},{"floor":25,"key":"CeramicFish"},{"floor":26,"key":"MealTicket"},{"floor":29,"key":"Incense Burner"},{"floor":29,"key":"Bottled Flame"},{"floor":36,"key":"FossilizedHelix"},{"floor":41,"key":"Ginger"},{"floor":41,"key":"Nunchaku"},{"floor":42,"key":"HornCleat"},{"floor":44,"key":"White Beast Statue"},{"floor":44,"key":"The Courier"}],"event_choices":[{"damage_healed":0,"gold_gain":0,"player_choice":"Success","damage_taken":12,"relics_obtained":["Toy Ornithopter"],"max_hp_gain":0,"max_hp_loss":0,"event_name":"Scrap Ooze","floor":3,"gold_loss":0},{"cards_removed":["Strike_G"],"damage_healed":0,"gold_gain":0,"player_choice":"Forget","damage_taken":0,"max_hp_gain":0,"max_hp_loss":0,"event_name":"Living Wall","floor":5,"gold_loss":0},{"damage_healed":10,"gold_gain":0,"player_choice":"Full Heal","damage_taken":0,"max_hp_gain":0,"max_hp_loss":0,"event_name":"Wheel of Change","floor":21,"gold_loss":0},{"damage_healed":0,"gold_gain":0,"player_choice":"Ignored","damage_taken":0,"max_hp_gain":0,"max_hp_loss":0,"event_name":"Cursed Tome","floor":27,"gold_loss":0},{"damage_healed":0,"gold_gain":0,"player_choice":"Paid Gold","damage_taken":0,"relics_obtained":["PreservedInsect"],"max_hp_gain":0,"max_hp_loss":0,"event_name":"WeMeetAgain","floor":28,"gold_loss":68},{"damage_healed":0,"gold_gain":0,"player_choice":"Fight","damage_taken":0,"max_hp_gain":0,"max_hp_loss":0,"event_name":"MindBloom","floor":36,"gold_loss":0},{"damage_healed":0,"gold_gain":0,"player_choice":"Upgraded","damage_taken":0,"max_hp_gain":0,"max_hp_loss":0,"event_name":"Upgrade Shrine","floor":39,"gold_loss":0,"cards_upgraded":["Footwork"]}],"is_beta":false,"boss_relics":[{"not_picked":["Philosopher\u0027s Stone","Busted Crown"],"picked":"Sozu"},{"not_picked":["Snecko Eye","SlaversCollar"],"picked":"Empty Cage"}],"items_purged_floors":[4,45],"is_endless":false,"potions_floor_spawned":[7,8,12,14,16,18,24,36,41,46,47,48],"ascension_level":3}}