{"host":"m77rrhbqzv44va4v","time":1610225566,"event":{"mods":["AchievementEnabler","BaseMod","Colored Map","DeckTracker","Keyboard Shortcuts","Minty Spire (QoL Compilation)","StSLib","SuperFastMode","everything is the same but u backflip on backflip"],"gold_per_floor":[113,131,206,131,131,159,186,186,211,44,56,70,13,13,13,89,89,99,99,14,14,29,29,29,29,29,17,34,52,52,52,52],"floor_reached":31,"playtime":715,"items_purged":[],"score":512,"play_id":"6d065471-1a18-482d-9abc-bf86a0faad74","local_time":"20210110055246","is_ascension_mode":true,"campfire_choices":[{"floor":8.0,"key":"REST"},{"data":"Adrenaline","floor":15.0,"key":"SMITH"},{"data":"Catalyst","floor":23,"key":"SMITH"},{"data":"Bouncing Flask","floor":25,"key":"SMITH"}],"circlet_count":0,"master_deck":["AscendersBane","Strike_G","Strike_G","Strike_G","Strike_G","Strike_G","Defend_G","Defend_G","Defend_G","Defend_G","Survivor","Neutralize","Reflex","Heel Hook","Escape Plan","Adrenaline+1","Dagger Throw","Bouncing Flask+1","Acrobatics","Catalyst+1","Backflip","Backflip","Catalyst+1","Underhanded Strike"],"relics":["Ring of the Snake","NeowsBlessing","Matryoshka","Pear","Odd Mushroom","Centennial Puzzle","Bag of Preparation","HoveringKite","Anchor","MawBank","Mummified Hand","Bag of Marbles"],"acts_visited":["Exordium","TheCity"],"potions_floor_usage":[22,28,28],"damage_taken":[{"damage":0.0,"enemies":"Small Slimes","floor":1.0,"turns":1.0},{"damage":0.0,"enemies":"2 Louse","floor":2.0,"turns":1.0},{"damage":0.0,"enemies":"Gremlin Nob","floor":6.0,"turns":1.0},{"damage":16.0,"enemies":"The Mushroom Lair","floor":7.0,"turns":5.0},{"damage":1.0,"enemies":"Jaw Worm","floor":11.0,"turns":3.0},{"damage":1.0,"enemies":"Lots of Slimes","floor":12.0,"turns":4.0},{"damage":45.0,"enemies":"The Guardian","floor":16.0,"turns":12.0},{"damage":12.0,"enemies":"Shell Parasite","floor":18.0,"turns":5.0},{"damage":0,"enemies":"Chosen","floor":22,"turns":3},{"damage":15,"enemies":"Shelled Parasite and Fungi","floor":28,"turns":6},{"damage":32,"enemies":"Cultist and Chosen","floor":29,"turns":7},{"damage":3,"enemies":"3 Cultists","floor":31,"turns":3}],"seed_played":"8851018802988127599","potions_obtained":[{"floor":1.0,"key":"Explosive Potion"},{"floor":7.0,"key":"BlessingOfTheForge"},{"floor":12.0,"key":"CultistPotion"},{"floor":18.0,"key":"Swift Potion"},{"floor":22,"key":"Poison Potion"}],"is_trial":false,"path_per_floor":["M","M","?","?","?","E","?","R","T","$","M","M","$","?","R","B",null,"M","?","?","?","M","R","$","R","T","$","M","M","T","M"],"character_chosen":"THE_SILENT","items_purchased":["Adrenaline","Acrobatics","Backflip"],"campfire_rested":1,"item_purchase_floors":[10,13,27],"current_hp_per_floor":[59,59,48,48,22,32,16,38,38,38,37,36,36,61,61,16,61,49,49,49,49,49,49,49,49,49,49,34,2,2,0,0],"gold":52,"neow_bonus":"THREE_ENEMY_KILL","is_daily":false,"chose_seed":false,"campfire_upgraded":3,"win_rate":0.0,"timestamp":1610225566,"path_taken":["M","M","?","?","?","E","?","R","T","$","M","M","$","?","R","BOSS","M","?","?","?","?","R","?","R","T","$","M","M","?","?"],"items_purchased_type":["Card","Card","Card"],"build_version":"2020-12-22","purchased_purges":0,"victory":false,"max_hp_per_floor":[66,66,66,66,66,76,76,76,76,76,76,76,76,76,76,76,76,76,76,76,76,76,76,76,76,76,76,76,76,76,76,76],"card_choices":[{"not_picked":["Infinite Blades","Deflect","Caltrops"],"picked":"SKIP","floor":1.0},{"not_picked":["Deadly Poison","Heel Hook"],"picked":"Reflex","floor":2.0},{"not_picked":["Deflect","Dodge and Roll"],"picked":"Heel Hook","floor":6.0},{"not_picked":["Deflect","Dodge and Roll"],"picked":"Escape Plan","floor":7.0},{"not_picked":["Deflect","Blade Dance"],"picked":"Dagger Throw","floor":11.0},{"not_picked":["Bane","Slice"],"picked":"Bouncing Flask","floor":12.0},{"not_picked":["Underhanded Strike","Caltrops"],"picked":"Catalyst","floor":18.0},{"not_picked":["Prepared","Blade Dance"],"picked":"Backflip","floor":22},{"not_picked":["Sucker Punch","Deflect+1"],"picked":"Catalyst+1","floor":28},{"not_picked":["Endless Agony","Dagger Throw"],"picked":"Underhanded Strike","floor":29}],"player_experience":918647,"relics_obtained":[{"floor":6.0,"key":"Pear"},{"floor":7.0,"key":"Odd Mushroom"},{"floor":9.0,"key":"Centennial Puzzle"},{"floor":9.0,"key":"Bag of Preparation"},{"floor":26,"key":"MawBank"},{"floor":26,"key":"Mummified Hand"},{"floor":30,"key":"Bag of Marbles"}],"event_choices":[{"damage_healed":0.0,"max_hp_gain":0.0,"max_hp_loss":0.0,"gold_gain":75.0,"event_name":"World of Goop","player_choice":"Gather Gold","floor":3.0,"gold_loss":0.0,"damage_taken":11.0},{"cards_removed":["Defend_G"],"damage_healed":0.0,"max_hp_gain":0.0,"max_hp_loss":0.0,"gold_gain":0.0,"event_name":"The Cleric","player_choice":"Card Removal","floor":4.0,"gold_loss":75.0,"damage_taken":0.0},{"damage_healed":0.0,"max_hp_gain":0.0,"max_hp_loss":0.0,"gold_gain":0.0,"event_name":"Scrap Ooze","player_choice":"Success","floor":5.0,"gold_loss":0.0,"damage_taken":26.0,"relics_obtained":["Matryoshka"]},{"damage_healed":0.0,"max_hp_gain":0.0,"max_hp_loss":0.0,"gold_gain":0.0,"event_name":"Mushrooms","player_choice":"Fought Mushrooms","floor":7.0,"gold_loss":0.0,"damage_taken":0.0},{"damage_healed":25.0,"max_hp_gain":0.0,"max_hp_loss":0.0,"gold_gain":0.0,"event_name":"Big Fish","player_choice":"Banana","floor":14.0,"gold_loss":0.0,"damage_taken":0.0},{"damage_healed":0.0,"max_hp_gain":0.0,"max_hp_loss":0.0,"gold_gain":0.0,"event_name":"Cursed Tome","player_choice":"Ignored","floor":19.0,"gold_loss":0.0,"damage_taken":0.0},{"damage_healed":0.0,"max_hp_gain":0.0,"max_hp_loss":0.0,"gold_gain":0.0,"event_name":"Addict","player_choice":"Obtained Relic","floor":20.0,"gold_loss":85.0,"damage_taken":0.0,"relics_obtained":["Anchor"]},{"damage_healed":0,"gold_gain":0,"player_choice":"Ignored","damage_taken":0,"max_hp_gain":0,"max_hp_loss":0,"event_name":"Ghosts","floor":21,"gold_loss":0}],"is_beta":false,"boss_relics":[{"not_picked":["Astrolabe","Calling Bell"],"picked":"HoveringKite"}],"items_purged_floors":[],"is_endless":false,"potions_floor_spawned":[1,7,12,18,22],"killed_by":"3 Cultists","ascension_level":20}}