{"host":"n7aywsqehmyjh5xy","time":1610159745,"event":{"mods":["BaseMod","Colored Map","Downfall","Minty Spire (QoL Compilation)","StSLib"],"gold_per_floor":[117,127,143,156,167,196,196,209,209,209,241,253,253,276,276,404,404,419,419,87,107,130,130,144,144,144],"floor_reached":25,"playtime":1136,"items_purged":["Strike_R"],"score":250,"play_id":"4f336dfe-eec3-4857-a5f6-95f151dceeb3","local_time":"20210108213545","is_ascension_mode":true,"campfire_choices":[{"floor":7,"key":"REST"},{"floor":10,"key":"REST"},{"floor":15,"key":"REST"},{"data":"Bash","floor":23,"key":"SMITH"}],"circlet_count":0,"master_deck":["Strike_R","Strike_R","Strike_R","Defend_R","Defend_R","Bash+1","Pommel Strike","Headbutt","Cleave","Spot Weakness","Thunderclap","Pommel Strike","Havoc","Dropkick","Offering","Intimidate+1","Combust"],"relics":["SacredBark","Dead Branch","Matryoshka","Tiny Chest","Golden Idol","Empty Cage","Molten Egg 2","Bag of Preparation","Bronze Scales"],"acts_visited":["Exordium","TheCity"],"potions_floor_usage":[11,14,18,24,25],"damage_taken":[{"damage":14,"enemies":"Cultist","floor":1,"turns":5},{"damage":7,"enemies":"Small Slimes","floor":2,"turns":4},{"damage":7,"enemies":"2 Louse","floor":3,"turns":2},{"damage":1,"enemies":"Exordium Wildlife","floor":4,"turns":2},{"damage":0,"enemies":"3 Louse","floor":5,"turns":3},{"damage":40,"enemies":"Lagavulin","floor":6,"turns":5},{"damage":12,"enemies":"Looter","floor":8,"turns":3},{"damage":5,"enemies":"3 Sentries","floor":11,"turns":5},{"damage":0,"enemies":"2 Fungi Beasts","floor":12,"turns":2},{"damage":4,"enemies":"Lots of Slimes","floor":14,"turns":2},{"damage":36,"enemies":"Hexaghost","floor":16,"turns":7},{"damage":23,"enemies":"2 Thieves","floor":18,"turns":3},{"damage":15,"enemies":"Chosen","floor":21,"turns":2},{"damage":36,"enemies":"Centurion and Healer","floor":24,"turns":3},{"damage":6,"enemies":"Cultist and Chosen","floor":25,"turns":4}],"seed_played":"1929446708099285129","potions_obtained":[{"floor":3,"key":"Guardian:BlockOnCardUsePotion"},{"floor":4,"key":"ColorlessPotion"},{"floor":5,"key":"Energy Potion"},{"floor":14,"key":"Block Potion"},{"floor":18,"key":"LiquidMemories"}],"is_trial":false,"path_per_floor":["M","M","M","M","M","E","R","M","T","R","E","M","?","M","R","B",null,"M","?","$","M","T","R","M","M"],"character_chosen":"IRONCLAD","items_purchased":["Molten Egg 2"],"campfire_rested":3,"item_purchase_floors":[20],"current_hp_per_floor":[66,59,52,51,51,11,35,23,23,47,42,42,22,18,42,6,80,57,57,57,42,42,42,6,0,0],"gold":144,"neow_bonus":"BOSS_RELIC","is_daily":false,"chose_seed":false,"campfire_upgraded":1,"win_rate":0.0,"timestamp":1610159745,"path_taken":["M","M","M","M","M","E","R","M","T","R","E","?","?","M","R","BOSS","M","?","$","M","?","R","M","?"],"items_purchased_type":["Relic"],"build_version":"2020-12-22","purchased_purges":1,"victory":false,"max_hp_per_floor":[80,80,80,80,80,80,80,80,80,80,80,80,80,80,80,80,80,80,80,80,80,80,80,80,80,80],"card_choices":[{"not_picked":["True Grit","Iron Wave"],"picked":"Pommel Strike","floor":1},{"not_picked":["Dual Wield","Burning Pact"],"picked":"Headbutt","floor":2},{"not_picked":["Perfected Strike","Shockwave"],"picked":"Cleave","floor":3},{"not_picked":["Infernal Blade","Searing Blow"],"picked":"Spot Weakness","floor":4},{"not_picked":["Seeing Red","Clash"],"picked":"Thunderclap","floor":5},{"not_picked":["Sword Boomerang","Combust"],"picked":"Pommel Strike","floor":6},{"not_picked":["Twin Strike","Second Wind"],"picked":"Havoc","floor":8},{"not_picked":["Intimidate","Armaments"],"picked":"Dropkick","floor":11},{"not_picked":["Evolve","Flex","Wild Strike"],"picked":"SKIP","floor":12},{"not_picked":["Pommel Strike","Sword Boomerang","Twin Strike"],"picked":"SKIP","floor":14},{"not_picked":["Limit Break","Brutality"],"picked":"Offering","floor":16},{"not_picked":["Clothesline","Perfected Strike"],"picked":"Intimidate+1","floor":18},{"not_picked":["Clash+1","Bloodletting","Thunderclap+1"],"picked":"SKIP","floor":21},{"not_picked":["Flame Barrier","Pommel Strike+1","Flex"],"picked":"SKIP","floor":24}],"player_experience":151825,"relics_obtained":[{"floor":6,"key":"Dead Branch"},{"floor":9,"key":"Matryoshka"},{"floor":11,"key":"Tiny Chest"},{"floor":22,"key":"Bag of Preparation"},{"floor":22,"key":"Bronze Scales"}],"event_choices":[{"damage_healed":0,"gold_gain":0,"player_choice":"Take Damage","damage_taken":20,"relics_obtained":["Golden Idol"],"max_hp_gain":0,"max_hp_loss":0,"event_name":"Golden Idol","floor":13,"gold_loss":0},{"damage_healed":0,"gold_gain":0,"cards_transformed":["Defend_R"],"player_choice":"Transformed","damage_taken":0,"max_hp_gain":0,"max_hp_loss":0,"event_name":"Transmorgrifier","floor":19,"gold_loss":0,"cards_obtained":["Combust"]}],"is_beta":false,"boss_relics":[{"not_picked":["Runic Pyramid","Philosopher\u0027s Stone"],"picked":"Empty Cage"}],"items_purged_floors":[20],"is_endless":false,"potions_floor_spawned":[3,4,5,8,14,18],"killed_by":"Cultist and Chosen","ascension_level":3}}