{"host":"rjbqai8ni6dsiu37","time":1610232944,"event":{"mods":["BaseMod","Minty Spire (QoL Compilation)","StSLib","The Hierophant","WarShipGirlsR/??á´Ò³R mod"],"gold_per_floor":[213,231,231,245,245,276,276,310,361,361,386,386,13,29,29,155,155,179,0,100,199,212,245,245,259,283,302,346,346,21,44,44,172,172,191,157,157,181,135,135,156,156,156,156,171,191,229,292,292,292,292,292,38,77,77],"floor_reached":56,"playtime":2689,"items_purged":["Injury"],"score":1471,"play_id":"029d5689-af9d-48ad-a5ad-75bdd7c008f5","local_time":"20210110075544","is_ascension_mode":true,"campfire_choices":[{"data":"rmod:highspeedmaneuver","floor":7.0,"key":"SMITH"},{"data":"rmod:basicallowance","floor":12.0,"key":"SMITH"},{"floor":15.0,"key":"REST"},{"data":"rmod:salvage","floor":24.0,"key":"SMITH"},{"floor":29.0,"key":"REST"},{"data":"rmod:openingtorpedo","floor":32.0,"key":"SMITH"},{"data":"rmod:expeditionaryescort","floor":40.0,"key":"SMITH"},{"floor":44.0,"key":"RECALL"},{"data":"rmod:windflower","floor":49.0,"key":"SMITH"},{"data":"rmod:fletcher","floor":52.0,"key":"SMITH"}],"circlet_count":0,"master_deck":["rmod:strick","rmod:strick","rmod:strick","rmod:strick","rmod:defend+1","rmod:defend","rmod:defend","rmod:basicallowance+1","rmod:maingunfire","rmod:fletcherpendant","rmod:fletcherpendant","rmod:fletcherpendant+1","rmod:highspeedmaneuver+1","rmod:salvage+1","rmod:fletcher+1","rmod:desperatesituation","rmod:fletcherpendant","rmod:royalracing+1","rmod:fletcherpendant","rmod:fletcherpendant","rmod:fletcher+1","rmod:intelligenceanalysis","rmod:maintain+1","rmod:openingtorpedo+1","rmod:expeditionaryescort+1","rmod:mineteam","rmod:fletcherpendant","rmod:fletcherpendant+1","rmod:windflower+1","rmod:fletcherpendant+1","rmod:fletcherpendant+1"],"relics":["Darkstone Periapt","Potion Belt","Juzu Bracelet","Golden Idol","Unceasing Top","rmod:mogul","Orichalcum","Vajra","StoneCalendar","Oddly Smooth Stone","Busted Crown","InkBottle","Torii","Bottled Tornado"],"acts_visited":["Exordium","TheCity","TheBeyond","TheEnding"],"potions_floor_usage":[55,55,55],"damage_taken":[{"damage":5.0,"enemies":"Small Slimes","floor":1.0,"turns":3.0},{"damage":6.0,"enemies":"Cultist","floor":2.0,"turns":3.0},{"damage":0.0,"enemies":"Jaw Worm","floor":4.0,"turns":3.0},{"damage":0.0,"enemies":"Gremlin Nob","floor":6.0,"turns":1.0},{"damage":34.0,"enemies":"Lagavulin","floor":8.0,"turns":8.0},{"damage":6.0,"enemies":"Looter","floor":11.0,"turns":3.0},{"damage":1.0,"enemies":"2 Fungi Beasts","floor":14.0,"turns":2.0},{"damage":28.0,"enemies":"The Guardian","floor":16.0,"turns":12.0},{"damage":29.0,"enemies":"2 Thieves","floor":18.0,"turns":5.0},{"damage":6.0,"enemies":"Chosen","floor":22.0,"turns":5.0},{"damage":10.0,"enemies":"Gremlin Leader","floor":23.0,"turns":7.0},{"damage":10.0,"enemies":"Snake Plant","floor":25.0,"turns":4.0},{"damage":0.0,"enemies":"Snecko","floor":27.0,"turns":4.0},{"damage":15.0,"enemies":"Book of Stabbing","floor":28.0,"turns":5.0},{"damage":3.0,"enemies":"Cultist and Chosen","floor":31.0,"turns":3.0},{"damage":2.0,"enemies":"Champ","floor":33.0,"turns":6.0},{"damage":3.0,"enemies":"Orb Walker","floor":35.0,"turns":2.0},{"damage":7.0,"enemies":"3 Shapes","floor":38.0,"turns":4.0},{"damage":0.0,"enemies":"2 Orb Walkers","floor":39.0,"turns":1.0},{"damage":0.0,"enemies":"Reptomancer","floor":41.0,"turns":3.0},{"damage":6.0,"enemies":"Writhing Mass","floor":45.0,"turns":3.0},{"damage":24.0,"enemies":"Maw","floor":46.0,"turns":5.0},{"damage":0.0,"enemies":"Nemesis","floor":47.0,"turns":3.0},{"damage":0.0,"enemies":"Mind Bloom Boss Battle","floor":48.0,"turns":4.0},{"damage":19.0,"enemies":"Time Eater","floor":50.0,"turns":5.0},{"damage":1.0,"enemies":"Shield and Spear","floor":54.0,"turns":3.0},{"damage":54,"enemies":"The Heart","floor":55,"turns":7}],"seed_played":"6297302093167167768","potions_obtained":[{"floor":2.0,"key":"AttackPotion"},{"floor":3.0,"key":"GamblersBrew"},{"floor":3.0,"key":"FearPotion"},{"floor":11.0,"key":"LiquidBronze"},{"floor":14.0,"key":"LiquidBronze"},{"floor":18.0,"key":"SpeedPotion"},{"floor":23.0,"key":"DistilledChaos"},{"floor":25.0,"key":"FairyPotion"},{"floor":47.0,"key":"Swift Potion"},{"floor":54.0,"key":"FairyPotion"}],"is_trial":false,"path_per_floor":["M","M","?","M","?","E","R","E","T","?","M","R","$","M","R","B",null,"M","?","?","?","M","E","R","M","T","M","E","R","$","M","R","B",null,"M","$","?","M","?","R","E","?","T","R","M","M","E","?","R","B",null,"R","$","E","B",null],"character_chosen":"PRAEFECT","items_purchased":["rmod:salvage","Unceasing Top","Oddly Smooth Stone","SmokeBomb","rmod:mineteam","rmod:fletcherpendant","SneckoOil","Ancient Potion","Regen Potion"],"campfire_rested":2,"item_purchase_floors":[13,13,30,30,36,39,53,53,53],"current_hp_per_floor":[70,64,64,64,49,49,49,15,15,21,15,15,15,14,38,10,81,52,52,52,52,46,36,36,26,26,26,11,35,35,32,32,30,81,78,78,78,71,71,71,71,71,71,71,65,41,41,41,41,22,81,81,81,80,26],"gold":77,"neow_bonus":"HUNDRED_GOLD","is_daily":false,"chose_seed":false,"campfire_upgraded":7,"win_rate":0.0,"timestamp":1610232944,"path_taken":["M","M","?","?","?","E","R","E","T","?","M","R","$","M","R","BOSS","M","?","?","?","M","E","R","M","T","M","E","R","$","M","R","BOSS","M","$","?","M","?","R","E","?","T","R","M","M","E","?","R","BOSS","R","$","E","BOSS"],"items_purchased_type":["Card","Relic","Relic","Potion","Card","Card","Potion","Potion","Potion"],"build_version":"2020-12-22","purchased_purges":1,"victory":true,"max_hp_per_floor":[75,75,75,75,75,75,75,75,75,81,81,81,81,81,81,81,81,81,81,81,81,81,81,81,81,81,81,81,81,81,81,81,81,81,81,81,81,81,81,81,81,81,81,81,81,81,81,81,81,81,81,81,81,81,81],"card_choices":[{"not_picked":["rmod:aluminumsupply","rmod:goodsister"],"picked":"rmod:fletcherpendant","floor":1.0},{"not_picked":["rmod:victimresponsibility","rmod:diamondstrike"],"picked":"rmod:fletcherpendant","floor":2.0},{"not_picked":["rmod:sl","rmod:rockthrower"],"picked":"rmod:fletcherpendant","floor":4.0},{"not_picked":["rmod:aluminumsupply","rmod:highspeedshooting"],"picked":"rmod:highspeedmaneuver","floor":6.0},{"not_picked":["rmod:heivgo","rmod:selfconfidence","rmod:tearstotiara"],"picked":"SKIP","floor":8.0},{"not_picked":["rmod:gendarmerie","rmod:victimresponsibility","rmod:supportescort"],"picked":"SKIP","floor":11.0},{"not_picked":["rmod:stealaluminum","rmod:firesupport","rmod:circuitoustactics"],"picked":"SKIP","floor":14.0},{"not_picked":["rmod:saltedfish","rmod:u235"],"picked":"rmod:desperatesituation","floor":16.0},{"not_picked":["rmod:heivgo+1","rmod:supportescort","rmod:punchline"],"picked":"SKIP","floor":18.0},{"not_picked":["rmod:luckystar+1","rmod:highspeedshooting"],"picked":"rmod:royalracing+1","floor":22.0},{"not_picked":["rmod:diaomin","rmod:intelligenceanalysis+1"],"picked":"rmod:fletcherpendant","floor":23.0},{"not_picked":["rmod:stealaluminum","rmod:victimresponsibility"],"picked":"rmod:intelligenceanalysis","floor":25.0},{"not_picked":["rmod:ring","rmod:circuitoustactics","rmod:highspeedshooting+1"],"picked":"SKIP","floor":27.0},{"not_picked":["rmod:ridicule","rmod:fuelsupply"],"picked":"rmod:maintain+1","floor":28.0},{"not_picked":["rmod:supportescort","rmod:shuttlebombing"],"picked":"rmod:openingtorpedo","floor":31.0},{"not_picked":["rmod:lastglory","rmod:ridicule"],"picked":"rmod:expeditionaryescort","floor":33.0},{"not_picked":["rmod:aluminumsupply+1"],"picked":"SKIP","floor":35.0},{"not_picked":["rmod:spoils+1"],"picked":"SKIP","floor":38.0},{"not_picked":["rmod:diaomin"],"picked":"SKIP","floor":41.0},{"not_picked":["rmod:combined+1"],"picked":"SKIP","floor":45.0},{"not_picked":["rmod:aluminumsupply+1"],"picked":"SKIP","floor":46.0},{"not_picked":[],"picked":"rmod:windflower","floor":47.0},{"not_picked":["rmod:aviationdawn+1"],"picked":"SKIP","floor":54.0}],"player_experience":133663,"relics_obtained":[{"floor":6.0,"key":"Darkstone Periapt"},{"floor":8.0,"key":"Potion Belt"},{"floor":9.0,"key":"Juzu Bracelet"},{"floor":23.0,"key":"Orichalcum"},{"floor":26.0,"key":"Vajra"},{"floor":28.0,"key":"StoneCalendar"},{"floor":47.0,"key":"InkBottle"},{"floor":48.0,"key":"Torii"},{"floor":54.0,"key":"Bottled Tornado"}],"event_choices":[{"damage_healed":0.0,"max_hp_gain":0.0,"max_hp_loss":0.0,"gold_gain":0.0,"event_name":"Lab","player_choice":"Got Potions","floor":3.0,"gold_loss":0.0,"damage_taken":0.0},{"damage_healed":0.0,"max_hp_gain":0.0,"max_hp_loss":0.0,"gold_gain":0.0,"event_name":"Shining Light","player_choice":"Entered Light","floor":5.0,"gold_loss":0.0,"damage_taken":15.0,"cards_upgraded":["rmod:defend","rmod:fletcherpendant"]},{"damage_healed":0.0,"max_hp_gain":0.0,"max_hp_loss":0.0,"gold_gain":0.0,"event_name":"Golden Idol","player_choice":"Take Wound","floor":10.0,"gold_loss":0.0,"damage_taken":0.0,"relics_obtained":["Golden Idol"],"cards_obtained":["Injury"]},{"damage_healed":0.0,"max_hp_gain":0.0,"max_hp_loss":0.0,"gold_gain":0.0,"event_name":"Masked Bandits","player_choice":"Paid Fearfully","floor":19.0,"gold_loss":179.0,"damage_taken":0.0},{"damage_healed":0.0,"max_hp_gain":0.0,"max_hp_loss":0.0,"gold_gain":100.0,"event_name":"Golden Shrine","player_choice":"Pray","floor":20.0,"gold_loss":0.0,"damage_taken":0.0},{"damage_healed":0.0,"max_hp_gain":0.0,"max_hp_loss":0.0,"gold_gain":99.0,"event_name":"Nest","player_choice":"Stole From Cult","floor":21.0,"gold_loss":0.0,"damage_taken":0.0},{"cards_removed":["rmod:defend"],"damage_healed":0.0,"max_hp_gain":0.0,"max_hp_loss":0.0,"gold_gain":0.0,"event_name":"Falling","player_choice":"Removed Skill","floor":37.0,"gold_loss":0.0,"damage_taken":0.0},{"damage_healed":0.0,"max_hp_gain":0.0,"max_hp_loss":0.0,"gold_gain":0.0,"event_name":"Mysterious Sphere","player_choice":"Fight","floor":39.0,"gold_loss":0.0,"damage_taken":0.0},{"damage_healed":0.0,"max_hp_gain":0.0,"max_hp_loss":0.0,"gold_gain":0.0,"event_name":"SensoryStone","player_choice":"Memory 1","floor":42.0,"gold_loss":0.0,"damage_taken":0.0},{"damage_healed":0.0,"max_hp_gain":0.0,"max_hp_loss":0.0,"gold_gain":0.0,"event_name":"MindBloom","player_choice":"Fight","floor":48.0,"gold_loss":0.0,"damage_taken":0.0}],"is_beta":false,"boss_relics":[{"not_picked":["Runic Pyramid","Snecko Eye"],"picked":"rmod:mogul"},{"not_picked":["Velvet Choker","Black Star"],"picked":"Busted Crown"}],"items_purged_floors":[30],"is_endless":false,"potions_floor_spawned":[2,11,14,18,23,25,39,47,54],"ascension_level":3}}