{"host":"0lnx88jdgcrh6gmr","time":1610221956,"event":{"mods":["2.2 Compatiblity","AchievementEnabler","BaseMod","Beaked The Cultist","Better Note","Better Skull","Better Third Choice","Block Reminder","Colored Map","Displayed Cursed Tome","Glutton Mod","Googly Eyes","Hermit","Highlight Path","Minty Spire (QoL Compilation)","Rare Cards Sparkle","Relic Stats","Shade Mod","Spicy Shops","StSLib","The Construct","The Cursed","The Disciple","The Mystic","The Servant 0.9.4","Unceasing Turn Reminder","everything is the same but u backflip on backflip","slay the spire mod where everything is the same but ironclad has a cowboy hat"],"gold_per_floor":[115,115,134,154,154,172,192,192,219,219,236,236,259,259,259,358,358,368,385,385,385,399,399,352,362,362,77,77,77],"floor_reached":28,"playtime":976,"items_purged":[],"score":210,"play_id":"adfb6ff7-064a-4e94-965c-45f41b5d62eb","local_time":"20210109125236","is_ascension_mode":false,"campfire_choices":[{"floor":8,"key":"REST"},{"data":"Armaments","floor":10,"key":"SMITH"},{"data":"Bash","floor":12,"key":"SMITH"},{"data":"Perfected Strike","floor":15,"key":"SMITH"},{"floor":23,"key":"REST"}],"circlet_count":0,"master_deck":["Strike_R","Strike_R","Strike_R","Strike_R","Strike_R","Defend_R","Defend_R","Defend_R","Bash+1","Heavy Blade","Armaments","Armaments+1","Perfected Strike+1","Shrug It Off","Rampage+1","Backstab+1","Perfected Strike+1","Shrug It Off","Infernal Blade","Flex"],"relics":["Burning Blood","Art of War","Regal Pillow","Boot","FaceOfCleric","Toxic Egg 2"],"acts_visited":["Exordium","TheCity"],"potions_floor_usage":[28],"damage_taken":[{"damage":14,"enemies":"Small Slimes","floor":1,"turns":5},{"damage":0,"enemies":"2 Louse","floor":3,"turns":3},{"damage":6,"enemies":"Cultist","floor":4,"turns":3},{"damage":32,"enemies":"Exordium Thugs","floor":6,"turns":7},{"damage":11,"enemies":"Blue Slaver","floor":7,"turns":5},{"damage":9,"enemies":"3 Louse","floor":11,"turns":4},{"damage":47,"enemies":"The Guardian","floor":16,"turns":14},{"damage":64,"enemies":"Spheric Guardian","floor":18,"turns":8},{"damage":46,"enemies":"2 Thieves","floor":19,"turns":5},{"damage":6,"enemies":"Snake Plant","floor":22,"turns":6},{"damage":28,"enemies":"Cultist and Chosen","floor":25,"turns":7},{"damage":35,"enemies":"Centurion and Healer","floor":28,"turns":4}],"seed_played":"-1134042314217344727","potions_obtained":[{"floor":1,"key":"FairyPotion"},{"floor":7,"key":"PowerPotion"},{"floor":25,"key":"SpeedPotion"}],"is_trial":false,"path_per_floor":["M","?","M","M","?","M","M","R","T","R","M","R","T","?","R","B",null,"M","M","?","?","M","R","$","M","T","$","M"],"character_chosen":"IRONCLAD","items_purchased":["Shrug It Off","Flex","Toxic Egg 2"],"campfire_rested":2,"item_purchase_floors":[24,27,27],"current_hp_per_floor":[72,72,78,78,78,52,47,71,71,71,68,68,68,73,73,32,85,27,15,15,15,16,56,56,35,35,35,0,0],"gold":77,"neow_bonus":"REMOVE_CARD","is_daily":false,"chose_seed":false,"campfire_upgraded":3,"win_rate":0.0,"timestamp":1610221956,"path_taken":["M","?","M","M","?","M","M","R","T","R","?","R","?","?","R","BOSS","M","M","?","?","M","R","$","M","T","$","?"],"items_purchased_type":["Card","Card","Relic"],"build_version":"2020-12-22","purchased_purges":0,"victory":false,"max_hp_per_floor":[80,80,80,80,80,80,80,80,80,80,80,80,80,85,85,85,85,85,85,85,85,86,86,86,87,87,87,87,87],"relic_stats":{"Regal Pillow":15,"FaceOfCleric":2,"counters":[12,71],"Art of War":[5],"Boot":[4],"obtain_stats":[{"Regal Pillow":9,"FaceOfCleric":20,"Art of War":5,"Toxic Egg 2":27,"Boot":13,"Burning Blood":0},{"Regal Pillow":5,"FaceOfCleric":9,"Art of War":3,"Toxic Egg 2":11,"Boot":6,"Burning Blood":0},{"Regal Pillow":23,"FaceOfCleric":54,"Art of War":11,"Toxic Egg 2":67,"Boot":27,"Burning Blood":0}],"Burning Blood":66},"card_choices":[{"not_picked":["Dark Embrace","Power Through"],"picked":"Uppercut","floor":1},{"not_picked":["Hemokinesis","Bloodletting","Second Wind"],"picked":"SKIP","floor":3},{"not_picked":["Wild Strike","Carnage"],"picked":"Heavy Blade","floor":4},{"not_picked":["Flex","Thunderclap"],"picked":"Armaments","floor":6},{"not_picked":["Clash","Dark Embrace"],"picked":"Armaments","floor":7},{"not_picked":["Clash","Immolate"],"picked":"Perfected Strike","floor":11},{"not_picked":["Clash","Searing Blow"],"picked":"Shrug It Off","floor":18},{"not_picked":["Clothesline","Clash+1"],"picked":"Rampage+1","floor":19},{"not_picked":["Carnage","True Grit"],"picked":"Perfected Strike+1","floor":22},{"not_picked":["Reckless Charge+1","Heavy Blade"],"picked":"Infernal Blade","floor":25}],"player_experience":243086,"relics_obtained":[{"floor":9,"key":"Regal Pillow"},{"floor":13,"key":"Boot"}],"event_choices":[{"damage_healed":0,"gold_gain":0,"player_choice":"Ignored","damage_taken":0,"max_hp_gain":0,"max_hp_loss":0,"event_name":"Golden Idol","floor":2,"gold_loss":0},{"cards_removed":["Uppercut"],"damage_healed":0,"gold_gain":0,"player_choice":"Gave Card","damage_taken":0,"relics_obtained":["Art of War"],"max_hp_gain":0,"max_hp_loss":0,"event_name":"WeMeetAgain","floor":5,"gold_loss":0},{"damage_healed":0,"gold_gain":0,"player_choice":"Donut","damage_taken":0,"max_hp_gain":5,"max_hp_loss":0,"event_name":"Big Fish","floor":14,"gold_loss":0},{"damage_healed":0,"gold_gain":0,"player_choice":"Trade","damage_taken":0,"relics_obtained":["FaceOfCleric"],"max_hp_gain":0,"max_hp_loss":0,"event_name":"FaceTrader","floor":20,"gold_loss":0},{"cards_removed":["Perfected Strike"],"damage_healed":0,"gold_gain":0,"player_choice":"Take \u0026 Give","damage_taken":0,"max_hp_gain":0,"max_hp_loss":0,"event_name":"betterNote:BetterNote","floor":21,"gold_loss":0,"cards_obtained":["Backstab"]}],"is_beta":false,"boss_relics":[{"not_picked":["beaked:MawFillet","Astrolabe","Runic Pyramid"]}],"items_purged_floors":[],"is_endless":false,"potions_floor_spawned":[1,7,25],"killed_by":"Centurion and Healer","ascension_level":0}}