{"host":"i0avyit1s6jb1siw","time":1610187409,"event":{"mods":["BaseMod","DeckTracker","Dota2Spire","Highlight Path","Minty Spire (QoL Compilation)","Quick Restart","StSLib","SuperFastMode"],"gold_per_floor":[114,114,134,149,165,165,198,209,209,219,219,236,256,266,266,266,266],"floor_reached":16,"playtime":478,"items_purged":[],"score":241,"play_id":"04271293-5687-46bd-8b24-3ba8b59eef30","local_time":"20210109111649","is_ascension_mode":true,"campfire_choices":[{"data":"Feed","floor":6,"key":"SMITH"},{"floor":15,"key":"REST"}],"circlet_count":0,"master_deck":["AscendersBane","Strike_R","Strike_R","Strike_R","Strike_R","Defend_R","Defend_R","Defend_R","Defend_R","Bash+1","Shockwave","Shrug It Off","Feed+1","Wild Strike","Uppercut","Dual Wield","Pommel Strike"],"relics":["Burning Blood","Dota2Spire:PhaseBoots","Ice Cream"],"acts_visited":["Exordium"],"potions_floor_usage":[7,16,16],"damage_taken":[{"damage":7.0,"enemies":"2 Louse","floor":1.0,"turns":4.0},{"damage":1.0,"enemies":"Cultist","floor":3.0,"turns":3.0},{"damage":5.0,"enemies":"Small Slimes","floor":4.0,"turns":4.0},{"damage":38,"enemies":"Exordium Thugs","floor":5,"turns":7},{"damage":30,"enemies":"Lagavulin","floor":7,"turns":6},{"damage":9,"enemies":"Looter","floor":8,"turns":3},{"damage":12,"enemies":"Large Slime","floor":10,"turns":7},{"damage":5,"enemies":"Blue Slaver","floor":12,"turns":3},{"damage":17,"enemies":"3 Louse","floor":13,"turns":4},{"damage":9,"enemies":"Looter","floor":14,"turns":3},{"damage":53,"enemies":"The Guardian","floor":16,"turns":13}],"seed_played":"-7246673114768689790","potions_obtained":[{"floor":1.0,"key":"Fire Potion"},{"floor":4,"key":"Explosive Potion"},{"floor":8,"key":"Block Potion"},{"floor":12,"key":"LiquidBronze"}],"is_trial":false,"path_per_floor":["M","?","M","M","M","R","E","M","T","M","?","M","M","M","R","B"],"character_chosen":"IRONCLAD","items_purchased":[],"campfire_rested":1,"item_purchase_floors":[],"current_hp_per_floor":[67,67,72,73,44,44,20,21,21,23,23,28,21,22,52,0,0],"gold":266,"neow_bonus":"UPGRADE_CARD","is_daily":false,"chose_seed":false,"campfire_upgraded":1,"win_rate":0.0,"timestamp":1610187409,"path_taken":["M","?","?","M","M","R","E","M","T","M","?","?","M","M","R","BOSS"],"items_purchased_type":[],"build_version":"2020-12-22","purchased_purges":0,"victory":false,"max_hp_per_floor":[75,75,75,75,78,78,78,82,82,90,90,94,98,102,102,102,102],"card_choices":[{"not_picked":["Evolve","Dropkick","Heavy Blade"],"picked":"SKIP","floor":1.0},{"not_picked":["Entrench","Cleave"],"picked":"Shrug It Off","floor":3.0},{"not_picked":["Evolve","Armaments"],"picked":"Feed","floor":4},{"not_picked":["Headbutt","Iron Wave"],"picked":"Wild Strike","floor":5},{"not_picked":["Sentinel","Wild Strike"],"picked":"Uppercut","floor":7},{"not_picked":["Iron Wave","Berserk"],"picked":"Dual Wield","floor":8},{"not_picked":["Dropkick","Bloodletting","Warcry"],"picked":"SKIP","floor":10},{"not_picked":["Twin Strike","Thunderclap","Clash"],"picked":"SKIP","floor":12},{"not_picked":["True Grit","Searing Blow","Flex"],"picked":"SKIP","floor":13},{"not_picked":["Iron Wave","Pummel"],"picked":"Pommel Strike","floor":14}],"player_experience":2191950,"relics_obtained":[{"floor":7,"key":"Dota2Spire:PhaseBoots"},{"floor":9,"key":"Ice Cream"}],"event_choices":[{"damage_healed":0.0,"max_hp_gain":0.0,"max_hp_loss":0.0,"gold_gain":0.0,"event_name":"Match and Keep!","player_choice":"1 cards matched","floor":2.0,"gold_loss":0.0,"damage_taken":0.0,"cards_obtained":["Shockwave"]},{"cards_removed":["Strike_R"],"damage_healed":0,"gold_gain":0,"player_choice":"Purged","damage_taken":0,"max_hp_gain":0,"max_hp_loss":0,"event_name":"Purifier","floor":11,"gold_loss":0}],"is_beta":false,"boss_relics":[],"items_purged_floors":[],"is_endless":false,"potions_floor_spawned":[1,4,8,12,13,14],"killed_by":"The Guardian","ascension_level":20}}