{"host":"bf9sa99gaumonoeu","time":1610158046,"event":{"mods":["AchievementEnabler","Act Like it!","BaseMod","Better Sensory Stone","Colored Map","Colored Powertips","Downfall","Friendly Minions","Gensokyo","GifTheSpireLib","Googly Eyes","Hallownest","Hermit","Jorbs\u0027s Wanderer Trilogy","KinomotoSakuraMod(????)","Koishi","Lobotomy","Marisa????????","Minty Spire (QoL Compilation)","Rare Cards Sparkle","Reimu??????","Relic Stats","Remilia??????","StSLib","The Administrix","The Animator","The Blue Laboratory","The Bug Knight","The Construct","The Cursed","The Disciple","The Hierophant","The Mystic","The Necromancer","The Poker Player","The Runesmith","The Senshi","The Servant 0.9.4","TheLocksmith"],"gold_per_floor":[12,87,87,11,27,27,40,40,67,99,99,115,125,141,141,216,216,234,234,249,46,58,58,71,71,71,81,81,109,109,122,122,122,122],"floor_reached":33,"playtime":2630,"items_purged":[],"score":525,"play_id":"97fc4453-352c-46e5-b84a-1db956b08c64","local_time":"20210109000726","is_ascension_mode":true,"campfire_choices":[{"data":"Die Die Die","floor":6.0,"key":"SMITH"},{"data":"Crippling Poison","floor":8.0,"key":"SMITH"},{"floor":11.0,"key":"REST"},{"data":"Cloak And Dagger","floor":15.0,"key":"SMITH"},{"data":"Noxious Fumes","floor":23.0,"key":"SMITH"},{"data":"Acrobatics","floor":25.0,"key":"SMITH"},{"floor":28.0,"key":"REST"},{"data":"Backflip","floor":30.0,"key":"SMITH"},{"data":"Burst","floor":32.0,"key":"SMITH"}],"circlet_count":0,"master_deck":["AscendersBane","Strike_G","Strike_G","Strike_G","Strike_G","Strike_G","Defend_G","Defend_G","Defend_G","Defend_G","Defend_G","Survivor","Neutralize","Quick Slash","Die Die Die+1","Crippling Poison+1","Cloak And Dagger+1","Burst+1","Poisoned Stab","Prepared","Masterful Stab","Malaise+1","Outmaneuver","Poisoned Stab+1","Noxious Fumes+1","PiercingWail","Acrobatics+1","animator:Curse_GriefSeed","Cloak And Dagger","Backflip+1","PiercingWail"],"relics":["Ring of the Snake","Torii","GremlinMask","Anchor","Toy Ornithopter","Cursed Key","Snake Skull","CrazyTorch:ReiMu","Centennial Puzzle"],"acts_visited":["Exordium","TheCity"],"potions_floor_usage":[33,33],"damage_taken":[{"damage":3.0,"enemies":"Cultist","floor":1.0,"turns":5.0},{"damage":6.0,"enemies":"Small Slimes","floor":5.0,"turns":3.0},{"damage":1.0,"enemies":"Jaw Worm","floor":7.0,"turns":5.0},{"damage":20.0,"enemies":"3 Sentries","floor":10.0,"turns":10.0},{"damage":0.0,"enemies":"3 Louse","floor":12.0,"turns":4.0},{"damage":1.0,"enemies":"Exordium Thugs","floor":13.0,"turns":3.0},{"damage":2.0,"enemies":"Looter","floor":14.0,"turns":4.0},{"damage":31.0,"enemies":"Slime Boss","floor":16.0,"turns":9.0},{"damage":15.0,"enemies":"Shell Parasite","floor":18.0,"turns":8.0},{"damage":2.0,"enemies":"3 Byrds","floor":20.0,"turns":4.0},{"damage":1.0,"enemies":"Snake Plant","floor":22.0,"turns":5.0},{"damage":6.0,"enemies":"Centurion and Healer","floor":24.0,"turns":4.0},{"damage":9.0,"enemies":"Shelled Parasite and Fungi","floor":27.0,"turns":5.0},{"damage":6.0,"enemies":"Book of Stabbing","floor":29.0,"turns":6.0},{"damage":12.0,"enemies":"3 Cultists","floor":31.0,"turns":5.0},{"damage":48,"enemies":"Champ","floor":33,"turns":8}],"seed_played":"-1157353196820502865","potions_obtained":[{"floor":5.0,"key":"Ancient Potion"},{"floor":10.0,"key":"champ:CounterPotion"},{"floor":13.0,"key":"Regen Potion"},{"floor":14.0,"key":"blueLaboratory:HorrorPotion"},{"floor":22.0,"key":"blueLaboratory:Moonshine"},{"floor":31.0,"key":"SteroidPotion"}],"is_trial":false,"path_per_floor":["M","?","?","$","M","R","M","R","T","E","R","M","M","M","R","B",null,"M","?","M","$","M","R","M","R","T","M","R","E","R","M","R","B"],"character_chosen":"THE_SILENT","items_purchased":["Die Die Die","Noxious Fumes","Snake Skull"],"campfire_rested":2,"item_purchase_floors":[4,21,21],"current_hp_per_floor":[56,45,45,45,39,39,38,38,38,18,37,37,41,58,58,32,58,43,43,41,41,40,40,34,34,34,25,44,43,43,31,31,0,0],"gold":122,"neow_bonus":"ONE_RARE_RELIC","is_daily":false,"chose_seed":false,"campfire_upgraded":7,"win_rate":0.0,"timestamp":1610158046,"path_taken":["M","?","?","$","M","R","M","R","T","E","R","M","M","M","R","BOSS","M","?","M","$","M","R","?","R","T","M","R","E","R","M","R","BOSS"],"items_purchased_type":["Card","Card","Relic"],"build_version":"2020-12-22","purchased_purges":0,"victory":false,"max_hp_per_floor":[66,66,66,66,66,66,66,66,66,66,66,66,66,66,66,66,66,66,66,66,66,66,66,66,66,66,66,66,66,66,66,66,66,66],"relic_stats":{"Centennial Puzzle":[6],"Torii":24,"counters":[16,88],"Snake Skull":[46],"Cursed Key":1,"obtain_stats":[{"Anchor":9,"Centennial Puzzle":29,"Torii":0,"CrazyTorch:ReiMu":26,"GremlinMask":3,"Snake Skull":21,"Cursed Key":17,"Toy Ornithopter":10,"Ring of the Snake":0},{"Anchor":3,"Centennial Puzzle":14,"Torii":0,"CrazyTorch:ReiMu":12,"GremlinMask":1,"Snake Skull":10,"Cursed Key":8,"Toy Ornithopter":4,"Ring of the Snake":0},{"Anchor":13,"Centennial Puzzle":75,"Torii":0,"CrazyTorch:ReiMu":64,"GremlinMask":5,"Snake Skull":55,"Cursed Key":43,"Toy Ornithopter":23,"Ring of the Snake":0}],"Toy Ornithopter":30,"Ring of the Snake":[32]},"card_choices":[{"not_picked":["Outmaneuver","Slice"],"picked":"Quick Slash","floor":1.0},{"not_picked":["Deflect","Acrobatics"],"picked":"Crippling Poison","floor":5.0},{"not_picked":["Flying Knee","Bane"],"picked":"Cloak And Dagger","floor":7.0},{"not_picked":["Slice","Expertise"],"picked":"Burst","floor":10.0},{"not_picked":["Slice","Dagger Throw"],"picked":"Poisoned Stab","floor":12.0},{"not_picked":["Poisoned Stab","Crippling Poison"],"picked":"Prepared","floor":13.0},{"not_picked":["Bouncing Flask","Poisoned Stab"],"picked":"Masterful Stab","floor":14.0},{"not_picked":["Wraith Form v2","Grand Finale"],"picked":"Malaise","floor":16.0},{"not_picked":["Choke","Infinite Blades"],"picked":"Outmaneuver","floor":18.0},{"not_picked":["Outmaneuver","Blade Dance"],"picked":"Poisoned Stab+1","floor":20.0},{"not_picked":["Acrobatics","Caltrops"],"picked":"PiercingWail","floor":22.0},{"not_picked":["Cloak And Dagger","Heel Hook"],"picked":"Acrobatics","floor":24.0},{"not_picked":["Infinite Blades","Caltrops+1"],"picked":"Cloak And Dagger","floor":27.0},{"not_picked":["Blade Dance","Storm of Steel"],"picked":"Backflip","floor":29.0},{"not_picked":["Blade Dance","Terror"],"picked":"PiercingWail","floor":31.0}],"player_experience":881269,"relics_obtained":[{"floor":9.0,"key":"Anchor"},{"floor":10.0,"key":"Toy Ornithopter"},{"floor":26.0,"key":"CrazyTorch:ReiMu"},{"floor":29.0,"key":"Centennial Puzzle"}],"event_choices":[{"damage_healed":0.0,"max_hp_gain":0.0,"max_hp_loss":0.0,"gold_gain":75.0,"event_name":"World of Goop","player_choice":"Gather Gold","floor":2.0,"gold_loss":0.0,"damage_taken":11.0},{"damage_healed":0.0,"max_hp_gain":0.0,"max_hp_loss":0.0,"gold_gain":0.0,"event_name":"FaceTrader","player_choice":"Trade","floor":3.0,"gold_loss":0.0,"damage_taken":0.0,"relics_obtained":["GremlinMask"]},{"damage_healed":0.0,"max_hp_gain":0.0,"max_hp_loss":0.0,"gold_gain":0.0,"event_name":"Upgrade Shrine","player_choice":"Upgraded","floor":19.0,"gold_loss":0.0,"damage_taken":0.0,"cards_upgraded":["Malaise"]}],"is_beta":false,"boss_relics":[{"not_picked":["Philosopher\u0027s Stone","Fusion Hammer"],"picked":"Cursed Key"}],"items_purged_floors":[],"is_endless":false,"potions_floor_spawned":[5,10,13,14,22,24,31],"killed_by":"Champ","ascension_level":19}}