{"host":"xje8igj95tvh9ehd","time":1610187753,"event":{"mods":["BaseMod","Colored Map","Colored Powertips","Downfall","Infinite Spire","Marisa£®ÏF”Í°°ƒß¿Ì…≥£©","Minty Spire (QoL Compilation)","Replay The Spire","StSLib","SuperFastMode","The Bug Knight","The Construct","The Runesmith","The Servant 0.9.4","[IsaacMod]“‘»ˆº‚À˛"],"gold_per_floor":[118,128,128,228,244,244,260,260,286,297,297,314,314,414,414,517,517,498,598,112,130,148,173,173,173,173,189,189,203,226,226,226,226,226],"floor_reached":33,"playtime":1684,"items_purged":["Strike_R"],"score":257,"play_id":"4e1d43dd-8690-47e8-a857-4e00c6e0eefe","local_time":"20210109182233","is_ascension_mode":false,"campfire_choices":[{"data":"Entrench","floor":6,"key":"SMITH"},{"data":"EpicFetus","floor":8,"key":"SMITH"},{"data":"Body Slam","floor":11,"key":"SMITH"},{"data":"Burning Pact","floor":15,"key":"SMITH"},{"data":"Impervious","floor":24,"key":"SMITH"},{"floor":32,"key":"REST"}],"circlet_count":0,"master_deck":["Strike_R","Strike_R","Strike_R","Defend_R","Defend_R","Defend_R","Defend_R","Parasite","EpicFetus+1","Entrench+1","Iron Wave","Burning Pact+1","Body Slam+1","Impervious+1","Defy Death","Master of Strategy","Warcry","Flame Barrier","Warcry","Shrug It Off","Intimidate"],"relics":["Burning Blood","HushsDoor","KeepersGift","Vajra","construct:WeddingRing","Anchor","Strawberry","Leech","Pantograph","Bag of Marbles"],"acts_visited":["Exordium","TheCity"],"potions_floor_usage":[18,29,33,33],"damage_taken":[{"damage":20,"enemies":"Jaw Worm","floor":1,"turns":4},{"damage":1,"enemies":"Cultist","floor":2,"turns":4},{"damage":6,"enemies":"2 Louse","floor":5,"turns":3},{"damage":16,"enemies":"2 Fungi Beasts","floor":7,"turns":3},{"damage":0,"enemies":"Large Slime","floor":10,"turns":5},{"damage":28,"enemies":"Lots of Slimes","floor":12,"turns":3},{"damage":24,"enemies":"Hexaghost","floor":16,"turns":6},{"damage":20,"enemies":"2 Thieves","floor":18,"turns":4},{"damage":19,"enemies":"Shell Parasite","floor":21,"turns":5},{"damage":0,"enemies":"Snecko","floor":22,"turns":3},{"damage":19,"enemies":"Book of Stabbing","floor":23,"turns":6},{"damage":21,"enemies":"Snake Plant","floor":27,"turns":4},{"damage":45,"enemies":"3 Cultists","floor":29,"turns":8},{"damage":64,"enemies":"Automaton","floor":33,"turns":12}],"seed_played":"-5543673757691609549","potions_obtained":[{"floor":2,"key":"BlessingOfTheForge"},{"floor":5,"key":"Elixir"},{"floor":10,"key":"BlessingOfTheForge"},{"floor":18,"key":"PowerPotion"},{"floor":22,"key":"Weak Potion"},{"floor":27,"key":"Ancient Potion"}],"is_trial":false,"path_per_floor":["M","M","?","?","M","R","M","R","T","M","R","M","?","?","R","B",null,"M","?","$","M","M","E","R","AVR","T","M","?","M","T","?","R","B"],"character_chosen":"IRONCLAD","items_purchased":["Defy Death","Anchor","Master of Strategy"],"campfire_rested":1,"item_purchase_floors":[20,20,20],"current_hp_per_floor":[66,71,71,71,71,71,61,61,61,67,67,45,45,45,45,27,80,66,66,66,53,59,53,53,53,53,41,41,8,8,8,34,1,1],"gold":226,"neow_bonus":"RANDOM_COLORLESS_2","is_daily":false,"chose_seed":false,"campfire_upgraded":5,"win_rate":0.0,"timestamp":1610187753,"path_taken":["M","M","?","?","M","R","M","R","T","M","R","M","?","?","R","BOSS","M","?","$","M","?","E","R","AVR","T","M","?","M","?","?","R","BOSS"],"items_purchased_type":["Card","Relic","Card"],"build_version":"2020-12-22","purchased_purges":1,"victory":false,"max_hp_per_floor":[80,80,80,80,80,80,80,80,80,80,80,80,80,80,80,80,80,80,80,80,80,80,87,87,87,87,87,87,87,87,87,87,87,87],"card_choices":[{"not_picked":[],"picked":"ChaosCard","floor":0},{"not_picked":["DoctorFetus","HandOfGreed"],"picked":"EpicFetus","floor":0},{"not_picked":["Evolve","ReplayTheSpireMod:Stacked"],"picked":"Entrench","floor":1},{"not_picked":["Anger","Cleave"],"picked":"Iron Wave","floor":2},{"not_picked":["Hemokinesis","Anger","Cleave"],"picked":"SKIP","floor":5},{"not_picked":["Spot Weakness","Run Through"],"picked":"Burning Pact","floor":7},{"not_picked":["Sword Boomerang","Thunderclap"],"picked":"Body Slam","floor":10},{"not_picked":["Thunderclap","Bomb","Flex"],"picked":"SKIP","floor":12},{"not_picked":["Demon Form","Exhume"],"picked":"Impervious","floor":16},{"not_picked":["Rupture","Abandon+1","Reckless Charge"],"picked":"SKIP","floor":18},{"not_picked":["Run Through+1","Clash"],"picked":"Warcry","floor":21},{"not_picked":["Twin Strike+1","Second Wind"],"picked":"Flame Barrier","floor":22},{"not_picked":["Thunderclap","Pommel Strike+1"],"picked":"Warcry","floor":23},{"not_picked":["Whirlwind","Corruption","Thunderclap"],"picked":"SKIP","floor":27},{"not_picked":["True Grit","Pummel"],"picked":"Shrug It Off","floor":29}],"player_experience":35496,"relics_obtained":[{"floor":9,"key":"Vajra"},{"floor":23,"key":"Strawberry"},{"floor":26,"key":"Pantograph"},{"floor":30,"key":"Bag of Marbles"}],"event_choices":[{"damage_healed":0,"gold_gain":0,"player_choice":"Ignored","damage_taken":0,"max_hp_gain":0,"max_hp_loss":0,"event_name":"Liars Game","floor":13,"gold_loss":0},{"damage_healed":0,"gold_gain":100,"player_choice":"Pray","damage_taken":0,"max_hp_gain":0,"max_hp_loss":0,"event_name":"Golden Shrine","floor":19,"gold_loss":0},{"damage_healed":0,"gold_gain":0,"player_choice":"Ignored","damage_taken":0,"max_hp_gain":0,"max_hp_loss":0,"event_name":"Ghosts","floor":28,"gold_loss":0},{"damage_healed":0,"gold_gain":0,"cards_transformed":["Bash"],"player_choice":"Transformed","damage_taken":0,"max_hp_gain":0,"max_hp_loss":0,"event_name":"Transmorgrifier","floor":31,"gold_loss":0,"cards_obtained":["Intimidate"]}],"is_beta":false,"boss_relics":[{"not_picked":["SacredBark","Replay:Drink Me"],"picked":"construct:WeddingRing"},{"not_picked":[]}],"items_purged_floors":[20],"is_endless":false,"potions_floor_spawned":[2,5,10,18,22,27],"killed_by":"Automaton","ascension_level":0}}