{"host":"4evnc443c98ww2zl","time":1610218942,"event":{"mods":["BaseMod","Better Third Choice","Hermit","Koishi","Luminous","Minty Spire (QoL Compilation)","Remilia??????","Robot Space Explorer","StSLib","The Administrix","The Bug Knight","The Cursed","TheSwordswoman"],"gold_per_floor":[115,131,58,58,78,106,120,153,153,183,183,210,210,237,237,335,335,351,351,370,271,387,415,415,446,495,507,519,547,580,612,612,707,707,725,725,737,697,725,725,753,753,753,26,54,65,65,85,85,85,85,85,2,32,32],"floor_reached":56,"playtime":5558,"items_purged":[],"score":1519,"play_id":"16b975fd-75d1-4d93-9f9b-e19ec15d6968","local_time":"20210109130222","daily_mods":["SealedDeck","Diverse","Colorless Cards","Heirloom","DeadlyEvents","Elite Swarm"],"is_ascension_mode":false,"campfire_choices":[{"floor":11,"key":"RECALL"},{"data":"Koishi:ImGoingToCallYouNow","floor":13,"key":"SMITH"},{"floor":15,"key":"DIG"},{"data":"1","floor":24,"key":"LIFT"},{"data":"2","floor":32,"key":"LIFT"},{"data":"3","floor":40,"key":"LIFT"},{"floor":42,"key":"DIG"},{"floor":47,"key":"DIG"},{"floor":49,"key":"DIG"},{"floor":52,"key":"DIG"}],"circlet_count":0,"master_deck":["TheCursedMod:Obscuration","Dash","TheCursedMod:SpitefulPray+1","FlyingSleeves","Ball Lightning","SashWhip","Armaments+1","Consecrate+1","TheCursedMod:SurpriseAttack","hermit:Ricochet","Heel Hook","hermit:SprayPray","Koishi:JumpScare","Go for the Eyes","Koishi:ImGoingToCallYouNow+1","RobotSpaceExplorer:FreezingShield","Amplify","HollowMod:Weaversong+1","Panache+1","Koishi:SubconsciousSweep+1","AdministrixMod:TouchOfCinnabar","Koishi:ParalyzingFear","hermit:LowProfile","TheCursedMod:AntiAging+1","MillenniumVampire","Slice","ScarletCoffin+1","TheCursedMod:AntiAging+1","hermit:Gambit+1","CurseOfTheBell","Luminous:Light_Gather+1","MastersStateliness","hermit:Determination"],"relics":["AdministrixMod:ConductorRitualBaton","Du-Vu Doll","HollowMod:LifeEnderRelic","Shovel","Mango","Ice Cream","Matryoshka","FossilizedHelix","Girya","Busted Crown","Nilry\u0027s Codex","AdministrixMod:GoldenChickadee","Orichalcum","The Courier","CaptainsWheel","Mercury Hourglass","Vajra","Toy Ornithopter","AntiCross","Calling Bell","PreservedInsect","HornCleat","Pocketwatch","Mummified Hand","Ancient Tea Set","Oddly Smooth Stone","StrikeDummy","Singing Bowl","Molten Egg 2","Nunchaku","Pear","White Beast Statue","Pantograph","Lizard Tail","Bottled Lightning","HollowMod:StagPassRelic"],"acts_visited":["Exordium","TheCity","TheBeyond","TheEnding"],"potions_floor_usage":[5,6,10,23,23,23,23,23,29,30,33,35,35,45,46,46,46,54,55,55,55],"damage_taken":[{"damage":3,"enemies":"Jaw Worm","floor":1,"turns":2},{"damage":0,"enemies":"Cultist","floor":2,"turns":2},{"damage":0,"enemies":"Small Slimes","floor":5,"turns":2},{"damage":14,"enemies":"Gremlin Nob","floor":6,"turns":5},{"damage":2,"enemies":"Looter","floor":7,"turns":2},{"damage":31,"enemies":"3 Sentries","floor":8,"turns":5},{"damage":13,"enemies":"Lagavulin","floor":10,"turns":4},{"damage":22,"enemies":"HollowMod:MossKnight","floor":12,"turns":5},{"damage":15,"enemies":"Gremlin Nob","floor":14,"turns":4},{"damage":32,"enemies":"The Guardian","floor":16,"turns":8},{"damage":0,"enemies":"Chosen","floor":18,"turns":4},{"damage":20,"enemies":"2 Thieves","floor":20,"turns":3},{"damage":24,"enemies":"Gremlin Leader","floor":23,"turns":7},{"damage":18,"enemies":"Book of Stabbing","floor":25,"turns":5},{"damage":0,"enemies":"Snake Plant","floor":27,"turns":4},{"damage":0,"enemies":"3 Cultists","floor":28,"turns":4},{"damage":0,"enemies":"HollowMod:Nosk","floor":29,"turns":6},{"damage":16,"enemies":"Slavers","floor":30,"turns":4},{"damage":2,"enemies":"HollowMod:Nosk","floor":31,"turns":5},{"damage":8,"enemies":"Collector","floor":33,"turns":5},{"damage":7,"enemies":"3 Shapes","floor":35,"turns":2},{"damage":0,"enemies":"3 Shapes","floor":36,"turns":1},{"damage":1,"enemies":"Orb Walker","floor":37,"turns":3},{"damage":0,"enemies":"Reptomancer","floor":39,"turns":3},{"damage":6,"enemies":"Nemesis","floor":41,"turns":3},{"damage":0,"enemies":"Reptomancer","floor":45,"turns":4},{"damage":0,"enemies":"Jaw Worm Horde","floor":46,"turns":3},{"damage":2,"enemies":"Maw","floor":48,"turns":6},{"damage":12,"enemies":"Time Eater","floor":50,"turns":6},{"damage":0,"enemies":"Shield and Spear","floor":54,"turns":4},{"damage":64,"enemies":"The Heart","floor":55,"turns":7}],"seed_played":"4321671370428173873","potions_obtained":[{"floor":1,"key":"DistilledChaos"},{"floor":5,"key":"Weak Potion"},{"floor":8,"key":"Fire Potion"},{"floor":16,"key":"Dexterity Potion"},{"floor":18,"key":"EntropicBrew"},{"floor":20,"key":"SkillPotion"},{"floor":25,"key":"DuplicationPotion"},{"floor":29,"key":"DistilledChaos"},{"floor":33,"key":"Swift Potion"},{"floor":33,"key":"Energy Potion"},{"floor":35,"key":"Block Potion"},{"floor":39,"key":"EntropicBrew"},{"floor":41,"key":"Explosive Potion"},{"floor":46,"key":"Fire Potion"},{"floor":48,"key":"Ancient Potion"},{"floor":54,"key":"SteroidPotion"}],"is_trial":true,"path_per_floor":["M","M","$","?","M","E","M","E","T","E","R","E","R","E","R","B",null,"M","?","M","$","T","E","R","E","T","M","M","E","E","E","R","B",null,"M","?","M","?","E","R","E","R","T","$","E","M","R","M","R","B",null,"R","$","E","B",null],"character_chosen":"TheAdministrix","items_purchased":["Koishi:JumpScare","Go for the Eyes","Koishi:ParalyzingFear","hermit:LowProfile","Singing Bowl","Molten Egg 2","Nunchaku","Pear","MastersStateliness","hermit:Determination"],"campfire_rested":0,"item_purchase_floors":[3,3,21,21,44,44,44,44,53,53],"current_hp_per_floor":[62,62,62,62,64,54,62,41,55,69,69,57,57,63,63,52,79,79,63,45,45,45,57,57,60,60,79,79,79,82,82,82,88,88,88,90,94,94,94,94,97,97,97,107,112,117,117,123,123,129,129,129,129,137,105],"gold":32,"neow_bonus":"","is_daily":false,"chose_seed":false,"campfire_upgraded":1,"win_rate":0.0,"timestamp":1610218942,"path_taken":["M","M","$","?","?","E","M","E","T","E","R","E","R","?","R","BOSS","M","?","M","$","?","E","R","E","T","M","M","E","?","E","R","BOSS","M","?","M","?","?","R","E","R","T","$","E","?","R","M","R","BOSS","R","$","E","BOSS"],"items_purchased_type":["Card","Card","Card","Card","Relic","Relic","Relic","Relic","Card","Card"],"build_version":"2020-12-22","purchased_purges":0,"victory":true,"max_hp_per_floor":[65,65,65,65,65,65,65,65,79,79,79,79,79,79,79,79,79,79,79,79,79,79,79,79,79,79,79,79,79,82,82,82,88,88,91,91,94,94,94,94,97,97,97,107,112,117,117,123,123,129,129,129,129,137,143],"card_choices":[{"not_picked":["blazmod:MentalFocus","Luminous:Magic_Guard_Luminous"],"picked":"Heel Hook","floor":1},{"not_picked":["Meditate","AdministrixMod:XianArts"],"picked":"hermit:SprayPray","floor":2},{"not_picked":["Wild Strike","RobotSpaceExplorer:FrostMissile","HollowMod:VengefulSpirit"],"picked":"SKIP","floor":5},{"not_picked":["AdministrixMod:TenDesires","RobotSpaceExplorer:ShockMissile"],"picked":"Koishi:ImGoingToCallYouNow","floor":6},{"not_picked":["RobotSpaceExplorer:SurgingStrike","CutThroughFate"],"picked":"RobotSpaceExplorer:FreezingShield","floor":7},{"not_picked":["HollowMod:PureVessel","Night Terror","hermit:OverwhelmingPower"],"picked":"SKIP","floor":8},{"not_picked":["hermit:OverwhelmingPower","Multi-Cast"],"picked":"Amplify","floor":10},{"not_picked":["Luminous:Armageddon_Luminous","Seek"],"picked":"HollowMod:Weaversong","floor":12},{"not_picked":["blazmod:GlasswingWaltz","HandOfGreed"],"picked":"HollowMod:HerrahsAnger","floor":14},{"not_picked":["Multi-Cast","HollowMod:HornetsHelp"],"picked":"Panache","floor":16},{"not_picked":[],"picked":"Koishi:SubconsciousSweep+1","floor":18},{"not_picked":[],"picked":"AdministrixMod:TouchOfCinnabar","floor":20},{"not_picked":["blazmod:SeismicSlash"],"picked":"SKIP","floor":23},{"not_picked":[],"picked":"TheCursedMod:AntiAging","floor":25},{"not_picked":[],"picked":"MillenniumVampire","floor":27},{"not_picked":[],"picked":"Slice","floor":28},{"not_picked":[],"picked":"ScarletCoffin","floor":29},{"not_picked":["TheCursedMod:DarkBarrier"],"picked":"SKIP","floor":30},{"not_picked":[],"picked":"TheCursedMod:AntiAging","floor":31},{"not_picked":[],"picked":"hermit:Gambit","floor":33},{"not_picked":["HollowMod:SoulSplash+1"],"picked":"SKIP","floor":35},{"not_picked":["ScarletDream+1"],"picked":"SKIP","floor":37},{"not_picked":["AdministrixMod:ImmortalClarity"],"picked":"SKIP","floor":39},{"not_picked":["Koishi:MindStellarRelief"],"picked":"SKIP","floor":41},{"not_picked":["KillingBlow+1"],"picked":"Singing Bowl","floor":45},{"not_picked":["HollowMod:DoubleDash"],"picked":"Singing Bowl","floor":46},{"not_picked":[],"picked":"Luminous:Light_Gather+1","floor":48},{"not_picked":["blazmod:ButterflyForm"],"picked":"Singing Bowl","floor":54}],"player_experience":1069642,"relics_obtained":[{"floor":6,"key":"HollowMod:LifeEnderRelic"},{"floor":8,"key":"Shovel"},{"floor":9,"key":"Mango"},{"floor":10,"key":"Ice Cream"},{"floor":12,"key":"Matryoshka"},{"floor":14,"key":"FossilizedHelix"},{"floor":15,"key":"Girya"},{"floor":19,"key":"Nilry\u0027s Codex"},{"floor":22,"key":"AdministrixMod:GoldenChickadee"},{"floor":22,"key":"Orichalcum"},{"floor":23,"key":"The Courier"},{"floor":25,"key":"CaptainsWheel"},{"floor":26,"key":"Mercury Hourglass"},{"floor":29,"key":"Vajra"},{"floor":30,"key":"Toy Ornithopter"},{"floor":31,"key":"AntiCross"},{"floor":34,"key":"PreservedInsect"},{"floor":34,"key":"HornCleat"},{"floor":34,"key":"Pocketwatch"},{"floor":39,"key":"Mummified Hand"},{"floor":41,"key":"Ancient Tea Set"},{"floor":42,"key":"Oddly Smooth Stone"},{"floor":43,"key":"StrikeDummy"},{"floor":45,"key":"White Beast Statue"},{"floor":47,"key":"Pantograph"},{"floor":49,"key":"Lizard Tail"},{"floor":52,"key":"Bottled Lightning"},{"floor":54,"key":"HollowMod:StagPassRelic"}],"event_choices":[{"damage_healed":0,"gold_gain":0,"player_choice":"Upgraded","damage_taken":0,"max_hp_gain":0,"max_hp_loss":0,"event_name":"Upgrade Shrine","floor":4,"gold_loss":0,"cards_upgraded":["Armaments"]},{"damage_healed":0,"gold_gain":0,"player_choice":"Obtained Book","damage_taken":16,"max_hp_gain":0,"max_hp_loss":0,"event_name":"Cursed Tome","floor":19,"gold_loss":0},{"damage_healed":0,"gold_gain":0,"player_choice":"Upgraded Two","damage_taken":0,"max_hp_gain":0,"max_hp_loss":0,"event_name":"Designer","floor":38,"gold_loss":40,"cards_upgraded":["TheCursedMod:SpitefulPray","Consecrate"]}],"is_beta":false,"boss_relics":[{"not_picked":["Black Star","Ectoplasm"],"picked":"Busted Crown"},{"not_picked":["Fusion Hammer","Runic Dome"],"picked":"Calling Bell"}],"items_purged_floors":[],"is_endless":false,"potions_floor_spawned":[1,5,8,16,18,20,25,29,33,35,39,41,46,48,54],"ascension_level":0}}