{"host":"tjicewryrzew529r","time":1610203761,"event":{"mods":["AchievementEnabler","BaseMod","Block Reminder","Colored Map","Downfall","Highlight Path","Minty Spire (QoL Compilation)","StSLib"],"gold_per_floor":[99,113,124,134,150,170,170,20,55,55,65,65,79,99,114,211,211,211,211,121,137,137,164,164,164,164,184,184,210,135,135,152,251,251,251,261,279,289,299,299,299,312,323,355,355,404,404,404,414,414],"floor_reached":51,"playtime":3777,"items_purged":["Guardian:Strike_Guardian"],"score":865,"play_id":"067194fd-4ca1-443c-933c-3ab24e795c97","local_time":"20210109224921","is_ascension_mode":true,"campfire_choices":[{"floor":1.0,"key":"RECALL"},{"data":"Guardian:DecasProtection","floor":8.0,"key":"SMITH"},{"data":"Guardian:TwinSlam","floor":12.0,"key":"SMITH"},{"data":"Guardian:BaubleBeam","floor":18.0,"key":"SMITH"},{"floor":26.0,"key":"REST"},{"data":"Guardian:CurlUp","floor":28.0,"key":"SMITH"},{"floor":30.0,"key":"REST"},{"data":"Guardian:CrystalBeam","floor":35.0,"key":"SMITH"},{"data":"Guardian:StasisField","floor":40.0,"key":"SMITH"},{"floor":45.0,"key":"REST"}],"circlet_count":0,"master_deck":["Guardian:Strike_Guardian","Guardian:Strike_Guardian","Guardian:Strike_Guardian","Guardian:Defend_Guardian","Guardian:Defend_Guardian","Guardian:Defend_Guardian","Guardian:Defend_Guardian","Guardian:CurlUp+1","Guardian:TwinSlam+1","Guardian:DecasProtection+1","Guardian:Preprogram","Guardian:Reroute","Guardian:StasisField+1","Guardian:TemporalShield","Guardian:BaubleBeam+1","Guardian:TimeCapacitor+1","Guardian:CrystalBeam+1","Guardian:BronzeArmor+1","Guardian:Harden+1","Guardian:RollAttack","Guardian:ExploitGems","Guardian:SpikerProtocol"],"relics":["Guardian:ModeShifter","Strawberry","downfall:HeartBlessingRed","downfall:HeartBlessingBlue","Boot","Cursed Key","Mercury Hourglass","Enchiridion","Nunchaku","downfall:HeartBlessingGreen","SacredBark","StoneCalendar","Incense Burner"],"acts_visited":["Exordium","TheCity","TheBeyond"],"potions_floor_usage":[],"damage_taken":[{"damage":3.0,"enemies":"Small Slimes","floor":2.0,"turns":4.0},{"damage":0.0,"enemies":"2 Louse","floor":3.0,"turns":3.0},{"damage":6.0,"enemies":"Jaw Worm","floor":4.0,"turns":5.0},{"damage":10.0,"enemies":"Lots of Slimes","floor":5.0,"turns":5.0},{"damage":9.0,"enemies":"Gremlin Gang","floor":6.0,"turns":6.0},{"damage":17.0,"enemies":"3 Sentries","floor":9.0,"turns":11.0},{"damage":0.0,"enemies":"2 Fungi Beasts","floor":11.0,"turns":4.0},{"damage":2.0,"enemies":"Blue Slaver","floor":13.0,"turns":3.0},{"damage":1.0,"enemies":"Red Slaver","floor":14.0,"turns":4.0},{"damage":2.0,"enemies":"Lots of Slimes","floor":15.0,"turns":4.0},{"damage":1.0,"enemies":"downfall:Watcher","floor":16.0,"turns":8.0},{"damage":0.0,"enemies":"downfall:FleeingMerchant","floor":20.0,"turns":4.0},{"damage":3.0,"enemies":"3 Byrds","floor":21.0,"turns":5.0},{"damage":17.0,"enemies":"Book of Stabbing","floor":23.0,"turns":7.0},{"damage":0.0,"enemies":"Chosen","floor":27.0,"turns":3.0},{"damage":14.0,"enemies":"Slavers","floor":29.0,"turns":4.0},{"damage":0.0,"enemies":"Centurion and Healer","floor":32.0,"turns":5.0},{"damage":26.0,"enemies":"downfall:Silent","floor":33.0,"turns":9.0},{"damage":4.0,"enemies":"3 Darklings","floor":36.0,"turns":6.0},{"damage":13.0,"enemies":"3 Shapes","floor":37.0,"turns":5.0},{"damage":0.0,"enemies":"Maw","floor":38.0,"turns":7.0},{"damage":4.0,"enemies":"Spire Growth","floor":39.0,"turns":7.0},{"damage":21.0,"enemies":"Transient","floor":42.0,"turns":5.0},{"damage":0.0,"enemies":"4 Shapes","floor":43.0,"turns":5.0},{"damage":20.0,"enemies":"Nemesis","floor":44.0,"turns":5.0},{"damage":32.0,"enemies":"2 Orb Walkers","floor":46.0,"turns":5.0},{"damage":0,"enemies":"Sphere and 2 Shapes","floor":49,"turns":4},{"damage":5,"enemies":"downfall:Ironclad","floor":50,"turns":11}],"seed_played":"-5422657949490166503","potions_obtained":[{"floor":3.0,"key":"SpeedPotion"},{"floor":5.0,"key":"Strength Potion"},{"floor":6.0,"key":"DistilledChaos"},{"floor":13.0,"key":"Ancient Potion"},{"floor":14.0,"key":"Regen Potion"},{"floor":21.0,"key":"FearPotion"},{"floor":29.0,"key":"GamblersBrew"},{"floor":33.0,"key":"PowerPotion"},{"floor":39.0,"key":"Strength Potion"},{"floor":46.0,"key":"Block Potion"}],"is_trial":false,"path_per_floor":["R","M","M","M","M","M","T","R","E","?","M","R","M","M","M","B",null,"R","?","$","M","?","E","T","?","R","M","R","E","R","?","M","B",null,"R","M","M","M","M","R","T","M","M","E","R","?","?","T","M","B",null],"character_chosen":"GUARDIAN","items_purchased":[],"campfire_rested":3,"item_purchase_floors":[],"current_hp_per_floor":[87,84,84,78,68,59,59,69,52,52,52,52,50,49,47,61,97,97,97,97,94,75,58,58,42,72,72,72,58,88,73,73,47,102,102,98,85,85,81,81,81,60,60,40,70,38,38,38,38,33],"gold":414,"neow_bonus":"RANDOM_COMMON_RELIC","is_daily":false,"chose_seed":false,"campfire_upgraded":6,"win_rate":0.0,"timestamp":1610203761,"path_taken":["R","M","M","M","M","M","T","R","E","?","M","R","M","M","M","BOSS","R","?","$","M","?","E","T","?","R","M","R","E","R","?","M","BOSS","R","M","M","M","?","R","T","M","?","E","R","?","?","?","M","BOSS"],"items_purchased_type":[],"build_version":"2020-12-22","purchased_purges":1,"victory":true,"max_hp_per_floor":[87,87,87,87,87,87,87,97,97,97,97,97,97,97,97,97,97,97,97,97,97,102,102,102,102,102,102,102,102,102,102,102,102,102,102,102,102,102,102,102,102,102,102,102,102,102,102,102,102,102],"card_choices":[{"not_picked":["Guardian:TemporalShield","Guardian:CrystalBeam","Guardian:WalkerClaw"],"picked":"SKIP","floor":2.0},{"not_picked":["Guardian:GuardianWhirl","Guardian:CrystalBeam"],"picked":"Guardian:DecasProtection","floor":3.0},{"not_picked":["Guardian:Gem_Green","Guardian:Gem_Cyan"],"picked":"Guardian:Preprogram","floor":4.0},{"not_picked":["Guardian:RefractedBeam","Guardian:RollAttack"],"picked":"Guardian:Gem_White","floor":5.0},{"not_picked":["Guardian:TemporalStrike","Guardian:VentSteam","Guardian:CrystalBeam"],"picked":"SKIP","floor":6.0},{"not_picked":["Guardian:PiercingHide","Guardian:RollAttack"],"picked":"Guardian:Reroute","floor":9.0},{"not_picked":["Guardian:Gem_Green","Guardian:CrystalBeam"],"picked":"Guardian:Gem_Cyan","floor":11.0},{"not_picked":["Guardian:Incinerate","Guardian:PiercingHide"],"picked":"Guardian:StasisField","floor":13.0},{"not_picked":["Guardian:VentSteam","Guardian:BronzeOrb"],"picked":"Guardian:TemporalShield","floor":14.0},{"not_picked":["Guardian:Reroute","Guardian:ShieldCharger"],"picked":"Guardian:Gem_White","floor":15.0},{"not_picked":["Guardian:GemFire","Guardian:FierceBash"],"picked":"Guardian:BaubleBeam","floor":16.0},{"not_picked":["Guardian:BronzeOrb","Guardian:PrimingBeam+1","Guardian:Gem_Green"],"picked":"SKIP","floor":20.0},{"not_picked":["Guardian:Reroute","Guardian:ShieldCharger","Guardian:Gem_Green"],"picked":"SKIP","floor":21.0},{"not_picked":["Guardian:Gem_Lightblue","Guardian:TimeBomb"],"picked":"Guardian:Gem_White","floor":23.0},{"not_picked":["Guardian:Gem_Green","Guardian:Gem_Red"],"picked":"Guardian:TimeCapacitor+1","floor":27.0},{"not_picked":["Guardian:Recover","Guardian:TemporalStrike+1","Guardian:Planning"],"picked":"SKIP","floor":29.0},{"not_picked":["Guardian:Suspension","Guardian:CrystalBeam","Guardian:VentSteam+1"],"picked":"SKIP","floor":32.0},{"not_picked":["Guardian:Suspension","Guardian:VentSteam+1"],"picked":"Guardian:CrystalBeam","floor":32.0},{"not_picked":["Guardian:StasisStrike","Guardian:TimeSifter"],"picked":"Guardian:Gem_Orange","floor":33.0},{"not_picked":["Guardian:Gem_Cyan","Guardian:VentSteam+1"],"picked":"Guardian:BronzeArmor+1","floor":36.0},{"not_picked":["Guardian:Gem_Lightblue","Guardian:ShieldCharger"],"picked":"Guardian:Harden+1","floor":37.0},{"not_picked":["Guardian:TimeCapacitor","Guardian:WalkerClaw"],"picked":"Guardian:RollAttack","floor":38.0},{"not_picked":["Guardian:TemporalStrike","Guardian:TemporalShield+1"],"picked":"Guardian:Gem_Cyan","floor":39.0},{"not_picked":["Guardian:Reroute+1","Guardian:VentSteam+1"],"picked":"Guardian:Gem_Crimson","floor":42.0},{"not_picked":["Guardian:ShieldCharger","Guardian:Gem_Cyan","Guardian:RollAttack"],"picked":"SKIP","floor":43.0},{"not_picked":["Guardian:TemporalShield+1","Guardian:Gem_Red"],"picked":"Guardian:ExploitGems","floor":44.0},{"not_picked":["Guardian:RefractedBeam+1","Guardian:ShieldCharger"],"picked":"Guardian:SpikerProtocol","floor":46.0},{"not_picked":["Guardian:Repulse+1","Guardian:ChargeCore","Guardian:PiercingHide+1"],"picked":"SKIP","floor":49}],"player_experience":431310,"relics_obtained":[{"floor":9.0,"key":"Boot"},{"floor":23.0,"key":"Mercury Hourglass"},{"floor":25.0,"key":"Enchiridion"},{"floor":29.0,"key":"Nunchaku"},{"floor":44.0,"key":"StoneCalendar"},{"floor":46.0,"key":"Incense Burner"}],"event_choices":[{"damage_healed":0.0,"max_hp_gain":0.0,"max_hp_loss":0.0,"gold_gain":0.0,"event_name":"The Library","player_choice":"Read","floor":19.0,"gold_loss":0.0,"damage_taken":0.0,"cards_obtained":["Guardian:Gem_Yellow"]},{"damage_healed":0.0,"max_hp_gain":0.0,"max_hp_loss":0.0,"gold_gain":0.0,"event_name":"Mysterious Sphere","player_choice":"Fight","floor":46.0,"gold_loss":0.0,"damage_taken":0.0}],"is_beta":false,"boss_relics":[{"not_picked":["Coffee Dripper","Philosopher\u0027s Stone"],"picked":"Cursed Key"},{"not_picked":["Pandora\u0027s Box","Fusion Hammer"],"picked":"SacredBark"}],"items_purged_floors":[20],"is_endless":false,"potions_floor_spawned":[3,5,6,13,14,21,29,33,36,39,44,46],"ascension_level":2}}