{"host":"tzyzz5n7hg2ni9q2","time":1610221349,"event":{"mods":["BaseMod","Minty Spire (QoL Compilation)","Quick Restart"],"gold_per_floor":[114,129,143,157,122,151,0,30,30,58,70,70,80,80,80,175,175,192,192,211,136,136,136,164,164,235,160,186,41,41,66,66,168,168,184,204,204,304,322,322,349,349,349,384,60,60,90,108,108,108],"floor_reached":51,"playtime":2262,"items_purged":["Strike_B+1","Decay"],"score":1088,"play_id":"b334620e-1906-48af-9ae9-7e5f34b183be","local_time":"20210109204229","is_ascension_mode":true,"campfire_choices":[{"data":"Echo Form","floor":12.0,"key":"SMITH"},{"data":"Conserve Battery","floor":15.0,"key":"SMITH"},{"data":"Zap","floor":23.0,"key":"SMITH"},{"floor":25.0,"key":"REST"},{"data":"Capacitor","floor":32,"key":"SMITH"},{"floor":40,"key":"REST"},{"floor":42,"key":"RECALL"},{"data":"Loop","floor":46,"key":"SMITH"},{"data":"Dualcast","floor":49,"key":"SMITH"}],"circlet_count":0,"master_deck":["Strike_B+1","Strike_B+1","Strike_B+1","Defend_B+1","Defend_B+1","Defend_B+1","Defend_B+1","Zap+1","Dualcast+1","Undo","Leap","Conserve Battery+1","Echo Form+1","Cold Snap","Genetic Algorithm","Capacitor+1","Ball Lightning","Chill+1","Glacier+1","Rainbow+1","Defragment+1","Defragment+1","Impatience+1","Auto Shields+1","Clumsy","Loop+1","Coolheaded+1"],"relics":["Cracked Core","NeowsBlessing","Potion Belt","PreservedInsect","MealTicket","Art of War","Singing Bowl","Cursed Key","Bag of Marbles","Toxic Egg 2","Darkstone Periapt","OrangePellets","Oddly Smooth Stone","SlaversCollar","Gambling Chip","Boot","Lee\u0027s Waffle","Lantern"],"acts_visited":["Exordium","TheCity","TheBeyond"],"potions_floor_usage":[33],"damage_taken":[{"damage":0.0,"enemies":"Small Slimes","floor":1.0,"turns":1.0},{"damage":0.0,"enemies":"2 Louse","floor":2.0,"turns":1.0},{"damage":0.0,"enemies":"Cultist","floor":3.0,"turns":1.0},{"damage":12.0,"enemies":"Exordium Thugs","floor":4.0,"turns":6.0},{"damage":24.0,"enemies":"3 Sentries","floor":6.0,"turns":10.0},{"damage":21.0,"enemies":"Gremlin Nob","floor":8.0,"turns":4.0},{"damage":1.0,"enemies":"Lagavulin","floor":10.0,"turns":7.0},{"damage":1.0,"enemies":"Looter","floor":11.0,"turns":4.0},{"damage":16.0,"enemies":"Large Slime","floor":13.0,"turns":9.0},{"damage":0.0,"enemies":"The Guardian","floor":16.0,"turns":14.0},{"damage":0.0,"enemies":"Spheric Guardian","floor":18.0,"turns":9.0},{"damage":0.0,"enemies":"Chosen","floor":20.0,"turns":6.0},{"damage":49.0,"enemies":"Gremlin Leader","floor":24.0,"turns":10.0},{"damage":4,"enemies":"Book of Stabbing","floor":28,"turns":5},{"damage":19,"enemies":"Gremlin Leader","floor":31,"turns":9},{"damage":16,"enemies":"Champ","floor":33,"turns":18},{"damage":2,"enemies":"Orb Walker","floor":35,"turns":5},{"damage":3,"enemies":"3 Darklings","floor":36,"turns":11},{"damage":30,"enemies":"Transient","floor":39,"turns":5},{"damage":31,"enemies":"Reptomancer","floor":44,"turns":8},{"damage":17,"enemies":"Nemesis","floor":47,"turns":7},{"damage":0,"enemies":"Maw","floor":48,"turns":9},{"damage":34,"enemies":"Time Eater","floor":50,"turns":18}],"seed_played":"-3021927836645002074","potions_obtained":[{"floor":2.0,"key":"Dexterity Potion"},{"floor":4.0,"key":"SteroidPotion"},{"floor":10.0,"key":"Strength Potion"},{"floor":18.0,"key":"PowerPotion"},{"floor":31,"key":"Energy Potion"},{"floor":39,"key":"AttackPotion"}],"is_trial":false,"path_per_floor":["M","M","M","M","?","E","$","E","T","E","M","R","M","?","R","B",null,"M","?","M","$","?","R","E","R","T","?","E","$","?","E","R","B",null,"M","M","?","?","M","R","T","R","T","E","$","R","E","M","R","B",null],"character_chosen":"DEFECT","items_purchased":["PreservedInsect","OrangePellets","Lee\u0027s Waffle","Loop"],"campfire_rested":2,"item_purchase_floors":[7,29,45,45],"current_hp_per_floor":[68,68,68,56,74,50,50,29,29,28,27,27,11,36,36,38,67,67,67,67,77,77,77,30,53,53,53,49,64,64,47,47,31,69,67,64,64,64,34,58,64,64,70,41,102,102,85,87,87,53],"gold":108,"neow_bonus":"THREE_ENEMY_KILL","is_daily":false,"chose_seed":false,"campfire_upgraded":6,"win_rate":0.0,"timestamp":1610221349,"path_taken":["M","M","M","M","?","E","$","E","T","E","M","R","M","?","R","BOSS","M","?","M","$","?","R","E","R","T","?","E","$","?","E","R","BOSS","M","M","?","?","?","R","?","R","T","E","$","R","E","M","R","BOSS"],"items_purchased_type":["Relic","Relic","Relic","Card"],"build_version":"2020-12-22","purchased_purges":2,"victory":true,"max_hp_per_floor":[75,75,75,75,75,75,75,75,75,75,75,75,75,75,75,77,77,77,77,77,77,77,77,79,79,79,79,79,79,79,81,81,81,81,81,81,81,81,81,81,87,87,93,95,102,102,102,104,104,104],"card_choices":[{"not_picked":["Coolheaded","Lockon","Redo"],"picked":"SKIP","floor":1.0},{"not_picked":["Gash","Hyperbeam"],"picked":"Undo","floor":2.0},{"not_picked":["Streamline","Consume"],"picked":"Leap","floor":3.0},{"not_picked":["Go for the Eyes","Steam Power"],"picked":"Conserve Battery","floor":4.0},{"not_picked":["Scrape","Streamline"],"picked":"Echo Form","floor":6.0},{"not_picked":["Leap","Storm","Rebound"],"picked":"SKIP","floor":8.0},{"not_picked":["Go for the Eyes","Lockon"],"picked":"Cold Snap","floor":10.0},{"not_picked":["White Noise","Force Field"],"picked":"Genetic Algorithm","floor":11.0},{"not_picked":["Cold Snap","Ball Lightning"],"picked":"Capacitor","floor":13.0},{"not_picked":["Echo Form","All For One","Biased Cognition"],"picked":"Singing Bowl","floor":16.0},{"not_picked":["Cold Snap","Rebound"],"picked":"Ball Lightning","floor":18.0},{"not_picked":["Steam+1","Leap"],"picked":"Chill+1","floor":20.0},{"not_picked":["Force Field+1","Steam+1","Streamline"],"picked":"Singing Bowl","floor":24.0},{"not_picked":["Conserve Battery+1","Cold Snap"],"picked":"Glacier+1","floor":28},{"not_picked":["Hologram+1","Amplify+1","Go for the Eyes"],"picked":"Singing Bowl","floor":31},{"not_picked":["Echo Form","Thunder Strike"],"picked":"Rainbow+1","floor":33},{"not_picked":["Auto Shields+1","Tempest+1"],"picked":"Defragment+1","floor":35},{"not_picked":["Skim+1","Static Discharge"],"picked":"Defragment+1","floor":36},{"not_picked":["HandOfGreed","The Bomb+1"],"picked":"Impatience+1","floor":37},{"not_picked":["Glacier+1","Cold Snap"],"picked":"Auto Shields+1","floor":39},{"not_picked":["Hologram+1","Cold Snap","Redo+1"],"picked":"Singing Bowl","floor":44},{"not_picked":["Sweeping Beam+1","Static Discharge+1"],"picked":"Coolheaded+1","floor":47},{"not_picked":["Capacitor+1","Conserve Battery+1","Fusion+1"],"picked":"Singing Bowl","floor":48}],"player_experience":258700,"relics_obtained":[{"floor":6.0,"key":"Potion Belt"},{"floor":8.0,"key":"MealTicket"},{"floor":9.0,"key":"Art of War"},{"floor":10.0,"key":"Singing Bowl"},{"floor":24.0,"key":"Bag of Marbles"},{"floor":26.0,"key":"Toxic Egg 2"},{"floor":28,"key":"Darkstone Periapt"},{"floor":31,"key":"Oddly Smooth Stone"},{"floor":43,"key":"Gambling Chip"},{"floor":44,"key":"Boot"},{"floor":47,"key":"Lantern"}],"event_choices":[{"damage_healed":18.0,"max_hp_gain":0.0,"max_hp_loss":0.0,"gold_gain":0.0,"event_name":"The Cleric","player_choice":"Healed","floor":5.0,"gold_loss":35.0,"damage_taken":0.0},{"damage_healed":25.0,"max_hp_gain":0.0,"max_hp_loss":0.0,"gold_gain":0.0,"event_name":"Big Fish","player_choice":"Banana","floor":14.0,"gold_loss":0.0,"damage_taken":0.0},{"damage_healed":0.0,"max_hp_gain":0.0,"max_hp_loss":0.0,"gold_gain":0.0,"event_name":"Back to Basics","player_choice":"Simplicity","floor":19.0,"gold_loss":0.0,"damage_taken":0.0,"cards_upgraded":["Strike_B","Strike_B","Strike_B","Strike_B","Defend_B","Defend_B","Defend_B","Defend_B"]},{"damage_healed":0.0,"max_hp_gain":0.0,"max_hp_loss":0.0,"gold_gain":0.0,"event_name":"Ghosts","player_choice":"Ignored","floor":22.0,"gold_loss":0.0,"damage_taken":0.0},{"cards_removed":["Shame"],"damage_healed":0.0,"max_hp_gain":0.0,"max_hp_loss":0.0,"gold_gain":0.0,"event_name":"Beggar","player_choice":"Gave Gold","floor":27.0,"gold_loss":75.0,"damage_taken":0.0},{"damage_healed":0,"gold_gain":0,"player_choice":"Ignored","damage_taken":0,"max_hp_gain":0,"max_hp_loss":0,"event_name":"Vampires","floor":30,"gold_loss":0},{"damage_healed":0,"gold_gain":0,"player_choice":"Memory 1","damage_taken":0,"max_hp_gain":0,"max_hp_loss":0,"event_name":"SensoryStone","floor":37,"gold_loss":0},{"damage_healed":0,"gold_gain":100,"player_choice":"Pray","damage_taken":0,"max_hp_gain":0,"max_hp_loss":0,"event_name":"Golden Shrine","floor":38,"gold_loss":0}],"is_beta":false,"boss_relics":[{"not_picked":["Black Star","Velvet Choker"],"picked":"Cursed Key"},{"not_picked":["Coffee Dripper","SacredBark"],"picked":"SlaversCollar"}],"items_purged_floors":[21,45],"is_endless":false,"potions_floor_spawned":[2,4,10,18,31,39],"ascension_level":6}}