{"host":"6gickdzyi2e936w7","time":1610155951,"event":{"mods":["Ascension Reborn","BaseMod","BetterRewards","Downfall","Minty Spire (QoL Compilation)","Random Character Button","Replay The Spire","StSLib","Synergy Search"],"gold_per_floor":[117,117,134,146,164,181,181,240,240,253,218,218,47,47,47,151,151,169,94,94,119,136,136,154,154,154,165,440,440,451,464,464,564,564,582,582,582],"floor_reached":36,"playtime":2147,"items_purged":[],"score":506,"play_id":"9e1101c1-c938-4ced-8f71-d3a754269528","local_time":"20210108203231","is_ascension_mode":false,"campfire_choices":[{"data":"Prostrate","floor":7,"key":"SMITH"},{"floor":12,"key":"REST"},{"data":"MasterReality","floor":15,"key":"SMITH"},{"floor":23,"key":"REST"},{"floor":25,"key":"REST"},{"floor":29,"key":"REST"},{"floor":32,"key":"REST"}],"circlet_count":0,"master_deck":["Strike_P","Strike_P","Defend_P","Defend_P","Defend_P","Defend_P","Eruption","Vigilance","Nirvana","Consecrate","Prostrate+1","JustLucky","BattleHymn","PathToVictory","MasterReality+1","ConjureBlade","CurseOfTheBell","ThirdEye","Halt+1","Alpha","Regret","Consecrate+1","Adaptation","Wish"],"relics":["PureWater","Replay:Mystery Machine","Pocketwatch","Mummified Hand","Lee\u0027s Waffle","Calling Bell","Replay:Baseball","The Courier","Turnip","Durian","Snack Pack","Cursed Key"],"acts_visited":["Exordium","TheCity","TheBeyond"],"potions_floor_usage":[8,22,22,33],"damage_taken":[{"damage":0,"enemies":"Jaw Worm","floor":1,"turns":3},{"damage":6,"enemies":"Cultist","floor":3,"turns":3},{"damage":0,"enemies":"2 Louse","floor":4,"turns":3},{"damage":10,"enemies":"2 Fungi Beasts","floor":5,"turns":4},{"damage":0,"enemies":"Looter","floor":6,"turns":4},{"damage":8,"enemies":"3 Sentries","floor":8,"turns":3},{"damage":36,"enemies":"Exordium Thugs","floor":10,"turns":5},{"damage":31,"enemies":"Hexaghost","floor":16,"turns":7},{"damage":32,"enemies":"Shell Parasite","floor":18,"turns":7},{"damage":11,"enemies":"2 Thieves","floor":22,"turns":5},{"damage":24,"enemies":"Snecko","floor":24,"turns":5},{"damage":13,"enemies":"Cultist and Chosen","floor":27,"turns":5},{"damage":40,"enemies":"3 Cultists","floor":30,"turns":5},{"damage":24,"enemies":"Centurion and Healer","floor":31,"turns":6},{"damage":33,"enemies":"Champ","floor":33,"turns":8},{"damage":55,"enemies":"3 Shapes","floor":35,"turns":5},{"damage":35,"enemies":"3 Darklings","floor":36,"turns":3}],"seed_played":"979545247024149042","potions_obtained":[{"floor":3,"key":"SteroidPotion"},{"floor":4,"key":"SmokeBomb"},{"floor":6,"key":"ColorlessPotion"},{"floor":10,"key":"Regen Potion"},{"floor":22,"key":"LiquidMemories"},{"floor":30,"key":"Languid Potion"}],"is_trial":false,"path_per_floor":["M","?","M","M","M","M","R","?","T","M","?","R","$","?","R","B",null,"M","?","$","?","M","R","M","R","T","M","?","R","M","M","R","B",null,"M","M"],"character_chosen":"WATCHER","items_purchased":["Replay:Mystery Machine","PathToVictory","Lee\u0027s Waffle"],"campfire_rested":5,"item_purchase_floors":[0,13,13],"current_hp_per_floor":[72,72,66,66,56,56,56,48,48,12,30,51,79,79,79,48,79,47,47,47,21,24,49,25,50,50,41,41,66,28,10,35,6,84,31,0,0],"gold":582,"neow_bonus":"","is_daily":false,"chose_seed":false,"campfire_upgraded":2,"win_rate":0.0,"timestamp":1610155951,"path_taken":["M","?","?","M","M","M","R","?","T","M","?","R","$","?","R","BOSS","M","?","$","?","M","R","M","R","T","?","?","R","M","M","R","BOSS","M","M"],"items_purchased_type":["Relic","Card","Relic"],"build_version":"2020-12-22","purchased_purges":0,"victory":false,"max_hp_per_floor":[72,72,72,72,72,72,72,72,72,72,72,72,79,79,79,79,79,79,79,79,84,84,84,84,84,84,84,84,84,84,84,84,84,84,84,84,84],"card_choices":[{"not_picked":["Halt","Evaluate","CrushJoints"],"picked":"SKIP","floor":1},{"not_picked":["Perseverance","EmptyBody"],"picked":"Nirvana","floor":3},{"not_picked":["Protect","DeceiveReality"],"picked":"Consecrate","floor":4},{"not_picked":["EmptyBody","CutThroughFate"],"picked":"Prostrate","floor":5},{"not_picked":["Protect","FollowUp"],"picked":"JustLucky","floor":6},{"not_picked":["Omniscience","ClearTheMind"],"picked":"BattleHymn","floor":8},{"not_picked":["Wallop","Protect","CrushJoints"],"picked":"SKIP","floor":10},{"not_picked":["SpiritShield","Alpha"],"picked":"ConjureBlade","floor":16},{"not_picked":["Halt","Perseverance"],"picked":"ThirdEye","floor":18},{"not_picked":["Crescendo","SignatureMove"],"picked":"Halt+1","floor":21},{"not_picked":["FlurryOfBlows","InnerPeace"],"picked":"Alpha","floor":22},{"not_picked":["ThirdEye","SashWhip","FlyingSleeves"],"picked":"SKIP","floor":24},{"not_picked":["Swivel+1","SashWhip+1","Sanctity"],"picked":"SKIP","floor":27},{"not_picked":["Protect+1","ReachHeaven"],"picked":"Consecrate+1","floor":30},{"not_picked":["Replay:BluntJabs","Crescendo"],"picked":"Adaptation","floor":31},{"not_picked":["Omniscience","MasterReality"],"picked":"Wish","floor":33},{"not_picked":["FollowUp+1","ThirdEye","BowlingBash"],"picked":"SKIP","floor":35}],"player_experience":125084,"relics_obtained":[{"floor":9,"key":"Mummified Hand"},{"floor":17,"key":"Replay:Baseball"},{"floor":17,"key":"The Courier"},{"floor":17,"key":"Turnip"},{"floor":21,"key":"Durian"},{"floor":26,"key":"Snack Pack"}],"event_choices":[{"cards_removed":["Strike_P"],"damage_healed":0,"gold_gain":0,"player_choice":"Offered Basic","damage_taken":0,"max_hp_gain":0,"max_hp_loss":0,"event_name":"Bonfire Elementals","floor":2,"gold_loss":0},{"damage_healed":0,"gold_gain":0,"player_choice":"Searched \u00272\u0027 times","damage_taken":0,"relics_obtained":["Pocketwatch"],"max_hp_gain":0,"max_hp_loss":0,"event_name":"Dead Adventurer","floor":8,"gold_loss":0},{"damage_healed":18,"gold_gain":0,"player_choice":"Healed","damage_taken":0,"max_hp_gain":0,"max_hp_loss":0,"event_name":"The Cleric","floor":11,"gold_loss":35},{"damage_healed":0,"gold_gain":0,"player_choice":"1 cards matched","damage_taken":0,"max_hp_gain":0,"max_hp_loss":0,"event_name":"Match and Keep!","floor":14,"gold_loss":0,"cards_obtained":["MasterReality"]},{"cards_removed":["Strike_P"],"damage_healed":0,"gold_gain":0,"player_choice":"Gave Gold","damage_taken":0,"max_hp_gain":0,"max_hp_loss":0,"event_name":"Beggar","floor":19,"gold_loss":75},{"damage_healed":0,"gold_gain":275,"player_choice":"Desecrate","damage_taken":0,"max_hp_gain":0,"max_hp_loss":0,"event_name":"Golden Shrine","floor":28,"gold_loss":0,"cards_obtained":["Regret"]}],"is_beta":false,"boss_relics":[{"not_picked":["Tiny House","Empty Cage"],"picked":"Calling Bell"},{"not_picked":["Black Star","Replay:Grab Bag"],"picked":"Cursed Key"}],"items_purged_floors":[],"is_endless":false,"potions_floor_spawned":[3,4,6,10,22,30],"killed_by":"3 Darklings","ascension_level":0}}