{"host":"52m1o8iwwagurbjs","time":1610223830,"event":{"mods":["AchievementEnabler","BaseMod","Bestiary","Colored Powertips","GifTheSpireLib","Minty Spire (QoL Compilation)","Quick Restart","RNG Fix","Relic Stats","StSLib"],"gold_per_floor":[114,24,35,55,55,55,84,84,84,103,103,131,131,131],"floor_reached":13,"playtime":351,"items_purged":[],"score":211,"play_id":"768a64ad-144f-4639-bbe8-c920977efd36","local_time":"20210109152350","is_ascension_mode":true,"campfire_choices":[{"data":"Defragment","floor":6.0,"key":"SMITH"},{"data":"Loop","floor":8.0,"key":"SMITH"},{"data":"Coolheaded","floor":11.0,"key":"SMITH"}],"circlet_count":0,"master_deck":["AscendersBane","Strike_B","Strike_B","Strike_B","Strike_B","Defend_B","Defend_B","Defend_B","Defend_B","Zap","Dualcast","Turbo","Defragment+1","Coolheaded+1","Core Surge","Loop+1","Sweeping Beam","Compile Driver"],"relics":["Cracked Core","InkBottle","White Beast Statue","Nunchaku","Odd Mushroom"],"acts_visited":["Exordium"],"potions_floor_usage":[12],"damage_taken":[{"damage":7.0,"enemies":"Jaw Worm","floor":1.0,"turns":4.0},{"damage":2.0,"enemies":"Cultist","floor":3.0,"turns":4.0},{"damage":4.0,"enemies":"Small Slimes","floor":4.0,"turns":3.0},{"damage":0.0,"enemies":"Lagavulin","floor":7.0,"turns":8.0},{"damage":7.0,"enemies":"Looter","floor":10.0,"turns":3.0},{"damage":24,"enemies":"The Mushroom Lair","floor":12,"turns":4},{"damage":20,"enemies":"3 Sentries","floor":13,"turns":2}],"seed_played":"-1459990742731542619","potions_obtained":[{"floor":4.0,"key":"FocusPotion"},{"floor":10.0,"key":"LiquidMemories"},{"floor":12,"key":"Ancient Potion"}],"is_trial":false,"path_per_floor":["M","$","M","M","?","R","E","R","T","M","R","?","E"],"character_chosen":"DEFECT","items_purchased":["Defragment"],"campfire_rested":0,"item_purchase_floors":[2],"current_hp_per_floor":[64,64,62,58,47,47,47,47,47,40,40,16,0,0],"gold":131,"neow_bonus":"TEN_PERCENT_HP_BONUS","is_daily":false,"chose_seed":false,"campfire_upgraded":3,"win_rate":0.0,"timestamp":1610223830,"path_taken":["M","$","?","M","?","R","E","R","T","M","R","?","E"],"items_purchased_type":["Card"],"build_version":"2020-12-22","purchased_purges":0,"victory":false,"max_hp_per_floor":[78,78,78,78,78,78,78,78,78,78,78,78,78,78],"relic_stats":{"Nunchaku":[0],"counters":[7,28],"obtain_stats":[{"Nunchaku":9,"Odd Mushroom":12,"Cracked Core":0,"InkBottle":5,"White Beast Statue":7},{"Nunchaku":4,"Odd Mushroom":6,"Cracked Core":0,"InkBottle":3,"White Beast Statue":4},{"Nunchaku":19,"Odd Mushroom":26,"Cracked Core":0,"InkBottle":11,"White Beast Statue":19}],"InkBottle":[4]},"card_choices":[{"not_picked":["Hologram","Steam"],"picked":"Turbo","floor":1.0},{"not_picked":["Fusion","Recycle"],"picked":"Coolheaded","floor":3.0},{"not_picked":["Hello World","Heatsinks"],"picked":"Core Surge","floor":4.0},{"not_picked":["Blizzard","Redo"],"picked":"Loop","floor":7.0},{"not_picked":["Go for the Eyes","Rebound"],"picked":"Sweeping Beam","floor":10.0},{"not_picked":["Hologram","Genetic Algorithm"],"picked":"Compile Driver","floor":12}],"player_experience":1103357,"relics_obtained":[{"floor":7.0,"key":"White Beast Statue"},{"floor":9.0,"key":"Nunchaku"},{"floor":12,"key":"Odd Mushroom"}],"event_choices":[{"damage_healed":0.0,"max_hp_gain":0.0,"max_hp_loss":0.0,"gold_gain":0.0,"event_name":"Scrap Ooze","player_choice":"Success","floor":5.0,"gold_loss":0.0,"damage_taken":11.0,"relics_obtained":["InkBottle"]},{"damage_healed":0,"gold_gain":0,"player_choice":"Fought Mushrooms","damage_taken":0,"max_hp_gain":0,"max_hp_loss":0,"event_name":"Mushrooms","floor":12,"gold_loss":0}],"is_beta":false,"boss_relics":[],"items_purged_floors":[],"is_endless":false,"potions_floor_spawned":[4,10,12],"killed_by":"3 Sentries","ascension_level":19}}