{"host":"rolltorest","time":1610178141,"event":{"mods":["BaseMod","Minty Spire (QoL Compilation)","Relic Stats","Robot Space Explorer","Slay the Relics Exporter","StSLib"],"gold_per_floor":[110,110,110,122,138,138,166,179,179,179,179,179],"floor_reached":11,"playtime":547,"items_purged":[],"score":139,"play_id":"ff38d994-7ec1-4ced-ae2e-4a5aa73b2ddf","local_time":"20210108234221","is_ascension_mode":true,"campfire_choices":[{"data":"RobotSpaceExplorer:Electropulse","floor":6,"key":"SMITH"},{"floor":10,"key":"REST"}],"circlet_count":0,"master_deck":["AscendersBane","RobotSpaceExplorer:Strike","RobotSpaceExplorer:Strike","RobotSpaceExplorer:Strike","RobotSpaceExplorer:Defend","RobotSpaceExplorer:Defend","RobotSpaceExplorer:Defend","RobotSpaceExplorer:Defend","RobotSpaceExplorer:Scan","RobotSpaceExplorer:MiniLasers","RobotSpaceExplorer:Electropulse+1","RobotSpaceExplorer:MetalStrike","RobotSpaceExplorer:DroneSwarm","RobotSpaceExplorer:ShovelStrike","Normality"],"relics":["Cursed Key","GremlinMask","RobotSpaceExplorer:PlasmaHourglass"],"acts_visited":["Exordium"],"potions_floor_usage":[],"damage_taken":[{"damage":0,"enemies":"Small Slimes","floor":1,"turns":4},{"damage":0,"enemies":"Cultist","floor":4,"turns":4},{"damage":0,"enemies":"2 Louse","floor":5,"turns":2},{"damage":48,"enemies":"3 Sentries","floor":7,"turns":7},{"damage":4,"enemies":"Large Slime","floor":8,"turns":5},{"damage":24,"enemies":"Gremlin Nob","floor":11,"turns":4}],"seed_played":"-1455059214934765014","potions_obtained":[{"floor":4,"key":"SpeedPotion"}],"is_trial":false,"path_per_floor":["M","?","?","M","M","R","E","M","T","R","E"],"character_chosen":"RobotSpaceExplorer","items_purchased":[],"campfire_rested":1,"item_purchase_floors":[],"current_hp_per_floor":[64,57,57,57,57,57,9,5,5,26,2,2],"gold":179,"neow_bonus":"BOSS_RELIC","is_daily":false,"chose_seed":false,"campfire_upgraded":1,"win_rate":0.0,"timestamp":1610178141,"path_taken":["M","?","?","M","M","R","E","M","T","R","E"],"items_purchased_type":[],"build_version":"2020-12-18","purchased_purges":0,"victory":false,"max_hp_per_floor":[71,71,71,71,71,71,71,71,71,71,71,71],"relic_stats":{"counters":[6,26],"Cursed Key":1,"obtain_stats":[{"RobotSpaceExplorer:PlasmaHourglass":7,"RobotSpaceExplorer:RoboCore":0,"GremlinMask":3,"Cursed Key":0},{"RobotSpaceExplorer:PlasmaHourglass":4,"RobotSpaceExplorer:RoboCore":0,"GremlinMask":1,"Cursed Key":0},{"RobotSpaceExplorer:PlasmaHourglass":17,"RobotSpaceExplorer:RoboCore":0,"GremlinMask":4,"Cursed Key":0}]},"card_choices":[{"not_picked":["RobotSpaceExplorer:SurgingShield","RobotSpaceExplorer:FranticSearch"],"picked":"RobotSpaceExplorer:Electropulse","floor":1},{"not_picked":["RobotSpaceExplorer:MakeshiftVolley","RobotSpaceExplorer:StunGrenade"],"picked":"RobotSpaceExplorer:MetalStrike","floor":4},{"not_picked":["RobotSpaceExplorer:Reload","RobotSpaceExplorer:ImprovisedAttack","RobotSpaceExplorer:FranticSearch"],"picked":"SKIP","floor":5},{"not_picked":["RobotSpaceExplorer:Calculate","RobotSpaceExplorer:GlueShot"],"picked":"RobotSpaceExplorer:DroneSwarm","floor":7},{"not_picked":["RobotSpaceExplorer:MakeshiftVolley","RobotSpaceExplorer:FreezeRay"],"picked":"RobotSpaceExplorer:ShovelStrike","floor":8}],"player_experience":1812301,"relics_obtained":[{"floor":7,"key":"RobotSpaceExplorer:PlasmaHourglass"}],"event_choices":[{"cards_removed":["RobotSpaceExplorer:Strike"],"damage_healed":0,"gold_gain":0,"player_choice":"Card Removal","damage_taken":7,"max_hp_gain":0,"max_hp_loss":0,"event_name":"Golden Wing","floor":2,"gold_loss":0},{"damage_healed":0,"gold_gain":0,"player_choice":"Trade","damage_taken":0,"relics_obtained":["GremlinMask"],"max_hp_gain":0,"max_hp_loss":0,"event_name":"FaceTrader","floor":3,"gold_loss":0}],"is_beta":true,"boss_relics":[],"items_purged_floors":[],"is_endless":false,"potions_floor_spawned":[4],"killed_by":"Gremlin Nob","ascension_level":18}}