{"host":"gg","time":1610216958,"event":{"mods":["BaseMod","Colored Map","Googly Eyes","Minty Spire (QoL Compilation)","Permanent Neow","Relic Stats","The IronCluck"],"gold_per_floor":[113,129,145,220,220,248,248,278,278,278,278],"floor_reached":10,"playtime":411,"items_purged":[],"score":152,"play_id":"e056caaf-f153-4a67-9747-451c151e4055","local_time":"20210109102918","is_ascension_mode":true,"campfire_choices":[{"floor":7.0,"key":"REST"}],"circlet_count":0,"master_deck":["AscendersBane","Strike_P","Strike_P","Strike_P","Strike_P","Defend_P","Defend_P","Defend_P","Defend_P","Eruption","Vigilance+1","FollowUp","CarveReality+1","FearNoEvil","EmptyFist"],"relics":["Philosopher\u0027s Stone","TeardropLocket","Darkstone Periapt","Toxic Egg 2"],"acts_visited":["Exordium"],"potions_floor_usage":[],"damage_taken":[{"damage":8.0,"enemies":"Small Slimes","floor":1.0,"turns":4.0},{"damage":5.0,"enemies":"2 Louse","floor":2.0,"turns":3.0},{"damage":0.0,"enemies":"Cultist","floor":3.0,"turns":2.0},{"damage":4.0,"enemies":"Lagavulin","floor":6.0,"turns":5.0},{"damage":18.0,"enemies":"3 Sentries","floor":8.0,"turns":7.0},{"damage":20,"enemies":"Lagavulin","floor":10,"turns":4}],"seed_played":"2264824829946452290","potions_obtained":[{"floor":2.0,"key":"Block Potion"}],"is_trial":false,"path_per_floor":["M","M","M","?","?","E","R","E","T","E"],"character_chosen":"WATCHER","items_purchased":[],"campfire_rested":1,"item_purchase_floors":[],"current_hp_per_floor":[53,48,48,37,17,13,33,15,15,0,0],"gold":278,"neow_bonus":"BOSS_RELIC","is_daily":false,"chose_seed":false,"campfire_upgraded":0,"win_rate":0.0,"timestamp":1610216958,"path_taken":["M","M","M","?","?","E","R","E","T","E"],"items_purchased_type":[],"build_version":"2020-12-18","purchased_purges":0,"victory":false,"max_hp_per_floor":[68,68,68,68,68,68,68,68,68,68,68],"relic_stats":{"Darkstone Periapt":0,"counters":[6,25],"obtain_stats":[{"Darkstone Periapt":8,"Philosopher\u0027s Stone":0,"TeardropLocket":6,"PureWater":0,"Toxic Egg 2":9},{"Darkstone Periapt":5,"Philosopher\u0027s Stone":0,"TeardropLocket":4,"PureWater":0,"Toxic Egg 2":5},{"Darkstone Periapt":21,"Philosopher\u0027s Stone":0,"TeardropLocket":14,"PureWater":0,"Toxic Egg 2":21}]},"card_choices":[{"not_picked":["Protect","SandsOfTime"],"picked":"FollowUp","floor":1.0},{"not_picked":["PathToVictory","Nirvana"],"picked":"CarveReality","floor":2.0},{"not_picked":["EmptyBody","Halt"],"picked":"FearNoEvil","floor":3.0},{"not_picked":["Nirvana","WindmillStrike"],"picked":"EmptyFist","floor":8.0}],"player_experience":1126725,"relics_obtained":[{"floor":6.0,"key":"TeardropLocket"},{"floor":8.0,"key":"Darkstone Periapt"},{"floor":9.0,"key":"Toxic Egg 2"}],"event_choices":[{"damage_healed":0.0,"max_hp_gain":0.0,"max_hp_loss":0.0,"gold_gain":75.0,"event_name":"World of Goop","player_choice":"Gather Gold","floor":4.0,"gold_loss":0.0,"damage_taken":11.0},{"damage_healed":0.0,"max_hp_gain":0.0,"max_hp_loss":0.0,"gold_gain":0.0,"event_name":"Shining Light","player_choice":"Entered Light","floor":5.0,"gold_loss":0.0,"damage_taken":20.0,"cards_upgraded":["Vigilance","CarveReality"]}],"is_beta":true,"boss_relics":[],"items_purged_floors":[],"is_endless":false,"potions_floor_spawned":[2],"killed_by":"Lagavulin","ascension_level":20}}