{"host":"c97twqu0op5dg8i4","time":1610226265,"event":{"mods":["BaseMod","Minty Spire (QoL Compilation)","Permanent Neow"],"gold_per_floor":[114,124,124,124,142,142,174,174,174,174,174,184,204,224,224,329,379,367,367,379,379,379,379,379],"floor_reached":23,"playtime":745,"items_purged":[],"score":254,"play_id":"3b61ad30-f291-4cc3-81a6-b48079830a3d","local_time":"20210109160425","is_ascension_mode":true,"campfire_choices":[{"data":"Poisoned Stab","floor":6,"key":"SMITH"},{"data":"Bouncing Flask","floor":8,"key":"SMITH"},{"data":"Die Die Die","floor":10,"key":"SMITH"},{"floor":15,"key":"REST"}],"circlet_count":0,"master_deck":["Defend_G","Defend_G","Defend_G","Defend_G","Defend_G","Survivor","Neutralize","Die Die Die+1","Sucker Punch+1","Dodge and Roll","Poisoned Stab+1","Bouncing Flask+1","Backflip+1","Noxious Fumes","Envenom","Deadly Poison","PiercingWail","Deadly Poison","Deadly Poison","Bite","Bite","Bite","Bite","Bite"],"relics":["Ring of the Snake","StoneCalendar","Thread and Needle","Tiny House","Potion Belt"],"acts_visited":["Exordium","TheCity"],"potions_floor_usage":[16,18],"damage_taken":[{"damage":0,"enemies":"2 Louse","floor":1,"turns":1},{"damage":0,"enemies":"Small Slimes","floor":2,"turns":2},{"damage":0,"enemies":"Cultist","floor":5,"turns":3},{"damage":36,"enemies":"3 Sentries","floor":7,"turns":7},{"damage":0,"enemies":"Large Slime","floor":12,"turns":4},{"damage":0,"enemies":"Blue Slaver","floor":13,"turns":3},{"damage":0,"enemies":"Looter","floor":14,"turns":3},{"damage":1,"enemies":"Hexaghost","floor":16,"turns":7},{"damage":0,"enemies":"2 Thieves","floor":18,"turns":4},{"damage":23,"enemies":"3 Byrds","floor":20,"turns":4},{"damage":73,"enemies":"Book of Stabbing","floor":23,"turns":6}],"seed_played":"1219813220057973019","potions_obtained":[{"floor":2,"key":"Ancient Potion"},{"floor":7,"key":"GhostInAJar"},{"floor":12,"key":"EssenceOfSteel"},{"floor":17,"key":"CultistPotion"}],"is_trial":false,"path_per_floor":["M","M","?","?","M","R","E","R","T","R","?","M","M","M","R","B",null,"M","?","M","?","T","E"],"character_chosen":"THE_SILENT","items_purchased":[],"campfire_rested":1,"item_purchase_floors":[],"current_hp_per_floor":[70,70,70,56,56,56,20,20,20,20,13,13,13,13,34,33,75,75,75,52,52,52,0,0],"gold":379,"neow_bonus":"ONE_RANDOM_RARE_CARD","is_daily":false,"chose_seed":false,"campfire_upgraded":3,"win_rate":0.0,"timestamp":1610226265,"path_taken":["M","M","?","?","M","R","E","R","T","R","?","?","M","M","R","BOSS","M","?","M","?","?","E"],"items_purchased_type":[],"build_version":"2020-12-22","purchased_purges":0,"victory":false,"max_hp_per_floor":[70,70,70,70,70,70,70,70,70,70,70,70,70,70,70,70,75,75,75,75,52,52,52,52],"card_choices":[{"not_picked":["Cloak And Dagger","Prepared"],"picked":"Sucker Punch","floor":1},{"not_picked":["Escape Plan","PiercingWail"],"picked":"Dodge and Roll","floor":2},{"not_picked":["Dodge and Roll","Slice"],"picked":"Poisoned Stab","floor":5},{"not_picked":["Well Laid Plans","Expertise"],"picked":"Bouncing Flask","floor":7},{"not_picked":["Cloak And Dagger","Acrobatics"],"picked":"Backflip","floor":12},{"not_picked":["Dodge and Roll","Flying Knee","Caltrops"],"picked":"SKIP","floor":13},{"not_picked":["Venomology","Prepared"],"picked":"Noxious Fumes","floor":14},{"not_picked":["Phantasmal Killer","Tools of the Trade"],"picked":"Envenom","floor":16},{"not_picked":["Eviscerate","Dash"],"picked":"Deadly Poison","floor":17},{"not_picked":["Reflex","Outmaneuver"],"picked":"PiercingWail","floor":18},{"not_picked":["Poisoned Stab","Bane"],"picked":"Deadly Poison","floor":20}],"player_experience":272864,"relics_obtained":[{"floor":7,"key":"StoneCalendar"},{"floor":9,"key":"Thread and Needle"},{"floor":22,"key":"Potion Belt"}],"event_choices":[{"damage_healed":0,"gold_gain":0,"player_choice":"Grow","damage_taken":0,"max_hp_gain":0,"max_hp_loss":0,"event_name":"Living Wall","floor":3,"gold_loss":0,"cards_upgraded":["Sucker Punch"]},{"damage_healed":0,"gold_gain":0,"player_choice":"Entered Light","damage_taken":14,"max_hp_gain":0,"max_hp_loss":0,"event_name":"Shining Light","floor":4,"gold_loss":0,"cards_upgraded":["Strike_G","Strike_G"]},{"damage_healed":0,"gold_gain":0,"player_choice":"Damaged","damage_taken":7,"max_hp_gain":0,"max_hp_loss":0,"event_name":"Wheel of Change","floor":11,"gold_loss":0},{"damage_healed":0,"gold_gain":0,"player_choice":"Read","damage_taken":0,"max_hp_gain":0,"max_hp_loss":0,"event_name":"The Library","floor":19,"gold_loss":0,"cards_obtained":["Deadly Poison"]},{"damage_healed":0,"gold_gain":0,"player_choice":"Became a vampire","damage_taken":0,"max_hp_gain":0,"max_hp_loss":23,"event_name":"Vampires","floor":21,"gold_loss":0,"cards_obtained":["Bite","Bite","Bite","Bite","Bite"]}],"is_beta":false,"boss_relics":[{"not_picked":["Coffee Dripper","Philosopher\u0027s Stone"],"picked":"Tiny House"}],"items_purged_floors":[],"is_endless":false,"potions_floor_spawned":[2,7,12],"killed_by":"Book of Stabbing","ascension_level":4}}