{"host":"kw4o7b3ro2ktmmbe","time":1610236746,"event":{"mods":["BaseMod","Evolution","Minty Spire (QoL Compilation)","StSLib","The Death Knight"],"gold_per_floor":[111,111,137,137,137,464,464,479,479,479,479],"floor_reached":10,"playtime":474,"items_purged":[],"score":86,"play_id":"5d113a02-be66-434a-be1b-2ccdd417158d","local_time":"20210110125906","is_ascension_mode":true,"campfire_choices":[{"data":"DeathKnight:FoulBulwark","floor":7,"key":"SMITH"}],"circlet_count":0,"master_deck":["DeathKnight:Strike_DeathKnight","DeathKnight:Strike_DeathKnight","DeathKnight:Strike_DeathKnight","DeathKnight:Strike_DeathKnight","DeathKnight:Strike_DeathKnight","DeathKnight:Defend_DeathKnight","DeathKnight:Defend_DeathKnight","DeathKnight:Defend_DeathKnight","DeathKnight:Defend_DeathKnight","DeathKnight:Defend_DeathKnight","DeathKnight:RuneTap","DeathKnight:RuneStrike+1","DeathKnight:FoulBulwark+1"],"relics":["DeathKnight:BrokenRuneblade","EVO:Axolotl","DeathKnight:PutricidesVial","Old Coin","Calipers"],"acts_visited":["Exordium"],"potions_floor_usage":[6],"damage_taken":[{"damage":18.0,"enemies":"Jaw Worm","floor":1.0,"turns":5.0},{"damage":30,"enemies":"3 Sentries","floor":6,"turns":8},{"damage":0,"enemies":"Small Slimes","floor":8,"turns":3},{"damage":32,"enemies":"Gremlin Nob","floor":10,"turns":3}],"seed_played":"5213383755152902715","potions_obtained":[{"floor":1.0,"key":"Weak Potion"}],"is_trial":false,"path_per_floor":["M","?","T","$","$","E","R","M","T","E"],"character_chosen":"DEATH_KNIGHT","items_purchased":[],"campfire_rested":0,"item_purchase_floors":[],"current_hp_per_floor":[57,57,57,57,57,27,27,27,27,0,0],"gold":479,"neow_bonus":"TEN_PERCENT_HP_BONUS","is_daily":false,"chose_seed":false,"campfire_upgraded":1,"win_rate":0.0,"timestamp":1610236746,"path_taken":["M","?","?","?","$","E","R","M","T","E"],"items_purchased_type":[],"build_version":"2020-12-22","purchased_purges":0,"victory":false,"max_hp_per_floor":[82,82,82,82,82,82,82,82,82,82,82],"card_choices":[{"not_picked":["DeathKnight:FrostStrike","DeathKnight:BloodTap","DeathKnight:DreadStrike"],"picked":"SKIP","floor":1.0},{"not_picked":["DeathKnight:Ossuary","DeathKnight:Hysteria"],"picked":"DeathKnight:FoulBulwark","floor":6},{"not_picked":["DeathKnight:BloodStrike","DeathKnight:Runeguard","DeathKnight:DeathCoil"],"picked":"SKIP","floor":8}],"player_experience":1908658,"relics_obtained":[{"floor":3,"key":"DeathKnight:PutricidesVial"},{"floor":6,"key":"Old Coin"},{"floor":9,"key":"Calipers"}],"event_choices":[{"damage_healed":0,"gold_gain":0,"player_choice":"Grow","damage_taken":0,"max_hp_gain":0,"max_hp_loss":0,"event_name":"Living Wall","floor":2,"gold_loss":0,"cards_upgraded":["DeathKnight:RuneStrike"]}],"is_beta":false,"boss_relics":[],"items_purged_floors":[],"is_endless":false,"potions_floor_spawned":[1],"killed_by":"Gremlin Nob","ascension_level":7}}