{"host":"qwp6882a7gaon7u5","time":1610201670,"event":{"mods":["ATMod(°¢èªMod)","BaseMod","BetterRewards","Minty Spire (QoL Compilation)","Red Circlet Mod","Replay The Spire","RumiaBox-Â¶Ã×æ«µÄÉñÃØºÐ×Ó","Spicy Shops","StSLib","The Hayseed","¡¾¹¦ÄÜMod¡¿»ìãçÖ®»·ÐÞ¸´²¹¶¡","¡¾ÒÅÎï¿¨ÅÆ¡¿REMEMod"],"gold_per_floor":[109,109,122,122,132,132,145,177,177,177,177,27,44,69,69,165,165,182,232,251,251,191,218,218,229,256,272,291,310,328,353,353,457,457,468,562,616,616,629,657,657,657,703,703,753,753,23,23,23,23,23,23,88,115,115,115],"floor_reached":55,"playtime":6350,"items_purged":["TheSimpletonMod:Strike_TheSimpleton","TheSimpletonMod:Defend_TheSimpleton"],"score":943,"play_id":"98310937-e824-4116-b2b0-393d542eedfe","local_time":"20210109221430","is_ascension_mode":false,"campfire_choices":[{"data":"TheSimpletonMod:Haymaker","floor":6,"key":"SMITH"},{"floor":10,"key":"RECALL"},{"floor":15,"key":"REST"},{"data":"TheSimpletonMod:Innovate","floor":24,"key":"SMITH"},{"data":"TheSimpletonMod:ReapAndSow","floor":41,"key":"SMITH"},{"data":"TheSimpletonMod:CropRotation","floor":44,"key":"SMITH"},{"data":"TheSimpletonMod:Defend_TheSimpleton","floor":46,"key":"PURGE"},{"floor":49,"key":"REST"},{"data":"Panache","floor":52,"key":"SMITH"}],"circlet_count":0,"master_deck":["TheSimpletonMod:Haymaker+1","TheSimpletonMod:ReapAndSow+1","AT_CaressingTears+1","DevaForm+1","TheSimpletonMod:Potatoes","TheSimpletonMod:Sunseed","TheSimpletonMod:Pruning","TheSimpletonMod:CropRotation+1","TheSimpletonMod:Innovate+1","TheSimpletonMod:Rototilling+1","TheSimpletonMod:BuzzBomb","TheSimpletonMod:Ferment+1","TheSimpletonMod:Aerate+1","TheSimpletonMod:Turnips+1","TheSimpletonMod:Asparagus","TheSimpletonMod:Strawberries+1","TheSimpletonMod:Coffee+1","TheSimpletonMod:Mushrooms+1","TheSimpletonMod:Squash","TheSimpletonMod:Chilis+1","TheSimpletonMod:Spinach+1","TheSimpletonMod:SpiceUp+1","TheSimpletonMod:SpiceUp+1","TheSimpletonMod:Surplus+1","TheSimpletonMod:Swelter+1","TheSimpletonMod:ResearchGrant+1","TheSimpletonMod:OnionBloom+1","TheSimpletonMod:Asparagus","TheSimpletonMod:SpiceUp+1","Panache+1","ReplayTheSpireMod:IOU","TheSimpletonMod:VineRipen+1","TheSimpletonMod:RootDown+1"],"relics":["TheSimpletonMod:SpudOfTheInnocent","TheSimpletonMod:NightSoil","TheSimpletonMod:TheHarvester","REME_ComplimentaryCards","AT_ATBox","ReplayFunnel","Replay:Mystery Machine","TheSimpletonMod:HornOfPlenty","Orichalcum","Toxic Egg 2","Anchor","Divine Protection","REME_DuelDisc","AT_GuinsooRageblade","AT_RedTearstoneRing","AT_SunfireAegis","AT_Kusabimaru","Replay:PocketPolymizer","ReplayTheSpireMod:Lightbulb","Peace Pipe","ClockworkSouvenir","Sling","Bronze Scales","ReplayTheSpireMod:CursedCoin","AT_ChloranthyRing"],"acts_visited":["Exordium","TheCity","TheBeyond","TheEnding"],"potions_floor_usage":[8,16,37,54],"damage_taken":[{"damage":7,"enemies":"2 Louse","floor":1,"turns":2},{"damage":0,"enemies":"Cultist","floor":3,"turns":4},{"damage":0,"enemies":"Jaw Worm","floor":5,"turns":1},{"damage":0,"enemies":"2 Fungi Beasts","floor":7,"turns":2},{"damage":13,"enemies":"3 Sentries","floor":8,"turns":3},{"damage":2,"enemies":"Blue Slaver","floor":13,"turns":3},{"damage":8,"enemies":"Gremlin Nob","floor":14,"turns":3},{"damage":0,"enemies":"Fading Forest","floor":16,"turns":11},{"damage":6,"enemies":"2 Thieves","floor":18,"turns":3},{"damage":0,"enemies":"Spheric Guardian","floor":20,"turns":2},{"damage":0,"enemies":"REME_1_Revenger","floor":23,"turns":2},{"damage":0,"enemies":"Snecko","floor":25,"turns":2},{"damage":7,"enemies":"Snake Plant","floor":27,"turns":4},{"damage":0,"enemies":"Shelled Parasite and Fungi","floor":28,"turns":1},{"damage":6,"enemies":"3 Cultists","floor":29,"turns":5},{"damage":2,"enemies":"Snecko","floor":30,"turns":3},{"damage":14,"enemies":"Book of Stabbing","floor":31,"turns":4},{"damage":41,"enemies":"Collector","floor":33,"turns":8},{"damage":9,"enemies":"3 Shapes","floor":35,"turns":5},{"damage":21,"enemies":"2 Orb Walkers","floor":37,"turns":3},{"damage":3,"enemies":"3 Darklings","floor":39,"turns":4},{"damage":17,"enemies":"R_Hoarder","floor":40,"turns":4},{"damage":14,"enemies":"Mind Bloom Boss Battle","floor":45,"turns":6},{"damage":0,"enemies":"Donu and Deca","floor":50,"turns":3},{"damage":23,"enemies":"Shield and Spear","floor":54,"turns":4},{"damage":65,"enemies":"The Heart","floor":55,"turns":3}],"seed_played":"-3274089145074858947","potions_obtained":[{"floor":1,"key":"Venom Potion"},{"floor":7,"key":"TheSimpletonMod:AbundancePotion"},{"floor":14,"key":"Dexterity Potion"},{"floor":16,"key":"Dexterity Potion"},{"floor":20,"key":"BlessingOfTheForge"},{"floor":31,"key":"TheSimpletonMod:KindlingPotion"},{"floor":37,"key":"Explosive Potion"}],"is_trial":false,"path_per_floor":["M","?","M","?","M","R","M","E","T","R","?","$","M","E","R","B",null,"M","?","M","?","?","E","R","M","T","M","M","M","M","E","R","B",null,"M","?","?","?","M","E","R","?","T","R","?","R","$","$","R","B",null,"R","$","E","B"],"character_chosen":"THE_SIMPLETON","items_purchased":["ReplayFunnel","Replay:Mystery Machine","TheSimpletonMod:Potatoes","TheSimpletonMod:Sunseed","TheSimpletonMod:HornOfPlenty","Block Potion","Anchor","ClockworkSouvenir","Sling","Panache","Bronze Scales","ReplayTheSpireMod:CursedCoin","TheSimpletonMod:VineRipen+1"],"campfire_rested":2,"item_purchase_floors":[0,0,0,0,0,0,12,47,47,47,47,53,53],"current_hp_per_floor":[33,33,37,37,37,37,43,42,42,42,42,42,40,38,60,73,75,71,71,75,60,60,60,60,60,60,59,59,54,52,44,60,25,60,53,38,17,52,49,38,38,38,38,38,30,30,30,30,45,45,52,52,52,29,0,0],"gold":115,"neow_bonus":"","is_daily":false,"chose_seed":false,"campfire_upgraded":5,"win_rate":0.0,"timestamp":1610201670,"path_taken":["M","?","?","?","M","R","M","E","T","R","?","?","M","E","R","BOSS","M","?","?","?","?","E","R","M","T","?","M","M","M","E","R","BOSS","M","?","?","?","?","E","R","?","T","R","?","R","?","$","R","BOSS","R","$","E","BOSS"],"items_purchased_type":["Relic","Relic","Card","Card","Relic","Potion","Relic","Relic","Relic","Card","Relic","Relic","Card"],"build_version":"2020-12-22","purchased_purges":2,"victory":false,"max_hp_per_floor":[75,75,75,75,75,75,75,75,75,75,75,75,75,75,75,75,75,75,75,75,60,60,60,60,60,60,60,60,60,60,60,60,60,60,60,60,60,52,52,52,52,52,52,52,52,52,52,52,52,52,52,52,52,52,52,52],"card_choices":[{"not_picked":["TheSimpletonMod:Rake","TheSimpletonMod:PestManagement"],"picked":"TheSimpletonMod:Pruning","floor":1},{"not_picked":["TheSimpletonMod:Aerate","TheSimpletonMod:ToughenUp"],"picked":"TheSimpletonMod:CropRotation","floor":3},{"not_picked":["TheSimpletonMod:OnionBloom","TheSimpletonMod:Sunchoke","TheSimpletonMod:SeedCoat"],"picked":"SKIP","floor":5},{"not_picked":["TheSimpletonMod:Rototilling","TheSimpletonMod:Aerate","TheSimpletonMod:Fertilaser"],"picked":"SKIP","floor":7},{"not_picked":["TheSimpletonMod:SpiceUp","TheSimpletonMod:Rake"],"picked":"TheSimpletonMod:Innovate","floor":8},{"not_picked":["TheSimpletonMod:CropRotation+1","TheSimpletonMod:Thresh","TheSimpletonMod:Corn"],"picked":"SKIP","floor":13},{"not_picked":["TheSimpletonMod:PestManagement","TheSimpletonMod:ErosionControl+1"],"picked":"TheSimpletonMod:Rototilling+1","floor":14},{"not_picked":["TheSimpletonMod:TakeHeart+1","TheSimpletonMod:BirdFeeder"],"picked":"TheSimpletonMod:BuzzBomb","floor":16},{"not_picked":["TheSimpletonMod:GoToMarket+1","TheSimpletonMod:SlashAndBurn"],"picked":"TheSimpletonMod:Ferment+1","floor":18},{"not_picked":["TheSimpletonMod:SeedCoat+1","TheSimpletonMod:VineRipen+1"],"picked":"TheSimpletonMod:Aerate+1","floor":20},{"not_picked":["TheSimpletonMod:TakeHeart+1","TheSimpletonMod:KeenEdge","TheSimpletonMod:Germinate+1"],"picked":"SKIP","floor":23},{"not_picked":["TheSimpletonMod:Sunchoke","TheSimpletonMod:Mulch+1","TheSimpletonMod:Aerate+1"],"picked":"SKIP","floor":25},{"not_picked":["TheSimpletonMod:Rototilling+1","TheSimpletonMod:KeenEdge"],"picked":"TheSimpletonMod:SpiceUp+1","floor":27},{"not_picked":["TheSimpletonMod:SeedCoat+1","TheSimpletonMod:Sunchoke+1","TheSimpletonMod:BumperCrop+1"],"picked":"SKIP","floor":28},{"not_picked":["TheSimpletonMod:ToughenUp+1","TheSimpletonMod:BirdFeeder"],"picked":"TheSimpletonMod:SpiceUp+1","floor":29},{"not_picked":["TheSimpletonMod:DoubleBarrel","TheSimpletonMod:SaladShooter","TheSimpletonMod:Potatoes"],"picked":"SKIP","floor":30},{"not_picked":["TheSimpletonMod:Mulch+1","TheSimpletonMod:Potatoes","TheSimpletonMod:Fertilaser"],"picked":"SKIP","floor":31},{"not_picked":["TheSimpletonMod:Asparagus","TheSimpletonMod:ResistantStrain"],"picked":"TheSimpletonMod:Surplus+1","floor":33},{"not_picked":["TheSimpletonMod:DoubleBarrel+1","TheSimpletonMod:Potatoes","TheSimpletonMod:Sunchoke+1"],"picked":"SKIP","floor":35},{"not_picked":["TheSimpletonMod:Sunseed","TheSimpletonMod:Fertilaser"],"picked":"TheSimpletonMod:Swelter+1","floor":36},{"not_picked":["TheSimpletonMod:SeedCoat+1","TheSimpletonMod:ToughenUp+1"],"picked":"TheSimpletonMod:ResearchGrant+1","floor":36},{"not_picked":["TheSimpletonMod:Sunseed","TheSimpletonMod:StockTheCellar+1"],"picked":"TheSimpletonMod:OnionBloom+1","floor":39},{"not_picked":["TheSimpletonMod:Germinate+1","TheSimpletonMod:DoubleBarrel","TheSimpletonMod:PestManagement+1"],"picked":"SKIP","floor":40},{"not_picked":["TheSimpletonMod:SeedCoat+1","TheSimpletonMod:DigIn+1"],"picked":"TheSimpletonMod:RootDown+1","floor":54}],"player_experience":169229,"relics_obtained":[{"floor":8,"key":"Orichalcum"},{"floor":14,"key":"Divine Protection"},{"floor":23,"key":"AT_GuinsooRageblade"},{"floor":26,"key":"AT_RedTearstoneRing"},{"floor":31,"key":"AT_SunfireAegis"},{"floor":37,"key":"AT_Kusabimaru"},{"floor":40,"key":"Replay:PocketPolymizer"},{"floor":43,"key":"ReplayTheSpireMod:Lightbulb"},{"floor":45,"key":"Peace Pipe"},{"floor":54,"key":"AT_ChloranthyRing"}],"event_choices":[{"damage_healed":0,"gold_gain":0,"player_choice":"Upgraded","damage_taken":0,"max_hp_gain":0,"max_hp_loss":0,"event_name":"Upgrade Shrine","floor":2,"gold_loss":0,"cards_upgraded":["DevaForm"]},{"damage_healed":0,"gold_gain":100,"player_choice":"Bet on Murderer","damage_taken":0,"max_hp_gain":0,"max_hp_loss":0,"event_name":"The Joust","floor":19,"gold_loss":50},{"damage_healed":0,"gold_gain":0,"player_choice":"Fight","damage_taken":0,"max_hp_gain":0,"max_hp_loss":0,"event_name":"Mysterious Sphere","floor":37,"gold_loss":0},{"damage_healed":52,"gold_gain":0,"player_choice":"Heal","damage_taken":0,"max_hp_gain":0,"max_hp_loss":8,"event_name":"The Moai Head","floor":38,"gold_loss":0},{"damage_healed":0,"gold_gain":0,"player_choice":"Ignored","damage_taken":0,"max_hp_gain":0,"max_hp_loss":0,"event_name":"Tomb of Lord Red Mask","floor":42,"gold_loss":0},{"damage_healed":0,"gold_gain":0,"player_choice":"Fight","damage_taken":0,"max_hp_gain":0,"max_hp_loss":0,"event_name":"MindBloom","floor":45,"gold_loss":0}],"is_beta":false,"boss_relics":[{"not_picked":["Abe\u0027s Treasure","Snecko Eye"],"picked":"REME_DuelDisc"},{"not_picked":["Kintsugi","Pandora\u0027s Box","ReplayTheSpireMod:DimensionalGlitch"]}],"items_purged_floors":[0,47],"is_endless":false,"potions_floor_spawned":[1,7,14,16,20,25,29,31,33,35,37],"killed_by":"The Heart","ascension_level":0}}