{"host":"y89x8uui45kcjy42","time":1610165475,"event":{"mods":["2.2 Compatiblity","BaseMod","CapriCore","Colored Map","Colored Powertips","Custom Start","Friendly Minions","Keyboard Shortcuts","Minty Spire (QoL Compilation)","Relic Stats","Slay the Relics Exporter","StSLib","SuperFastMode","Uncapped"],"gold_per_floor":[113,124,49,65,65,92,104,128,164,176,188,217,229,254,266,356,368,400,462,474,511,523,523],"floor_reached":22,"playtime":382,"items_purged":["Strike_B"],"score":368,"play_id":"095b0cc1-5bc8-4ae5-91fe-78b2bfb52e23","local_time":"20210109131115","is_ascension_mode":true,"campfire_choices":[{"data":"Reprogram","floor":7,"key":"SMITH"},{"floor":10,"key":"REST"},{"floor":15,"key":"REST"}],"circlet_count":0,"master_deck":["AscendersBane","Strike_B","Strike_B","Strike_B","Defend_B","Defend_B","Defend_B","Defend_B","Reprogram+1","Reprogram+1","Gash","Streamline","FTL","Conserve Battery","Hologram","Reboot"],"relics":["Cracked Core","NeowsBlessing","MawBank","Strawberry","Tiny Chest","Velvet Choker","Oddly Smooth Stone"],"acts_visited":["Exordium","TheCity"],"potions_floor_usage":[12,16,18,22],"damage_taken":[{"damage":0,"enemies":"Cultist","floor":1,"turns":1},{"damage":0,"enemies":"2 Louse","floor":2,"turns":1},{"damage":0,"enemies":"Jaw Worm","floor":4,"turns":1},{"damage":32,"enemies":"Gremlin Nob","floor":6,"turns":4},{"damage":22,"enemies":"Exordium Wildlife","floor":8,"turns":5},{"damage":23,"enemies":"Exordium Thugs","floor":12,"turns":4},{"damage":16,"enemies":"Lots of Slimes","floor":14,"turns":5},{"damage":15,"enemies":"Hexaghost","floor":16,"turns":9},{"damage":12,"enemies":"Spheric Guardian","floor":18,"turns":6},{"damage":63,"enemies":"Chosen","floor":22,"turns":7}],"seed_played":"5283974560164275348","potions_obtained":[{"floor":1,"key":"SpeedPotion"},{"floor":8,"key":"Energy Potion"},{"floor":16,"key":"SkillPotion"},{"floor":18,"key":"CultistPotion"}],"is_trial":false,"path_per_floor":["M","M","$","M","$","E","R","M","T","R","?","M","?","M","R","B",null,"M","?","?","T","M"],"character_chosen":"DEFECT","items_purchased":[],"campfire_rested":2,"item_purchase_floors":[],"current_hp_per_floor":[64,64,64,64,64,32,32,10,17,40,40,17,17,1,24,9,61,49,49,49,49,0,0],"gold":523,"neow_bonus":"THREE_ENEMY_KILL","is_daily":false,"chose_seed":false,"campfire_upgraded":1,"win_rate":0.0,"timestamp":1610165475,"path_taken":["M","?","$","M","$","E","R","M","T","R","?","M","?","M","R","BOSS","M","?","?","?","M"],"items_purchased_type":[],"build_version":"2020-12-22","purchased_purges":1,"victory":false,"max_hp_per_floor":[71,71,71,71,71,71,71,71,78,78,78,78,78,78,78,78,78,78,78,78,78,78,78],"relic_stats":{"counters":[10,43],"Tiny Chest":1,"MawBank":192,"obtain_stats":[{"NeowsBlessing":0,"Strawberry":9,"Velvet Choker":17,"Oddly Smooth Stone":21,"Tiny Chest":11,"Cracked Core":0,"MawBank":6},{"NeowsBlessing":0,"Strawberry":5,"Velvet Choker":8,"Oddly Smooth Stone":9,"Tiny Chest":5,"Cracked Core":0,"MawBank":4},{"NeowsBlessing":0,"Strawberry":12,"Velvet Choker":30,"Oddly Smooth Stone":36,"Tiny Chest":12,"Cracked Core":0,"MawBank":7}]},"card_choices":[{"not_picked":["Chill","Turbo"],"picked":"Gash","floor":1},{"not_picked":["Barrage","Ball Lightning"],"picked":"Streamline","floor":2},{"not_picked":["Blizzard","Redo","Doom and Gloom"],"picked":"SKIP","floor":4},{"not_picked":["Barrage","Echo Form"],"picked":"FTL","floor":6},{"not_picked":["Reprogram","Streamline"],"picked":"Conserve Battery","floor":8},{"not_picked":["Consume","Go for the Eyes"],"picked":"Hologram","floor":12},{"not_picked":["Hologram","Conserve Battery","FTL"],"picked":"SKIP","floor":14},{"not_picked":["Biased Cognition","Thunder Strike"],"picked":"Reboot","floor":16},{"not_picked":["Conserve Battery","Ball Lightning","Coolheaded"],"picked":"SKIP","floor":18}],"player_experience":583931,"relics_obtained":[{"floor":6,"key":"MawBank"},{"floor":9,"key":"Strawberry"},{"floor":21,"key":"Oddly Smooth Stone"}],"event_choices":[{"damage_healed":0,"gold_gain":0,"player_choice":"Searched \u00271\u0027 times","damage_taken":0,"relics_obtained":["Tiny Chest"],"max_hp_gain":0,"max_hp_loss":0,"event_name":"Dead Adventurer","floor":11,"gold_loss":0},{"damage_healed":0,"gold_gain":0,"player_choice":"Grow","damage_taken":0,"max_hp_gain":0,"max_hp_loss":0,"event_name":"Living Wall","floor":13,"gold_loss":0,"cards_upgraded":["Reprogram"]},{"damage_healed":0,"gold_gain":50,"player_choice":"Stole From Cult","damage_taken":0,"max_hp_gain":0,"max_hp_loss":0,"event_name":"Nest","floor":19,"gold_loss":0},{"damage_healed":0,"gold_gain":0,"player_choice":"0 cards matched","damage_taken":0,"max_hp_gain":0,"max_hp_loss":0,"event_name":"Match and Keep!","floor":20,"gold_loss":0,"cards_obtained":[]}],"is_beta":false,"boss_relics":[{"not_picked":["Runic Dome","Snecko Eye"],"picked":"Velvet Choker"}],"items_purged_floors":[3],"is_endless":false,"potions_floor_spawned":[1,8,16,18],"killed_by":"Chosen","ascension_level":20}}