{"host":"f49a0fglrdtttfz6","time":1610154130,"event":{"mods":["BaseMod","Downfall","Lobotomy","Minty Spire (QoL Compilation)","StSLib"],"gold_per_floor":[114,62,62,137,63,88,9,9,88,115,134,99,112,130,130,130,130],"floor_reached":16,"playtime":850,"items_purged":[],"score":98,"play_id":"f9d55cc3-94d2-4d74-bd94-e4d57e60b464","local_time":"20210108190210","is_ascension_mode":false,"campfire_choices":[{"floor":8,"key":"REST"},{"data":"Infinite Blades","floor":15,"key":"SMITH"}],"circlet_count":0,"master_deck":["Strike_G","Strike_G","Strike_G+1","Strike_G","Strike_G","Defend_G","Defend_G","Defend_G+1","Defend_G","Defend_G","Survivor","Neutralize","OSAHOGD","Footwork","Poisoned Stab","Caltrops","Bloodbath","Infinite Blades+1","Riddle With Holes","HappyTeddy","Slice+1","Murderer","Dagger Spray+1","SpiderBud","Deadly Poison"],"relics":["Ring of the Snake","CogitoBucket","MealTicket","Molten Egg 2","Boot"],"acts_visited":["Exordium"],"potions_floor_usage":[16],"damage_taken":[{"damage":7,"enemies":"2 Louse","floor":1,"turns":3},{"damage":23,"enemies":"3 Sentries","floor":6,"turns":11},{"damage":12,"enemies":"Small Slimes","floor":11,"turns":4},{"damage":3,"enemies":"Jaw Worm","floor":13,"turns":3},{"damage":0,"enemies":"Blue Slaver","floor":14,"turns":2},{"damage":59,"enemies":"The Guardian","floor":16,"turns":5}],"seed_played":"-3037419485269461182","potions_obtained":[{"floor":1,"key":"BlessingOfTheForge"},{"floor":11,"key":"DistilledChaos"},{"floor":13,"key":"AttackPotion"}],"is_trial":false,"path_per_floor":["M","$","?","?","$","E","$","R","T","T","M","?","M","M","R","B"],"character_chosen":"THE_SILENT","items_purchased":["Poisoned Stab","Caltrops","Riddle With Holes"],"campfire_rested":1,"item_purchase_floors":[2,5,7],"current_hp_per_floor":[63,63,49,38,38,15,30,51,51,51,39,56,53,53,53,0,0],"gold":130,"neow_bonus":"","is_daily":false,"chose_seed":false,"campfire_upgraded":1,"win_rate":0.0,"timestamp":1610154130,"path_taken":["M","$","?","?","?","E","$","R","T","?","M","?","M","M","R","BOSS"],"items_purchased_type":["Card","Card","Card"],"build_version":"2020-12-22","purchased_purges":0,"victory":false,"max_hp_per_floor":[70,70,70,70,70,70,70,70,70,70,70,70,70,70,70,70,70],"card_choices":[{"not_picked":["BlackSwan","OldLady"],"picked":"OSAHOGD","floor":1},{"not_picked":["Calculated Gamble","PiercingWail"],"picked":"Footwork","floor":1},{"not_picked":["WhitesApple","WallGazer"],"picked":"Bloodbath","floor":6},{"not_picked":["Bane","Footwork"],"picked":"Infinite Blades","floor":6},{"not_picked":["CrumblingArmor","HeroicMonk"],"picked":"HappyTeddy","floor":11},{"not_picked":["Cloak And Dagger","Well Laid Plans"],"picked":"Slice+1","floor":11},{"not_picked":["UniverseFragment","Wellcheers"],"picked":"Murderer","floor":13},{"not_picked":["Slice+1","Die Die Die+1"],"picked":"Dagger Spray+1","floor":13},{"not_picked":["CherryBlossoms","LittlePrince"],"picked":"SpiderBud","floor":14},{"not_picked":["Crippling Poison","Deflect"],"picked":"Deadly Poison","floor":14}],"player_experience":59877,"relics_obtained":[{"floor":6,"key":"MealTicket"},{"floor":9,"key":"Molten Egg 2"},{"floor":10,"key":"Boot"}],"event_choices":[{"damage_healed":0,"gold_gain":0,"player_choice":"Entered Light","damage_taken":14,"max_hp_gain":0,"max_hp_loss":0,"event_name":"Shining Light","floor":3,"gold_loss":0,"cards_upgraded":["Defend_G","Strike_G"]},{"damage_healed":0,"gold_gain":75,"player_choice":"Gather Gold","damage_taken":11,"max_hp_gain":0,"max_hp_loss":0,"event_name":"World of Goop","floor":4,"gold_loss":0},{"damage_healed":17,"gold_gain":0,"player_choice":"Healed","damage_taken":0,"max_hp_gain":0,"max_hp_loss":0,"event_name":"The Cleric","floor":12,"gold_loss":35}],"is_beta":false,"boss_relics":[],"items_purged_floors":[],"is_endless":false,"potions_floor_spawned":[1,11,13],"killed_by":"The Guardian","ascension_level":0}}