{"host":"mmyob72dycyg5z21","time":1610196100,"event":{"mods":["Act Like it!","Alarm Clock","BaseMod","Bestiary","Better Note","Better Third Choice","Better Vampires","Colored Powertips","Gold Saver","Gremlin Skip","Luminous","Marked Mod","Minty Spire (QoL Compilation)","Poor People Problems","Rare Cards Sparkle","Spicy Shops","StSLib","SuperFastMode","The Hierophant","Yuyuko","[功能]功能增强和修复MOD","【功能Mod】精心准备","【遗物卡牌】REMEMod","篝火指南"],"gold_per_floor":[339,54,269,219,239,270,487,487,487],"floor_reached":8,"playtime":464,"items_purged":["Shame"],"score":73,"play_id":"d2418d9f-f3f1-483a-85e0-e1716a670668","local_time":"20210109204140","is_ascension_mode":true,"campfire_choices":[],"circlet_count":0,"master_deck":["Eruption","Vigilance","Brilliance","LessonLearned","Wish+1","Adaptation","Worship","Blasphemy","FlurryOfBlows+1","WreathOfFlame","Violence+1","Evaluate+1","BattleHymn","FlurryOfBlows","Decay"],"relics":["Pandora\u0027s Box","REME_DemonsWealth","Yang","Regal Pillow"],"acts_visited":["Exordium"],"potions_floor_usage":[8],"damage_taken":[{"damage":22.0,"enemies":"Cultist","floor":1.0,"turns":5.0},{"damage":0.0,"enemies":"Small Slimes","floor":3.0,"turns":3.0},{"damage":4.0,"enemies":"Jaw Worm","floor":5.0,"turns":3.0},{"damage":9.0,"enemies":"Gremlin Nob","floor":6.0,"turns":3.0},{"damage":0.0,"enemies":"3 Louse","floor":7.0,"turns":2.0},{"damage":37,"enemies":"3 Sentries","floor":8,"turns":7}],"seed_played":"-134730928233473424","potions_obtained":[{"floor":3.0,"key":"PowerPotion"},{"floor":5.0,"key":"Fruit Juice"},{"floor":5.0,"key":"AttackPotion"}],"is_trial":false,"path_per_floor":["M","$","M","?","M","E","M","E"],"character_chosen":"WATCHER","items_purchased":["Yang","Evaluate"],"campfire_rested":0,"item_purchase_floors":[2,2],"current_hp_per_floor":[50,50,50,50,51,42,42,5,5],"gold":487,"neow_bonus":"BOSS_RELIC","is_daily":false,"chose_seed":false,"campfire_upgraded":0,"win_rate":0.0,"timestamp":1610196100,"path_taken":["M","$","?","?","M","E","M","E"],"items_purchased_type":["Relic","Card"],"build_version":"2020-12-22","purchased_purges":1,"victory":false,"max_hp_per_floor":[72,72,72,72,77,77,77,77,77],"card_choices":[{"not_picked":["WindmillStrike","MentalFortress","EmptyFist"],"picked":"Shame","floor":1.0},{"not_picked":["REME_Repentance","Protect","ThirdEye"],"picked":"Writhe","floor":3.0},{"not_picked":["ThirdEye","ClearTheMind","Doubt"],"picked":"BattleHymn","floor":5.0},{"not_picked":["Evaluate","Wish","Parasite"],"picked":"FlurryOfBlows","floor":6.0},{"not_picked":["Wireheading","EmptyFist","CarveReality"],"picked":"Decay","floor":7.0}],"player_experience":394142,"relics_obtained":[{"floor":6.0,"key":"Regal Pillow"}],"event_choices":[{"cards_removed":["Writhe"],"damage_healed":0.0,"max_hp_gain":0.0,"max_hp_loss":0.0,"gold_gain":0.0,"event_name":"The Cleric","player_choice":"Card Removal","floor":4.0,"gold_loss":50.0,"damage_taken":0.0}],"is_beta":false,"boss_relics":[],"items_purged_floors":[2],"is_endless":false,"potions_floor_spawned":[3,5,5],"killed_by":"3 Sentries","ascension_level":5}}