{"host":"a4s27ghlnr83kbqz","time":1610186786,"event":{"mods":["AchievementEnabler","BaseMod","Colored Map","Minty Spire (QoL Compilation)","Permanent Neow","SuperFastMode"],"gold_per_floor":[119,119,133,143,154,154,173,173,197,197,223,236,262,262,262,336,336,347,379,390,390,390,390],"floor_reached":22,"playtime":421,"items_purged":[],"score":392,"play_id":"544819a9-e6f2-4033-9b77-9e43881d68bb","local_time":"20210109180626","is_ascension_mode":true,"campfire_choices":[{"data":"Apotheosis","floor":6,"key":"SMITH"},{"floor":8,"key":"REST"},{"floor":10,"key":"REST"},{"floor":15,"key":"REST"}],"circlet_count":0,"master_deck":["AscendersBane","Strike_R","Strike_R","Strike_R","Strike_R","Defend_R","Defend_R","Defend_R","Defend_R","Bash","Apotheosis+1","Blood for Blood","Wild Strike","Metallicize","Second Wind","Warcry","Disarm","Feed"],"relics":["Burning Blood","Bag of Preparation","Happy Flower","Vajra","Sozu","Red Mask"],"acts_visited":["Exordium","TheCity"],"potions_floor_usage":[11,13,18],"damage_taken":[{"damage":4,"enemies":"Small Slimes","floor":1,"turns":5},{"damage":17,"enemies":"Cultist","floor":3,"turns":4},{"damage":8,"enemies":"2 Louse","floor":4,"turns":4},{"damage":17,"enemies":"Exordium Wildlife","floor":5,"turns":5},{"damage":18,"enemies":"Exordium Thugs","floor":7,"turns":5},{"damage":7,"enemies":"Gremlin Nob","floor":11,"turns":3},{"damage":18,"enemies":"3 Louse","floor":12,"turns":3},{"damage":38,"enemies":"3 Sentries","floor":13,"turns":11},{"damage":11,"enemies":"The Guardian","floor":16,"turns":14},{"damage":20,"enemies":"Chosen","floor":18,"turns":4},{"damage":34,"enemies":"Masked Bandits","floor":19,"turns":4},{"damage":22,"enemies":"Spheric Guardian","floor":20,"turns":4},{"damage":12,"enemies":"Snake Plant","floor":22,"turns":1}],"seed_played":"-172646547247788411","potions_obtained":[{"floor":1,"key":"ElixirPotion"},{"floor":7,"key":"EssenceOfSteel"},{"floor":11,"key":"ColorlessPotion"},{"floor":13,"key":"SkillPotion"},{"floor":16,"key":"DuplicationPotion"}],"is_trial":false,"path_per_floor":["M","?","M","M","M","R","M","R","T","R","E","M","E","?","R","B",null,"M","?","M","?","M"],"character_chosen":"IRONCLAD","items_purchased":[],"campfire_rested":3,"item_purchase_floors":[],"current_hp_per_floor":[52,52,41,39,28,28,16,38,38,60,59,47,15,4,26,21,62,48,24,8,8,0,0],"gold":390,"neow_bonus":"RANDOM_COLORLESS_2","is_daily":false,"chose_seed":false,"campfire_upgraded":1,"win_rate":0.0,"timestamp":1610186786,"path_taken":["M","?","?","M","M","R","M","R","T","R","E","M","E","?","R","BOSS","M","?","M","?","?"],"items_purchased_type":[],"build_version":"2020-12-22","purchased_purges":0,"victory":false,"max_hp_per_floor":[75,75,75,75,75,75,75,75,75,75,75,75,75,75,75,75,75,75,79,79,79,79,79],"card_choices":[{"not_picked":["Master of Strategy","Thinking Ahead"],"picked":"Apotheosis","floor":0},{"not_picked":["Dropkick","Pommel Strike"],"picked":"Blood for Blood","floor":1},{"not_picked":["Twin Strike","True Grit","Armaments"],"picked":"SKIP","floor":3},{"not_picked":["Ghostly Armor","Spot Weakness","Whirlwind"],"picked":"SKIP","floor":4},{"not_picked":["Havoc","Twin Strike"],"picked":"Wild Strike","floor":5},{"not_picked":["Metallicize","Thunderclap","Sever Soul"],"picked":"SKIP","floor":7},{"not_picked":["Thunderclap","Sever Soul"],"picked":"Metallicize","floor":7},{"not_picked":["Fiend Fire","Juggernaut"],"picked":"Second Wind","floor":11},{"not_picked":["Headbutt","Cleave"],"picked":"Warcry","floor":12},{"not_picked":["Shockwave","Warcry"],"picked":"Disarm","floor":13},{"not_picked":["Bludgeon","Exhume"],"picked":"Feed","floor":16},{"not_picked":["Ghostly Armor","Perfected Strike","Pummel"],"picked":"SKIP","floor":18},{"not_picked":["Heavy Blade","Thunderclap","Searing Blow"],"picked":"SKIP","floor":20}],"player_experience":1097305,"relics_obtained":[{"floor":9,"key":"Bag of Preparation"},{"floor":11,"key":"Happy Flower"},{"floor":13,"key":"Vajra"},{"floor":19,"key":"Red Mask"}],"event_choices":[{"cards_removed":["Strike_R"],"damage_healed":0,"gold_gain":0,"player_choice":"Purged","damage_taken":0,"max_hp_gain":0,"max_hp_loss":0,"event_name":"Purifier","floor":2,"gold_loss":0},{"damage_healed":0,"gold_gain":0,"player_choice":"Fled","damage_taken":11,"max_hp_gain":0,"max_hp_loss":0,"event_name":"Scrap Ooze","floor":14,"gold_loss":0},{"damage_healed":0,"gold_gain":0,"player_choice":"Fought Bandits","damage_taken":0,"max_hp_gain":0,"max_hp_loss":0,"event_name":"Masked Bandits","floor":19,"gold_loss":0},{"damage_healed":0,"gold_gain":0,"player_choice":"Ignored","damage_taken":0,"max_hp_gain":0,"max_hp_loss":0,"event_name":"N\u0027loth","floor":21,"gold_loss":0}],"is_beta":false,"boss_relics":[{"not_picked":["SacredBark","Pandora\u0027s Box"],"picked":"Sozu"}],"items_purged_floors":[],"is_endless":false,"potions_floor_spawned":[1,7,11,13,16,18,20],"killed_by":"Snake Plant","ascension_level":20}}