{"host":"6749gst1gzuv21qf","time":1610155214,"event":{"mods":["Aspiration","BaseMod","Better Altar","Better Match","Better Note","Better Sensory Stone","Better Skull","Better Third Choice","BetterRewards","Colored Map","Colored Powertips","Downfall","Highlight Path","Minty Spire (QoL Compilation)","Permanent Neow","Replay The Spire","Shop Mod","Spicy Shops","StSLib","The Cursed","Wandering Minibosses"],"gold_per_floor":[99,117,117,130,130,130,130,149,149,160,179,191,216,233,250,250,250,250],"floor_reached":16,"playtime":817,"items_purged":[],"score":106,"play_id":"58cbee91-a264-435a-94f8-7ffcc2b35933","local_time":"20210108202014","is_ascension_mode":false,"campfire_choices":[{"floor":1,"key":"DIG"},{"floor":6,"key":"RECALL"},{"data":"Slimebound:Split","floor":9,"key":"SMITH"}],"circlet_count":0,"master_deck":["Slimebound:Strike_Slimebound","Slimebound:Strike_Slimebound","Slimebound:Tackle","Slimebound:Defend_Slimebound","Slimebound:Defend_Slimebound","Slimebound:Defend_Slimebound","Slimebound:Defend_Slimebound","Slimebound:Split+1","Slimebound:CorrosiveSpit","Slimebound:FinishingTackle+1","Slimebound:SplitAcid","Slimebound:SplitBruiser","Slimebound:SplitSpecialist","Slimebound:ProtectTheBoss","Slimebound:Replication","Slimebound:MegaLick","Slimebound:SplitLeeching","Slimebound:RollThrough","Slimebound:SplitMire"],"relics":["Slimebound:AbsorbEndCombat","Replay:Baseball","Garlic","Pet Ghost"],"acts_visited":["Exordium"],"potions_floor_usage":[13],"damage_taken":[{"damage":7,"enemies":"Jaw Worm","floor":2,"turns":3},{"damage":7,"enemies":"Cultist","floor":4,"turns":3},{"damage":15,"enemies":"2 Louse","floor":8,"turns":2},{"damage":18,"enemies":"2 Fungi Beasts","floor":10,"turns":3},{"damage":26,"enemies":"Gremlin Gang","floor":11,"turns":3},{"damage":28,"enemies":"3 Louse","floor":12,"turns":3},{"damage":27,"enemies":"Lagavulin","floor":13,"turns":4},{"damage":33,"enemies":"Exordium Wildlife","floor":14,"turns":3},{"damage":12,"enemies":"Blue Slaver","floor":15,"turns":2},{"damage":91,"enemies":"downfall:Defect","floor":16,"turns":6}],"seed_played":"-9079509020971253160","potions_obtained":[{"floor":2,"key":"Guardian:BlockOnCardUsePotion"},{"floor":10,"key":"Toxic Potion"},{"floor":13,"key":"FearPotion"},{"floor":14,"key":"Dexterity Potion"},{"floor":15,"key":"Swift Potion"}],"is_trial":false,"path_per_floor":["R_BF","M","?","M","T","R","T","M","R","M","M","M","E","M","M","B"],"character_chosen":"SLIMEBOUND","items_purchased":[],"campfire_rested":0,"item_purchase_floors":[],"current_hp_per_floor":[60,60,60,60,60,60,60,57,57,60,53,49,54,45,49,0,0,0],"gold":250,"neow_bonus":"TRANSFORM_CARD","is_daily":false,"chose_seed":false,"campfire_upgraded":1,"win_rate":0.0,"timestamp":1610155214,"path_taken":["R_BF","M","?","?","?","R","T","M","R","M","M","M","E","M","M","BOSS"],"items_purchased_type":[],"build_version":"2020-12-22","purchased_purges":0,"victory":false,"max_hp_per_floor":[60,60,60,60,60,60,60,60,60,60,60,60,60,60,60,60,60,60],"card_choices":[{"not_picked":["Slimebound:Nibble","Slimebound:DivideAndConquer"],"picked":"Slimebound:SplitAcid","floor":2},{"not_picked":["Slimebound:Replication","Slimebound:Schlurp"],"picked":"Slimebound:SplitBruiser","floor":4},{"not_picked":["Slimebound:Equalize","Slimebound:Chomp"],"picked":"Slimebound:SplitSpecialist","floor":8},{"not_picked":["Slimebound:LeechEnergy","Slimebound:ForwardTackle"],"picked":"Slimebound:ProtectTheBoss","floor":10},{"not_picked":["Slimebound:SamplingLick","Slimebound:ServeAndProtect"],"picked":"Slimebound:Replication","floor":11},{"not_picked":["Slimebound:LeechEnergy","Slimebound:PressTheAttack"],"picked":"Slimebound:MegaLick","floor":12},{"not_picked":["Slimebound:FlameTackle","Slimebound:Schlurp"],"picked":"Slimebound:SplitLeeching","floor":13},{"not_picked":["Slimebound:GoopTackle","Slimebound:LeechEnergy"],"picked":"Slimebound:RollThrough","floor":14},{"not_picked":["Slimebound:Gluttony","Slimebound:LeechingTouch"],"picked":"Slimebound:SplitMire","floor":15}],"player_experience":576607,"relics_obtained":[{"floor":1,"key":"Replay:Baseball"},{"floor":7,"key":"Garlic"},{"floor":13,"key":"Pet Ghost"}],"event_choices":[{"damage_healed":0,"gold_gain":0,"player_choice":"Upgraded","damage_taken":0,"max_hp_gain":0,"max_hp_loss":0,"event_name":"Upgrade Shrine","floor":3,"gold_loss":0,"cards_upgraded":["Slimebound:FinishingTackle"]}],"is_beta":false,"boss_relics":[],"items_purged_floors":[],"is_endless":false,"potions_floor_spawned":[2,10,13,14,15],"killed_by":"downfall:Defect","ascension_level":0}}