{"host":"ig7tc0uedzltt2sr","time":1610232313,"event":{"mods":["BaseMod","Better Twitch Integration","Block Reminder","Colored Map","Colored Powertips","Communication Mod","Current Relic Mod","GifTheSpireLib","HexUI Lib","Minty Spire (QoL Compilation)","Quick Restart","Random Character Button","Rare Cards Sparkle","Relic Sorter","Relic Stats","Slay the Relics Exporter","StSLib","SuperFastMode","Synergy Search","Twitch Decklist","Twitch Utils","everything is the same but u backflip on backflip","slay the spire mod where everything is the same but ironclad has a cowboy hat"],"gold_per_floor":[117,117,117,117,127,127,157,157,157,157,157],"floor_reached":10,"playtime":103,"items_purged":[],"score":64,"play_id":"abef5271-8903-4101-b3c2-312b65d2a490","local_time":"20210109144513","is_ascension_mode":false,"campfire_choices":[{"floor":6,"key":"REST"},{"floor":8,"key":"REST"}],"circlet_count":0,"master_deck":["Strike_R","Strike_R","Strike_R","Strike_R","Defend_R","Defend_R","Defend_R+1","Defend_R+1","Bash","Twin Strike","Regret","Uppercut","Feel No Pain","Bludgeon"],"relics":["Burning Blood","Self Forming Clay","War Paint","Matryoshka"],"acts_visited":["Exordium"],"potions_floor_usage":[],"damage_taken":[{"damage":71,"enemies":"Jaw Worm","floor":1,"turns":13},{"damage":18,"enemies":"Cultist","floor":5,"turns":6},{"damage":34,"enemies":"3 Sentries","floor":7,"turns":13},{"damage":37,"enemies":"Lagavulin","floor":10,"turns":11}],"seed_played":"-5280367668856364508","potions_obtained":[{"floor":7,"key":"ElixirPotion"}],"is_trial":false,"path_per_floor":["M","?","$","?","M","R","E","R","T","E"],"character_chosen":"IRONCLAD","items_purchased":[],"campfire_rested":2,"item_purchase_floors":[],"current_hp_per_floor":[23,23,23,23,11,37,9,35,35,0,0],"gold":157,"neow_bonus":"TEN_PERCENT_HP_BONUS","is_daily":false,"chose_seed":false,"campfire_upgraded":0,"win_rate":0.0,"timestamp":1610232313,"path_taken":["M","?","$","?","M","R","E","R","T","E"],"items_purchased_type":[],"build_version":"2020-12-22","purchased_purges":0,"victory":false,"max_hp_per_floor":[88,88,88,88,88,88,88,88,88,88,88],"relic_stats":{"counters":[4,43],"Self Forming Clay":[51],"War Paint":["Defend_R","Defend_R"],"obtain_stats":[{"Matryoshka":9,"Self Forming Clay":2,"War Paint":7,"Burning Blood":0},{"Matryoshka":3,"Self Forming Clay":1,"War Paint":3,"Burning Blood":0},{"Matryoshka":32,"Self Forming Clay":13,"War Paint":32,"Burning Blood":0}],"Burning Blood":18},"card_choices":[{"not_picked":["Wild Strike","Iron Wave"],"picked":"Twin Strike","floor":1},{"not_picked":["Shockwave","Entrench"],"picked":"Feel No Pain","floor":5},{"not_picked":["Pummel","Inflame"],"picked":"Bludgeon","floor":7}],"player_experience":1472316,"relics_obtained":[{"floor":7,"key":"War Paint"},{"floor":9,"key":"Matryoshka"}],"event_choices":[{"damage_healed":0,"gold_gain":0,"player_choice":"Box","damage_taken":0,"relics_obtained":["Self Forming Clay"],"max_hp_gain":0,"max_hp_loss":0,"event_name":"Big Fish","floor":2,"gold_loss":0,"cards_obtained":["Regret"]},{"damage_healed":0,"gold_gain":0,"cards_transformed":["Strike_R"],"player_choice":"Transformed","damage_taken":0,"max_hp_gain":0,"max_hp_loss":0,"event_name":"Transmorgrifier","floor":4,"gold_loss":0,"cards_obtained":["Uppercut"]}],"is_beta":false,"boss_relics":[],"items_purged_floors":[],"is_endless":false,"potions_floor_spawned":[7],"killed_by":"Lagavulin","ascension_level":0}}