{"host":"f5gffvlv6a66yqkd","time":1610177573,"event":{"mods":["2.2 Compatiblity","BaseMod","Colored Map","DeckTracker","Keyboard Shortcuts","Minty Spire (QoL Compilation)","Permanent Neow","Quick Restart","Relic Stats","StSLib","SuperFastMode"],"gold_per_floor":[119,119,119,134,184,184,212,230,230,230,243,243,275,18,18,90,90,106,106,79,89,99,99,117,117,117,117,117,217,142,169,169,169,169],"floor_reached":33,"playtime":913,"items_purged":[],"score":546,"play_id":"0f666a41-87c9-498a-849e-0e5856673bfa","local_time":"20210109163253","is_ascension_mode":true,"campfire_choices":[{"data":"Bash","floor":6.0,"key":"SMITH"},{"data":"Headbutt","floor":12.0,"key":"SMITH"},{"data":"Disarm","floor":15.0,"key":"SMITH"},{"data":"Double Tap","floor":23.0,"key":"SMITH"},{"data":"Evolve","floor":25.0,"key":"SMITH"},{"data":"Inflame","floor":27.0,"key":"SMITH"},{"floor":32,"key":"REST"}],"circlet_count":0,"master_deck":["AscendersBane","Strike_R","Strike_R","Strike_R","Defend_R","Defend_R","Defend_R","Bash+1","Armaments+1","Whirlwind","Disarm+1","Anger","Evolve+1","Shrug It Off","Headbutt+1","Inflame+1","Blood for Blood","Double Tap+1","Power Through","Sever Soul","Wild Strike","Fire Breathing"],"relics":["Burning Blood","Sundial","Question Card","FossilizedHelix","OrangePellets","Busted Crown","Toy Ornithopter","Enchiridion","Thread and Needle","Paper Frog","Matryoshka"],"acts_visited":["Exordium","TheCity"],"potions_floor_usage":[31],"damage_taken":[{"damage":3.0,"enemies":"Small Slimes","floor":1.0,"turns":4.0},{"damage":3.0,"enemies":"2 Louse","floor":4.0,"turns":2.0},{"damage":36.0,"enemies":"Lagavulin","floor":7.0,"turns":8.0},{"damage":1.0,"enemies":"Cultist","floor":8.0,"turns":3.0},{"damage":0.0,"enemies":"2 Fungi Beasts","floor":11.0,"turns":5.0},{"damage":19.0,"enemies":"Gremlin Nob","floor":13.0,"turns":4.0},{"damage":19.0,"enemies":"Hexaghost","floor":16.0,"turns":7.0},{"damage":22.0,"enemies":"Spheric Guardian","floor":18.0,"turns":5.0},{"damage":17.0,"enemies":"2 Thieves","floor":20.0,"turns":4.0},{"damage":0.0,"enemies":"Centurion and Healer","floor":21.0,"turns":5.0},{"damage":10.0,"enemies":"Snake Plant","floor":22.0,"turns":5.0},{"damage":10.0,"enemies":"Snecko","floor":24.0,"turns":6.0},{"damage":6.0,"enemies":"Colosseum Slavers","floor":29.0,"turns":6.0},{"damage":14.0,"enemies":"Colosseum Nobs","floor":29.0,"turns":5.0},{"damage":20,"enemies":"Book of Stabbing","floor":31,"turns":6},{"damage":55,"enemies":"Automaton","floor":33,"turns":6}],"seed_played":"404349656993314735","potions_obtained":[{"floor":1.0,"key":"Block Potion"},{"floor":7.0,"key":"Block Potion"},{"floor":13.0,"key":"Regen Potion"},{"floor":29.0,"key":"CultistPotion"},{"floor":31,"key":"LiquidMemories"}],"is_trial":false,"path_per_floor":["M","?","?","M","?","R","E","M","T","T","M","R","E","$","R","B",null,"M","?","M","M","M","R","M","R","T","R","?","?","?","E","R","B"],"character_chosen":"IRONCLAD","items_purchased":["OrangePellets","Blood for Blood"],"campfire_rested":1,"item_purchase_floors":[14,14],"current_hp_per_floor":[53,58,58,61,61,61,31,36,36,36,42,42,29,29,29,16,64,48,48,37,43,39,39,35,35,35,35,14,31,31,22,46,0,0],"gold":169,"neow_bonus":"TRANSFORM_TWO_CARDS","is_daily":false,"chose_seed":false,"campfire_upgraded":6,"win_rate":0.0,"timestamp":1610177573,"path_taken":["M","?","?","?","?","R","E","?","T","?","?","R","E","$","R","BOSS","M","?","M","M","M","R","M","R","T","R","?","?","?","E","R","BOSS"],"items_purchased_type":["Relic","Card"],"build_version":"2020-12-22","purchased_purges":0,"victory":false,"max_hp_per_floor":[75,80,80,80,80,80,80,80,80,80,80,80,80,80,80,80,80,80,80,80,80,80,80,80,80,80,80,80,80,80,80,80,80,80],"relic_stats":{"OrangePellets":[4],"Busted Crown":14,"counters":[16,81],"Sundial":[10],"Question Card":10,"obtain_stats":[{"OrangePellets":14,"Busted Crown":17,"Matryoshka":31,"Sundial":7,"Enchiridion":28,"Thread and Needle":29,"Question Card":10,"Burning Blood":0,"FossilizedHelix":13,"Toy Ornithopter":26,"Paper Frog":29},{"OrangePellets":6,"Busted Crown":7,"Matryoshka":15,"Sundial":3,"Enchiridion":12,"Thread and Needle":14,"Question Card":4,"Burning Blood":0,"FossilizedHelix":6,"Toy Ornithopter":12,"Paper Frog":14},{"OrangePellets":26,"Busted Crown":33,"Matryoshka":75,"Sundial":14,"Enchiridion":58,"Thread and Needle":69,"Question Card":17,"Burning Blood":0,"FossilizedHelix":26,"Toy Ornithopter":58,"Paper Frog":69}],"Burning Blood":90,"Toy Ornithopter":15},"card_choices":[{"not_picked":["Dark Embrace","Shockwave"],"picked":"Disarm","floor":1.0},{"not_picked":["Pummel","Armaments"],"picked":"Anger","floor":4.0},{"not_picked":["Pommel Strike","Rampage"],"picked":"Evolve","floor":7.0},{"not_picked":["Ghostly Armor","Iron Wave"],"picked":"Shrug It Off","floor":8.0},{"not_picked":["Perfected Strike","Sword Boomerang","Reaper"],"picked":"Headbutt","floor":11.0},{"not_picked":["Body Slam","Shrug It Off","Anger"],"picked":"Inflame","floor":13.0},{"not_picked":["Brutality","Feed","Berserk"],"picked":"Double Tap","floor":16.0},{"not_picked":["Heavy Blade","Twin Strike"],"picked":"SKIP","floor":18.0},{"not_picked":["Warcry"],"picked":"Power Through","floor":20.0},{"not_picked":["Twin Strike"],"picked":"Sever Soul","floor":21.0},{"not_picked":["Rupture"],"picked":"Wild Strike","floor":22.0},{"not_picked":["Headbutt","Perfected Strike"],"picked":"SKIP","floor":24.0},{"not_picked":["Shrug It Off"],"picked":"Fire Breathing","floor":29.0},{"not_picked":["Havoc+1","Immolate"],"picked":"SKIP","floor":31}],"player_experience":1540886,"relics_obtained":[{"floor":7.0,"key":"Sundial"},{"floor":10.0,"key":"Question Card"},{"floor":13.0,"key":"FossilizedHelix"},{"floor":26.0,"key":"Toy Ornithopter"},{"floor":28.0,"key":"Enchiridion"},{"floor":29.0,"key":"Thread and Needle"},{"floor":29.0,"key":"Paper Frog"},{"floor":31,"key":"Matryoshka"}],"event_choices":[{"damage_healed":0.0,"max_hp_gain":5.0,"max_hp_loss":0.0,"gold_gain":0.0,"event_name":"Big Fish","player_choice":"Donut","floor":2.0,"gold_loss":0.0,"damage_taken":0.0},{"damage_healed":0.0,"max_hp_gain":0.0,"max_hp_loss":0.0,"gold_gain":0.0,"event_name":"Accursed Blacksmith","player_choice":"Forge","floor":3.0,"gold_loss":0.0,"damage_taken":0.0,"cards_upgraded":["Armaments"]},{"damage_healed":0.0,"max_hp_gain":0.0,"max_hp_loss":0.0,"gold_gain":50.0,"event_name":"Golden Shrine","player_choice":"Pray","floor":5.0,"gold_loss":0.0,"damage_taken":0.0},{"damage_healed":0.0,"max_hp_gain":0.0,"max_hp_loss":0.0,"gold_gain":0.0,"event_name":"Ghosts","player_choice":"Ignored","floor":19.0,"gold_loss":0.0,"damage_taken":0.0},{"damage_healed":0.0,"max_hp_gain":0.0,"max_hp_loss":0.0,"gold_gain":0.0,"event_name":"Cursed Tome","player_choice":"Obtained Book","floor":28.0,"gold_loss":0.0,"damage_taken":21.0},{"damage_healed":0.0,"max_hp_gain":0.0,"max_hp_loss":0.0,"gold_gain":0.0,"event_name":"Colosseum","player_choice":"Fight","floor":29.0,"gold_loss":0.0,"damage_taken":0.0},{"damage_healed":0.0,"max_hp_gain":0.0,"max_hp_loss":0.0,"gold_gain":0.0,"event_name":"Colosseum","player_choice":"Fought Nobs","floor":29.0,"gold_loss":0.0,"damage_taken":0.0},{"cards_removed":["Strike_R"],"damage_healed":0.0,"max_hp_gain":0.0,"max_hp_loss":0.0,"gold_gain":0.0,"event_name":"Beggar","player_choice":"Gave Gold","floor":30.0,"gold_loss":75.0,"damage_taken":0.0}],"is_beta":false,"boss_relics":[{"not_picked":["Velvet Choker","Philosopher\u0027s Stone"],"picked":"Busted Crown"}],"items_purged_floors":[],"is_endless":false,"potions_floor_spawned":[1,7,13,16,18,24,29,31],"killed_by":"Automaton","ascension_level":20}}