{"host":"e1pm3b7xpcm97e5w","time":1610151167,"event":{"mods":["BaseMod","Better Skull","Googly Eyes","Minty Spire (QoL Compilation)","Relic Stats","Shop Mod","Spicy Shops","StSLib"],"gold_per_floor":[114,39,39,39,64,64,105,129,129,153,168,192,192,20,20,145,145,168,168,187,211,74,108,108,108,108],"floor_reached":25,"playtime":919,"items_purged":["Strike_B","Strike_B"],"score":372,"play_id":"729dad00-9113-4908-b60b-11f52e66a644","local_time":"20210108191247","is_ascension_mode":true,"campfire_choices":[{"data":"Defragment","floor":6,"key":"SMITH"},{"data":"Coolheaded","floor":13,"key":"SMITH"},{"floor":15,"key":"REST"},{"data":"Defragment","floor":24,"key":"SMITH"}],"circlet_count":0,"master_deck":["AscendersBane","Strike_B","Strike_B","Defend_B","Defend_B","Defend_B+1","Defend_B","Zap+1","Dualcast","Defragment+1","Steam","Ball Lightning","Coolheaded+1","Chill","Cold Snap","Undo","Defragment+1","Biased Cognition","Hologram","Coolheaded+1","Conserve Battery","Finesse","Barrage"],"relics":["Cracked Core","NeowsBlessing","Golden Idol","Shuriken","Mummified Hand","SlaversCollar","Eternal Feather","Pen Nib"],"acts_visited":["Exordium","TheCity"],"potions_floor_usage":[16,23,23,23],"damage_taken":[{"damage":0,"enemies":"Cultist","floor":1,"turns":1},{"damage":0,"enemies":"2 Louse","floor":5,"turns":1},{"damage":0,"enemies":"Lagavulin","floor":7,"turns":1},{"damage":0,"enemies":"Jaw Worm","floor":8,"turns":2},{"damage":5,"enemies":"Lots of Slimes","floor":10,"turns":3},{"damage":8,"enemies":"3 Louse","floor":11,"turns":3},{"damage":4,"enemies":"Exordium Thugs","floor":12,"turns":4},{"damage":4,"enemies":"Hexaghost","floor":16,"turns":11},{"damage":0,"enemies":"Chosen","floor":18,"turns":5},{"damage":2,"enemies":"2 Thieves","floor":20,"turns":5},{"damage":26,"enemies":"Snake Plant","floor":21,"turns":4},{"damage":13,"enemies":"Slavers","floor":23,"turns":9},{"damage":51,"enemies":"Gremlin Leader","floor":25,"turns":9}],"seed_played":"-9102153533203347654","potions_obtained":[{"floor":7,"key":"DistilledChaos"},{"floor":11,"key":"Swift Potion"},{"floor":12,"key":"Energy Potion"},{"floor":16,"key":"DuplicationPotion"},{"floor":18,"key":"AttackPotion"},{"floor":20,"key":"Regen Potion"}],"is_trial":false,"path_per_floor":["M","$","?","?","M","R","E","M","T","M","M","M","R","$","R","B",null,"M","?","M","M","$","E","R","E"],"character_chosen":"DEFECT","items_purchased":["Defragment","Conserve Battery","Finesse"],"campfire_rested":1,"item_purchase_floors":[14,22,22],"current_hp_per_floor":[68,68,53,53,53,53,53,53,53,48,40,36,36,36,56,52,65,65,65,63,37,37,39,51,0,0],"gold":108,"neow_bonus":"THREE_ENEMY_KILL","is_daily":false,"chose_seed":false,"campfire_upgraded":3,"win_rate":0.0,"timestamp":1610151167,"path_taken":["M","$","?","?","M","R","E","M","T","?","M","M","R","?","R","BOSS","M","?","M","M","?","E","R","E"],"items_purchased_type":["Card","Card","Card"],"build_version":"2020-12-22","purchased_purges":2,"victory":false,"max_hp_per_floor":[75,75,75,69,69,69,69,69,69,69,69,69,69,69,69,69,69,69,69,69,69,69,69,69,69,69],"relic_stats":{"counters":[13,58],"Golden Idol":77,"Shuriken":[5],"Mummified Hand":[22],"Eternal Feather":12,"Pen Nib":[1],"obtain_stats":[{"SlaversCollar":17,"NeowsBlessing":0,"Golden Idol":4,"Shuriken":7,"Mummified Hand":9,"Eternal Feather":19,"Pen Nib":23,"Cracked Core":0},{"SlaversCollar":8,"NeowsBlessing":0,"Golden Idol":1,"Shuriken":3,"Mummified Hand":4,"Eternal Feather":9,"Pen Nib":12,"Cracked Core":0},{"SlaversCollar":26,"NeowsBlessing":0,"Golden Idol":1,"Shuriken":3,"Mummified Hand":5,"Eternal Feather":31,"Pen Nib":49,"Cracked Core":0}]},"card_choices":[{"not_picked":["Sweeping Beam","Turbo"],"picked":"Defragment","floor":1},{"not_picked":["Go for the Eyes","Blizzard"],"picked":"Steam","floor":5},{"not_picked":["Fusion","Reboot"],"picked":"Ball Lightning","floor":7},{"not_picked":["Go for the Eyes","Loop"],"picked":"Coolheaded","floor":8},{"not_picked":["Compile Driver","Rebound"],"picked":"Chill","floor":10},{"not_picked":["FTL","Turbo"],"picked":"Cold Snap","floor":11},{"not_picked":["Sunder","Storm"],"picked":"Undo","floor":12},{"not_picked":["Seek","Multi-Cast"],"picked":"Biased Cognition","floor":16},{"not_picked":["Sweeping Beam","Go for the Eyes+1"],"picked":"Hologram","floor":18},{"not_picked":["Hyperbeam","Blizzard","Cold Snap"],"picked":"SKIP","floor":20},{"not_picked":["Go for the Eyes","Steam"],"picked":"Coolheaded+1","floor":21},{"not_picked":["Conserve Battery+1","Steam Power+1"],"picked":"Barrage","floor":23}],"player_experience":510645,"relics_obtained":[{"floor":7,"key":"Shuriken"},{"floor":9,"key":"Mummified Hand"},{"floor":23,"key":"Pen Nib"}],"event_choices":[{"damage_healed":0,"gold_gain":0,"player_choice":"Entered Light","damage_taken":15,"max_hp_gain":0,"max_hp_loss":0,"event_name":"Shining Light","floor":3,"gold_loss":0,"cards_upgraded":["Defend_B","Zap"]},{"damage_healed":0,"gold_gain":0,"player_choice":"Lose Max HP","damage_taken":0,"relics_obtained":["Golden Idol"],"max_hp_gain":0,"max_hp_loss":6,"event_name":"Golden Idol","floor":4,"gold_loss":0},{"damage_healed":0,"gold_gain":0,"player_choice":"Gave Potion","damage_taken":0,"relics_obtained":["Eternal Feather"],"max_hp_gain":0,"max_hp_loss":0,"event_name":"WeMeetAgain","floor":19,"gold_loss":0}],"is_beta":false,"boss_relics":[{"not_picked":["SacredBark","Busted Crown"],"picked":"SlaversCollar"}],"items_purged_floors":[2,14],"is_endless":false,"potions_floor_spawned":[7,11,12,16,18,20,21],"killed_by":"Gremlin Leader","ascension_level":10}}