{"host":"1p0ug38l8q9et435","time":1610228391,"event":{"mods":["AchievementEnabler","BaseMod","Colored Powertips","Downfall","Minty Spire (QoL Compilation)","StSLib","UnlockEverythingMod"],"gold_per_floor":[118,131,131,7,25,52,52,52,52,52,68,93,103,121,121,216,216,231,231,51,91,102,102,132,146,195,195,227,240,240,268,268,268,268],"floor_reached":33,"playtime":1187,"items_purged":[],"score":367,"play_id":"a4ab89b7-dc79-46c3-b210-84ad288bd1fb","local_time":"20210109133951","is_ascension_mode":false,"campfire_choices":[{"floor":7,"key":"REST"},{"floor":15,"key":"REST"},{"floor":23,"key":"REST"},{"floor":27,"key":"REST"},{"floor":32,"key":"REST"}],"circlet_count":0,"master_deck":["Strike_P","Strike_P","Strike_P","Strike_P","Defend_P","Defend_P","Defend_P","Defend_P","Eruption+1","Vigilance","Prostrate","FlurryOfBlows","Consecrate","Halt","Tantrum","Prostrate","Consecrate","EmptyFist","Consecrate","WaveOfTheHand","Wish","MentalFortress","CutThroughFate+1","JustLucky","Fasting2+1","Wallop"],"relics":["PureWater","Ancient Tea Set","PreservedInsect","Ice Cream","Busted Crown","Vajra","Lantern","Orichalcum","Yang","Frozen Egg 2"],"acts_visited":["Exordium","TheCity"],"potions_floor_usage":[16,29,29],"damage_taken":[{"damage":8,"enemies":"Jaw Worm","floor":1,"turns":4},{"damage":0,"enemies":"Small Slimes","floor":2,"turns":3},{"damage":7,"enemies":"Cultist","floor":5,"turns":3},{"damage":12,"enemies":"Gremlin Nob","floor":6,"turns":3},{"damage":0,"enemies":"Looter","floor":11,"turns":2},{"damage":9,"enemies":"3 Sentries","floor":12,"turns":3},{"damage":0,"enemies":"Lots of Slimes","floor":13,"turns":3},{"damage":3,"enemies":"Blue Slaver","floor":14,"turns":2},{"damage":31,"enemies":"Slime Boss","floor":16,"turns":7},{"damage":8,"enemies":"Chosen","floor":18,"turns":3},{"damage":8,"enemies":"2 Thieves","floor":21,"turns":4},{"damage":38,"enemies":"Cultist and Chosen","floor":22,"turns":6},{"damage":0,"enemies":"Gremlin Leader","floor":24,"turns":3},{"damage":45,"enemies":"Snake Plant","floor":25,"turns":3},{"damage":13,"enemies":"Book of Stabbing","floor":28,"turns":4},{"damage":0,"enemies":"Snecko","floor":29,"turns":2},{"damage":0,"enemies":"Gremlin Leader","floor":31,"turns":3},{"damage":77,"enemies":"Collector","floor":33,"turns":5}],"seed_played":"5893854433266194100","potions_obtained":[{"floor":5,"key":"Energy Potion"},{"floor":12,"key":"Block Potion"},{"floor":16,"key":"SneckoOil"},{"floor":28,"key":"Swift Potion"},{"floor":29,"key":"SneckoOil"}],"is_trial":false,"path_per_floor":["M","M","?","$","M","E","R","?","T","?","M","E","M","M","R","B",null,"M","?","$","M","M","R","E","M","T","R","E","M","?","E","R","B"],"character_chosen":"WATCHER","items_purchased":["FlurryOfBlows","Consecrate","Halt","Vajra","MentalFortress"],"campfire_rested":5,"item_purchase_floors":[4,4,4,20,20],"current_hp_per_floor":[71,71,76,76,69,57,82,82,82,84,84,75,75,72,84,53,84,76,76,76,68,30,55,55,10,10,35,22,22,22,22,47,0,0],"gold":268,"neow_bonus":"TEN_PERCENT_HP_BONUS","is_daily":false,"chose_seed":false,"campfire_upgraded":0,"win_rate":0.0,"timestamp":1610228391,"path_taken":["M","M","?","$","M","E","R","?","T","?","M","E","M","?","R","BOSS","M","?","$","?","M","R","E","M","T","R","E","M","?","E","R","BOSS"],"items_purchased_type":["Card","Card","Card","Relic","Card"],"build_version":"2020-12-22","purchased_purges":0,"victory":false,"max_hp_per_floor":[79,79,84,84,84,84,84,84,84,84,84,84,84,84,84,84,84,84,84,84,84,84,84,84,84,84,84,84,84,84,84,84,84,84],"card_choices":[{"not_picked":["Crescendo","Protect"],"picked":"Prostrate","floor":1},{"not_picked":["FlyingSleeves","EmptyMind"],"picked":"Adaptation","floor":2},{"not_picked":["Consecrate","CrushJoints"],"picked":"Tantrum","floor":5},{"not_picked":["SashWhip","ClearTheMind"],"picked":"Prostrate","floor":6},{"not_picked":["MentalFortress","PathToVictory"],"picked":"Consecrate","floor":11},{"not_picked":["ClearTheMind","Wireheading"],"picked":"EmptyFist","floor":12},{"not_picked":["LikeWater","Evaluate"],"picked":"Consecrate","floor":13},{"not_picked":["Protect","ClearTheMind"],"picked":"WaveOfTheHand","floor":14},{"not_picked":["Vault","ConjureBlade"],"picked":"Wish","floor":16},{"not_picked":["Crescendo"],"picked":"SKIP","floor":18},{"not_picked":[],"picked":"CutThroughFate+1","floor":21},{"not_picked":[],"picked":"JustLucky","floor":22},{"not_picked":[],"picked":"Fasting2+1","floor":24},{"not_picked":["SignatureMove"],"picked":"SKIP","floor":25},{"not_picked":[],"picked":"Wallop","floor":28},{"not_picked":["Evaluate"],"picked":"SKIP","floor":29},{"not_picked":["Tantrum"],"picked":"SKIP","floor":31}],"player_experience":15170,"relics_obtained":[{"floor":6,"key":"Ancient Tea Set"},{"floor":9,"key":"PreservedInsect"},{"floor":12,"key":"Ice Cream"},{"floor":24,"key":"Lantern"},{"floor":26,"key":"Orichalcum"},{"floor":28,"key":"Yang"},{"floor":31,"key":"Frozen Egg 2"}],"event_choices":[{"damage_healed":0,"gold_gain":0,"player_choice":"Donut","damage_taken":0,"max_hp_gain":5,"max_hp_loss":0,"event_name":"Big Fish","floor":3,"gold_loss":0},{"damage_healed":0,"gold_gain":0,"player_choice":"Ignored","damage_taken":0,"max_hp_gain":0,"max_hp_loss":0,"event_name":"Golden Wing","floor":8,"gold_loss":0},{"cards_removed":["Adaptation"],"damage_healed":2,"gold_gain":0,"player_choice":"Offered Uncommon","damage_taken":0,"max_hp_gain":0,"max_hp_loss":0,"event_name":"Bonfire Elementals","floor":10,"gold_loss":0},{"damage_healed":0,"gold_gain":0,"player_choice":"Forge","damage_taken":0,"max_hp_gain":0,"max_hp_loss":0,"event_name":"Accursed Blacksmith","floor":19,"gold_loss":0,"cards_upgraded":["Eruption"]},{"damage_healed":0,"gold_gain":0,"player_choice":"Ignored","damage_taken":0,"max_hp_gain":0,"max_hp_loss":0,"event_name":"Cursed Tome","floor":30,"gold_loss":0}],"is_beta":false,"boss_relics":[{"not_picked":["Astrolabe","Pandora\u0027s Box"],"picked":"Busted Crown"}],"items_purged_floors":[],"is_endless":false,"potions_floor_spawned":[5,12,16,28,29],"killed_by":"Collector","ascension_level":0}}