{"host":"qjv9b7mze4c73keh","time":1610196684,"event":{"mods":["BaseMod","Minty Spire (QoL Compilation)"],"gold_per_floor":[17,29,29,29,41,41,66,66,66,77,77,77,2,22,22,125,125,143,143,143,159,192,192,222,222,222],"floor_reached":25,"playtime":1046,"items_purged":["Defend_R"],"score":219,"play_id":"126aad0a-1a4b-4f8b-b1bf-c2732fbcba13","local_time":"20210109175124","is_ascension_mode":false,"campfire_choices":[{"floor":6,"key":"REST"},{"floor":8,"key":"REST"},{"floor":11,"key":"REST"},{"data":"Blood for Blood","floor":15,"key":"SMITH"},{"floor":23,"key":"REST"}],"circlet_count":0,"master_deck":["Strike_R+1","Strike_R+1","Strike_R+1","Strike_R+1","Strike_R+1","Defend_R+1","Bash","Blood for Blood+1","Heavy Blade","Blood for Blood+1","Reaper","Thunderclap+1","Dual Wield","Anger+1"],"relics":["Burning Blood","Paper Frog","Pen Nib","Sundial","Philosopher\u0027s Stone","Red Mask","Meat on the Bone"],"acts_visited":["Exordium","TheCity"],"potions_floor_usage":[21,24,25],"damage_taken":[{"damage":7,"enemies":"2 Louse","floor":1,"turns":2},{"damage":7,"enemies":"Small Slimes","floor":2,"turns":4},{"damage":18,"enemies":"Jaw Worm","floor":5,"turns":3},{"damage":36,"enemies":"Lagavulin","floor":7,"turns":5},{"damage":8,"enemies":"Large Slime","floor":10,"turns":5},{"damage":19,"enemies":"Blue Slaver","floor":14,"turns":3},{"damage":50,"enemies":"Slime Boss","floor":16,"turns":8},{"damage":25,"enemies":"3 Byrds","floor":18,"turns":3},{"damage":14,"enemies":"Shell Parasite","floor":21,"turns":2},{"damage":29,"enemies":"Masked Bandits","floor":22,"turns":4},{"damage":55,"enemies":"Slavers","floor":24,"turns":4},{"damage":42,"enemies":"Centurion and Healer","floor":25,"turns":5}],"seed_played":"-3837092928761155899","potions_obtained":[{"floor":1,"key":"SteroidPotion"},{"floor":2,"key":"Strength Potion"},{"floor":18,"key":"GamblersBrew"},{"floor":24,"key":"ColorlessPotion"}],"is_trial":false,"path_per_floor":["M","M","?","?","M","R","E","R","T","M","R","?","$","M","R","B",null,"M","?","?","M","?","R","E","M"],"character_chosen":"IRONCLAD","items_purchased":[],"campfire_rested":4,"item_purchase_floors":[],"current_hp_per_floor":[79,78,78,53,41,65,35,59,59,57,80,85,85,72,72,28,85,76,76,76,77,54,79,36,0,0],"gold":222,"neow_bonus":"REMOVE_TWO","is_daily":false,"chose_seed":false,"campfire_upgraded":1,"win_rate":0.0,"timestamp":1610196684,"path_taken":["M","M","?","?","M","R","E","R","T","M","R","?","$","M","R","BOSS","M","?","?","M","?","R","E","M"],"items_purchased_type":[],"build_version":"2020-12-22","purchased_purges":1,"victory":false,"max_hp_per_floor":[80,80,80,80,80,80,80,80,80,80,80,85,85,85,85,85,85,85,85,85,85,85,85,85,85,85],"card_choices":[{"not_picked":["Rupture","Pommel Strike"],"picked":"Blood for Blood","floor":1},{"not_picked":["Twin Strike","Flame Barrier"],"picked":"Heavy Blade","floor":2},{"not_picked":["Heavy Blade","Twin Strike"],"picked":"Blood for Blood","floor":5},{"not_picked":["Spot Weakness","Iron Wave","Perfected Strike"],"picked":"SKIP","floor":7},{"not_picked":["Power Through","Disarm","Wild Strike"],"picked":"SKIP","floor":10},{"not_picked":["Burning Pact","Perfected Strike","Armaments"],"picked":"SKIP","floor":14},{"not_picked":["Bludgeon","Fiend Fire"],"picked":"Reaper","floor":16},{"not_picked":["Warcry","Pummel","Body Slam+1"],"picked":"SKIP","floor":18},{"not_picked":["Burning Pact","Sword Boomerang+1"],"picked":"Thunderclap+1","floor":21},{"not_picked":["True Grit","Ghostly Armor+1"],"picked":"Dual Wield","floor":22},{"not_picked":["Thunderclap","Flex"],"picked":"Anger+1","floor":24}],"player_experience":52836,"relics_obtained":[{"floor":7,"key":"Pen Nib"},{"floor":9,"key":"Sundial"},{"floor":22,"key":"Red Mask"},{"floor":24,"key":"Meat on the Bone"}],"event_choices":[{"damage_healed":0,"gold_gain":0,"player_choice":"Grow","damage_taken":0,"max_hp_gain":0,"max_hp_loss":0,"event_name":"Living Wall","floor":3,"gold_loss":0,"cards_upgraded":["Blood for Blood"]},{"damage_healed":0,"gold_gain":0,"player_choice":"Success","damage_taken":25,"relics_obtained":["Paper Frog"],"max_hp_gain":0,"max_hp_loss":0,"event_name":"Scrap Ooze","floor":4,"gold_loss":0},{"damage_healed":0,"gold_gain":0,"player_choice":"Donut","damage_taken":0,"max_hp_gain":5,"max_hp_loss":0,"event_name":"Big Fish","floor":12,"gold_loss":0},{"damage_healed":0,"gold_gain":0,"player_choice":"Ignored","damage_taken":0,"max_hp_gain":0,"max_hp_loss":0,"event_name":"The Mausoleum","floor":19,"gold_loss":0},{"damage_healed":0,"gold_gain":0,"player_choice":"Simplicity","damage_taken":0,"max_hp_gain":0,"max_hp_loss":0,"event_name":"Back to Basics","floor":20,"gold_loss":0,"cards_upgraded":["Strike_R","Strike_R","Strike_R","Strike_R","Strike_R","Defend_R"]},{"damage_healed":0,"gold_gain":0,"player_choice":"Fought Bandits","damage_taken":0,"max_hp_gain":0,"max_hp_loss":0,"event_name":"Masked Bandits","floor":22,"gold_loss":0}],"is_beta":false,"boss_relics":[{"not_picked":["Ectoplasm","Empty Cage"],"picked":"Philosopher\u0027s Stone"}],"items_purged_floors":[13],"is_endless":false,"potions_floor_spawned":[1,2,18,24],"killed_by":"Centurion and Healer","ascension_level":0}}