{"host":"lklj3eidp7g5an38","time":1610234940,"event":{"mods":["BaseMod","Minty Spire (QoL Compilation)","Relic Stats","StSLib"],"gold_per_floor":[366,366,43,13,32,32,65,81,81,113,113,133,133,158,158,244,244,266,266,295,345,64,64,64],"floor_reached":23,"playtime":1687,"items_purged":["Decay"],"score":358,"play_id":"4b2a3c9f-3114-4950-acb0-86b68e67a144","local_time":"20210109232900","is_ascension_mode":true,"campfire_choices":[{"data":"Dualcast","floor":6,"key":"SMITH"},{"floor":11,"key":"REST"},{"floor":13,"key":"REST"},{"data":"Capacitor","floor":15,"key":"SMITH"}],"circlet_count":0,"master_deck":["AscendersBane","Strike_B","Strike_B","Strike_B","Strike_B","Defend_B","Defend_B","Defend_B","Defend_B+1","Zap","Dualcast+1","Coolheaded+1","Doom and Gloom","Compile Driver","Turbo","Capacitor+1","Melter","Conserve Battery","Self Repair","Core Surge","Cold Snap","Tempest+1"],"relics":["Cracked Core","War Paint","Shuriken","Question Card","CeramicFish","Nuclear Battery","Cables"],"acts_visited":["Exordium","TheCity"],"potions_floor_usage":[16,20],"damage_taken":[{"damage":0,"enemies":"2 Louse","floor":1,"turns":2},{"damage":0,"enemies":"Cultist","floor":5,"turns":3},{"damage":28,"enemies":"3 Sentries","floor":7,"turns":7},{"damage":4,"enemies":"Jaw Worm","floor":8,"turns":2},{"damage":27,"enemies":"Lagavulin","floor":10,"turns":8},{"damage":8,"enemies":"Exordium Wildlife","floor":12,"turns":2},{"damage":5,"enemies":"2 Fungi Beasts","floor":14,"turns":3},{"damage":16,"enemies":"Slime Boss","floor":16,"turns":11},{"damage":10,"enemies":"Chosen","floor":18,"turns":5},{"damage":13,"enemies":"3 Byrds","floor":20,"turns":5},{"damage":57,"enemies":"Gremlin Leader","floor":23,"turns":4}],"seed_played":"-7745862065407918454","potions_obtained":[{"floor":8,"key":"Ancient Potion"},{"floor":10,"key":"DistilledChaos"},{"floor":14,"key":"Block Potion"}],"is_trial":false,"path_per_floor":["M","?","$","$","M","R","E","M","T","E","R","M","R","M","R","B",null,"M","?","M","?","$","E"],"character_chosen":"DEFECT","items_purchased":["Doom and Gloom","War Paint","Compile Driver","Cables"],"campfire_rested":2,"item_purchase_floors":[3,3,4,22],"current_hp_per_floor":[64,71,71,71,71,71,43,39,39,12,33,25,46,41,41,32,61,58,58,52,52,52,0,0],"gold":64,"neow_bonus":"TWO_FIFTY_GOLD","is_daily":false,"chose_seed":false,"campfire_upgraded":2,"win_rate":0.0,"timestamp":1610234940,"path_taken":["M","?","?","$","M","R","E","?","T","E","R","M","R","M","R","BOSS","M","?","M","?","$","E"],"items_purchased_type":["Card","Relic","Card","Relic"],"build_version":"2020-12-22","purchased_purges":1,"victory":false,"max_hp_per_floor":[71,71,71,71,71,71,71,71,71,71,71,71,71,71,71,71,71,71,71,71,71,71,71,71],"relic_stats":{"counters":[11,52],"Shuriken":[9],"CeramicFish":45,"War Paint":["Coolheaded","Defend_B"],"Question Card":6,"obtain_stats":[{"Shuriken":7,"CeramicFish":10,"War Paint":3,"Cracked Core":0,"Question Card":9,"Nuclear Battery":17,"Cables":22},{"Shuriken":3,"CeramicFish":5,"War Paint":1,"Cracked Core":0,"Question Card":4,"Nuclear Battery":8,"Cables":10},{"Shuriken":12,"CeramicFish":22,"War Paint":2,"Cracked Core":0,"Question Card":14,"Nuclear Battery":38,"Cables":48}],"Cables":[3,0,0,0,3]},"card_choices":[{"not_picked":["Turbo","Redo"],"picked":"Coolheaded","floor":1},{"not_picked":["Ball Lightning","Reprogram"],"picked":"Turbo","floor":5},{"not_picked":["Multi-Cast","Gash"],"picked":"Capacitor","floor":7},{"not_picked":["Barrage","Steam"],"picked":"Melter","floor":8},{"not_picked":["Steam Power","Auto Shields","Compile Driver","Sweeping Beam"],"picked":"SKIP","floor":10},{"not_picked":["Steam","Leap","Beam Cell"],"picked":"Conserve Battery","floor":12},{"not_picked":["Static Discharge","Cold Snap","FTL"],"picked":"Self Repair","floor":14},{"not_picked":["Amplify","Hyperbeam","Reboot"],"picked":"Core Surge","floor":16},{"not_picked":["White Noise","Blizzard","Conserve Battery"],"picked":"Cold Snap","floor":18},{"not_picked":["Gash","BootSequence","Leap"],"picked":"Tempest+1","floor":20}],"player_experience":902953,"relics_obtained":[{"floor":7,"key":"Shuriken"},{"floor":9,"key":"Question Card"},{"floor":10,"key":"CeramicFish"}],"event_choices":[{"damage_healed":7,"gold_gain":0,"player_choice":"Full Heal","damage_taken":0,"max_hp_gain":0,"max_hp_loss":0,"event_name":"Wheel of Change","floor":2,"gold_loss":0},{"damage_healed":0,"gold_gain":0,"player_choice":"Ignored","damage_taken":0,"max_hp_gain":0,"max_hp_loss":0,"event_name":"Ghosts","floor":19,"gold_loss":0},{"damage_healed":0,"gold_gain":50,"player_choice":"Stole From Cult","damage_taken":0,"max_hp_gain":0,"max_hp_loss":0,"event_name":"Nest","floor":21,"gold_loss":0}],"is_beta":false,"boss_relics":[{"not_picked":["Busted Crown","Ectoplasm"],"picked":"Nuclear Battery"}],"items_purged_floors":[3],"is_endless":false,"potions_floor_spawned":[8,10,14],"killed_by":"Gremlin Leader","ascension_level":16}}