{"host":"djfsqftupta9xgss","time":1610155838,"event":{"mods":["ATMod(°¢èªMod)","Act Like it!","BaseMod","Gensokyo","Minty Spire (QoL Compilation)","MostiFishMod","Pale of the Ancients","Replay The Spire","Spicy Shops","StSLib","TestMod"],"gold_per_floor":[109,109,127,146,161,185,185,185,185,216,229,263,314,329,329,401,401,412,427,1000302,302,1000302,334,334,334,334,363,363,389,389,417,417,490,490,507,1000507,524,524,547,547,1000313,316,316,316,338,338,356,389,389,389,389,389,389,1000405,421,421],"floor_reached":57,"playtime":2814,"items_purged":["Strike_B","Defend_B","Defend_B","Strike_B","Defend_B","Strike_B","Defend_B+1","Strike_B+1","Dualcast","Writhe"],"score":3591,"play_id":"cda79f87-509e-40d1-98f7-b2986a121898","local_time":"20210109093038","is_ascension_mode":true,"campfire_choices":[{"floor":15.0,"key":"RECALL"},{"data":"Reboot","floor":25.0,"key":"SMITH"},{"data":"Coolheaded","floor":32.0,"key":"SMITH"},{"data":"AT_DarkMatter","floor":40.0,"key":"SMITH"},{"data":"MostiFishMod:LinkProtocol","floor":49.0,"key":"SMITH"},{"data":"MostiFishMod:Distribution","floor":53.0,"key":"SMITH"}],"circlet_count":0,"master_deck":["AscendersBane","Zap","AT_DarkMatter","Double Energy","testmod-Wormhole+1","AT_ThreeBodyProblem","Hologram","MostiFishMod:Prepare","Turbo+1","Coolheaded+1","Coolheaded+1","AT_WaterDrop","Heatsinks+1","MostiFishMod:Distribution+1","MostiFishMod:ActiveDefenseSystem","Reboot+1","AT_DarkMatter+1","White Noise","Capacitor+1","MostiFishMod:GatherIntelligence","MostiFishMod:Culaccino","Recycle+1","AT_StudyProgram+1","AT_StudyProgram+1","MostiFishMod:LinkProtocol+1","Hyperbeam","testmod-RabbitOfFibonacci"],"relics":["Cracked Core","AT_ATBox","DaveBox","testmod-TestBox","DiscerningMonocle","testmod-Charity","Tiny Chest","SynthV:TestCard","AT_BellowingDragoncrestRing","MetatronsCube","testmod-OneHitWonder","Geode","Orrery","AT_BladeRuinedKing","ReplayTheSpireMod:Lightbulb","Chameleon Ring","Runic Capacitor","testmod-Faith","Blue Doll","Simple Rune","testmod-DragonStarHat","Gremlin Food","ReplayFunnel","testmod-SaigiyounoYou","testmod-MagicalMallet","Bottled Lightning","Happy Flower","Cauldron","Akabeko","Onion Ring","testmod-Justice","HandDrill","Dream Catcher","SynthV:C4","Pet Ghost","Oddly Smooth Stone","Omamori","testmod-LifeArmor","Replay:Ringing Soul","DataDisk","Nunchaku","RhineSuit","ChiLing","Chi","Ling","AT_DeathDance","Bronze Scales","Iron Hammer","Bird Faced Urn","Technique","Frozen Eye","CeramicFish","AT_GoldPhoenixTree","testmod-EqualTreatment","OrangePellets","Replay:Bottled Steam","AT_RedTearstoneRing","Frozen Egg 2","Dodecahedron","HornCleat","Potion Belt","testmod-InfectionSource","AT_ImmortalShieldbow","InkBottle","Bag of Preparation","Ying","StrikeDummy"],"acts_visited":["Exordium","TheCity","TheBeyond","TheEnding"],"potions_floor_usage":[],"damage_taken":[{"damage":17.0,"enemies":"Cultist","floor":1.0,"turns":4.0},{"damage":20.0,"enemies":"Small Slimes","floor":3.0,"turns":4.0},{"damage":3.0,"enemies":"2 Louse","floor":4.0,"turns":4.0},{"damage":2.0,"enemies":"Looter","floor":5.0,"turns":4.0},{"damage":1.0,"enemies":"Replay:BlueRogue","floor":6.0,"turns":6.0},{"damage":0.0,"enemies":"3 Sentries","floor":10.0,"turns":1.0},{"damage":1.0,"enemies":"Large Slime","floor":11.0,"turns":6.0},{"damage":0.0,"enemies":"Lagavulin","floor":12.0,"turns":5.0},{"damage":5.0,"enemies":"Blue Slaver","floor":14.0,"turns":2.0},{"damage":0.0,"enemies":"The Guardian","floor":16.0,"turns":6.0},{"damage":9.0,"enemies":"3 Byrds","floor":18.0,"turns":7.0},{"damage":0.0,"enemies":"Spheric Guardian","floor":19.0,"turns":4.0},{"damage":0.0,"enemies":"Book of Stabbing","floor":23.0,"turns":4.0},{"damage":0.0,"enemies":"Slavers","floor":27.0,"turns":2.0},{"damage":0.0,"enemies":"Book of Stabbing","floor":31.0,"turns":3.0},{"damage":0.0,"enemies":"Collector","floor":33.0,"turns":4.0},{"damage":0.0,"enemies":"3 Darklings","floor":35.0,"turns":3.0},{"damage":3.0,"enemies":"3 Shapes","floor":37.0,"turns":1.0},{"damage":6.0,"enemies":"Writhing Mass","floor":39.0,"turns":2.0},{"damage":0.0,"enemies":"3 Darklings","floor":42.0,"turns":1.0},{"damage":9.0,"enemies":"Maw","floor":45.0,"turns":1.0},{"damage":6.0,"enemies":"Jaw Worm Horde","floor":47.0,"turns":1.0},{"damage":3.0,"enemies":"Reptomancer","floor":48.0,"turns":1.0},{"damage":9.0,"enemies":"Awakened One","floor":50.0,"turns":2.0},{"damage":9.0,"enemies":"Time Eater","floor":51.0,"turns":3.0},{"damage":6,"enemies":"Shield and Spear","floor":55,"turns":1},{"damage":9,"enemies":"The Heart","floor":56,"turns":4}],"seed_played":"6157282313818221821","potions_obtained":[{"floor":1.0,"key":"Strength Potion"},{"floor":12.0,"key":"SpeedPotion"},{"floor":16.0,"key":"Elixir"},{"floor":20.0,"key":"testmod-TimePotion"},{"floor":30.0,"key":"Languid Potion"},{"floor":30.0,"key":"Languid Potion"}],"is_trial":false,"path_per_floor":["M","$","M","M","M","E","?","$","T","E","M","E","T","M","R","B",null,"M","M","$","?","$","E","?","R","T","E","?","T","R","E","R","B",null,"M","$","M","$","M","R","$","M","T","?","M","T","M","E","R","B","B",null,"R","$","E","B",null],"character_chosen":"DEFECT","items_purchased":["testmod-Wormhole","AT_BellowingDragoncrestRing","MetatronsCube","testmod-OneHitWonder","Geode","AT_ThreeBodyProblem","Hologram","Orrery","Energy Potion","ReplayTheSpireMod:Lightbulb","Chameleon Ring","Runic Capacitor","testmod-Faith","Blue Doll","Heatsinks+1","SkillPotion","Simple Rune","testmod-MagicalMallet","Bottled Lightning","Happy Flower","Cauldron","Akabeko","Onion Ring","Fruit Juice","testmod-SpacePotion","PowerPotion","Elixir","AT_DarkMatter","testmod-SpacePotion","testmod-Justice","HandDrill","Dream Catcher","SynthV:C4","Pet Ghost","White Noise","Capacitor+1","Adrenaline Potion","Explosive Potion","LiquidBronze","ChiLing","AT_DeathDance","Bronze Scales","Iron Hammer","Bird Faced Urn","Technique","LiquidMemories","LifebloodPotion","Reflective Coating","Frozen Eye","CeramicFish","AT_GoldPhoenixTree","testmod-EqualTreatment","OrangePellets","Replay:Bottled Steam","AT_RedTearstoneRing","Frozen Egg 2","Dodecahedron","AT_StudyProgram+1","AT_ImmortalShieldbow","InkBottle","Bag of Preparation","Ying","Hyperbeam","testmod-RabbitOfFibonacci"],"campfire_rested":0,"item_purchase_floors":[2,2,2,2,2,2,2,2,2,8,8,8,8,8,8,8,8,20,20,20,20,20,20,20,20,20,20,20,22,22,22,22,22,22,22,22,22,22,22,36,36,36,36,36,36,36,36,36,38,38,38,38,38,41,41,41,41,41,54,54,54,54,54,54],"current_hp_per_floor":[48,48,29,27,27,27,27,27,27,28,28,29,30,26,26,27,69,78,81,95,65,65,77,77,77,77,82,82,83,83,97,97,112,112,113,113,113,113,118,118,123,125,125,125,130,130,131,130,130,132,132,132,132,137,138,138],"gold":421,"neow_bonus":"RANDOM_COMMON_RELIC","is_daily":false,"chose_seed":false,"campfire_upgraded":5,"win_rate":0.0,"timestamp":1610155838,"path_taken":["M","$","M","?","M","E","?","$","T","E","?","E","?","M","R","BOSS","M","M","$","?","$","E","?","R","T","E","?","?","R","E","R","BOSS","M","$","?","?","M","R","$","M","T","?","M","?","M","E","R","BOSS","BOSS","R","$","E","BOSS"],"items_purchased_type":["Card","Relic","Relic","Relic","Relic","Card","Card","Relic","Potion","Relic","Relic","Relic","Relic","Relic","Card","Potion","Relic","Relic","Relic","Relic","Relic","Relic","Relic","Potion","Potion","Potion","Potion","Card","Potion","Relic","Relic","Relic","Relic","Relic","Card","Card","Potion","Potion","Potion","Relic","Relic","Relic","Relic","Relic","Relic","Potion","Potion","Potion","Relic","Relic","Relic","Relic","Relic","Relic","Relic","Relic","Relic","Card","Relic","Relic","Relic","Relic","Card","Card"],"build_version":"2020-12-22","purchased_purges":10,"victory":true,"max_hp_per_floor":[72,72,73,74,76,77,77,77,77,78,79,80,81,82,82,83,83,84,85,99,104,104,105,105,105,105,106,106,107,107,111,111,112,112,113,113,114,114,119,119,124,125,125,125,130,130,131,132,132,132,132,132,132,137,138,138],"card_choices":[{"not_picked":["Go for the Eyes","Stack"],"picked":"Double Energy","floor":1.0},{"not_picked":["Glacier","Capacitor","Gash","Force Field"],"picked":"MostiFishMod:Prepare","floor":2.0},{"not_picked":["MostiFishMod:PushDownKick","AT_HeatAcrobatics","Barrage","Compile Driver"],"picked":"Turbo","floor":2.0},{"not_picked":["Auto Shields","Darkness","Lockon","MostiFishMod:PushDownKick"],"picked":"Coolheaded","floor":2.0},{"not_picked":["Compile Driver","Melter","Rebound","Self Repair"],"picked":"Coolheaded","floor":3.0},{"not_picked":["AT_EMC2","Ball Lightning","Turbo","AT_HeatAcrobatics"],"picked":"AT_WaterDrop","floor":4.0},{"not_picked":["Scrape","Reprogram","MostiFishMod:Impulse","Stack","AT_HeatAcrobatics"],"picked":"SKIP","floor":5.0},{"not_picked":["Coolheaded","Turbo","Consume","Compile Driver","Undo"],"picked":"SKIP","floor":6.0},{"not_picked":["AT_ThreeBodyProblem","Ball Lightning","Redo","Barrage","Beam Cell"],"picked":"SKIP","floor":10.0},{"not_picked":["Conserve Battery","MostiFishMod:PushDownKick","Redo","Steam Power"],"picked":"MostiFishMod:Distribution","floor":11.0},{"not_picked":["Steam","Compile Driver","Hello World","Barrage","AT_HeatAcrobatics"],"picked":"SKIP","floor":12.0},{"not_picked":["Barrage","Steam","Scrape","Fusion","Auto Shields"],"picked":"SKIP","floor":14.0},{"not_picked":["MostiFishMod:Exploitation","MostiFishMod:GoodWordForIt","MostiFishMod:InterfaceCompatibility","Reboot"],"picked":"MostiFishMod:ActiveDefenseSystem","floor":16.0},{"not_picked":["Sunder","Sweeping Beam","Compile Driver","Stack","MostiFishMod:PushDownKick"],"picked":"SKIP","floor":18.0},{"not_picked":["Beam Cell","Melter","Steam+1","Turbo+1"],"picked":"Reboot","floor":19.0},{"not_picked":["Blizzard","Gash","Steam","Cold Snap"],"picked":"MostiFishMod:GatherIntelligence","floor":23.0},{"not_picked":["Doom and Gloom","BootSequence","Glacier","MostiFishMod:Prepare","Leap"],"picked":"SKIP","floor":27.0},{"not_picked":["MostiFishMod:GatherIntelligence","Rebound","AT_HeatAcrobatics","Sweeping Beam"],"picked":"MostiFishMod:Culaccino","floor":31.0},{"not_picked":["Redo","Melter","BootSequence","Leap","Hello World+1"],"picked":"SKIP","floor":35.0},{"not_picked":["Turbo","Compile Driver","Hologram","Sweeping Beam","Streamline"],"picked":"SKIP","floor":37.0},{"not_picked":["Reprogram","Rebound","Machine Learning","AT_HeatAcrobatics"],"picked":"Recycle+1","floor":39.0},{"not_picked":["MostiFishMod:ReprogramOld","Coolheaded","Self Repair+1","Beam Cell+1","Redo"],"picked":"SKIP","floor":42.0},{"not_picked":["Rebound","Steam+1","Meteor Strike","MostiFishMod:PushDownKick"],"picked":"MostiFishMod:LinkProtocol","floor":45.0},{"not_picked":["AT_StudyProgram+1","White Noise","Rebound","MostiFishMod:GatherIntelligence","Turbo"],"picked":"SKIP","floor":47.0},{"not_picked":["Rip and Tear","Barrage","Chill+1","Steam","Turbo"],"picked":"SKIP","floor":48.0},{"not_picked":["Compile Driver+1","Hologram","Lockon","MostiFishMod:IntelligentEquipment+1","Cold Snap+1"],"picked":"SKIP","floor":55}],"player_experience":363083,"relics_obtained":[{"floor":1.0,"key":"SynthV:TestCard"},{"floor":6.0,"key":"AT_BladeRuinedKing"},{"floor":10.0,"key":"testmod-DragonStarHat"},{"floor":12.0,"key":"Gremlin Food"},{"floor":13.0,"key":"ReplayFunnel"},{"floor":23.0,"key":"Oddly Smooth Stone"},{"floor":26.0,"key":"testmod-LifeArmor"},{"floor":27.0,"key":"Replay:Ringing Soul"},{"floor":29.0,"key":"DataDisk"},{"floor":31.0,"key":"Nunchaku"},{"floor":43.0,"key":"HornCleat"},{"floor":46.0,"key":"Potion Belt"},{"floor":48.0,"key":"testmod-InfectionSource"},{"floor":55,"key":"StrikeDummy"}],"event_choices":[{"damage_healed":0.0,"max_hp_gain":0.0,"max_hp_loss":0.0,"gold_gain":0.0,"event_name":"Upgrade Shrine","player_choice":"Upgraded","floor":7.0,"gold_loss":0.0,"damage_taken":0.0,"cards_upgraded":["testmod-Wormhole"]},{"damage_healed":0.0,"max_hp_gain":5.0,"max_hp_loss":0.0,"gold_gain":0.0,"event_name":"Forgotten Altar","player_choice":"Shed Blood","floor":21.0,"gold_loss":0.0,"damage_taken":35.0},{"damage_healed":0.0,"max_hp_gain":0.0,"max_hp_loss":0.0,"gold_gain":0.0,"event_name":"The Mausoleum","player_choice":"Opened","floor":24.0,"gold_loss":0.0,"damage_taken":0.0,"relics_obtained":["Omamori"],"cards_obtained":["Writhe"]},{"damage_healed":25.0,"max_hp_gain":0.0,"max_hp_loss":0.0,"gold_gain":0.0,"event_name":"Winding Halls","player_choice":"Writhe","floor":44.0,"gold_loss":0.0,"damage_taken":0.0,"cards_obtained":["Writhe"]}],"is_beta":false,"boss_relics":[{"not_picked":["HereWithMe","RhineFirstAidKit"],"picked":"testmod-SaigiyounoYou"},{"not_picked":["Replay:Drink Me","ShadowXiaoBlade"],"picked":"RhineSuit"}],"items_purged_floors":[2,8,8,20,22,36,38,38,41,54],"is_endless":false,"potions_floor_spawned":[1,4,12,16,18,19,37,42,45],"ascension_level":20}}