{"host":"m6aaltr68g9tvoay","time":1610172348,"event":{"mods":["AchievementEnabler","BaseMod","Colored Map","Minty Spire (QoL Compilation)","StSLib"],"gold_per_floor":[114,79,79,90,101,101,101,129,129,56,56,75,86,106,106,183,183,200,32,51,51,65,65,65,65,88,101,101,133,133,149,149,149,149],"floor_reached":33,"playtime":1042,"items_purged":[],"score":532,"play_id":"4b6e4cf5-26bb-4ae6-ba31-42520d8aa735","local_time":"20210108220548","is_ascension_mode":true,"campfire_choices":[{"floor":6,"key":"REST"},{"floor":11,"key":"REST"},{"floor":15,"key":"REST"},{"floor":23,"key":"REST"},{"floor":28,"key":"REST"},{"floor":32,"key":"REST"}],"circlet_count":0,"master_deck":["AscendersBane","Strike_R+1","Strike_R+1","Strike_R+1","Strike_R+1","Strike_R+1","Defend_R+1","Defend_R+1","Defend_R+1","Defend_R+1","Bash","Uppercut+1","Fire Breathing","Spot Weakness","Intimidate","Cleave","Shrug It Off","Feed+1","Power Through","Headbutt","Clothesline","Shame","Writhe","Rampage","Iron Wave+1","Dropkick"],"relics":["Burning Blood","Ancient Tea Set","Gambling Chip","Potion Belt","Letter Opener","Pear","SacredBark","HandDrill","Self Forming Clay","Nunchaku","Whetstone","Red Mask"],"acts_visited":["Exordium","TheCity"],"potions_floor_usage":[8,18,20,29,33,33],"damage_taken":[{"damage":12,"enemies":"Cultist","floor":1,"turns":4},{"damage":11,"enemies":"Jaw Worm","floor":4,"turns":4},{"damage":7,"enemies":"Small Slimes","floor":5,"turns":3},{"damage":35,"enemies":"Lagavulin","floor":8,"turns":5},{"damage":9,"enemies":"3 Louse","floor":12,"turns":3},{"damage":30,"enemies":"Gremlin Gang","floor":13,"turns":4},{"damage":13,"enemies":"Blue Slaver","floor":14,"turns":4},{"damage":64,"enemies":"The Guardian","floor":16,"turns":11},{"damage":14,"enemies":"2 Thieves","floor":18,"turns":4},{"damage":26,"enemies":"3 Byrds","floor":20,"turns":5},{"damage":27,"enemies":"Snake Plant","floor":22,"turns":6},{"damage":13,"enemies":"Centurion and Healer","floor":27,"turns":8},{"damage":20,"enemies":"Masked Bandits","floor":29,"turns":6},{"damage":33,"enemies":"3 Cultists","floor":31,"turns":6},{"damage":60,"enemies":"Collector","floor":33,"turns":5}],"seed_played":"3314755611868856002","potions_obtained":[{"floor":5,"key":"AttackPotion"},{"floor":12,"key":"Fire Potion"},{"floor":14,"key":"Dexterity Potion"},{"floor":16,"key":"Fire Potion"},{"floor":27,"key":"LiquidMemories"},{"floor":29,"key":"Ancient Potion"}],"is_trial":false,"path_per_floor":["M","?","?","M","M","R","?","E","T","?","R","M","M","M","R","B",null,"M","$","M","?","M","R","?","?","T","M","R","?","?","M","R","B"],"character_chosen":"IRONCLAD","items_purchased":["HandDrill"],"campfire_rested":6,"item_purchase_floors":[19],"current_hp_per_floor":[62,75,49,44,43,65,75,46,46,56,81,78,54,47,72,14,67,62,62,45,45,27,55,55,55,55,52,81,71,40,17,50,0,0],"gold":149,"neow_bonus":"RANDOM_COMMON_RELIC","is_daily":false,"chose_seed":false,"campfire_upgraded":0,"win_rate":0.0,"timestamp":1610172348,"path_taken":["M","?","?","M","M","R","?","E","T","?","R","M","?","M","R","BOSS","M","$","M","?","M","R","?","?","T","M","R","?","?","M","R","BOSS"],"items_purchased_type":["Relic"],"build_version":"2020-12-22","purchased_purges":0,"victory":false,"max_hp_per_floor":[75,75,75,75,75,75,75,75,75,85,85,85,85,85,85,85,85,88,88,91,91,94,94,94,94,94,98,98,102,107,111,111,111,111],"card_choices":[{"not_picked":["Twin Strike","Pummel"],"picked":"Uppercut","floor":1},{"not_picked":["Searing Blow","Evolve","Entrench"],"picked":"SKIP","floor":4},{"not_picked":["Dropkick","Pommel Strike"],"picked":"Fire Breathing","floor":5},{"not_picked":["Brutality","Shrug It Off"],"picked":"Spot Weakness","floor":8},{"not_picked":["Warcry","Dark Embrace"],"picked":"Intimidate","floor":12},{"not_picked":["Headbutt","Body Slam"],"picked":"Cleave","floor":13},{"not_picked":["Reckless Charge","Pommel Strike"],"picked":"Shrug It Off","floor":14},{"not_picked":["Double Tap","Bludgeon"],"picked":"Feed","floor":16},{"not_picked":["Perfected Strike","Twin Strike"],"picked":"Power Through","floor":18},{"not_picked":["Havoc","Clash+1"],"picked":"Headbutt","floor":20},{"not_picked":["Armaments","Thunderclap"],"picked":"Clothesline","floor":22},{"not_picked":["Armaments","True Grit"],"picked":"Rampage","floor":27},{"not_picked":["Hemokinesis","Body Slam+1"],"picked":"Iron Wave+1","floor":29},{"not_picked":["Armaments","Body Slam+1"],"picked":"Dropkick","floor":31}],"player_experience":1346453,"relics_obtained":[{"floor":8,"key":"Potion Belt"},{"floor":9,"key":"Letter Opener"},{"floor":26,"key":"Whetstone"},{"floor":29,"key":"Red Mask"}],"event_choices":[{"damage_healed":18,"gold_gain":0,"player_choice":"Healed","damage_taken":0,"max_hp_gain":0,"max_hp_loss":0,"event_name":"The Cleric","floor":2,"gold_loss":35},{"damage_healed":0,"gold_gain":0,"player_choice":"Success","damage_taken":26,"relics_obtained":["Gambling Chip"],"max_hp_gain":0,"max_hp_loss":0,"event_name":"Scrap Ooze","floor":3,"gold_loss":0},{"damage_healed":25,"gold_gain":0,"player_choice":"Banana","damage_taken":0,"max_hp_gain":0,"max_hp_loss":0,"event_name":"Big Fish","floor":7,"gold_loss":0},{"damage_healed":0,"gold_gain":0,"player_choice":"Paid Gold","damage_taken":0,"relics_obtained":["Pear"],"max_hp_gain":0,"max_hp_loss":0,"event_name":"WeMeetAgain","floor":10,"gold_loss":73},{"damage_healed":0,"gold_gain":0,"player_choice":"Simplicity","damage_taken":0,"max_hp_gain":0,"max_hp_loss":0,"event_name":"Back to Basics","floor":21,"gold_loss":0,"cards_upgraded":["Strike_R","Strike_R","Strike_R","Strike_R","Strike_R","Defend_R","Defend_R","Defend_R","Defend_R"]},{"damage_healed":0,"gold_gain":0,"player_choice":"Stole Relic","damage_taken":0,"relics_obtained":["Self Forming Clay"],"max_hp_gain":0,"max_hp_loss":0,"event_name":"Addict","floor":24,"gold_loss":0,"cards_obtained":["Shame"]},{"damage_healed":0,"gold_gain":0,"player_choice":"Opened","damage_taken":0,"relics_obtained":["Nunchaku"],"max_hp_gain":0,"max_hp_loss":0,"event_name":"The Mausoleum","floor":25,"gold_loss":0,"cards_obtained":["Writhe"]},{"damage_healed":0,"gold_gain":0,"player_choice":"Fought Bandits","damage_taken":0,"max_hp_gain":0,"max_hp_loss":0,"event_name":"Masked Bandits","floor":29,"gold_loss":0},{"damage_healed":0,"gold_gain":0,"player_choice":"Shed Blood","damage_taken":36,"max_hp_gain":5,"max_hp_loss":0,"event_name":"Forgotten Altar","floor":30,"gold_loss":0}],"is_beta":false,"boss_relics":[{"not_picked":["Pandora\u0027s Box","Empty Cage"],"picked":"SacredBark"}],"items_purged_floors":[],"is_endless":false,"potions_floor_spawned":[5,12,14,16,27,29],"killed_by":"Collector","ascension_level":19}}