{"host":"r1hgdlwib9qjn5kx","time":1610208599,"event":{"mods":["BaseMod","Downfall","Duelist Mod","Hermit","Hubris","Marisa????????","Minty Spire (QoL Compilation)","READ ME - Guardian Mod","Replay The Spire","StSLib","The Bug Knight","The Cursed","The Disciple","The Necromancer","The Senshi","The Servant 0.9.4"],"gold_per_floor":[110,185,185,240,240,240,275,5,5,38,38,56,90,365,365,466,466,466,466],"floor_reached":18,"playtime":3267,"items_purged":["Heavy Blade"],"score":235,"play_id":"a42bc608-82d9-4dd2-9962-a52c57b0db0c","local_time":"20210109160959","is_ascension_mode":true,"campfire_choices":[{"data":"hubris:SharpeningStone","floor":6,"key":"SMITH"},{"data":"Cleave","floor":15,"key":"SMITH"}],"circlet_count":0,"master_deck":["Strike_R","Strike_R","Strike_R","Strike_R","Defend_R","Defend_R","Defend_R","Defend_R","Bash","hubris:SharpeningStone+1","Shrug It Off","Cleave+1","Barricade+1","Battle Trance","Shockwave","hubris:CleavingFinish","Regret","Demonic Infusion"],"relics":["Burning Blood","NeowsBlessing","hubris:DeckOfHolding","ReplayTheSpireMod:Ring of Addiction","Ring of Searing","Toy Ornithopter","Potion Belt","Darkstone Periapt","hubris:CrystalStatue","Quantum Egg","Replay:WaspNest","Velvet Choker"],"acts_visited":["Exordium","TheCity"],"potions_floor_usage":[7,13,16,18],"damage_taken":[{"damage":0,"enemies":"Jaw Worm","floor":1,"turns":1},{"damage":5,"enemies":"3 Sentries","floor":7,"turns":2},{"damage":0,"enemies":"Gremlin Nob","floor":10,"turns":1},{"damage":5,"enemies":"2 Louse","floor":12,"turns":2},{"damage":25,"enemies":"Lagavulin","floor":13,"turns":6},{"damage":25,"enemies":"Hexaghost","floor":16,"turns":7},{"damage":0,"enemies":"Shell Parasite","floor":18,"turns":1}],"seed_played":"-5023219031513941091","potions_obtained":[{"floor":5,"key":"ElixirPotion"},{"floor":5,"key":"Dexterity Potion"},{"floor":5,"key":"PowerPotion"},{"floor":7,"key":"Adrenaline Potion"},{"floor":16,"key":"DuplicationPotion"}],"is_trial":false,"path_per_floor":["M","?","?","?","?","R","E","$","T","E","$","M","E","?","R","B",null,"M"],"character_chosen":"IRONCLAD","items_purchased":["Barricade+1","Battle Trance"],"campfire_rested":0,"item_purchase_floors":[8,8],"current_hp_per_floor":[80,69,69,69,69,69,75,75,75,80,78,78,59,65,65,51,84,84,84],"gold":466,"neow_bonus":"THREE_ENEMY_KILL","is_daily":false,"chose_seed":false,"campfire_upgraded":2,"win_rate":0.0,"timestamp":1610208599,"path_taken":["M","?","?","?","?","R","E","$","T","E","?","M","E","?","R","BOSS","M"],"items_purchased_type":["Card","Card"],"build_version":"2020-12-22","purchased_purges":1,"victory":false,"max_hp_per_floor":[80,80,80,80,80,80,80,80,80,80,78,78,78,84,84,84,84,84,84],"card_choices":[{"not_picked":["Anger","Warcry"],"picked":"Heavy Blade","floor":1},{"not_picked":["Searing Blow","Clothesline"],"picked":"hubris:SharpeningStone","floor":4},{"not_picked":["ReplayTheSpireMod:Strike From Hell","Infernal Blade"],"picked":"Shrug It Off","floor":4},{"not_picked":["Rupture","Run Through"],"picked":"Cleave","floor":7},{"not_picked":["Clothesline","Clash"],"picked":"Shockwave","floor":10},{"not_picked":["Replay:Undeath\u0027s Touch","Infernal Blade","ReplayTheSpireMod:Strike From Hell"],"picked":"SKIP","floor":12},{"not_picked":["ReplayTheSpireMod:Strike From Hell","Thunderclap"],"picked":"hubris:CleavingFinish","floor":13},{"not_picked":["Reaper","Brutality"],"picked":"Demonic Infusion","floor":16}],"player_experience":334112,"relics_obtained":[{"floor":4,"key":"hubris:DeckOfHolding"},{"floor":5,"key":"ReplayTheSpireMod:Ring of Addiction"},{"floor":5,"key":"Ring of Searing"},{"floor":5,"key":"Toy Ornithopter"},{"floor":5,"key":"Potion Belt"},{"floor":7,"key":"Darkstone Periapt"},{"floor":9,"key":"hubris:CrystalStatue"},{"floor":10,"key":"Quantum Egg"},{"floor":13,"key":"Replay:WaspNest"}],"event_choices":[{"damage_healed":0,"gold_gain":75,"player_choice":"Gather Gold","damage_taken":11,"max_hp_gain":0,"max_hp_loss":0,"event_name":"World of Goop","floor":2,"gold_loss":0},{"cards_removed":["Strike_R"],"damage_healed":0,"gold_gain":0,"player_choice":"Forget","damage_taken":0,"max_hp_gain":0,"max_hp_loss":0,"event_name":"Living Wall","floor":3,"gold_loss":0},{"damage_healed":0,"gold_gain":275,"player_choice":"Desecrate","damage_taken":0,"max_hp_gain":0,"max_hp_loss":0,"event_name":"Golden Shrine","floor":14,"gold_loss":0,"cards_obtained":["Regret"]}],"is_beta":false,"boss_relics":[{"not_picked":["Black Star","ReplayTheSpireMod:DimensionalGlitch"],"picked":"Velvet Choker"}],"items_purged_floors":[8],"is_endless":false,"potions_floor_spawned":[7,16],"killed_by":"Shell Parasite","ascension_level":1}}