{"host":"bbjnqymry46jz0fa","time":1610202721,"event":{"mods":["BaseMod","DeckTracker","Minty Spire (QoL Compilation)","Quick Restart","StSLib","SuperFastMode"],"gold_per_floor":[114,129,279,279,31,31,64,80,80,95,95,121,121,121,121,121,121],"floor_reached":16,"playtime":372,"items_purged":[],"score":316,"play_id":"036faed2-5f53-4589-9ad6-7535f0a0f3c1","local_time":"20210109233201","is_ascension_mode":true,"campfire_choices":[{"data":"Dark Embrace","floor":11.0,"key":"SMITH"},{"data":"Evolve","floor":13.0,"key":"SMITH"},{"data":"Fiend Fire","floor":15.0,"key":"SMITH"}],"circlet_count":0,"master_deck":["AscendersBane","Strike_R","Strike_R","Strike_R","Strike_R","Defend_R","Defend_R","Defend_R","Defend_R","Bash","Blood for Blood","Pommel Strike","Dark Embrace+1","Fiend Fire+1","Pommel Strike","Burning Pact","Feel No Pain","Feel No Pain","Shrug It Off","Evolve+1","Decay"],"relics":["Coffee Dripper","Orrery","Gremlin Horn","Toy Ornithopter","Boot"],"acts_visited":["Exordium"],"potions_floor_usage":[],"damage_taken":[{"damage":1.0,"enemies":"Cultist","floor":1.0,"turns":3.0},{"damage":2.0,"enemies":"Jaw Worm","floor":2.0,"turns":2.0},{"damage":39.0,"enemies":"Lagavulin","floor":7.0,"turns":6.0},{"damage":2.0,"enemies":"Small Slimes","floor":8.0,"turns":2.0},{"damage":9.0,"enemies":"3 Louse","floor":10.0,"turns":3.0},{"damage":8.0,"enemies":"Gremlin Nob","floor":12.0,"turns":3.0},{"damage":38,"enemies":"Slime Boss","floor":16,"turns":8}],"seed_played":"5359302090631689304","potions_obtained":[{"floor":2.0,"key":"PowerPotion"},{"floor":8.0,"key":"Strength Potion"},{"floor":10.0,"key":"BloodPotion"}],"is_trial":false,"path_per_floor":["M","M","?","?","$","?","E","M","T","M","R","E","R","?","R","B"],"character_chosen":"IRONCLAD","items_purchased":["Orrery","Feel No Pain"],"campfire_rested":0,"item_purchase_floors":[5,5],"current_hp_per_floor":[67,65,65,65,65,58,19,17,17,8,8,25,25,25,25,0,0],"gold":121,"neow_bonus":"BOSS_RELIC","is_daily":false,"chose_seed":false,"campfire_upgraded":3,"win_rate":0.0,"timestamp":1610202721,"path_taken":["M","M","?","?","?","?","E","M","T","M","R","E","R","?","R","BOSS"],"items_purchased_type":["Relic","Card"],"build_version":"2020-12-22","purchased_purges":0,"victory":false,"max_hp_per_floor":[75,75,75,75,75,75,75,75,75,75,75,75,75,75,75,75,75],"card_choices":[{"not_picked":["Iron Wave","Body Slam"],"picked":"Blood for Blood","floor":1.0},{"not_picked":["True Grit","Warcry"],"picked":"Pommel Strike","floor":2.0},{"not_picked":["Clash","Clothesline"],"picked":"Dark Embrace","floor":5.0},{"not_picked":["Body Slam","Impervious"],"picked":"Fiend Fire","floor":5.0},{"not_picked":["Twin Strike","Dark Embrace"],"picked":"Pommel Strike","floor":5.0},{"not_picked":["Inflame","Sword Boomerang"],"picked":"Burning Pact","floor":5.0},{"not_picked":["True Grit","Clothesline"],"picked":"Feel No Pain","floor":7.0},{"not_picked":["Immolate","Sword Boomerang","Pommel Strike"],"picked":"SKIP","floor":8.0},{"not_picked":["Cleave","Dark Embrace"],"picked":"Shrug It Off","floor":10.0},{"not_picked":["Iron Wave","Reckless Charge"],"picked":"Evolve","floor":12.0}],"player_experience":729995,"relics_obtained":[{"floor":7.0,"key":"Gremlin Horn"},{"floor":9.0,"key":"Toy Ornithopter"},{"floor":12.0,"key":"Boot"}],"event_choices":[{"damage_healed":0.0,"max_hp_gain":0.0,"max_hp_loss":0.0,"gold_gain":150.0,"event_name":"Liars Game","player_choice":"AGREE","floor":3.0,"gold_loss":0.0,"damage_taken":0.0,"cards_obtained":["Doubt"]},{"cards_removed":["Doubt"],"damage_healed":0.0,"max_hp_gain":0.0,"max_hp_loss":0.0,"gold_gain":0.0,"event_name":"Living Wall","player_choice":"Forget","floor":4.0,"gold_loss":0.0,"damage_taken":0.0},{"cards_removed":["Strike_R"],"damage_healed":0.0,"max_hp_gain":0.0,"max_hp_loss":0.0,"gold_gain":0.0,"event_name":"Golden Wing","player_choice":"Card Removal","floor":6.0,"gold_loss":0.0,"damage_taken":7.0},{"damage_healed":0.0,"max_hp_gain":0.0,"max_hp_loss":0.0,"gold_gain":0.0,"event_name":"Wheel of Change","player_choice":"Cursed","floor":14.0,"gold_loss":0.0,"damage_taken":0.0,"cards_obtained":["Decay"]}],"is_beta":false,"boss_relics":[],"items_purged_floors":[],"is_endless":false,"potions_floor_spawned":[2,8,10],"killed_by":"Slime Boss","ascension_level":20}}