{"host":"wha9hktbkslqvblg","time":1610155726,"event":{"mods":["BaseMod","Colored Map","Minty Spire (QoL Compilation)","Relic Stats","SuperFastMode","everything is the same but u backflip on backflip"],"gold_per_floor":[116,191,191,116,116,116,41,69,95,128,128,160,160,160,160,237,237,248,226,226,89,89,89,89,89],"floor_reached":24,"playtime":371,"items_purged":["Strike_R"],"score":612,"play_id":"1f043473-fc14-4b0d-be24-419af851a171","local_time":"20210109102846","is_ascension_mode":true,"campfire_choices":[{"data":"Uppercut","floor":6.0,"key":"SMITH"},{"data":"Body Slam","floor":11.0,"key":"SMITH"},{"data":"Armaments","floor":13.0,"key":"SMITH"},{"floor":15.0,"key":"REST"},{"data":"True Grit","floor":23,"key":"SMITH"}],"circlet_count":0,"master_deck":["AscendersBane","Strike_R","Strike_R","Strike_R","Defend_R","Defend_R","Defend_R","Defend_R","Uppercut+1","Body Slam+1","Armaments+1","True Grit+1","Dark Embrace"],"relics":["Burning Blood","NeowsBlessing","Anchor","Sundial","Lantern","Regal Pillow","SlaversCollar","Darkstone Periapt"],"acts_visited":["Exordium","TheCity"],"potions_floor_usage":[24,24],"damage_taken":[{"damage":0.0,"enemies":"2 Louse","floor":1.0,"turns":1.0},{"damage":0.0,"enemies":"3 Sentries","floor":8.0,"turns":2.0},{"damage":0.0,"enemies":"Lagavulin","floor":10.0,"turns":1.0},{"damage":43.0,"enemies":"Gremlin Nob","floor":12.0,"turns":5.0},{"damage":0.0,"enemies":"The Guardian","floor":16.0,"turns":8.0},{"damage":34.0,"enemies":"3 Byrds","floor":18.0,"turns":9.0},{"damage":5.0,"enemies":"2 Thieves","floor":19.0,"turns":4.0},{"damage":40,"enemies":"Gremlin Leader","floor":24,"turns":6}],"seed_played":"-5266547569677115539","potions_obtained":[{"floor":1.0,"key":"Weak Potion"},{"floor":12.0,"key":"PowerPotion"},{"floor":19.0,"key":"FearPotion"},{"floor":20.0,"key":"Explosive Potion"},{"floor":20.0,"key":"PowerPotion"}],"is_trial":false,"path_per_floor":["M","?","?","$","?","R","?","E","T","E","R","E","R","?","R","B",null,"M","M","?","$","T","R","E"],"character_chosen":"IRONCLAD","items_purchased":["True Grit","Dark Embrace"],"campfire_rested":1,"item_purchase_floors":[21,21],"current_hp_per_floor":[74,63,68,68,61,61,61,67,67,73,73,36,36,25,64,70,78,50,51,51,51,51,51,11,11],"gold":89,"neow_bonus":"THREE_ENEMY_KILL","is_daily":false,"chose_seed":false,"campfire_upgraded":4,"win_rate":0.0,"timestamp":1610155726,"path_taken":["M","?","?","?","?","R","?","E","T","E","R","E","R","?","R","BOSS","M","M","?","$","?","R","E"],"items_purchased_type":["Card","Card"],"build_version":"2020-12-22","purchased_purges":1,"victory":false,"max_hp_per_floor":[75,75,80,80,80,80,80,80,80,80,80,80,80,80,80,80,80,80,80,80,80,80,80,80,80],"relic_stats":{"Darkstone Periapt":0,"Regal Pillow":15,"counters":[8,36],"Sundial":[8],"obtain_stats":[{"Darkstone Periapt":22,"SlaversCollar":17,"Anchor":8,"Lantern":12,"Regal Pillow":14,"NeowsBlessing":0,"Sundial":10,"Burning Blood":0},{"Darkstone Periapt":7,"SlaversCollar":5,"Anchor":2,"Lantern":4,"Regal Pillow":4,"NeowsBlessing":0,"Sundial":3,"Burning Blood":0},{"Darkstone Periapt":30,"SlaversCollar":17,"Anchor":3,"Lantern":9,"Regal Pillow":9,"NeowsBlessing":0,"Sundial":4,"Burning Blood":0}],"Burning Blood":42},"card_choices":[{"not_picked":["Fire Breathing","Wild Strike"],"picked":"Uppercut","floor":1.0},{"not_picked":["Hemokinesis","Perfected Strike"],"picked":"Body Slam","floor":8.0},{"not_picked":["Metallicize","Wild Strike","Intimidate"],"picked":"SKIP","floor":10.0},{"not_picked":["Anger","Clash"],"picked":"Armaments","floor":12.0},{"not_picked":["Clash+1","Armaments","Heavy Blade+1"],"picked":"SKIP","floor":18.0},{"not_picked":["Havoc","Warcry","Pummel"],"picked":"SKIP","floor":19.0}],"player_experience":948213,"relics_obtained":[{"floor":8.0,"key":"Anchor"},{"floor":10.0,"key":"Sundial"},{"floor":12.0,"key":"Lantern"},{"floor":22,"key":"Darkstone Periapt"}],"event_choices":[{"damage_healed":0.0,"max_hp_gain":0.0,"max_hp_loss":0.0,"gold_gain":75.0,"event_name":"World of Goop","player_choice":"Gather Gold","floor":2.0,"gold_loss":0.0,"damage_taken":11.0},{"damage_healed":0.0,"max_hp_gain":5.0,"max_hp_loss":0.0,"gold_gain":0.0,"event_name":"Big Fish","player_choice":"Donut","floor":3.0,"gold_loss":0.0,"damage_taken":0.0},{"cards_removed":["Bash"],"damage_healed":0.0,"max_hp_gain":0.0,"max_hp_loss":0.0,"gold_gain":0.0,"event_name":"Golden Wing","player_choice":"Card Removal","floor":5.0,"gold_loss":0.0,"damage_taken":7.0},{"cards_removed":["Strike_R"],"damage_healed":0.0,"max_hp_gain":0.0,"max_hp_loss":0.0,"gold_gain":0.0,"event_name":"The Cleric","player_choice":"Card Removal","floor":7.0,"gold_loss":75.0,"damage_taken":0.0},{"damage_healed":0.0,"max_hp_gain":0.0,"max_hp_loss":0.0,"gold_gain":0.0,"event_name":"Scrap Ooze","player_choice":"Success","floor":14.0,"gold_loss":0.0,"damage_taken":11.0,"relics_obtained":["Regal Pillow"]},{"damage_healed":0.0,"max_hp_gain":0.0,"max_hp_loss":0.0,"gold_gain":0.0,"event_name":"Lab","player_choice":"Got Potions","floor":20.0,"gold_loss":0.0,"damage_taken":0.0}],"is_beta":false,"boss_relics":[{"not_picked":["Calling Bell","Fusion Hammer"],"picked":"SlaversCollar"}],"items_purged_floors":[4],"is_endless":false,"potions_floor_spawned":[1,12,19],"killed_by":"Gremlin Leader","ascension_level":20}}