{"host":"i4eavuqabbk5mi94","time":1610222562,"event":{"mods":["BaseMod","Googly Eyes","Minty Spire (QoL Compilation)"],"gold_per_floor":[113,63,78,29,41,71,71,101,101,117,137,137,198,45,45,150,150,162,162,181,96,112,147,161,161,188,188,88,104,137,151,151,250,250,267,267,281,281,291,305,334,334,334,365,38,38,38,54,54,54,54],"floor_reached":50,"playtime":2874,"items_purged":["Defend_R","Strike_R"],"score":746,"play_id":"68179e72-4df1-4903-8f74-12f1f3f3f8dd","local_time":"20210109200242","is_ascension_mode":true,"campfire_choices":[{"floor":7.0,"key":"REST"},{"floor":15.0,"key":"REST"},{"floor":25.0,"key":"REST"},{"data":"Heavy Blade","floor":32.0,"key":"SMITH"},{"floor":42,"key":"REST"},{"data":"Bludgeon","floor":46,"key":"SMITH"},{"floor":49,"key":"REST"}],"circlet_count":0,"master_deck":["Strike_R","Strike_R","Defend_R","Defend_R","Defend_R","Bash","Cleave","Uppercut","Shrug It Off","Inflame","Twin Strike","Disarm","Inflame","Metallicize","Feed","Flex+1","Demon Form+1","Spot Weakness+1","Heavy Blade+1","Bludgeon+1","Flex+1","Heavy Blade+1","Immolate","Barricade","Bludgeon","Whirlwind+1"],"relics":["Burning Blood","NeowsBlessing","Prayer Wheel","Mercury Hourglass","Bottled Flame","InkBottle","Snecko Eye","Thread and Needle","Toy Ornithopter","Anchor","Happy Flower","Black Star","Blood Vial","Juzu Bracelet","HornCleat","Ancient Tea Set","Art of War"],"acts_visited":["TheCity","TheBeyond"],"potions_floor_usage":[40,41,50,50,50],"damage_taken":[{"damage":0.0,"enemies":"Small Slimes","floor":1.0,"turns":1.0},{"damage":0.0,"enemies":"Jaw Worm","floor":3.0,"turns":1.0},{"damage":0.0,"enemies":"Cultist","floor":5.0,"turns":1.0},{"damage":32.0,"enemies":"3 Sentries","floor":6.0,"turns":10.0},{"damage":40.0,"enemies":"Gremlin Nob","floor":8.0,"turns":5.0},{"damage":6.0,"enemies":"2 Fungi Beasts","floor":10.0,"turns":2.0},{"damage":6.0,"enemies":"Looter","floor":11.0,"turns":3.0},{"damage":27.0,"enemies":"3 Sentries","floor":13.0,"turns":6.0},{"damage":67.0,"enemies":"Hexaghost","floor":16.0,"turns":14.0},{"damage":4.0,"enemies":"Chosen","floor":18.0,"turns":4.0},{"damage":20.0,"enemies":"2 Thieves","floor":20.0,"turns":4.0},{"damage":0.0,"enemies":"Centurion and Healer","floor":22.0,"turns":6.0},{"damage":13.0,"enemies":"Gremlin Leader","floor":23.0,"turns":7.0},{"damage":11.0,"enemies":"Snecko","floor":24.0,"turns":5.0},{"damage":8.0,"enemies":"Snake Plant","floor":29.0,"turns":3.0},{"damage":22.0,"enemies":"Book of Stabbing","floor":30.0,"turns":5.0},{"damage":14.0,"enemies":"Centurion and Healer","floor":31.0,"turns":5.0},{"damage":35.0,"enemies":"Collector","floor":33.0,"turns":6.0},{"damage":3.0,"enemies":"3 Shapes","floor":35.0,"turns":6.0},{"damage":2,"enemies":"3 Darklings","floor":37,"turns":3},{"damage":30,"enemies":"Sphere and 2 Shapes","floor":39,"turns":4},{"damage":2,"enemies":"Spire Growth","floor":40,"turns":3},{"damage":26,"enemies":"Giant Head","floor":41,"turns":6},{"damage":24,"enemies":"Nemesis","floor":44,"turns":7},{"damage":5,"enemies":"3 Darklings","floor":48,"turns":3},{"damage":134,"enemies":"Awakened One","floor":50,"turns":7}],"seed_played":"2500387991072207062","potions_obtained":[{"floor":3.0,"key":"Energy Potion"},{"floor":6.0,"key":"SpeedPotion"},{"floor":16.0,"key":"PowerPotion"},{"floor":18.0,"key":"ColorlessPotion"},{"floor":29.0,"key":"Weak Potion"},{"floor":31.0,"key":"Fire Potion"},{"floor":35,"key":"Block Potion"},{"floor":39,"key":"SneckoOil"},{"floor":41,"key":"ElixirPotion"},{"floor":48,"key":"LiquidMemories"}],"is_trial":false,"path_per_floor":["M","?","M","$","M","E","R","E","T","M","M","?","?","$","R","B",null,"M","?","M","?","M","E","M","R","T","?","$","M","E","M","R","B",null,"M","?","M","?","M","M","E","R","T","E","$","R","?","M","R","B"],"character_chosen":"IRONCLAD","items_purchased":["Shrug It Off","Metallicize","Barricade","Bludgeon","PowerPotion"],"campfire_rested":5,"item_purchase_floors":[4,14,45,45,45],"current_hp_per_floor":[80,80,80,80,80,54,78,44,44,44,44,70,49,49,73,12,63,68,68,57,57,63,56,54,80,80,80,80,81,70,65,65,41,82,88,88,92,92,71,80,65,95,95,79,79,79,79,82,101,0,0],"gold":54,"neow_bonus":"THREE_ENEMY_KILL","is_daily":false,"chose_seed":false,"campfire_upgraded":2,"win_rate":0.0,"timestamp":1610222562,"path_taken":["M","?","M","$","M","E","R","E","T","M","M","?","?","?","R","BOSS","M","?","?","?","M","E","M","R","T","?","$","M","E","?","R","BOSS","M","?","M","?","M","?","E","R","T","E","$","R","?","M","R","BOSS"],"items_purchased_type":["Card","Card","Card","Card","Potion"],"build_version":"2020-12-22","purchased_purges":2,"victory":false,"max_hp_per_floor":[80,80,80,80,80,80,80,80,80,80,80,80,80,80,80,80,80,83,83,86,86,86,86,89,89,89,89,89,92,92,95,95,95,95,98,98,98,98,101,101,101,101,101,101,101,101,101,101,101,101,101],"card_choices":[{"not_picked":["Anger","Pommel Strike"],"picked":"Cleave","floor":1.0},{"not_picked":["Hemokinesis","Dark Embrace"],"picked":"Uppercut","floor":3.0},{"not_picked":["Blood for Blood","Clash","Reckless Charge"],"picked":"SKIP","floor":5.0},{"not_picked":["Feel No Pain","Heavy Blade"],"picked":"Inflame","floor":6.0},{"not_picked":["Heavy Blade","Shrug It Off"],"picked":"Twin Strike","floor":8.0},{"not_picked":["Ghostly Armor","Shockwave"],"picked":"Disarm","floor":10.0},{"not_picked":["Immolate","Body Slam","Armaments"],"picked":"SKIP","floor":10.0},{"not_picked":["Shrug It Off","True Grit"],"picked":"Inflame","floor":11.0},{"not_picked":["Shrug It Off","Clothesline","Clash"],"picked":"SKIP","floor":11.0},{"not_picked":["Exhume","Fiend Fire"],"picked":"Feed","floor":16.0},{"not_picked":["Sword Boomerang","Thunderclap"],"picked":"Flex+1","floor":18.0},{"not_picked":["Hemokinesis","Armaments","Power Through+1"],"picked":"SKIP","floor":18.0},{"not_picked":["Iron Wave+1","Searing Blow","Anger"],"picked":"SKIP","floor":20.0},{"not_picked":["Cleave+1","Thunderclap","Pommel Strike+1"],"picked":"SKIP","floor":20.0},{"not_picked":["Dual Wield","Sentinel+1","Bloodletting"],"picked":"SKIP","floor":22.0},{"not_picked":["Bloodletting+1","Perfected Strike","Clash"],"picked":"SKIP","floor":22.0},{"not_picked":["Pummel+1","Rage"],"picked":"Demon Form","floor":23.0},{"not_picked":["Shockwave","Cleave"],"picked":"Perfected Strike","floor":24.0},{"not_picked":["Warcry","Dropkick","Bloodletting"],"picked":"SKIP","floor":24.0},{"not_picked":["Dark Embrace","Perfected Strike"],"picked":"Spot Weakness+1","floor":29.0},{"not_picked":["Pummel","Flex+1","Clash"],"picked":"SKIP","floor":29.0},{"not_picked":["Battle Trance","Clash"],"picked":"Heavy Blade","floor":30.0},{"not_picked":["Clash","Perfected Strike","Thunderclap"],"picked":"SKIP","floor":31.0},{"not_picked":["Shrug It Off","Pommel Strike","Sword Boomerang"],"picked":"SKIP","floor":31.0},{"not_picked":["Feed","Exhume"],"picked":"Bludgeon","floor":33.0},{"not_picked":["Iron Wave+1","Burning Pact","Thunderclap+1"],"picked":"SKIP","floor":35},{"not_picked":["Body Slam","Ghostly Armor+1","Thunderclap+1"],"picked":"SKIP","floor":35},{"not_picked":["Sever Soul","Wild Strike"],"picked":"Flex+1","floor":37},{"not_picked":["Infernal Blade","Armaments","Havoc"],"picked":"SKIP","floor":37},{"not_picked":["Warcry+1","Twin Strike+1"],"picked":"Heavy Blade+1","floor":39},{"not_picked":["Sever Soul","Warcry","Searing Blow+1"],"picked":"SKIP","floor":39},{"not_picked":["Ghostly Armor+1","Searing Blow","Cleave"],"picked":"SKIP","floor":40},{"not_picked":["Perfected Strike","Rupture","Shrug It Off"],"picked":"SKIP","floor":40},{"not_picked":["Flex+1","Wild Strike"],"picked":"Immolate","floor":41},{"not_picked":["Rage+1","Disarm+1","Twin Strike+1"],"picked":"SKIP","floor":44},{"not_picked":["Cleave+1","Wild Strike+1"],"picked":"Whirlwind+1","floor":48},{"not_picked":["Shrug It Off","Clash","Clothesline"],"picked":"SKIP","floor":48}],"player_experience":389889,"relics_obtained":[{"floor":6.0,"key":"Prayer Wheel"},{"floor":8.0,"key":"Mercury Hourglass"},{"floor":9.0,"key":"Bottled Flame"},{"floor":13.0,"key":"InkBottle"},{"floor":23.0,"key":"Toy Ornithopter"},{"floor":26.0,"key":"Anchor"},{"floor":30.0,"key":"Happy Flower"},{"floor":41,"key":"Blood Vial"},{"floor":41,"key":"Juzu Bracelet"},{"floor":43,"key":"HornCleat"},{"floor":44,"key":"Ancient Tea Set"},{"floor":44,"key":"Art of War"}],"event_choices":[{"cards_removed":["Strike_R"],"damage_healed":0.0,"max_hp_gain":0.0,"max_hp_loss":0.0,"gold_gain":0.0,"event_name":"The Cleric","player_choice":"Card Removal","floor":2.0,"gold_loss":50.0,"damage_taken":0.0},{"damage_healed":26.0,"max_hp_gain":0.0,"max_hp_loss":0.0,"gold_gain":0.0,"event_name":"Big Fish","player_choice":"Banana","floor":12.0,"gold_loss":0.0,"damage_taken":0.0},{"damage_healed":0.0,"max_hp_gain":0.0,"max_hp_loss":0.0,"gold_gain":0.0,"event_name":"Dead Adventurer","player_choice":"Searched \u00271\u0027 times","floor":13.0,"gold_loss":0.0,"damage_taken":0.0},{"cards_removed":["Strike_R"],"damage_healed":0.0,"max_hp_gain":0.0,"max_hp_loss":0.0,"gold_gain":0.0,"event_name":"Purifier","player_choice":"Purged","floor":19.0,"gold_loss":0.0,"damage_taken":0.0},{"damage_healed":0.0,"max_hp_gain":0.0,"max_hp_loss":0.0,"gold_gain":0.0,"event_name":"Addict","player_choice":"Obtained Relic","floor":21.0,"gold_loss":85.0,"damage_taken":0.0,"relics_obtained":["Thread and Needle"]},{"damage_healed":0.0,"max_hp_gain":0.0,"max_hp_loss":0.0,"gold_gain":0.0,"event_name":"Accursed Blacksmith","player_choice":"Forge","floor":27.0,"gold_loss":0.0,"damage_taken":0.0,"cards_upgraded":["Demon Form"]},{"cards_removed":["Perfected Strike"],"damage_healed":0,"gold_gain":0,"player_choice":"Removed Attack","damage_taken":0,"max_hp_gain":0,"max_hp_loss":0,"event_name":"Falling","floor":36,"gold_loss":0},{"damage_healed":0,"gold_gain":0,"player_choice":"0 cards matched","damage_taken":0,"max_hp_gain":0,"max_hp_loss":0,"event_name":"Match and Keep!","floor":38,"gold_loss":0,"cards_obtained":[]},{"damage_healed":0,"gold_gain":0,"player_choice":"Memory 1","damage_taken":0,"max_hp_gain":0,"max_hp_loss":0,"event_name":"SensoryStone","floor":47,"gold_loss":0}],"is_beta":false,"boss_relics":[{"not_picked":["Pandora\u0027s Box","Runic Pyramid"],"picked":"Snecko Eye"},{"not_picked":["Velvet Choker","Busted Crown"],"picked":"Black Star"}],"items_purged_floors":[14,28],"is_endless":false,"potions_floor_spawned":[3,6,16,18,29,31,35,39,41,48],"killed_by":"Awakened One","ascension_level":5}}