{"host":"z4nt7tdd4gjrinn7","time":1610165823,"event":{"mods":["BaseMod","Minty Spire (QoL Compilation)","StSLib","The Servant 0.9.4"],"gold_per_floor":[109,209,224,243,243,243,25,25,50,71,87,87,87,111,111,241,241,261,105,130,45,66,66,165,178,178,178,178,199,199,199,199],"floor_reached":31,"playtime":2009,"items_purged":[],"score":252,"play_id":"ae8a8cf4-84d5-4b37-9bba-f115539740ac","local_time":"20210108231703","is_ascension_mode":false,"campfire_choices":[{"data":"Bash","floor":6,"key":"SMITH"},{"floor":15,"key":"REST"},{"floor":23,"key":"REST"},{"floor":28,"key":"REST"},{"data":"Fire Breathing","floor":30,"key":"SMITH"}],"circlet_count":0,"master_deck":["Strike_R","Strike_R","Strike_R","Strike_R","Strike_R","Defend_R","Defend_R","Defend_R","Bash+1","Twin Strike","Clash","Armaments+1","Fire Breathing+1","Double Tap","Injury","Infernal Blade","Spot Weakness","Iron Wave","Limit Break","Demon Form","Heavy Blade","Thunderclap","Discovery","Thunderclap","Heavy Blade","Infernal Blade"],"relics":["Burning Blood","Golden Idol","Strawberry","Pear","Mark of Pain","Anchor","InkBottle"],"acts_visited":["Exordium","TheCity"],"potions_floor_usage":[16],"damage_taken":[{"damage":5,"enemies":"Cultist","floor":1,"turns":4},{"damage":15,"enemies":"Jaw Worm","floor":3,"turns":4},{"damage":0,"enemies":"2 Louse","floor":4,"turns":1},{"damage":10,"enemies":"Looter","floor":10,"turns":3},{"damage":12,"enemies":"3 Louse","floor":11,"turns":3},{"damage":29,"enemies":"Exordium Thugs","floor":14,"turns":6},{"damage":38,"enemies":"Slime Boss","floor":16,"turns":7},{"damage":25,"enemies":"3 Byrds","floor":18,"turns":5},{"damage":10,"enemies":"Spheric Guardian","floor":20,"turns":3},{"damage":27,"enemies":"3 Cultists","floor":22,"turns":5},{"damage":42,"enemies":"Snake Plant","floor":25,"turns":4},{"damage":20,"enemies":"Cultist and Chosen","floor":29,"turns":6},{"damage":73,"enemies":"3 Cultists","floor":31,"turns":6}],"seed_played":"-9131953796816534668","potions_obtained":[{"floor":1,"key":"AttackPotion"},{"floor":16,"key":"SpeedPotion"},{"floor":20,"key":"Weak Potion"},{"floor":29,"key":"Dexterity Potion"}],"is_trial":false,"path_per_floor":["M","?","M","M","?","R","$","?","T","M","M","T","?","M","R","B",null,"M","$","M","$","M","R","?","M","T","?","R","M","R","M"],"character_chosen":"IRONCLAD","items_purchased":["Fire Breathing","Double Tap","Anchor","Discovery"],"campfire_rested":3,"item_purchase_floors":[7,7,19,21],"current_hp_per_floor":[88,88,79,85,85,85,85,85,92,88,82,92,92,69,100,68,105,86,86,82,82,61,92,92,56,56,56,87,73,73,0,0],"gold":199,"neow_bonus":"TEN_PERCENT_HP_BONUS","is_daily":false,"chose_seed":false,"campfire_upgraded":2,"win_rate":0.0,"timestamp":1610165823,"path_taken":["M","?","M","?","?","R","?","?","T","M","M","?","?","M","R","BOSS","M","$","M","$","M","R","?","M","T","?","R","?","R","M"],"items_purchased_type":["Card","Card","Relic","Card"],"build_version":"2020-12-22","purchased_purges":0,"victory":false,"max_hp_per_floor":[88,88,88,88,88,88,88,88,95,95,95,105,105,105,105,105,105,105,105,105,105,105,105,105,105,105,105,105,105,105,105,105],"card_choices":[{"not_picked":["Entrench","Shrug It Off"],"picked":"Twin Strike","floor":1},{"not_picked":["True Grit","Pommel Strike"],"picked":"Clash","floor":3},{"not_picked":["Disarm","Flex"],"picked":"Armaments","floor":4},{"not_picked":["Searing Blow","Clothesline"],"picked":"Infernal Blade","floor":10},{"not_picked":["Ghostly Armor","Iron Wave"],"picked":"Spot Weakness","floor":11},{"not_picked":["Warcry","Flex"],"picked":"Limit Break","floor":14},{"not_picked":["Brutality","Bludgeon"],"picked":"Demon Form","floor":16},{"not_picked":["True Grit","Combust"],"picked":"Heavy Blade","floor":18},{"not_picked":["Second Wind","Warcry"],"picked":"Thunderclap","floor":20},{"not_picked":["Dual Wield","Headbutt"],"picked":"Thunderclap","floor":22},{"not_picked":["Body Slam","Shrug It Off"],"picked":"Heavy Blade","floor":25},{"not_picked":["Brutality","Body Slam"],"picked":"Infernal Blade","floor":29}],"player_experience":7329,"relics_obtained":[{"floor":9,"key":"Strawberry"},{"floor":12,"key":"Pear"},{"floor":26,"key":"InkBottle"}],"event_choices":[{"damage_healed":0,"gold_gain":100,"player_choice":"Pray","damage_taken":0,"max_hp_gain":0,"max_hp_loss":0,"event_name":"Golden Shrine","floor":2,"gold_loss":0},{"damage_healed":0,"gold_gain":0,"player_choice":"Grow","damage_taken":0,"max_hp_gain":0,"max_hp_loss":0,"event_name":"Living Wall","floor":5,"gold_loss":0,"cards_upgraded":["Armaments"]},{"damage_healed":0,"gold_gain":0,"player_choice":"Take Wound","damage_taken":0,"relics_obtained":["Golden Idol"],"max_hp_gain":0,"max_hp_loss":0,"event_name":"Golden Idol","floor":8,"gold_loss":0,"cards_obtained":["Injury"]},{"damage_healed":0,"gold_gain":0,"cards_transformed":["Defend_R"],"player_choice":"Transformed","damage_taken":0,"max_hp_gain":0,"max_hp_loss":0,"event_name":"Transmorgrifier","floor":13,"gold_loss":0,"cards_obtained":["Iron Wave"]},{"damage_healed":0,"gold_gain":99,"player_choice":"Stole From Cult","damage_taken":0,"max_hp_gain":0,"max_hp_loss":0,"event_name":"Nest","floor":24,"gold_loss":0},{"damage_healed":0,"gold_gain":0,"player_choice":"Ignored","damage_taken":0,"max_hp_gain":0,"max_hp_loss":0,"event_name":"NoteForYourself","floor":27,"gold_loss":0}],"is_beta":false,"boss_relics":[{"not_picked":["Fusion Hammer","SlaversCollar"],"picked":"Mark of Pain"}],"items_purged_floors":[],"is_endless":false,"potions_floor_spawned":[1,16,20,29],"killed_by":"3 Cultists","ascension_level":0}}