{"host":"pno9h1fupbyz205f","time":1610223369,"event":{"mods":["Aspiration","BaseMod","Better Altar","Better Match","Better Note","Better Sensory Stone","Better Skull","Better Third Choice","Colored Map","Colored Powertips","Hubris","Infinite Spire","Jedi Mod","Mad Scientist","Marisa????????","Minty Spire (QoL Compilation)","Permanent Neow","Potionbrewer","Replay The Spire","Shop Mod","Spicy Shops","StSLib","Td1madao Mod","The Blackbeard","The Gatherer","The Hierophant","The Poker Player","The Runesmith","The Servant 0.9.4","thorton","vexMod"],"gold_per_floor":[17,30,42,52,52,52,73,73,73,87,87,12,12,87,87,183,183,198,198,217,53,53,43,43],"floor_reached":23,"playtime":1015,"items_purged":["hierophant:Strike_Hierophant"],"score":189,"play_id":"979294a9-38c8-4600-a3c1-cd737ad78d55","local_time":"20210109121609","is_ascension_mode":false,"campfire_choices":[{"data":"hierophant:ChurchCoffers","floor":6,"key":"SMITH"},{"data":"hierophant:RepressedViolence","floor":8,"key":"SMITH"},{"floor":11,"key":"REST"},{"data":"hierophant:ArchangelShield","floor":15,"key":"SMITH"}],"circlet_count":0,"master_deck":["hierophant:Strike_Hierophant","hierophant:Strike_Hierophant","hierophant:Strike_Hierophant","hierophant:Defend_Hierophant","hierophant:Defend_Hierophant","hierophant:Defend_Hierophant","hierophant:Defend_Hierophant","hierophant:ChurchCoffers+1","hierophant:RepressedViolence+1","hierophant:FieryStrike","hierophant:ArchangelShield+1","hierophant:Blessing","hierophant:Community","hierophant:FieryStrike","hierophant:DeathKnell","hierophant:ThreeLashes","hierophant:Martyrdom","hierophant:Sermon+1","hierophant:Invocation"],"relics":["hierophant:PropheticMaskRelic","hubris:Towel","Blue Doll","Pantograph","SlaversCollar","Snack Pack"],"acts_visited":["Exordium","TheCity"],"potions_floor_usage":[2,4,16,18],"damage_taken":[{"damage":0,"enemies":"Small Slimes","floor":1,"turns":3},{"damage":12,"enemies":"Jaw Worm","floor":2,"turns":5},{"damage":0,"enemies":"2 Louse","floor":3,"turns":2},{"damage":13,"enemies":"Gremlin Gang","floor":4,"turns":3},{"damage":12,"enemies":"Gremlin Nob","floor":7,"turns":4},{"damage":26,"enemies":"Red Slaver","floor":10,"turns":5},{"damage":51,"enemies":"Slime Boss","floor":16,"turns":16},{"damage":10,"enemies":"Chosen","floor":18,"turns":4},{"damage":10,"enemies":"Spheric Guardian","floor":20,"turns":4},{"damage":86,"enemies":"Gremlin Leader","floor":23,"turns":7}],"seed_played":"-2988139106899862722","potions_obtained":[{"floor":1,"key":"Toxic Potion"},{"floor":2,"key":"AttackPotion"},{"floor":3,"key":"jedi:holywater"},{"floor":16,"key":"Fire Potion"},{"floor":20,"key":"SpeedPotion"}],"is_trial":false,"path_per_floor":["M","M","M","M","?","R","E","R","T","M","R","$","$","?","R","B",null,"M","?","M","$","T","E"],"character_chosen":"HIEROPHANT","items_purchased":["hierophant:Invocation"],"campfire_rested":1,"item_purchase_floors":[21],"current_hp_per_floor":[89,77,77,64,64,64,52,52,52,33,59,59,59,48,48,29,89,86,86,79,79,79,2,2],"gold":43,"neow_bonus":"TWENTY_PERCENT_HP_BONUS","is_daily":false,"chose_seed":false,"campfire_upgraded":3,"win_rate":0.0,"timestamp":1610223369,"path_taken":["M","M","M","M","?","R","E","R","T","M","R","?","$","?","R","BOSS","M","?","?","?","?","E"],"items_purchased_type":["Card"],"build_version":"2020-12-22","purchased_purges":1,"victory":false,"max_hp_per_floor":[89,89,89,89,89,89,89,89,89,89,89,89,89,89,89,89,89,89,89,89,89,89,89,89],"card_choices":[{"not_picked":["hierophant:PristineSoul","hierophant:Charity"],"picked":"hierophant:RepressedViolence","floor":1},{"not_picked":["hierophant:RustyCrate","hierophant:CoinFling"],"picked":"hierophant:FieryStrike","floor":2},{"not_picked":["hierophant:Doubloon","hierophant:ConvertCurrency"],"picked":"hierophant:ArchangelShield","floor":3},{"not_picked":["hierophant:MorningPrayer","hierophant:SealAway"],"picked":"hierophant:Blessing","floor":4},{"not_picked":["hierophant:OrnateBuckler","hierophant:Shelter"],"picked":"hierophant:Community","floor":7},{"not_picked":["hierophant:MorningPrayer","hierophant:Doubloon"],"picked":"hierophant:FieryStrike","floor":10},{"not_picked":["hierophant:WrathOfGod","hierophant:BulkyChest"],"picked":"hierophant:DeathKnell","floor":16},{"not_picked":["hierophant:HolyVerse+1","hierophant:FaithHealing"],"picked":"hierophant:ThreeLashes","floor":18},{"not_picked":["hierophant:Doubloon+1","hierophant:PassingBell"],"picked":"hierophant:Sermon+1","floor":20}],"player_experience":132443,"relics_obtained":[{"floor":7,"key":"Blue Doll"},{"floor":9,"key":"Pantograph"},{"floor":22,"key":"Snack Pack"}],"event_choices":[{"damage_healed":0,"gold_gain":75,"player_choice":"Gold","damage_taken":11,"max_hp_gain":0,"max_hp_loss":0,"event_name":"betterThird:BetterGoop","floor":14,"gold_loss":0},{"damage_healed":0,"gold_gain":0,"cards_transformed":["hierophant:Punish"],"player_choice":"Transformed","damage_taken":0,"max_hp_gain":0,"max_hp_loss":0,"event_name":"Transmorgrifier","floor":19,"gold_loss":0,"cards_obtained":["hierophant:Martyrdom"]}],"is_beta":false,"boss_relics":[{"not_picked":["SacredBark","Runic Pyramid"],"picked":"SlaversCollar"}],"items_purged_floors":[12],"is_endless":false,"potions_floor_spawned":[1,2,3,16,20],"killed_by":"Gremlin Leader","ascension_level":0}}