{"host":"minbhrtlkaoly5f0","time":1610187875,"event":{"mods":["Act Like it!","BaseMod","Colored Map","Colored Powertips","Lobotomy","LobotomyExtend","Luminous","Minty Spire (QoL Compilation)","Quick Restart","StSLib"],"gold_per_floor":[115,132,6,22,22,22,22,51,51,25,25,25,40,50,50,154,154,170,188,188,88,88,88,119,119,119],"floor_reached":25,"playtime":928,"items_purged":["SpecialBullet","SpecialBullet"],"score":234,"play_id":"74a42f83-510c-4398-aa68-2b9f9119d5f7","local_time":"20210109182435","is_ascension_mode":false,"campfire_choices":[{"floor":12,"key":"REST"}],"circlet_count":0,"master_deck":["SpecialBullet","SpecialBullet","SpecialBullet","SpecialBullet","SpecialBullet","SpecialBullet","SecurityCode","Mimicry","Spore","Lantern","Penitence","FairyFestival","Laetitia_ego","Horn","GreenStem","SpiderBud","Amita","DaCapo","BlueStar","InTheNameOfLoveAndHate","RapturousDream+1","RecordCode","PlagueDoctor","TodaysExpression"],"relics":["CogitoBucket","LetterFromLob","Odd Mushroom","Pantograph","Lantern","HellTrain","Coffee Dripper","Mango"],"acts_visited":["Exordium","TheCity"],"potions_floor_usage":[16,16,16,24],"damage_taken":[{"damage":22,"enemies":"Small Slimes","floor":1,"turns":4},{"damage":9,"enemies":"2 Louse","floor":2,"turns":2},{"damage":9,"enemies":"Jaw Worm","floor":4,"turns":3},{"damage":51,"enemies":"The Mushroom Lair","floor":8,"turns":3},{"damage":3,"enemies":"Exordium Wildlife","floor":13,"turns":1},{"damage":18,"enemies":"Large Slime","floor":14,"turns":3},{"damage":73,"enemies":"Hexaghost","floor":16,"turns":10},{"damage":28,"enemies":"Chosen","floor":18,"turns":3},{"damage":34,"enemies":"Spheric Guardian","floor":19,"turns":3},{"damage":20,"enemies":"Slavers","floor":24,"turns":4},{"damage":86,"enemies":"Snecko","floor":25,"turns":5}],"seed_played":"-8056199801441425435","potions_obtained":[{"floor":2,"key":"SkillPotion"},{"floor":13,"key":"Fire Potion"},{"floor":14,"key":"Regen Potion"},{"floor":19,"key":"Swift Potion"}],"is_trial":false,"path_per_floor":["M","M","$","M","?","R","?","?","T","$","?","R","M","M","R","B",null,"M","M","?","$","?","R","E","M"],"character_chosen":"Angela","items_purchased":["RapturousDream","Horn"],"campfire_rested":1,"item_purchase_floors":[3,10],"current_hp_per_floor":[56,55,55,54,54,54,70,28,28,28,21,42,47,41,41,49,70,54,41,41,41,28,28,44,0,0],"gold":119,"neow_bonus":"ONE_RANDOM_RARE_CARD","is_daily":false,"chose_seed":false,"campfire_upgraded":0,"win_rate":0.0,"timestamp":1610187875,"path_taken":["M","M","$","M","?","R","?","?","T","$","?","R","M","M","R","BOSS","M","M","?","$","?","R","E","M"],"items_purchased_type":["Card","Card"],"build_version":"2020-12-22","purchased_purges":2,"victory":false,"max_hp_per_floor":[70,70,70,70,70,70,70,70,70,70,70,70,70,70,70,70,70,70,70,70,70,75,75,89,89,89],"card_choices":[{"not_picked":["CherryBlossoms","WallGazer"],"picked":"SpiderBud","floor":1},{"not_picked":["RapturousDream"],"picked":"Spore","floor":1},{"not_picked":["Noise"],"picked":"Lantern","floor":1},{"not_picked":["Scarecrow","Scorched"],"picked":"CherryBlossoms","floor":2},{"not_picked":["Lantern"],"picked":"Penitence","floor":2},{"not_picked":["Bloodbath","SnowQueen"],"picked":"FairyFestival","floor":4},{"not_picked":["Discord","Harvest"],"picked":"SKIP","floor":4},{"not_picked":["Wingbeat"],"picked":"Laetitia_ego","floor":8},{"not_picked":["WristCuter"],"picked":"GreenStem","floor":13},{"not_picked":["MeatLantern","Murderer"],"picked":"SpiderBud","floor":14},{"not_picked":["Heaven"],"picked":"Amita","floor":14},{"not_picked":["Pinks"],"picked":"DaCapo","floor":16},{"not_picked":["LaLuna","OSAHOGD"],"picked":"BlueStar","floor":18},{"not_picked":["Tough"],"picked":"InTheNameOfLoveAndHate","floor":18},{"not_picked":["Horn"],"picked":"RapturousDream+1","floor":19},{"not_picked":["Wellcheers","PunishingBird"],"picked":"PlagueDoctor","floor":24},{"not_picked":["Lantern"],"picked":"TodaysExpression","floor":24}],"player_experience":27882,"relics_obtained":[{"floor":1,"key":"LetterFromLob"},{"floor":8,"key":"Odd Mushroom"},{"floor":9,"key":"Pantograph"},{"floor":24,"key":"Mango"}],"event_choices":[{"damage_healed":0,"gold_gain":0,"player_choice":"Ignored","damage_taken":0,"max_hp_gain":0,"max_hp_loss":0,"event_name":"Liars Game","floor":5,"gold_loss":0},{"damage_healed":0,"gold_gain":0,"player_choice":"Fought Mushrooms","damage_taken":0,"max_hp_gain":0,"max_hp_loss":0,"event_name":"Mushrooms","floor":8,"gold_loss":0},{"damage_healed":0,"gold_gain":0,"player_choice":"Success","damage_taken":7,"relics_obtained":["Lantern"],"max_hp_gain":0,"max_hp_loss":0,"event_name":"Scrap Ooze","floor":11,"gold_loss":0},{"cards_removed":["RapturousDream"],"damage_healed":0,"gold_gain":0,"player_choice":"Elegance","damage_taken":0,"max_hp_gain":0,"max_hp_loss":0,"event_name":"Back to Basics","floor":20,"gold_loss":0},{"damage_healed":0,"gold_gain":0,"player_choice":"Shed Blood","damage_taken":18,"max_hp_gain":5,"max_hp_loss":0,"event_name":"Forgotten Altar","floor":22,"gold_loss":0}],"is_beta":false,"boss_relics":[{"not_picked":["Velvet Choker","Tiny House"],"picked":"Coffee Dripper"}],"items_purged_floors":[3,21],"is_endless":false,"potions_floor_spawned":[2,13,14,19],"killed_by":"Snecko","ascension_level":0}}