{"host":"edndssuekvzbh3is","time":1610165469,"event":{"mods":["BaseMod","Minty Spire (QoL Compilation)"],"gold_per_floor":[119,194,206,222,22,57,73,90,138,163,181,181,213,224,224,321,321,334,321,19,32,43,43,68,68,93,93,13,112,112,112,112],"floor_reached":31,"playtime":1758,"items_purged":["Strike_P"],"score":317,"play_id":"a48a4498-e02a-4280-95ad-74009aee69a8","local_time":"20210108231109","is_ascension_mode":true,"campfire_choices":[{"data":"Halt","floor":12.0,"key":"SMITH"},{"floor":15,"key":"REST"},{"floor":23,"key":"REST"},{"floor":25,"key":"REST"},{"floor":30,"key":"REST"}],"circlet_count":0,"master_deck":["Strike_P","Strike_P","Strike_P","Defend_P","Defend_P","Defend_P","Defend_P","Eruption","Vigilance","Indignation","JustLucky","Crescendo","Halt+1","BowlingBash","EmptyBody","FearNoEvil","Wireheading","EmptyFist","Vault","Collect+1","ReachHeaven+1","LikeWater","ThirdEye","CarveReality+1","CutThroughFate","InnerPeace+1","Worship","Crescendo+1","EmptyMind"],"relics":["SlaversCollar","Sling","Dream Catcher","Pen Nib","Ornamental Fan","Anchor","VioletLotus","Ice Cream","Orichalcum"],"acts_visited":["TheCity"],"potions_floor_usage":[16,21,21,22,22,24],"damage_taken":[{"damage":0.0,"enemies":"Small Slimes","floor":1.0,"turns":3.0},{"damage":0.0,"enemies":"Cultist","floor":3.0,"turns":2.0},{"damage":2.0,"enemies":"2 Louse","floor":4.0,"turns":3.0},{"damage":9.0,"enemies":"Gremlin Nob","floor":6.0,"turns":3.0},{"damage":4.0,"enemies":"2 Fungi Beasts","floor":7.0,"turns":3.0},{"damage":22.0,"enemies":"Large Slime","floor":8.0,"turns":12.0},{"damage":0.0,"enemies":"Lagavulin","floor":10.0,"turns":6.0},{"damage":0.0,"enemies":"Red Slaver","floor":11.0,"turns":2.0},{"damage":9.0,"enemies":"3 Sentries","floor":13.0,"turns":3.0},{"damage":2.0,"enemies":"Blue Slaver","floor":14.0,"turns":5.0},{"damage":53,"enemies":"Hexaghost","floor":16,"turns":10},{"damage":11,"enemies":"Spheric Guardian","floor":18,"turns":4},{"damage":7,"enemies":"2 Thieves","floor":19,"turns":4},{"damage":16,"enemies":"Cultist and Chosen","floor":21,"turns":6},{"damage":13,"enemies":"3 Cultists","floor":22,"turns":6},{"damage":31,"enemies":"Book of Stabbing","floor":24,"turns":7},{"damage":49,"enemies":"Sentry and Sphere","floor":31,"turns":3}],"seed_played":"393297136575096878","potions_obtained":[{"floor":1.0,"key":"Regen Potion"},{"floor":4.0,"key":"StancePotion"},{"floor":7.0,"key":"Weak Potion"},{"floor":13.0,"key":"Regen Potion"},{"floor":16,"key":"BlessingOfTheForge"},{"floor":21,"key":"SkillPotion"}],"is_trial":false,"path_per_floor":["M","?","M","M","$","E","M","M","T","E","M","R","E","M","R","B",null,"M","M","$","M","M","R","E","R","T","?","$","?","R","M"],"character_chosen":"WATCHER","items_purchased":["Halt","Sling","LikeWater","ThirdEye","EntropicBrew","EmptyMind"],"campfire_rested":4,"item_purchase_floors":[5,5,20,20,20,28],"current_hp_per_floor":[72,65,65,63,63,54,50,28,28,43,43,43,34,32,53,15,72,61,54,54,38,25,46,15,36,36,23,23,23,46,0,0],"gold":112,"neow_bonus":"BOSS_RELIC","is_daily":false,"chose_seed":false,"campfire_upgraded":1,"win_rate":0.0,"timestamp":1610165469,"path_taken":["M","?","M","M","$","E","M","M","T","E","M","R","E","M","R","BOSS","M","?","$","M","M","R","E","R","T","?","$","?","R","M"],"items_purchased_type":["Card","Relic","Card","Card","Potion","Card"],"build_version":"2020-12-22","purchased_purges":1,"victory":false,"max_hp_per_floor":[72,72,72,72,72,72,72,72,72,72,72,72,72,72,72,72,72,72,72,72,72,72,72,72,72,72,77,77,77,77,77,77],"card_choices":[{"not_picked":["Nirvana","Wireheading"],"picked":"Indignation","floor":1.0},{"not_picked":["SignatureMove","PathToVictory"],"picked":"JustLucky","floor":3.0},{"not_picked":["Protect","ClearTheMind"],"picked":"Crescendo","floor":4.0},{"not_picked":["DeusExMachina","ClearTheMind"],"picked":"BowlingBash","floor":6.0},{"not_picked":["SashWhip","FlyingSleeves"],"picked":"EmptyBody","floor":7.0},{"not_picked":["CrushJoints","ClearTheMind","FlurryOfBlows"],"picked":"SKIP","floor":8.0},{"not_picked":["Conclude","Fasting2","DeceiveReality"],"picked":"SKIP","floor":10.0},{"not_picked":["Consecrate","SashWhip"],"picked":"FearNoEvil","floor":11.0},{"not_picked":["CutThroughFate","CrushJoints"],"picked":"Wireheading","floor":13.0},{"not_picked":["ForeignInfluence","FlyingSleeves"],"picked":"EmptyFist","floor":14.0},{"not_picked":["Scrawl","ConjureBlade"],"picked":"Vault","floor":16},{"not_picked":["EmptyBody","CrushJoints"],"picked":"Collect+1","floor":18},{"not_picked":["FlurryOfBlows","EmptyBody"],"picked":"ReachHeaven+1","floor":19},{"not_picked":["BowlingBash","Consecrate"],"picked":"CarveReality+1","floor":21},{"not_picked":["Meditate","CrushJoints"],"picked":"CutThroughFate","floor":22},{"not_picked":["Vengeance","SashWhip"],"picked":"InnerPeace+1","floor":23},{"not_picked":["CrushJoints","Omniscience"],"picked":"Worship","floor":24},{"not_picked":["CrushJoints+1","Evaluate"],"picked":"Crescendo+1","floor":25}],"player_experience":288070,"relics_obtained":[{"floor":6.0,"key":"Dream Catcher"},{"floor":9.0,"key":"Pen Nib"},{"floor":10.0,"key":"Ornamental Fan"},{"floor":13.0,"key":"Anchor"},{"floor":24,"key":"Ice Cream"},{"floor":26,"key":"Orichalcum"}],"event_choices":[{"damage_healed":0.0,"max_hp_gain":0.0,"max_hp_loss":0.0,"gold_gain":75.0,"event_name":"FaceTrader","player_choice":"Touch","floor":2.0,"gold_loss":0.0,"damage_taken":7.0},{"damage_healed":0,"gold_gain":0,"player_choice":"Shed Blood","damage_taken":18,"max_hp_gain":5,"max_hp_loss":0,"event_name":"Forgotten Altar","floor":27,"gold_loss":0},{"damage_healed":0,"gold_gain":99,"player_choice":"Stole From Cult","damage_taken":0,"max_hp_gain":0,"max_hp_loss":0,"event_name":"Nest","floor":29,"gold_loss":0}],"is_beta":false,"boss_relics":[{"not_picked":["Tiny House","Astrolabe"],"picked":"VioletLotus"}],"items_purged_floors":[20],"is_endless":false,"potions_floor_spawned":[1,4,7,13,16,21],"killed_by":"Sentry and Sphere","ascension_level":1}}