{"host":"z9811rt50ti81n54","time":1610197609,"event":{"mods":["BaseMod","Better Altar","Better Match","Better Note","Better Sensory Stone","Better Skull","Better Third Choice","Minty Spire (QoL Compilation)","Random Character Button","StSLib","SuperFastMode"],"gold_per_floor":[219,219,236,253,268,3,3,22,22,42,0,18,96,115,115,219,219,235,235,252,252,262,262,277,277,301,301,383,483,516,532,532,637,637,652,262,275,275,288,288,302,302,325,343,357,369,369,369,369,369],"floor_reached":51,"playtime":1856,"items_purged":["Pain","Strike_B"],"score":715,"play_id":"42fd65aa-c206-4d84-a66e-43e4d3032133","local_time":"20210109220649","is_ascension_mode":false,"campfire_choices":[{"data":"Echo Form","floor":7,"key":"SMITH"},{"data":"Fusion","floor":15,"key":"SMITH"},{"data":"Hyperbeam","floor":23,"key":"SMITH"},{"floor":25,"key":"REST"},{"floor":27,"key":"REST"},{"data":"Capacitor","floor":32,"key":"SMITH"},{"floor":40,"key":"REST"},{"floor":42,"key":"REST"},{"floor":49,"key":"RECALL"}],"circlet_count":0,"master_deck":["Strike_B+1","Strike_B+1","Strike_B+1","Defend_B+1","Defend_B+1","Defend_B+1","Defend_B+1","Zap+1","Dualcast+1","Capacitor+1","Compile Driver+1","Doom and Gloom+1","Sweeping Beam+1","Echo Form+1","Tempest+1","Fusion+1","BootSequence+1","Stack+1","Hyperbeam+1","Apotheosis+1","Consume+1","Cold Snap+1","Capacitor+1","Biased Cognition+1","Chaos+1","Defragment+1","Madness+1","Madness+1","Turbo+1","Darkness+1","All For One+1","Force Field+1"],"relics":["Cracked Core","WarpedTongs","Membership Card","Art of War","betterThird:SlimedRelic","Runic Pyramid","Centennial Puzzle","StrikeDummy","Vajra","Nuclear Battery","OrangePellets","Symbiotic Virus","Omamori","PreservedInsect","Mark of the Bloom"],"acts_visited":["Exordium","TheCity","TheBeyond"],"potions_floor_usage":[16,20,30,30,33,50,50,50],"damage_taken":[{"damage":5,"enemies":"Jaw Worm","floor":1,"turns":4},{"damage":7,"enemies":"Cultist","floor":3,"turns":3},{"damage":5,"enemies":"2 Louse","floor":4,"turns":2},{"damage":14,"enemies":"Looter","floor":5,"turns":3},{"damage":12,"enemies":"Blue Slaver","floor":8,"turns":3},{"damage":1,"enemies":"Exordium Wildlife","floor":10,"turns":3},{"damage":3,"enemies":"Red Slaver","floor":12,"turns":3},{"damage":0,"enemies":"Large Slime","floor":14,"turns":5},{"damage":8,"enemies":"Hexaghost","floor":16,"turns":8},{"damage":7,"enemies":"Spheric Guardian","floor":18,"turns":5},{"damage":17,"enemies":"2 Thieves","floor":20,"turns":4},{"damage":0,"enemies":"Cultist and Chosen","floor":22,"turns":4},{"damage":11,"enemies":"Centurion and Healer","floor":24,"turns":5},{"damage":0,"enemies":"Gremlin Leader","floor":30,"turns":5},{"damage":3,"enemies":"Sentry and Sphere","floor":31,"turns":5},{"damage":9,"enemies":"Champ","floor":33,"turns":10},{"damage":9,"enemies":"3 Shapes","floor":35,"turns":3},{"damage":2,"enemies":"3 Darklings","floor":37,"turns":3},{"damage":14,"enemies":"4 Shapes","floor":39,"turns":3},{"damage":15,"enemies":"Spire Growth","floor":41,"turns":5},{"damage":17,"enemies":"Transient","floor":44,"turns":5},{"damage":18,"enemies":"3 Darklings","floor":45,"turns":2},{"damage":17,"enemies":"Sphere and 2 Shapes","floor":46,"turns":4},{"damage":34,"enemies":"Donu and Deca","floor":50,"turns":7}],"seed_played":"4871784962234619908","potions_obtained":[{"floor":1,"key":"SpeedPotion"},{"floor":5,"key":"LiquidMemories"},{"floor":10,"key":"Swift Potion"},{"floor":12,"key":"Regen Potion"},{"floor":18,"key":"Swift Potion"},{"floor":22,"key":"LiquidMemories"},{"floor":33,"key":"Strength Potion"},{"floor":35,"key":"PowerPotion"}],"is_trial":false,"path_per_floor":["M","?","M","M","M","$","R","M","T","M","?","M","?","M","R","B",null,"M","?","M","?","M","R","M","R","T","R","T","?","E","M","R","B",null,"M","$","M","?","M","R","M","R","T","M","M","M","?","?","R","B",null],"character_chosen":"DEFECT","items_purchased":["Membership Card","Echo Form","OrangePellets","Symbiotic Virus","Omamori","Defragment","Energy Potion"],"campfire_rested":4,"item_purchase_floors":[6,6,36,36,36,36,36],"current_hp_per_floor":[70,70,63,58,44,44,44,32,32,31,20,17,17,17,17,24,75,68,68,51,51,51,51,40,62,62,75,75,75,75,72,72,63,75,66,66,64,55,41,63,48,70,70,53,35,18,66,66,66,32],"gold":369,"neow_bonus":"HUNDRED_GOLD","is_daily":false,"chose_seed":false,"campfire_upgraded":4,"win_rate":0.0,"timestamp":1610197609,"path_taken":["M","?","M","?","M","$","R","?","T","M","?","M","?","M","R","BOSS","M","?","?","?","M","R","M","R","T","R","?","?","E","M","R","BOSS","M","$","M","?","M","R","M","R","T","M","M","M","?","?","R","BOSS"],"items_purchased_type":["Relic","Card","Relic","Relic","Relic","Card","Potion"],"build_version":"2020-12-22","purchased_purges":2,"victory":true,"max_hp_per_floor":[75,75,75,75,75,75,75,75,75,75,75,75,75,75,75,75,75,75,75,75,75,75,75,75,75,75,75,75,75,75,75,75,75,75,75,75,75,75,75,75,75,75,75,75,75,75,66,66,66,66],"card_choices":[{"not_picked":["Redo","Barrage"],"picked":"Capacitor","floor":1},{"not_picked":["Leap","Beam Cell"],"picked":"Compile Driver","floor":3},{"not_picked":["Lockon","White Noise"],"picked":"Doom and Gloom","floor":4},{"not_picked":["Ball Lightning","Redo"],"picked":"Sweeping Beam","floor":5},{"not_picked":["Gash","Barrage"],"picked":"Tempest","floor":8},{"not_picked":["Steam","Leap"],"picked":"Fusion","floor":10},{"not_picked":["Turbo","Leap"],"picked":"BootSequence","floor":12},{"not_picked":["Go for the Eyes","Redo"],"picked":"Stack","floor":14},{"not_picked":["All For One","Rainbow"],"picked":"Hyperbeam","floor":16},{"not_picked":["Gash","Hologram","Sweeping Beam"],"picked":"SKIP","floor":18},{"not_picked":["Reinforced Body","Steam Power+1"],"picked":"Consume+1","floor":20},{"not_picked":["Coolheaded","Conserve Battery"],"picked":"Cold Snap","floor":22},{"not_picked":["Skim","Sweeping Beam","Rebound"],"picked":"SKIP","floor":24},{"not_picked":["Go for the Eyes","Barrage"],"picked":"Capacitor","floor":30},{"not_picked":["Beam Cell","Gash","Static Discharge"],"picked":"SKIP","floor":31},{"not_picked":["Core Surge","Reboot"],"picked":"Biased Cognition","floor":33},{"not_picked":["Chill","Streamline"],"picked":"Chaos+1","floor":35},{"not_picked":["Cold Snap+1","Compile Driver+1","Go for the Eyes+1"],"picked":"SKIP","floor":37},{"not_picked":["Barrage","Sunder+1"],"picked":"Turbo+1","floor":39},{"not_picked":["Compile Driver","Steam+1"],"picked":"Darkness+1","floor":41},{"not_picked":["Cold Snap+1","Rebound+1"],"picked":"All For One","floor":44},{"not_picked":["Fusion+1","Steam+1"],"picked":"Force Field","floor":45},{"not_picked":["Steam","Streamline+1","Lockon"],"picked":"SKIP","floor":46}],"player_experience":339132,"relics_obtained":[{"floor":9,"key":"Art of War"},{"floor":26,"key":"Centennial Puzzle"},{"floor":28,"key":"StrikeDummy"},{"floor":30,"key":"Vajra"},{"floor":43,"key":"PreservedInsect"}],"event_choices":[{"damage_healed":0,"gold_gain":0,"player_choice":"Rummage","damage_taken":0,"relics_obtained":["WarpedTongs"],"max_hp_gain":0,"max_hp_loss":0,"event_name":"Accursed Blacksmith","floor":2,"gold_loss":0,"cards_obtained":["Pain"]},{"damage_healed":0,"gold_gain":0,"player_choice":"Slimed","damage_taken":11,"max_hp_gain":0,"max_hp_loss":0,"event_name":"betterThird:BetterGoop","floor":11,"gold_loss":42},{"damage_healed":0,"gold_gain":78,"player_choice":"Gained Gold","damage_taken":0,"max_hp_gain":0,"max_hp_loss":0,"event_name":"Golden Wing","floor":13,"gold_loss":0},{"cards_removed":["Echo Form"],"damage_healed":0,"gold_gain":0,"player_choice":"Take \u0026 Give","damage_taken":0,"max_hp_gain":0,"max_hp_loss":0,"event_name":"betterNote:BetterNote","floor":19,"gold_loss":0,"cards_obtained":["Apotheosis"]},{"damage_healed":0,"gold_gain":0,"player_choice":"Adaptability","damage_taken":0,"max_hp_gain":0,"max_hp_loss":0,"event_name":"betterThird:BetterWriting","floor":21,"gold_loss":0},{"damage_healed":0,"gold_gain":100,"player_choice":"Pray","damage_taken":0,"max_hp_gain":0,"max_hp_loss":0,"event_name":"Golden Shrine","floor":29,"gold_loss":0},{"damage_healed":0,"gold_gain":0,"player_choice":"Embrace Madness","damage_taken":9,"max_hp_gain":0,"max_hp_loss":0,"event_name":"Winding Halls","floor":38,"gold_loss":0,"cards_obtained":["Madness","Madness"]},{"damage_healed":66,"gold_gain":0,"player_choice":"Heal","damage_taken":0,"max_hp_gain":0,"max_hp_loss":9,"event_name":"The Moai Head","floor":47,"gold_loss":0},{"damage_healed":0,"gold_gain":0,"player_choice":"Upgrade","damage_taken":0,"relics_obtained":["Mark of the Bloom"],"max_hp_gain":0,"max_hp_loss":0,"event_name":"MindBloom","floor":48,"gold_loss":0,"cards_upgraded":["Strike_B","Strike_B","Strike_B","Defend_B","Defend_B","Defend_B","Defend_B","Zap","Dualcast","Compile Driver","Doom and Gloom","Sweeping Beam","Tempest","BootSequence","Stack","Cold Snap","Capacitor","Biased Cognition","Defragment","Madness","Madness","All For One","Force Field"]}],"is_beta":false,"boss_relics":[{"not_picked":["Black Star","Calling Bell"],"picked":"Runic Pyramid"},{"not_picked":["SlaversCollar","Runic Dome"],"picked":"Nuclear Battery"}],"items_purged_floors":[6,36],"is_endless":false,"potions_floor_spawned":[1,5,10,12,18,22,33,35,45,46],"ascension_level":0}}