{"host":"7gewg82ormp6yt4e","time":1610179311,"event":{"mods":["BaseMod","Block Reminder","Colored Map","Colored Powertips","DeckTracker","Highlight Path","Minty Spire (QoL Compilation)","Relic Stats","StSLib","ojb\u0027s Info Mod"],"gold_per_floor":[360,510,181,181,256,256,296,296,320,359,197,215,46,64,64,155,155,179,454,479,43,57,57,4,4,4,4,27,27,37,37,37,37,37],"floor_reached":33,"playtime":1554,"items_purged":["Doubt","Regret"],"score":527,"play_id":"5db5352e-1aba-4162-b3df-024fdbe68fa5","local_time":"20210109170151","is_ascension_mode":true,"campfire_choices":[{"data":"Rip and Tear","floor":6,"key":"SMITH"},{"floor":8,"key":"REST"},{"floor":15,"key":"REST"},{"floor":23,"key":"REST"},{"data":"Fission","floor":25,"key":"SMITH"},{"data":"Defragment","floor":27,"key":"SMITH"},{"data":"Chaos","floor":32,"key":"SMITH"}],"circlet_count":0,"master_deck":["AscendersBane","Strike_B","Strike_B","Defend_B","Defend_B","Defend_B","Defend_B","Zap","Dualcast","Rip and Tear","Rip and Tear+1","Ball Lightning","Leap","Chill","Reinforced Body","Fission+1","Defragment+1","Tempest","Tempest","Glacier","Biased Cognition","Genetic Algorithm","Chaos+1"],"relics":["Cracked Core","Strange Spoon","Bloody Idol","Orichalcum","Toy Ornithopter","Oddly Smooth Stone","TheAbacus","Runic Pyramid","DataDisk","Torii"],"acts_visited":["Exordium","TheCity"],"potions_floor_usage":[10,12,12,16,16,20,22,22,30,30,33],"damage_taken":[{"damage":12,"enemies":"Small Slimes","floor":1,"turns":3},{"damage":30,"enemies":"3 Sentries","floor":7,"turns":7},{"damage":28,"enemies":"Lagavulin","floor":10,"turns":4},{"damage":0,"enemies":"Jaw Worm","floor":12,"turns":1},{"damage":0,"enemies":"2 Louse","floor":14,"turns":2},{"damage":1,"enemies":"The Guardian","floor":16,"turns":12},{"damage":4,"enemies":"Spheric Guardian","floor":18,"turns":6},{"damage":25,"enemies":"Chosen","floor":20,"turns":5},{"damage":28,"enemies":"3 Cultists","floor":22,"turns":5},{"damage":6,"enemies":"Sentry and Sphere","floor":28,"turns":4},{"damage":1,"enemies":"Shelled Parasite and Fungi","floor":30,"turns":4},{"damage":65,"enemies":"Collector","floor":33,"turns":9}],"seed_played":"4398292944063335855","potions_obtained":[{"floor":7,"key":"AttackPotion"},{"floor":12,"key":"Block Potion"},{"floor":16,"key":"PotionOfCapacity"},{"floor":18,"key":"Explosive Potion"},{"floor":22,"key":"DistilledChaos"},{"floor":30,"key":"PowerPotion"}],"is_trial":false,"path_per_floor":["M","?","$","?","?","R","E","R","T","E","$","M","$","M","R","B",null,"M","?","M","$","M","R","$","R","T","R","M","?","M","?","R","B"],"character_chosen":"DEFECT","items_purchased":["Strange Spoon","Rip and Tear","EntropicBrew","Leap","TheAbacus","Defragment","DataDisk","SkillPotion","Tempest","Dexterity Potion"],"campfire_rested":3,"item_purchase_floors":[3,3,11,11,13,21,21,21,21,24],"current_hp_per_floor":[52,52,52,52,41,41,11,28,28,5,5,15,15,15,32,41,54,50,50,30,30,12,29,29,29,29,29,23,23,37,37,37,0,0],"gold":37,"neow_bonus":"TWO_FIFTY_GOLD","is_daily":false,"chose_seed":false,"campfire_upgraded":4,"win_rate":0.0,"timestamp":1610179311,"path_taken":["M","?","$","?","?","R","E","R","T","E","$","M","?","?","R","BOSS","M","?","?","$","?","R","$","R","T","R","M","?","M","?","R","BOSS"],"items_purchased_type":["Relic","Card","Potion","Card","Relic","Card","Relic","Potion","Card","Potion"],"build_version":"2020-12-22","purchased_purges":2,"victory":false,"max_hp_per_floor":[64,64,64,58,58,58,58,58,58,58,58,58,58,58,58,58,58,58,58,58,58,58,58,58,58,58,58,58,58,58,58,58,58,58],"relic_stats":{"Strange Spoon":[18],"TheAbacus":[54],"Torii":4,"counters":[12,62],"Bloody Idol":5,"Orichalcum":[78],"obtain_stats":[{"Strange Spoon":3,"DataDisk":21,"TheAbacus":13,"Torii":26,"Golden Idol":4,"Bloody Idol":29,"Oddly Smooth Stone":10,"Orichalcum":7,"Cracked Core":0,"Toy Ornithopter":9,"Runic Pyramid":17},{"Strange Spoon":1,"DataDisk":8,"TheAbacus":4,"Torii":9,"Golden Idol":1,"Bloody Idol":10,"Oddly Smooth Stone":3,"Orichalcum":2,"Cracked Core":0,"Toy Ornithopter":2,"Runic Pyramid":6},{"Strange Spoon":3,"DataDisk":40,"TheAbacus":15,"Torii":45,"Golden Idol":3,"Bloody Idol":49,"Oddly Smooth Stone":14,"Orichalcum":10,"Cracked Core":0,"Toy Ornithopter":10,"Runic Pyramid":29}],"Toy Ornithopter":55},"card_choices":[{"not_picked":["Streamline","Coolheaded"],"picked":"Rip and Tear","floor":1},{"not_picked":["Turbo","Steam"],"picked":"Ball Lightning","floor":7},{"not_picked":["Aggregate","Scrape","Gash"],"picked":"SKIP","floor":10},{"not_picked":["Rebound","BootSequence"],"picked":"Chill","floor":12},{"not_picked":["Barrage","Stack"],"picked":"Reinforced Body","floor":14},{"not_picked":["Seek","Multi-Cast"],"picked":"Fission","floor":16},{"not_picked":["Gash","Rebound","Ball Lightning"],"picked":"SKIP","floor":18},{"not_picked":["Melter","Hello World","Redo"],"picked":"SKIP","floor":20},{"not_picked":["Beam Cell","Conserve Battery"],"picked":"Tempest","floor":22},{"not_picked":["Go for the Eyes","Self Repair"],"picked":"Glacier","floor":28},{"not_picked":["Redo","Coolheaded"],"picked":"Biased Cognition","floor":30}],"player_experience":2508797,"relics_obtained":[{"floor":7,"key":"Orichalcum"},{"floor":9,"key":"Toy Ornithopter"},{"floor":10,"key":"Oddly Smooth Stone"},{"floor":26,"key":"Torii"}],"event_choices":[{"damage_healed":0,"gold_gain":150,"player_choice":"AGREE","damage_taken":0,"max_hp_gain":0,"max_hp_loss":0,"event_name":"Liars Game","floor":2,"gold_loss":0,"cards_obtained":["Doubt"]},{"damage_healed":0,"gold_gain":0,"player_choice":"Lose Max HP","damage_taken":0,"relics_obtained":["Golden Idol"],"max_hp_gain":0,"max_hp_loss":6,"event_name":"Golden Idol","floor":4,"gold_loss":0},{"damage_healed":0,"gold_gain":75,"player_choice":"Gather Gold","damage_taken":11,"max_hp_gain":0,"max_hp_loss":0,"event_name":"World of Goop","floor":5,"gold_loss":0},{"damage_healed":0,"gold_gain":275,"player_choice":"Desecrate","damage_taken":0,"max_hp_gain":0,"max_hp_loss":0,"event_name":"Golden Shrine","floor":19,"gold_loss":0,"cards_obtained":["Regret"]},{"damage_healed":0,"gold_gain":0,"player_choice":"Gave Idol","damage_taken":0,"relics_obtained":["Bloody Idol"],"max_hp_gain":0,"max_hp_loss":0,"event_name":"Forgotten Altar","floor":29,"relics_lost":["Golden Idol"],"gold_loss":0},{"damage_healed":0,"gold_gain":0,"cards_transformed":["Strike_B","Strike_B"],"player_choice":"Became Test Subject","damage_taken":0,"max_hp_gain":0,"max_hp_loss":0,"event_name":"Drug Dealer","floor":31,"gold_loss":0,"cards_obtained":["Genetic Algorithm","Chaos"]}],"is_beta":false,"boss_relics":[{"not_picked":["SlaversCollar","Sozu"],"picked":"Runic Pyramid"}],"items_purged_floors":[3,21],"is_endless":false,"potions_floor_spawned":[7,12,14,16,18,22,30],"killed_by":"Collector","ascension_level":20}}