{"host":"2nhpogk5xa0u9xre","time":1610178018,"event":{"mods":["Aspiration","BaseMod","Colored Powertips","Googly Eyes","Hubris","Infinite Spire","Minty Spire (QoL Compilation)","Rare Cards Sparkle","Replay The Spire","StSLib","The Construct","The Hayseed","The Hierophant","The Runesmith","The Senshi","everything is the same but u backflip on backflip"],"gold_per_floor":[113,133,75,150,164,164,112,112,112,128,128,128,151,166,166,186,186,198,264,266,266,292,292,304,304,327,327,327,311,311],"floor_reached":29,"playtime":1111,"items_purged":[],"score":265,"play_id":"c67fbc69-dbb8-4ef5-92c7-83bf21f87b13","local_time":"20210109024018","is_ascension_mode":false,"campfire_choices":[{"data":"hierophant:Blessing","floor":6,"key":"SMITH"},{"data":"hierophant:Charity","floor":12,"key":"SMITH"},{"data":"hierophant:Smite","floor":15,"key":"SMITH"},{"data":"hierophant:Zeal","floor":23,"key":"SMITH"},{"floor":25,"key":"REST"},{"data":"hierophant:Repentance","floor":27,"key":"SMITH"}],"circlet_count":0,"master_deck":["hierophant:Strike_Hierophant","hierophant:Strike_Hierophant","hierophant:Strike_Hierophant","hierophant:Strike_Hierophant","hierophant:Punish+1","hierophant:Defend_Hierophant","hierophant:Defend_Hierophant","hierophant:Defend_Hierophant","hierophant:Defend_Hierophant","hierophant:ChurchCoffers","hierophant:Doubloon+1","hierophant:Remorse+1","hierophant:Repentance+1","hierophant:Community+1","hierophant:Blessing+1","hierophant:PassingBell","hierophant:Doubloon+1","hierophant:Charity+1","hierophant:Zeal+1","hierophant:Smite+1","hierophant:MintersHammer","hierophant:PassingBell","hierophant:HammerAndAnvil+1","hierophant:PassingBell"],"relics":["hierophant:PropheticMaskRelic","hubris:Icosahedron","construct:FoamFinger","aspiration:MobileForge","Oddly Smooth Stone","Nilry\u0027s Codex"],"acts_visited":["Exordium","TheCity"],"potions_floor_usage":[24,29,29],"damage_taken":[{"damage":1,"enemies":"Cultist","floor":1,"turns":3},{"damage":4,"enemies":"2 Louse","floor":2,"turns":2},{"damage":14,"enemies":"Jaw Worm","floor":5,"turns":4},{"damage":0,"enemies":"Large Slime","floor":10,"turns":5},{"damage":4,"enemies":"3 Louse","floor":13,"turns":2},{"damage":11,"enemies":"Exordium Wildlife","floor":14,"turns":2},{"damage":0,"enemies":"Fading Forest","floor":16,"turns":11},{"damage":10,"enemies":"Shell Parasite","floor":18,"turns":6},{"damage":10,"enemies":"Spheric Guardian","floor":20,"turns":3},{"damage":10,"enemies":"Snecko","floor":22,"turns":4},{"damage":41,"enemies":"Centurion and Healer","floor":24,"turns":5},{"damage":68,"enemies":"Slavers","floor":29,"turns":4}],"seed_played":"-1349566702633085841","potions_obtained":[{"floor":2,"key":"Explosive Potion"},{"floor":10,"key":"Block Potion"},{"floor":13,"key":"SkillPotion"},{"floor":16,"key":"EntropicBrew"},{"floor":19,"key":"Toxic Potion"}],"is_trial":false,"path_per_floor":["M","M","$","?","M","R","$","?","T","M","?","R","M","M","R","B",null,"M","?","M","?","M","R","M","R","T","R","?","E"],"character_chosen":"HIEROPHANT","items_purchased":["hierophant:Community+1","hierophant:PassingBell"],"campfire_rested":1,"item_purchase_floors":[3,7],"current_hp_per_floor":[74,70,70,59,45,45,45,45,45,75,75,75,71,60,60,75,75,75,45,45,75,65,65,34,56,56,56,40,0,0],"gold":311,"neow_bonus":"RANDOM_EVENT","is_daily":false,"chose_seed":false,"campfire_upgraded":5,"win_rate":0.0,"timestamp":1610178018,"path_taken":["M","M","?","?","M","R","?","?","T","M","?","R","M","M","R","BOSS","M","?","M","?","M","R","?","R","T","R","?","E"],"items_purchased_type":["Card","Card"],"build_version":"2020-12-22","purchased_purges":0,"victory":false,"max_hp_per_floor":[75,75,75,75,75,75,75,75,75,75,75,75,75,75,75,75,75,75,75,75,75,75,75,75,75,75,75,75,75,75],"card_choices":[{"not_picked":["hierophant:FieryStrike","hierophant:AuricBeam"],"picked":"hierophant:Remorse","floor":1},{"not_picked":["hierophant:HammerAndAnvil","hierophant:Mercenaries"],"picked":"hierophant:Repentance","floor":2},{"not_picked":["hierophant:ThreeLashes","hierophant:SealAway"],"picked":"hierophant:Blessing","floor":5},{"not_picked":["hierophant:Glossolalia","hierophant:TollTheBells"],"picked":"hierophant:Charity","floor":10},{"not_picked":["hierophant:AuricShield","hierophant:SolarFlare"],"picked":"hierophant:Zeal","floor":13},{"not_picked":["hierophant:Remorse","hierophant:Flagellation"],"picked":"hierophant:Smite","floor":14},{"not_picked":["hierophant:BulkyChest","hierophant:Kindle"],"picked":"hierophant:MintersHammer","floor":16},{"not_picked":["hierophant:Upheaval","hierophant:Purify"],"picked":"hierophant:PassingBell","floor":18},{"not_picked":["hierophant:Empathy+1","hierophant:ThreeLashes"],"picked":"hierophant:HammerAndAnvil+1","floor":19},{"not_picked":["hierophant:Flagellation","hierophant:Smite"],"picked":"hierophant:Martyrdom","floor":20},{"not_picked":["hierophant:Purify","hierophant:DisplayOfPower","hierophant:AuricBeam"],"picked":"SKIP","floor":22},{"not_picked":["hierophant:Sermon","hierophant:DisplayOfPower"],"picked":"hierophant:PassingBell","floor":24}],"player_experience":224110,"relics_obtained":[{"floor":9,"key":"construct:FoamFinger"},{"floor":26,"key":"Oddly Smooth Stone"},{"floor":28,"key":"Nilry\u0027s Codex"}],"event_choices":[{"damage_healed":0,"gold_gain":75,"player_choice":"Gather Gold","damage_taken":11,"max_hp_gain":0,"max_hp_loss":0,"event_name":"World of Goop","floor":4,"gold_loss":0},{"cards_removed":["hierophant:Martyrdom"],"damage_healed":30,"gold_gain":0,"player_choice":"Offered Uncommon","damage_taken":0,"max_hp_gain":0,"max_hp_loss":0,"event_name":"Bonfire Elementals","floor":21,"gold_loss":0},{"damage_healed":0,"gold_gain":0,"player_choice":"Obtained Book","damage_taken":16,"max_hp_gain":0,"max_hp_loss":0,"event_name":"Cursed Tome","floor":28,"gold_loss":0}],"is_beta":false,"boss_relics":[{"not_picked":["aspiration:IroncladSkillbook","Replay:Drink Me"],"picked":"aspiration:MobileForge"}],"items_purged_floors":[],"is_endless":false,"potions_floor_spawned":[2,10,13,16,20],"killed_by":"Slavers","ascension_level":0}}