{"host":"fche7yfjqecoz34w","time":1610162699,"event":{"mods":["BaseMod","BetterRewards","Minty Spire (QoL Compilation)","Replay The Spire","StSLib"],"gold_per_floor":[114,114,123,181,203,238,238,281,281,305,380,469,491,528,528,611,611,649,649,699,481,1111,1111,1197,1197,1222,1222,1273,1314,1070,1070,1070,1151,1151,1192,631,675,721,49,84,84,119,119,61,61,106,222,306,306,306,306,306,306,31,69,69],"floor_reached":57,"playtime":9651,"items_purged":["Normality"],"score":3744,"play_id":"415891b3-10ee-4073-9c61-6074a9cc9d45","local_time":"20210108212459","is_ascension_mode":true,"campfire_choices":[{"data":"1","floor":7.0,"key":"LIFT"},{"data":"2","floor":15.0,"key":"LIFT"},{"floor":23.0,"key":"REST"},{"data":"3","floor":27.0,"key":"LIFT"},{"floor":32,"key":"RECALL"},{"floor":41,"key":"DIG"},{"floor":45,"key":"DIG"},{"floor":49,"key":"DIG"},{"floor":53,"key":"DIG"}],"circlet_count":0,"master_deck":["AscendersBane","Strike_B+2","Strike_B+1","Strike_B+1","Strike_B+1","Defend_B","Defend_B","Defend_B","Defend_B","Zap","Dualcast","FIFO Queue","Tempest","Double Energy","Conserve Battery","Compile Driver","Turbo","Genetic Algorithm","BootSequence","BootSequence","Redo","Transmutation","Replay:Bootleg Shield Generator","Replay:Bootleg Shield Generator","Ball Lightning","Defragment","Darkness","Multi-Cast","Doom and Gloom","Tempest","Rainbow","Glacier","Genetic Algorithm","Storm","Genetic Algorithm","Panic Button","Thunder Strike","Turbo","Chill","Capacitor","Barrage","Ball Lightning","Double Energy","Creative AI","Chaos","Reinforced Body","Rainbow","Steam","Hyperbeam","Tempest","Tempest","Barrage+1","Self Repair","Cold Snap+1","Double Energy","BootSequence","White Noise","Turbo","Turbo","Ball Lightning","Time Bomb+1","Panic Button+1","Cold Snap+1","Chill","Pain","Crystallizer","Hologram+1","Darkness+1","Turbo","All For One","All For One","Tempest"],"relics":["Cracked Core","Du-Vu Doll","Lantern","Juzu Bracelet","ReplayTheSpireMod:ShopPack","Chemical X","Girya","Simple Rune","TungstenRod","Lee\u0027s Waffle","Shovel","Membership Card","Cables","Calipers","DataDisk","CeramicFish","Orrery","FossilizedHelix","Durian","Anchor","Dead Branch","Replay:Bottled Eggs","Darkstone Periapt","ReplayTheSpireMod:Ring of Exchange","ReplayTheSpireMod:Ring of Challenge","Mummified Hand","Strawberry","White Beast Statue","Pet Ghost","Bag of Preparation","Prayer Wheel","Prayer Wheel","Nuclear Battery","Blood Vial","Replay:Ringing Soul","Nunchaku","Enchiridion","Blue Doll","Happy Flower","Gambling Chip","SsserpentHead","Honey Jar","Philosopher\u0027s Stone","Carrot","Coffee Dripper","Potion Belt","Letter Opener","Whetstone","Ornamental Fan","ReplayTheSpireMod:Lightbulb","Replay:Bottled Flurry","Solar Panel","Bird Faced Urn","Pen Nib","Bottled Flame","Divine Protection","Replay:Baseball","Lizard Tail"],"acts_visited":["Exordium","TheCity","TheBeyond","TheEnding"],"potions_floor_usage":[33,48,56,56,56,56,56],"damage_taken":[{"damage":0.0,"enemies":"Jaw Worm","floor":1.0,"turns":2.0},{"damage":0.0,"enemies":"Cultist","floor":4.0,"turns":3.0},{"damage":0.0,"enemies":"2 Louse","floor":5.0,"turns":1.0},{"damage":0.0,"enemies":"Lagavulin","floor":6.0,"turns":3.0},{"damage":0.0,"enemies":"Gremlin Nob","floor":8.0,"turns":3.0},{"damage":0.0,"enemies":"Exordium Wildlife","floor":10.0,"turns":2.0},{"damage":16.0,"enemies":"3 Sentries","floor":12.0,"turns":5.0},{"damage":0.0,"enemies":"Large Slime","floor":13.0,"turns":3.0},{"damage":0.0,"enemies":"Gremlin Nob","floor":14.0,"turns":2.0},{"damage":0.0,"enemies":"Fading Forest","floor":16.0,"turns":10.0},{"damage":0.0,"enemies":"2 Thieves","floor":18.0,"turns":2.0},{"damage":0.0,"enemies":"Book of Stabbing","floor":24.0,"turns":4.0},{"damage":0,"enemies":"Gremlin Leader","floor":28,"turns":3},{"damage":0,"enemies":"Shell Parasite","floor":29,"turns":1},{"damage":0,"enemies":"Pondfish","floor":33,"turns":9},{"damage":0,"enemies":"3 Darklings","floor":35,"turns":2},{"damage":0,"enemies":"Orb Walker","floor":37,"turns":1},{"damage":0,"enemies":"Jaw Worm Horde","floor":38,"turns":2},{"damage":0,"enemies":"R_Hoarder","floor":40,"turns":3},{"damage":0,"enemies":"Reptomancer","floor":42,"turns":2},{"damage":0,"enemies":"4 Shapes","floor":46,"turns":1},{"damage":0,"enemies":"Mind Bloom Boss Battle","floor":48,"turns":2},{"damage":0,"enemies":"Donu and Deca","floor":50,"turns":3},{"damage":0,"enemies":"Replay:Hell Engine","floor":51,"turns":4},{"damage":0,"enemies":"Shield and Spear","floor":55,"turns":2},{"damage":0,"enemies":"The Heart","floor":56,"turns":5}],"seed_played":"-3301367336838003775","potions_obtained":[{"floor":1.0,"key":"Fire Potion"},{"floor":8.0,"key":"BlessingOfTheForge"},{"floor":10.0,"key":"Flashbang"},{"floor":12.0,"key":"ColorlessPotion"},{"floor":13.0,"key":"Dexterity Potion"},{"floor":14.0,"key":"AttackPotion"},{"floor":16.0,"key":"Weak Potion"},{"floor":18.0,"key":"FocusPotion"},{"floor":24.0,"key":"Reflective Coating"},{"floor":33,"key":"SkillPotion"},{"floor":35,"key":"Regen Potion"},{"floor":37,"key":"Swift Potion"},{"floor":38,"key":"SkillPotion"},{"floor":40,"key":"Fire Potion"},{"floor":42,"key":"Weak Potion"},{"floor":46,"key":"FocusPotion"},{"floor":48,"key":"PotionOfCapacity"},{"floor":55,"key":"EssenceOfSteel"}],"is_trial":false,"path_per_floor":["M","?","?","M","M","E","R","E","T","M","?","E","M","E","R","B",null,"M","?","?","$","?","R","E","?","T","R","E","M","$","?","R","B",null,"M","$","M","M","$","E","R","E","T","$","R","M","?","?","R","B","B",null,"R","$","E","B",null],"character_chosen":"DEFECT","items_purchased":["FIFO Queue","Lantern","Juzu Bracelet","ReplayTheSpireMod:ShopPack","Chemical X","Simple Rune","Tempest","Consume","Regen Potion","Lee\u0027s Waffle","Double Energy","Conserve Battery","Membership Card","Cables","DataDisk","CeramicFish","Orrery","Anchor","Ball Lightning","Defragment","Darkness","Multi-Cast","Doom and Gloom","Replay:Bottled Eggs","Blood Vial","Replay:Ringing Soul","Gambling Chip","Reinforced Body","Philosopher\u0027s Stone","Tempest","Carrot","Coffee Dripper","Turbo","ReplayTheSpireMod:Lightbulb","Divine Protection","Replay:Baseball","Turbo","All For One"],"campfire_rested":1,"item_purchase_floors":[0,0,0,0,0,0,0,0,0,0,0,0,0,0,0,0,0,0,0,0,0,0,0,0,21,21,30,30,36,36,39,39,39,44,54,54,54,54],"current_hp_per_floor":[76,76,82,82,82,82,82,89,89,89,79,63,63,63,63,71,90,90,90,90,90,29,57,62,45,45,45,50,55,58,58,58,63,99,104,107,112,123,126,129,129,132,132,132,132,135,144,147,147,147,147,147,147,150,153,153],"gold":69,"neow_bonus":"","is_daily":false,"chose_seed":false,"campfire_upgraded":0,"win_rate":0.0,"timestamp":1610162699,"path_taken":["M","?","?","M","M","E","R","E","T","M","?","E","M","E","R","BOSS","M","?","?","$","?","R","E","?","T","R","E","M","$","?","R","BOSS","M","$","M","M","$","E","R","E","T","?","R","M","?","?","R","BOSS","BOSS","R","$","E","BOSS"],"items_purchased_type":["Card","Relic","Relic","Relic","Relic","Relic","Card","Card","Potion","Relic","Card","Card","Relic","Relic","Relic","Relic","Relic","Relic","Card","Card","Card","Card","Card","Relic","Relic","Relic","Relic","Card","Relic","Card","Relic","Relic","Card","Relic","Relic","Relic","Card","Card"],"build_version":"2020-12-22","purchased_purges":1,"victory":true,"max_hp_per_floor":[83,83,89,89,89,89,89,96,96,96,96,96,96,96,96,96,96,96,96,96,96,96,96,99,99,99,99,102,105,108,108,108,111,111,114,117,120,123,126,129,129,132,132,132,132,135,144,147,147,147,147,147,147,150,153,153],"card_choices":[{"not_picked":["BasicCrystalCard","Stack"],"picked":"Turbo","floor":0.0},{"not_picked":["Steam Power","All For One"],"picked":"Genetic Algorithm","floor":0.0},{"not_picked":["Auto Shields","Ball Lightning"],"picked":"BootSequence","floor":0.0},{"not_picked":["White Noise","Streamline"],"picked":"BootSequence","floor":0.0},{"not_picked":["Hologram","BasicCrystalCard"],"picked":"Redo","floor":0.0},{"not_picked":["Thinking Ahead","Chrysalis"],"picked":"Transmutation","floor":0.0},{"not_picked":["Jack Of All Trades","Madness"],"picked":"Replay:Bootleg Shield Generator","floor":0.0},{"not_picked":["Poisoned Strike","Forethought"],"picked":"Replay:Bootleg Shield Generator","floor":0.0},{"not_picked":["Compile Driver","Rip and Tear","Barrage"],"picked":"SKIP","floor":1.0},{"not_picked":["Gash","Heatsinks","Stack"],"picked":"SKIP","floor":4.0},{"not_picked":["Rebound","Turbo"],"picked":"Tempest","floor":5.0},{"not_picked":["Chaos","Core Surge"],"picked":"Rainbow","floor":6.0},{"not_picked":["Cold Snap","Static Discharge"],"picked":"Glacier","floor":8.0},{"not_picked":["Beam Cell","Hologram"],"picked":"Genetic Algorithm","floor":10.0},{"not_picked":["Compile Driver","Buffer"],"picked":"Storm","floor":12.0},{"not_picked":["Consume","Redo"],"picked":"Genetic Algorithm","floor":13.0},{"not_picked":["Beam Cell","Leap"],"picked":"Panic Button","floor":14.0},{"not_picked":["Echo Form","Seek"],"picked":"Thunder Strike","floor":16.0},{"not_picked":["Beam Cell+1","Sweeping Beam"],"picked":"Turbo","floor":18.0},{"not_picked":["Steam","Hologram"],"picked":"Chill","floor":18.0},{"not_picked":["Consume","Cold Snap+1"],"picked":"Capacitor","floor":18.0},{"not_picked":["Beam Cell","Steam"],"picked":"Barrage","floor":24.0},{"not_picked":["Compile Driver","Coolheaded"],"picked":"Ball Lightning","floor":28},{"not_picked":["Barrage","BasicCrystalCard"],"picked":"Double Energy","floor":29},{"not_picked":["Conserve Battery","Hologram"],"picked":"Creative AI","floor":29},{"not_picked":["Cold Snap","ReplayTheSpireMod:GoodbyeWorld"],"picked":"Chaos","floor":29},{"not_picked":["Biased Cognition","All For One"],"picked":"Rainbow","floor":33},{"not_picked":["Barrage","Leap","Compile Driver"],"picked":"Steam","floor":35},{"not_picked":["Barrage","Go for the Eyes+1","Hologram"],"picked":"Hyperbeam","floor":35},{"not_picked":["Streamline","Cold Snap","Stack"],"picked":"Tempest","floor":35},{"not_picked":["Coolheaded","Conserve Battery","Sweeping Beam"],"picked":"Barrage+1","floor":37},{"not_picked":["Conserve Battery","Compile Driver+1","Sweeping Beam+1"],"picked":"Self Repair","floor":37},{"not_picked":["Streamline","Rebound+1","Steam"],"picked":"Cold Snap","floor":37},{"not_picked":["Melter+1","Stack","Panic Button"],"picked":"Double Energy","floor":38},{"not_picked":["Multi-Cast","Stack+1","Barrage"],"picked":"BootSequence","floor":38},{"not_picked":["Sweeping Beam+1","Conserve Battery","Skim"],"picked":"White Noise","floor":38},{"not_picked":["ReplaySolidLightProjector","Barrage","Rebound"],"picked":"Ball Lightning","floor":40},{"not_picked":["Gash","Mirror Shield","Panic Button"],"picked":"Time Bomb+1","floor":42},{"not_picked":["Rip and Tear","Conserve Battery+1","Leap+1"],"picked":"Panic Button+1","floor":46},{"not_picked":["Gash","Ball Lightning","Coolheaded"],"picked":"Cold Snap+1","floor":46},{"not_picked":["Sweeping Beam+1","Heatsinks","ReplayGash"],"picked":"Chill","floor":46},{"not_picked":["Redo","Cold Snap","Go for the Eyes"],"picked":"Crystallizer","floor":47},{"not_picked":["Gash","Static Discharge","Conserve Battery"],"picked":"Hologram+1","floor":47},{"not_picked":["Coolheaded","Barrage","Blizzard"],"picked":"Darkness+1","floor":48},{"not_picked":["Steam+1","Darkness","Beam Cell"],"picked":"Tempest","floor":55}],"player_experience":1933728,"relics_obtained":[{"floor":3.0,"key":"ReplayTheSpireMod:Ring of Exchange"},{"floor":3.0,"key":"ReplayTheSpireMod:Ring of Challenge"},{"floor":6.0,"key":"Mummified Hand"},{"floor":8.0,"key":"Strawberry"},{"floor":9.0,"key":"White Beast Statue"},{"floor":12.0,"key":"Pet Ghost"},{"floor":14.0,"key":"Bag of Preparation"},{"floor":24.0,"key":"Nunchaku"},{"floor":25.0,"key":"Enchiridion"},{"floor":28,"key":"Blue Doll"},{"floor":28,"key":"Happy Flower"},{"floor":40,"key":"Potion Belt"},{"floor":41,"key":"Letter Opener"},{"floor":42,"key":"Whetstone"},{"floor":43,"key":"Ornamental Fan"},{"floor":45,"key":"Replay:Bottled Flurry"},{"floor":47,"key":"Solar Panel"},{"floor":48,"key":"Bird Faced Urn"},{"floor":49,"key":"Pen Nib"},{"floor":53,"key":"Bottled Flame"},{"floor":55,"key":"Lizard Tail"}],"event_choices":[{"damage_healed":0.0,"max_hp_gain":0.0,"max_hp_loss":0.0,"gold_gain":0.0,"event_name":"WeMeetAgain","player_choice":"Gave Potion","floor":2.0,"gold_loss":0.0,"damage_taken":0.0,"relics_obtained":["Darkstone Periapt"]},{"damage_healed":0.0,"max_hp_gain":0.0,"max_hp_loss":0.0,"gold_gain":75.0,"event_name":"World of Goop","player_choice":"Gather Gold","floor":11.0,"gold_loss":0.0,"damage_taken":11.0},{"damage_healed":0.0,"max_hp_gain":0.0,"max_hp_loss":0.0,"gold_gain":0.0,"event_name":"Vampires","player_choice":"Ignored","floor":19.0,"gold_loss":0.0,"damage_taken":0.0},{"damage_healed":0.0,"max_hp_gain":0.0,"max_hp_loss":0.0,"gold_gain":50.0,"event_name":"Nest","player_choice":"Stole From Cult","floor":20.0,"gold_loss":0.0,"damage_taken":0.0},{"damage_healed":0.0,"max_hp_gain":0.0,"max_hp_loss":0.0,"gold_gain":630.0,"event_name":"Knowing Skull","player_choice":"GOLD GOLD GOLD GOLD GOLD GOLD GOLD ","floor":22.0,"potions_obtained":[],"gold_loss":0.0,"damage_taken":69.0,"cards_obtained":[]},{"damage_healed":0.0,"max_hp_gain":0.0,"max_hp_loss":0.0,"gold_gain":0.0,"event_name":"Cursed Tome","player_choice":"Obtained Book","floor":25.0,"gold_loss":0.0,"damage_taken":21.0},{"damage_healed":0,"gold_gain":0,"player_choice":"Trade","damage_taken":0,"relics_obtained":["SsserpentHead"],"max_hp_gain":0,"max_hp_loss":0,"event_name":"FaceTrader","floor":31,"gold_loss":0},{"damage_healed":0,"gold_gain":0,"player_choice":"Fight","damage_taken":0,"max_hp_gain":0,"max_hp_loss":0,"event_name":"MindBloom","floor":48,"gold_loss":0}],"is_beta":false,"boss_relics":[{"not_picked":["FrozenCore","Strange Spoon"],"picked":"Nuclear Battery"},{"not_picked":["Runic Dome","ReplayTheSpireMod:DimensionalGlitch"],"picked":"Honey Jar"}],"items_purged_floors":[30],"is_endless":false,"potions_floor_spawned":[1,8,10,12,13,14,16,18,24,28,29,33,35,37,38,40,42,46,48,55],"ascension_level":20}}