{"host":"dn6kke80v5f7isus","time":1610233079,"event":{"mods":["AchievementEnabler","Act Like it!","BaseMod","Colored Powertips","Custom Start","Defuse TimeMaze Blight","Downfall","Duelist Mod","Gremlin Skip","Highlight Path","Hubris","Infinite Spire","Minty Spire (QoL Compilation)","Rare Cards Sparkle","Replay The Spire","StSLib","Uncapped"],"gold_per_floor":[139,161,180,192,202,202,221,221,246,273,273,57,57,85,85,85,85],"floor_reached":16,"playtime":519,"items_purged":[],"score":154,"play_id":"9c9f9074-9f74-4fe7-b73b-7aca51b2f201","local_time":"20210109175759","is_ascension_mode":true,"campfire_choices":[{"data":"theDuelist:GravityLash","floor":6,"key":"SMITH"},{"data":"theDuelist:ScrapFactory","floor":11,"key":"SMITH"},{"data":"theDuelist:MagicalStone","floor":13,"key":"SMITH"},{"floor":15,"key":"REST"}],"circlet_count":0,"master_deck":["theDuelist:ScrapFactory+1","theDuelist:BeaverWarrior","theDuelist:GiantSoldier","theDuelist:Sparks","theDuelist:BeaverWarrior","theDuelist:CastleWalls","theDuelist:Sparks","theDuelist:FinalFlame+1","theDuelist:CastleWalls","theDuelist:GravityLash+1","theDuelist:MagicalStone+1"],"relics":["theDuelist:MillenniumPuzzle","theDuelist:CardPoolRelic","theDuelist:CardPoolBasicRelic","theDuelist:BoosterPackPoolRelic","theDuelist:CardPoolAddRelic","theDuelist:CardPoolMinusRelic","theDuelist:CardPoolSaveRelic","theDuelist:CardPoolOptionsRelic","theDuelist:DuelistTeaSet","hubris:ToyBattleship","Tiny Chest","theDuelist:SolderToken"],"acts_visited":["Exordium"],"potions_floor_usage":[5,7,10],"damage_taken":[{"damage":0,"enemies":"Small Slimes","floor":1,"turns":3},{"damage":0,"enemies":"Cultist","floor":3,"turns":3},{"damage":0,"enemies":"2 Louse","floor":4,"turns":2},{"damage":0,"enemies":"Exordium Thugs","floor":5,"turns":4},{"damage":13,"enemies":"Large Slime","floor":7,"turns":5},{"damage":9,"enemies":"Lagavulin","floor":10,"turns":5},{"damage":30,"enemies":"Gremlin Nob","floor":14,"turns":4},{"damage":71,"enemies":"Fading Forest","floor":16,"turns":9}],"seed_played":"-2939642734874355617","potions_obtained":[{"floor":3,"key":"BlessingOfTheForge"},{"floor":4,"key":"ColorlessPotion"},{"floor":5,"key":"theDuelist:WaterBottle"}],"is_trial":false,"path_per_floor":["M","?","M","M","M","R","M","?","T","E","R","$","R","E","R","B"],"character_chosen":"THE_DUELIST","items_purchased":["Tiny Chest","theDuelist:MagicalStone"],"campfire_rested":1,"item_purchase_floors":[12,12],"current_hp_per_floor":[80,80,80,80,80,80,67,67,67,58,58,58,58,28,54,0,0],"gold":85,"neow_bonus":"TEN_PERCENT_HP_BONUS","is_daily":false,"chose_seed":false,"campfire_upgraded":3,"win_rate":0.0,"timestamp":1610233079,"path_taken":["M","?","M","M","M","R","?","?","T","E","R","?","R","E","R","BOSS"],"items_purchased_type":["Relic","Card"],"build_version":"2020-12-22","purchased_purges":0,"victory":false,"max_hp_per_floor":[88,88,88,88,88,88,88,88,88,88,88,88,88,88,88,88,88],"card_choices":[{"not_picked":["theDuelist:Hinotama","theDuelist:PowerWall","theDuelist:PreventRat"],"picked":"SKIP","floor":1},{"not_picked":["theDuelist:BigFire","theDuelist:LightningVortex","theDuelist:WormWarlord"],"picked":"SKIP","floor":3},{"not_picked":["theDuelist:Wildfire","theDuelist:AmuletAmbition"],"picked":"theDuelist:GravityLash","floor":4},{"not_picked":["theDuelist:RainbowNeos","theDuelist:Tuningware","theDuelist:CharcoalInpachi"],"picked":"SKIP","floor":5},{"not_picked":["theDuelist:DoubleTool","theDuelist:Invigoration","theDuelist:MagnumShield"],"picked":"SKIP","floor":7},{"not_picked":["theDuelist:Hinotama","theDuelist:BigFire","theDuelist:ScrapFactory"],"picked":"SKIP","floor":10},{"not_picked":["theDuelist:ScrapFactory","theDuelist:WhiteMagicalHat","theDuelist:AfterTheStorm"],"picked":"SKIP","floor":14}],"player_experience":577295,"relics_obtained":[{"floor":9,"key":"theDuelist:DuelistTeaSet"},{"floor":10,"key":"hubris:ToyBattleship"},{"floor":14,"key":"theDuelist:SolderToken"}],"event_choices":[{"damage_healed":0,"gold_gain":0,"player_choice":"Sold Giant Stone Soldier for 22 Gold.","duelist":true,"damage_taken":0,"max_hp_gain":0,"max_hp_loss":0,"event_name":"Card Trader","floor":2,"gold_loss":0},{"damage_healed":0,"gold_gain":0,"player_choice":"Grow","damage_taken":0,"max_hp_gain":0,"max_hp_loss":0,"event_name":"Living Wall","floor":8,"gold_loss":0,"cards_upgraded":["theDuelist:FinalFlame"]}],"is_beta":false,"boss_relics":[],"items_purged_floors":[],"is_endless":false,"potions_floor_spawned":[3,4,5],"killed_by":"Fading Forest","ascension_level":8}}