{"host":"vlqejv0notyktumz","time":1610219311,"event":{"mods":["AchievementEnabler","BaseMod","Googly Eyes","Minty Spire (QoL Compilation)"],"gold_per_floor":[113,113,1,24,24,24,58,2,2,2,35,50,71,84,84,204,204,219,244,119,132,132,132],"floor_reached":22,"playtime":527,"items_purged":["Strike_B","Defend_B"],"score":255,"play_id":"a5c53f61-3208-4551-90b2-d53381a04be0","local_time":"20210109130831","is_ascension_mode":true,"campfire_choices":[{"data":"Defragment","floor":6,"key":"SMITH"},{"floor":10,"key":"REST"},{"floor":15,"key":"REST"}],"circlet_count":0,"master_deck":["Defend_B","Defend_B","Defend_B","Zap","Dualcast","Leap","Redo","Defragment+1","Lockon","Coolheaded","Genetic Algorithm","Doom and Gloom","Thunder Strike","Fission+1","Tempest+1","Aggregate+1","Leap","Conserve Battery","Ball Lightning+1"],"relics":["Cracked Core","Golden Idol","Bag of Marbles","Anchor","Bottled Flame","DataDisk","Astrolabe"],"acts_visited":["Exordium","TheCity"],"potions_floor_usage":[13,18,22,22],"damage_taken":[{"damage":1,"enemies":"Small Slimes","floor":1,"turns":3},{"damage":0,"enemies":"Jaw Worm","floor":4,"turns":4},{"damage":32,"enemies":"Lagavulin","floor":7,"turns":6},{"damage":27,"enemies":"Gremlin Nob","floor":11,"turns":5},{"damage":0,"enemies":"Cultist","floor":12,"turns":3},{"damage":0,"enemies":"Blue Slaver","floor":13,"turns":3},{"damage":4,"enemies":"Red Slaver","floor":14,"turns":2},{"damage":6,"enemies":"The Guardian","floor":16,"turns":8},{"damage":14,"enemies":"2 Thieves","floor":18,"turns":4},{"damage":11,"enemies":"3 Byrds","floor":19,"turns":5},{"damage":34,"enemies":"Cultist and Chosen","floor":21,"turns":6},{"damage":11,"enemies":"Shelled Parasite and Fungi","floor":22,"turns":2}],"seed_played":"-617868410284484229","potions_obtained":[{"floor":11,"key":"CultistPotion"},{"floor":12,"key":"ColorlessPotion"},{"floor":16,"key":"SkillPotion"},{"floor":18,"key":"BlessingOfTheForge"},{"floor":21,"key":"FocusPotion"}],"is_trial":false,"path_per_floor":["M","?","$","M","?","R","E","?","T","R","E","M","M","M","R","B",null,"M","M","$","M","M"],"character_chosen":"DEFECT","items_purchased":["Defragment","Conserve Battery"],"campfire_rested":2,"item_purchase_floors":[3,20],"current_hp_per_floor":[67,49,49,49,49,49,17,17,17,39,12,12,12,8,30,24,62,48,37,37,3,0,0],"gold":132,"neow_bonus":"THREE_CARDS","is_daily":false,"chose_seed":false,"campfire_upgraded":1,"win_rate":0.0,"timestamp":1610219311,"path_taken":["M","?","$","M","?","R","E","?","T","R","E","?","M","M","R","BOSS","M","M","$","M","M"],"items_purchased_type":["Card","Card"],"build_version":"2020-12-22","purchased_purges":2,"victory":false,"max_hp_per_floor":[75,75,75,75,75,75,75,75,75,75,75,75,75,75,75,75,75,75,75,75,75,75,75],"card_choices":[{"not_picked":["Hello World","Turbo"],"picked":"Leap","floor":0},{"not_picked":["Streamline","Reinforced Body"],"picked":"Redo","floor":1},{"not_picked":["Storm","Redo"],"picked":"Lockon","floor":4},{"not_picked":["Steam","Machine Learning"],"picked":"Coolheaded","floor":7},{"not_picked":["Steam Power","Gash"],"picked":"Genetic Algorithm","floor":11},{"not_picked":["Tempest","Rebound","Aggregate"],"picked":"SKIP","floor":12},{"not_picked":["Blizzard","Reinforced Body","Redo"],"picked":"SKIP","floor":13},{"not_picked":["Loop","Streamline"],"picked":"Doom and Gloom","floor":14},{"not_picked":["Meteor Strike","Fission"],"picked":"Thunder Strike","floor":16},{"not_picked":["Steam","Go for the Eyes"],"picked":"Leap","floor":18},{"not_picked":["Beam Cell","Glacier","Leap"],"picked":"SKIP","floor":19},{"not_picked":["Scrape","Loop"],"picked":"Ball Lightning+1","floor":21}],"player_experience":311393,"relics_obtained":[{"floor":7,"key":"Bag of Marbles"},{"floor":9,"key":"Bottled Flame"},{"floor":11,"key":"DataDisk"}],"event_choices":[{"damage_healed":0,"gold_gain":0,"player_choice":"Take Damage","damage_taken":18,"relics_obtained":["Golden Idol"],"max_hp_gain":0,"max_hp_loss":0,"event_name":"Golden Idol","floor":2,"gold_loss":0},{"damage_healed":0,"gold_gain":0,"player_choice":"Ignored","damage_taken":0,"max_hp_gain":0,"max_hp_loss":0,"event_name":"Liars Game","floor":5,"gold_loss":0},{"damage_healed":0,"gold_gain":0,"player_choice":"Paid Gold","damage_taken":0,"relics_obtained":["Anchor"],"max_hp_gain":0,"max_hp_loss":0,"event_name":"WeMeetAgain","floor":8,"gold_loss":56}],"is_beta":false,"boss_relics":[{"not_picked":["SlaversCollar","FrozenCore"],"picked":"Astrolabe"}],"items_purged_floors":[3,20],"is_endless":false,"potions_floor_spawned":[11,12,16,18,21],"killed_by":"Shelled Parasite and Fungi","ascension_level":6}}