{"host":"8v7nkx72j7rwevt7","time":1610174014,"event":{"mods":["100% Spire Juice","Act Like it!","Aspiration","BaseMod","Better Third Choice","Challenge The Spire","Conjunction","Conspire","Dota2Spire","Ekko","Energized Spire","GifTheSpireLib","Halation","Hubris","Mimic Mod","Minty Spire (QoL Compilation)","Puzzle Mod","Quarter Circle Forward PUNCH!","Random Character Button","Replay The Spire","Reworked Bosses","Robot Space Explorer","Small Relic Pack","Spikes Relics","StSLib","Stuff the Spire","The Alterego","The Blue Laboratory","The Bug Knight","The Death Knight","The Florist","The Poker Player","Trackpad","Wandering Minibosses","vexMod"],"gold_per_floor":[111,217,237,255,275,309,309,335,375,21,21,37,37,50,50,147,147,166,116,38,38,56,56,72,92,92,23,52,62,62,77,77,178,178,196,215,215,215,231,262,262,262,262,262],"floor_reached":42,"playtime":2413,"items_purged":[],"score":565,"play_id":"1c008ee9-cd85-4eb0-890e-044aad3b6d64","local_time":"20210109013334","is_ascension_mode":false,"metric_token":2258,"campfire_choices":[{"floor":7,"key":"REST"},{"floor":11,"key":"REST"},{"data":"PokerPlayerMod:Diamond1","floor":13,"key":"SMITH"},{"floor":15,"key":"REST"},{"data":"PokerPlayerMod:CardPrinter","floor":23,"key":"SMITH"},{"floor":30,"key":"REST"},{"floor":32,"key":"REST"},{"floor":41,"key":"REST"}],"circlet_count":0,"master_deck":["PokerPlayerMod:Diamond2","PokerPlayerMod:Diamond2","PokerPlayerMod:Diamond3","PokerPlayerMod:Diamond4","PokerPlayerMod:Diamond5","PokerPlayerMod:Spade1","PokerPlayerMod:Spade2","PokerPlayerMod:Spade3","PokerPlayerMod:Spade4","PokerPlayerMod:Club1","PokerPlayerMod:Club2","PokerPlayerMod:Heart2","PokerPlayerMod:TrumpStrike","PokerPlayerMod:BadJoker","PokerPlayerMod:Mulligan","PokerPlayerMod:Raise","PokerPlayerMod:CardPrinter+1","PokerPlayerMod:Club9","PokerPlayerMod:Diamond7","PokerPlayerMod:ClubDance","PokerPlayerMod:Spade4","PokerPlayerMod:Heart5","PokerPlayerMod:ClubShade+1","Specialist","PokerPlayerMod:Club8","PokerPlayerMod:Diamond4","PokerPlayerMod:Club4","PokerPlayerMod:Spade4","PokerPlayerMod:Spade5","PokerPlayerMod:TheDieIsCast","PokerPlayerMod:Harden","PokerPlayerMod:Diamond9","PokerPlayerMod:Sharpen","PokerPlayerMod:ClubShade","PokerPlayerMod:Club7","PokerPlayerMod:Spade3","PokerPlayerMod:Diamond4","PokerPlayerMod:Diamond4","PokerPlayerMod:Diamond4","PokerPlayerMod:Spade10+","PokerPlayerMod:Spade5","hubris:Insight","PokerPlayerMod:Spade4","PokerPlayerMod:Diamond4"],"relics":["PokerPlayerMod:DeckCase","NeowsBlessing","Dream Catcher","PokerPlayerMod:StuffedPocket","CherryCoatedStake","PokerPlayerMod:FairLicense","vexMod:BigBerry","Dota2Spire:MagicBottle","Replay:Baseball","wanderingMiniBosses:AbyssPearl","StuffTheSpire:DarkSteelAnvil","Dota2Spire:HeartOfTarrasque","Velvet Choker","hubris:Towel","PokerPlayerMod:JackpotMachine"],"acts_visited":["Exordium","TheCity","TheBeyond"],"potions_floor_usage":[5,6,16,18,18,29,40],"damage_taken":[{"damage":0,"enemies":"Jaw Worm","floor":1,"turns":1},{"damage":0,"enemies":"Cultist","floor":3,"turns":1},{"damage":0,"enemies":"Small Slimes","floor":4,"turns":1},{"damage":0,"enemies":"Exordium Thugs","floor":5,"turns":3},{"damage":21,"enemies":"3 Sentries","floor":6,"turns":3},{"damage":31,"enemies":"Gremlin Nob","floor":8,"turns":5},{"damage":7,"enemies":"2 Fungi Beasts","floor":9,"turns":6},{"damage":0,"enemies":"2 Fungi Beasts","floor":12,"turns":2},{"damage":5,"enemies":"Blue Slaver","floor":14,"turns":2},{"damage":16,"enemies":"The Guardian","floor":16,"turns":6},{"damage":14,"enemies":"3 Byrds","floor":18,"turns":6},{"damage":8,"enemies":"Spheric Guardian","floor":22,"turns":5},{"damage":11,"enemies":"Centurion and Healer","floor":24,"turns":4},{"damage":26,"enemies":"Snecko","floor":25,"turns":7},{"damage":30,"enemies":"conspire:MimicChest","floor":28,"turns":6},{"damage":40,"enemies":"Shelled Parasite and Fungi","floor":29,"turns":5},{"damage":7,"enemies":"3 Cultists","floor":31,"turns":4},{"damage":23,"enemies":"bossMod:newChamp","floor":33,"turns":12},{"damage":30,"enemies":"3 Darklings","floor":35,"turns":6},{"damage":5,"enemies":"3 Shapes","floor":36,"turns":4},{"damage":4,"enemies":"3 Darklings","floor":39,"turns":2},{"damage":82,"enemies":"Nemesis","floor":40,"turns":9},{"damage":51,"enemies":"Reptomancer","floor":42,"turns":2}],"seed_played":"283409491065722272","potions_obtained":[{"floor":1,"key":"Toxic Potion"},{"floor":5,"key":"AttackPotion"},{"floor":12,"key":"Dexterity Potion"},{"floor":16,"key":"Dexterity Potion"},{"floor":24,"key":"SteroidPotion"},{"floor":28,"key":"DistilledChaos"},{"floor":33,"key":"Energy Potion"},{"floor":39,"key":"Block Potion"}],"is_trial":false,"path_per_floor":["M","?","M","M","M","E","R","E","MIM","$","R","M","R","M","R","B",null,"M","?","$","?","M","R","M","M","T","$","?","M","R","M","R","B",null,"M","M","?","?","M","E","R","E"],"character_chosen":"THE_POKER_PLAYER","items_purchased":["PokerPlayerMod:ClubShade+1","Specialist","PokerPlayerMod:Club8","GamblersBrew","PokerPlayerMod:Harden","PokerPlayerMod:ClubShade"],"campfire_rested":6,"item_purchase_floors":[10,10,10,10,20,27],"current_hp_per_floor":[52,52,52,52,52,31,46,19,18,18,33,35,35,30,45,36,82,82,82,82,82,74,74,67,52,52,52,42,15,42,40,67,68,90,78,85,85,85,81,7,34,0,0,0],"gold":262,"neow_bonus":"THREE_ENEMY_KILL","is_daily":false,"chose_seed":false,"campfire_upgraded":2,"win_rate":0.0,"timestamp":1610174014,"path_taken":["M","?","M","M","?","E","R","E","MIM","$","R","?","R","M","R","BOSS","M","?","?","?","?","R","M","M","T","?","?","M","R","M","R","BOSS","M","M","?","?","M","E","R","E"],"items_purchased_type":["Card","Card","Card","Potion","Card","Card"],"build_version":"2020-12-22","purchased_purges":0,"victory":false,"max_hp_per_floor":[52,52,52,52,52,52,52,52,52,52,52,52,52,52,52,52,82,82,82,82,82,82,82,82,82,82,82,90,90,90,90,90,90,90,90,90,90,90,90,90,90,90,90,90],"card_choices":[{"not_picked":["PokerPlayerMod:Club2","PokerPlayerMod:HotShotCut"],"picked":"PokerPlayerMod:Raise","floor":1},{"not_picked":["PokerPlayerMod:CloakAndDiamond","PokerPlayerMod:Configure"],"picked":"PokerPlayerMod:CardPrinter","floor":2},{"not_picked":["PokerPlayerMod:Diamond7","PokerPlayerMod:CloakAndDiamond"],"picked":"PokerPlayerMod:Club9","floor":2},{"not_picked":["PokerPlayerMod:Diamond2","PokerPlayerMod:Trickery","PokerPlayerMod:Club2"],"picked":"SKIP","floor":3},{"not_picked":["PokerPlayerMod:MagicTrick","PokerPlayerMod:Diamond2","PokerPlayerMod:Configure"],"picked":"SKIP","floor":4},{"not_picked":["PokerPlayerMod:Configure","PokerPlayerMod:HotShotCut","PokerPlayerMod:CardBurn"],"picked":"SKIP","floor":5},{"not_picked":["PokerPlayerMod:Configure","PokerPlayerMod:Diamond2"],"picked":"PokerPlayerMod:Diamond7","floor":6},{"not_picked":["PokerPlayerMod:DartThrow","PokerPlayerMod:Club2"],"picked":"PokerPlayerMod:ClubDance","floor":7},{"not_picked":["PokerPlayerMod:Spade1","PokerPlayerMod:Raise"],"picked":"PokerPlayerMod:Spade4","floor":8},{"not_picked":["PokerPlayerMod:MagicTrick","PokerPlayerMod:CardBurn"],"picked":"PokerPlayerMod:Heart5","floor":9},{"not_picked":["PokerPlayerMod:Diamond1","PokerPlayerMod:MagicTrick"],"picked":"PokerPlayerMod:Diamond4","floor":11},{"not_picked":["PokerPlayerMod:DiamondStrike","PokerPlayerMod:Trickery"],"picked":"PokerPlayerMod:Club4","floor":12},{"not_picked":["PokerPlayerMod:Spade3","PokerPlayerMod:HotShotCut"],"picked":"PokerPlayerMod:Spade4","floor":14},{"not_picked":["PokerPlayerMod:VarietyAttack","PokerPlayerMod:DartThrow"],"picked":"PokerPlayerMod:Spade5","floor":15},{"not_picked":["PokerPlayerMod:Heart10+","PokerPlayerMod:SecretDealer"],"picked":"PokerPlayerMod:TheDieIsCast","floor":16},{"not_picked":["PokerPlayerMod:Configure","PokerPlayerMod:DamnStraight","PokerPlayerMod:Diamond3"],"picked":"SKIP","floor":18},{"not_picked":["PokerPlayerMod:Diamond3","PokerPlayerMod:ClubsClub","PokerPlayerMod:Spade3"],"picked":"SKIP","floor":22},{"not_picked":["PokerPlayerMod:DiamondStrike","PokerPlayerMod:CloakAndDiamond"],"picked":"PokerPlayerMod:Diamond9","floor":24},{"not_picked":["PokerPlayerMod:Diamond5","PokerPlayerMod:FillThePot+1"],"picked":"PokerPlayerMod:Sharpen","floor":25},{"not_picked":["PokerPlayerMod:Heart4","PokerPlayerMod:ClubsClub"],"picked":"PokerPlayerMod:Club7","floor":28},{"not_picked":["PokerPlayerMod:SpadeStrike","PokerPlayerMod:DartThrow"],"picked":"PokerPlayerMod:Spade3","floor":29},{"not_picked":["PokerPlayerMod:Club1","PokerPlayerMod:Trickery+1"],"picked":"PokerPlayerMod:Diamond4","floor":30},{"not_picked":["PokerPlayerMod:RiskyBet","PokerPlayerMod:MagicTrick"],"picked":"PokerPlayerMod:Diamond4","floor":31},{"not_picked":["PokerPlayerMod:Diamond3","PokerPlayerMod:ClubDance"],"picked":"PokerPlayerMod:Diamond4","floor":32},{"not_picked":["PokerPlayerMod:Diamond7","PokerPlayerMod:Heart10+"],"picked":"PokerPlayerMod:Spade10+","floor":33},{"not_picked":["PokerPlayerMod:Spade2","PokerPlayerMod:Raise"],"picked":"PokerPlayerMod:Spade5","floor":35},{"not_picked":["PokerPlayerMod:CardBurn+1","PokerPlayerMod:Heart1","PokerPlayerMod:Diamond3"],"picked":"SKIP","floor":36},{"not_picked":["Dark Shackles","Flash of Steel"],"picked":"hubris:Insight","floor":38},{"not_picked":["PokerPlayerMod:Overdeal+1","PokerPlayerMod:Diamond2"],"picked":"PokerPlayerMod:Spade4","floor":39},{"not_picked":["PokerPlayerMod:FillThePot","PokerPlayerMod:JackOfSpades","PokerPlayerMod:Club1"],"picked":"SKIP","floor":40},{"not_picked":["PokerPlayerMod:Diamond2","PokerPlayerMod:Raise"],"picked":"PokerPlayerMod:Diamond4","floor":41}],"player_experience":174499,"relics_obtained":[{"floor":2,"key":"Dream Catcher"},{"floor":6,"key":"PokerPlayerMod:StuffedPocket"},{"floor":8,"key":"CherryCoatedStake"},{"floor":9,"key":"PokerPlayerMod:FairLicense"},{"floor":21,"key":"Replay:Baseball"},{"floor":25,"key":"wanderingMiniBosses:AbyssPearl"},{"floor":26,"key":"StuffTheSpire:DarkSteelAnvil"},{"floor":28,"key":"Dota2Spire:HeartOfTarrasque"},{"floor":40,"key":"PokerPlayerMod:JackpotMachine"}],"event_choices":[{"damage_healed":0,"gold_gain":0,"player_choice":"Paid Gold","damage_taken":0,"relics_obtained":["Dota2Spire:MagicBottle"],"max_hp_gain":0,"max_hp_loss":0,"event_name":"WeMeetAgain","floor":19,"gold_loss":50},{"damage_healed":0,"gold_gain":0,"player_choice":"Relic","damage_taken":0,"max_hp_gain":0,"max_hp_loss":0,"event_name":"Wheel of Change","floor":21,"gold_loss":0},{"damage_healed":0,"gold_gain":0,"player_choice":"Memory 1","damage_taken":0,"max_hp_gain":0,"max_hp_loss":0,"event_name":"SensoryStone","floor":38,"gold_loss":0}],"is_beta":false,"boss_relics":[{"not_picked":["aspiration:SecretTechniqueScroll","Coffee Dripper"],"picked":"vexMod:BigBerry"},{"not_picked":["StuffTheSpire:ModemDavis","vexMod:DeviousBotling"],"picked":"Velvet Choker"}],"items_purged_floors":[],"is_endless":false,"potions_floor_spawned":[1,5,12,16,24,28,33,39],"killed_by":"Reptomancer","ascension_level":0}}