{"host":"s41rn2jhghpwfrvz","time":1610218851,"event":{"mods":["BaseMod","Minty Spire (QoL Compilation)","Quick Restart","Relic Stats","SuperFastMode"],"gold_per_floor":[114,127,147,165,180,210,229,229,229,245,280,299,33,62,62,141,141,159,159,159,159,159,192,117,143,143,161,161,174,204,221,221,298,298,316,326,326,180,192,226,243,243,243,274,300,300,300,316,316,316,316,316,316,17,45,45],"floor_reached":57,"playtime":1697,"items_purged":["InnerPeace+1","Turbo+1"],"score":3538,"play_id":"de68d3db-02bf-4c4d-8e27-b681f22201c1","local_time":"20210109210051","daily_mods":["SealedDeck","Vintage","Diverse"],"is_ascension_mode":true,"campfire_choices":[{"floor":8,"key":"RECALL"},{"floor":15,"key":"REST"},{"floor":32,"key":"REST"},{"data":"Turbo","floor":42,"key":"SMITH"},{"data":"Gash","floor":49,"key":"SMITH"},{"data":"Gash","floor":53,"key":"SMITH"}],"circlet_count":0,"master_deck":["AscendersBane","Gash+1","Gash+1","Shrug It Off+1","Vault+1","Reboot+1","Impatience+1","Prostrate+1","Shrug It Off+1","Madness+1","Madness+1"],"relics":["Burning Blood","Shuriken","Omamori","Kunai","White Beast Statue","Lantern","Dream Catcher","Juzu Bracelet","Paper Frog","The Courier","Meat on the Bone","Toy Ornithopter","Unceasing Top","Red Skull","Empty Cage","Nunchaku","Toxic Egg 2","Lizard Tail","Bag of Preparation","Darkstone Periapt","Bronze Scales","FossilizedHelix","Orichalcum","Runic Cube","Vajra","TungstenRod","Incense Burner","War Paint","Mango","Sundial","Pen Nib","Akabeko","Boot","TheAbacus","Blood Vial"],"acts_visited":["Exordium","TheCity","TheBeyond","TheEnding"],"potions_floor_usage":[5,6,10,56],"damage_taken":[{"damage":0,"enemies":"Cultist","floor":1,"turns":4},{"damage":8,"enemies":"2 Louse","floor":2,"turns":3},{"damage":0,"enemies":"Jaw Worm","floor":3,"turns":4},{"damage":4,"enemies":"Looter","floor":4,"turns":4},{"damage":0,"enemies":"Large Slime","floor":5,"turns":4},{"damage":0,"enemies":"Lagavulin","floor":6,"turns":4},{"damage":6,"enemies":"Exordium Thugs","floor":7,"turns":4},{"damage":0,"enemies":"3 Louse","floor":10,"turns":4},{"damage":50,"enemies":"3 Sentries","floor":11,"turns":14},{"damage":0,"enemies":"Lots of Slimes","floor":12,"turns":5},{"damage":19,"enemies":"Gremlin Nob","floor":14,"turns":4},{"damage":15,"enemies":"Hexaghost","floor":16,"turns":7},{"damage":0,"enemies":"Shell Parasite","floor":18,"turns":3},{"damage":0,"enemies":"Book of Stabbing","floor":23,"turns":3},{"damage":53,"enemies":"Slavers","floor":25,"turns":7},{"damage":0,"enemies":"3 Byrds","floor":27,"turns":3},{"damage":0,"enemies":"Sentry and Sphere","floor":29,"turns":3},{"damage":8,"enemies":"Gremlin Leader","floor":30,"turns":3},{"damage":0,"enemies":"Shelled Parasite and Fungi","floor":31,"turns":2},{"damage":0,"enemies":"Champ","floor":33,"turns":3},{"damage":0,"enemies":"3 Shapes","floor":35,"turns":1},{"damage":10,"enemies":"3 Darklings","floor":36,"turns":3},{"damage":0,"enemies":"Writhing Mass","floor":39,"turns":2},{"damage":0,"enemies":"Reptomancer","floor":40,"turns":2},{"damage":0,"enemies":"4 Shapes","floor":41,"turns":2},{"damage":0,"enemies":"Nemesis","floor":44,"turns":2},{"damage":0,"enemies":"Transient","floor":48,"turns":2},{"damage":0,"enemies":"Donu and Deca","floor":50,"turns":4},{"damage":0,"enemies":"Awakened One","floor":51,"turns":4},{"damage":0,"enemies":"Shield and Spear","floor":55,"turns":2},{"damage":0,"enemies":"The Heart","floor":56,"turns":5}],"seed_played":"3323995669706492528","potions_obtained":[{"floor":2,"key":"SteroidPotion"},{"floor":4,"key":"Regen Potion"},{"floor":5,"key":"PowerPotion"},{"floor":6,"key":"BloodPotion"},{"floor":7,"key":"LiquidMemories"},{"floor":10,"key":"Dexterity Potion"},{"floor":18,"key":"PowerPotion"},{"floor":39,"key":"PowerPotion"},{"floor":55,"key":"LiquidMemories"}],"is_trial":true,"path_per_floor":["M","M","M","M","M","E","M","R","T","M","E","M","$","E","R","B",null,"M","?","$","?","?","E","?","E","T","M","?","M","E","M","R","B",null,"M","M","?","$","M","E","M","R","T","E","T","?","?","M","R","B","B",null,"R","$","E","B",null],"character_chosen":"IRONCLAD","items_purchased":["Unceasing Top","Impatience+1","TheAbacus","Fire Potion","FearPotion"],"campfire_rested":2,"item_purchase_floors":[13,38,54,54,54],"current_hp_per_floor":[74,72,75,75,75,75,75,75,75,75,31,49,49,48,70,61,72,75,75,75,75,75,75,75,40,40,46,46,52,50,56,75,75,75,75,71,71,71,75,75,89,89,89,89,89,89,74,80,80,86,89,89,89,89,89,89],"gold":45,"neow_bonus":"","is_daily":false,"chose_seed":false,"campfire_upgraded":3,"win_rate":0.0,"timestamp":1610218851,"path_taken":["M","M","M","M","M","E","M","R","T","M","E","M","$","E","R","BOSS","M","?","$","?","?","E","?","E","T","M","?","M","E","M","R","BOSS","M","M","?","$","M","E","M","R","T","E","?","?","?","M","R","BOSS","BOSS","R","$","E","BOSS"],"items_purchased_type":["Relic","Card","Relic","Potion","Potion"],"build_version":"2020-12-22","purchased_purges":2,"victory":true,"max_hp_per_floor":[75,75,75,75,75,75,75,75,75,75,75,75,75,75,75,75,75,75,75,75,75,75,75,75,75,75,75,75,75,75,75,75,75,75,75,75,75,75,75,75,89,89,89,89,89,89,89,89,89,89,89,89,89,89,89,89],"relic_stats":{"Darkstone Periapt":0,"counters":[31,117],"Pen Nib":[8],"Juzu Bracelet":3,"Bag of Preparation":[30],"Orichalcum":[6],"War Paint":["Vault","Shrug It Off"],"Boot":[0],"Burning Blood":107,"Blood Vial":0,"Dream Catcher":2,"Nunchaku":[25],"Lizard Tail":0,"TheAbacus":[156],"Shuriken":[92],"Sundial":[38],"Bronze Scales":[75],"Kunai":[90],"obtain_stats":[{"Darkstone Periapt":28,"Lantern":5,"Vajra":35,"Mango":41,"Juzu Bracelet":7,"Bag of Preparation":27,"Incense Burner":39,"Empty Cage":17,"Boot":48,"Burning Blood":0,"Blood Vial":55,"Dream Catcher":6,"Nunchaku":18,"Lizard Tail":25,"TheAbacus":54,"Sundial":43,"Kunai":3,"Toxic Egg 2":23,"Red Skull":14,"Paper Frog":9,"Runic Cube":34,"The Courier":10,"Pen Nib":44,"Omamori":2,"Orichalcum":31,"War Paint":40,"White Beast Statue":4,"Akabeko":45,"Shuriken":1,"Bronze Scales":29,"Toy Ornithopter":12,"Unceasing Top":13,"FossilizedHelix":30,"TungstenRod":36,"Meat on the Bone":11},{"Darkstone Periapt":16,"Lantern":5,"Vajra":21,"Mango":25,"Juzu Bracelet":7,"Bag of Preparation":16,"Incense Burner":23,"Empty Cage":12,"Boot":27,"Burning Blood":0,"Blood Vial":30,"Dream Catcher":6,"Nunchaku":13,"Lizard Tail":15,"TheAbacus":29,"Sundial":25,"Kunai":3,"Toxic Egg 2":14,"Red Skull":11,"Paper Frog":7,"Runic Cube":20,"The Courier":8,"Pen Nib":26,"Omamori":2,"Orichalcum":19,"War Paint":24,"White Beast Statue":4,"Akabeko":26,"Shuriken":1,"Bronze Scales":17,"Toy Ornithopter":10,"Unceasing Top":10,"FossilizedHelix":18,"TungstenRod":22,"Meat on the Bone":9},{"Darkstone Periapt":77,"Lantern":19,"Vajra":89,"Mango":98,"Juzu Bracelet":27,"Bag of Preparation":77,"Incense Burner":94,"Empty Cage":61,"Boot":102,"Burning Blood":0,"Blood Vial":112,"Dream Catcher":23,"Nunchaku":64,"Lizard Tail":74,"TheAbacus":110,"Sundial":98,"Kunai":11,"Toxic Egg 2":67,"Red Skull":54,"Paper Frog":27,"Runic Cube":88,"The Courier":31,"Pen Nib":100,"Omamori":7,"Orichalcum":85,"War Paint":96,"White Beast Statue":15,"Akabeko":100,"Shuriken":4,"Bronze Scales":80,"Toy Ornithopter":50,"Unceasing Top":50,"FossilizedHelix":83,"TungstenRod":92,"Meat on the Bone":45}],"Toy Ornithopter":0,"Unceasing Top":[20],"TungstenRod":1,"Meat on the Bone":36,"Runic Cube":[1]},"card_choices":[{"not_picked":["Beam Cell","Armaments","Heatsinks"],"picked":"SKIP","floor":6},{"not_picked":["Prepared","Go for the Eyes","Blur"],"picked":"SKIP","floor":11},{"not_picked":["WaveOfTheHand","Compile Driver","Storm of Steel"],"picked":"SKIP","floor":14},{"not_picked":["Machine Learning","Grand Finale"],"picked":"Vault","floor":16},{"not_picked":["ClearTheMind+1","Steam+1","Gash"],"picked":"SKIP","floor":23},{"not_picked":["Flechettes+1","Dark Embrace","WaveOfTheHand+1"],"picked":"SKIP","floor":25},{"not_picked":["Ghostly Armor+1","Auto Shields+1","Reinforced Body+1"],"picked":"SKIP","floor":30},{"not_picked":["Consecrate","Auto Shields+1"],"picked":"InnerPeace+1","floor":32},{"not_picked":["Thunder Strike","Corpse Explosion+1"],"picked":"Reboot+1","floor":33},{"not_picked":["Stack+1","Disarm+1"],"picked":"Prostrate+1","floor":40},{"not_picked":["Spot Weakness+1","Flying Knee+1","Setup+1"],"picked":"SKIP","floor":44},{"not_picked":["Underhanded Strike","Blizzard","Iron Wave"],"picked":"SKIP","floor":55}],"player_experience":1693908,"relics_obtained":[{"floor":1,"key":"Shuriken"},{"floor":2,"key":"Omamori"},{"floor":3,"key":"Kunai"},{"floor":4,"key":"White Beast Statue"},{"floor":5,"key":"Lantern"},{"floor":6,"key":"Dream Catcher"},{"floor":7,"key":"Juzu Bracelet"},{"floor":9,"key":"Paper Frog"},{"floor":10,"key":"The Courier"},{"floor":11,"key":"Meat on the Bone"},{"floor":12,"key":"Toy Ornithopter"},{"floor":14,"key":"Red Skull"},{"floor":18,"key":"Nunchaku"},{"floor":23,"key":"Toxic Egg 2"},{"floor":25,"key":"Lizard Tail"},{"floor":27,"key":"Bag of Preparation"},{"floor":29,"key":"Bronze Scales"},{"floor":30,"key":"FossilizedHelix"},{"floor":31,"key":"Orichalcum"},{"floor":35,"key":"Vajra"},{"floor":36,"key":"TungstenRod"},{"floor":39,"key":"Incense Burner"},{"floor":40,"key":"War Paint"},{"floor":41,"key":"Mango"},{"floor":43,"key":"Sundial"},{"floor":44,"key":"Pen Nib"},{"floor":45,"key":"Akabeko"},{"floor":48,"key":"Boot"},{"floor":55,"key":"Blood Vial"}],"event_choices":[{"cards_removed":["Protect"],"damage_healed":5,"gold_gain":0,"player_choice":"Offered Common","damage_taken":0,"max_hp_gain":0,"max_hp_loss":0,"event_name":"Bonfire Elementals","floor":19,"gold_loss":0},{"cards_removed":["Protect"],"damage_healed":5,"gold_gain":0,"player_choice":"Offered Special","damage_taken":0,"max_hp_gain":0,"max_hp_loss":0,"event_name":"Bonfire Elementals","floor":19,"gold_loss":0},{"cards_removed":["ClearTheMind"],"damage_healed":0,"gold_gain":0,"player_choice":"Elegance","damage_taken":0,"max_hp_gain":0,"max_hp_loss":0,"event_name":"Back to Basics","floor":21,"gold_loss":0},{"damage_healed":0,"gold_gain":0,"player_choice":"Ignored","damage_taken":0,"max_hp_gain":0,"max_hp_loss":0,"event_name":"Ghosts","floor":22,"gold_loss":0},{"cards_removed":["Sanctity"],"damage_healed":0,"gold_gain":0,"player_choice":"Gave Gold","damage_taken":0,"max_hp_gain":0,"max_hp_loss":0,"event_name":"Beggar","floor":24,"gold_loss":75},{"damage_healed":0,"gold_gain":0,"player_choice":"Opened","damage_taken":0,"relics_obtained":["Darkstone Periapt"],"max_hp_gain":0,"max_hp_loss":0,"event_name":"The Mausoleum","floor":28,"gold_loss":0,"cards_obtained":["Writhe"]},{"cards_removed":["Beam Cell"],"damage_healed":0,"gold_gain":0,"player_choice":"Removed Attack","damage_taken":0,"max_hp_gain":0,"max_hp_loss":0,"event_name":"Falling","floor":37,"gold_loss":0},{"damage_healed":0,"gold_gain":0,"player_choice":"Copied","damage_taken":0,"max_hp_gain":0,"max_hp_loss":0,"event_name":"Duplicator","floor":46,"gold_loss":0,"cards_obtained":["Shrug It Off"]},{"damage_healed":0,"gold_gain":0,"player_choice":"Embrace Madness","damage_taken":16,"max_hp_gain":0,"max_hp_loss":0,"event_name":"Winding Halls","floor":47,"gold_loss":0,"cards_obtained":["Madness","Madness"]}],"is_beta":false,"boss_relics":[{"not_picked":["Mark of Pain","Black Star"],"picked":"Empty Cage"},{"not_picked":["Fusion Hammer","Runic Dome"],"picked":"Runic Cube"}],"items_purged_floors":[38,54],"is_endless":false,"potions_floor_spawned":[2,4,5,6,7,10,11,12,14,16,18,23,25,27,29,30,31,33,35,36,39,40,41,44,48,55],"ascension_level":20}}