{"host":"97k5lqmr6aaz1p9r","time":1610173254,"event":{"mods":["BaseMod","Colored Map","Downfall","Jorbs\u0027s Wanderer Trilogy","Minty Spire (QoL Compilation)","StSLib"],"gold_per_floor":[99,113,125,138,149,149,149,159,13,42,142,198,198,224,242,242,242,242],"floor_reached":16,"playtime":1405,"items_purged":[],"score":118,"play_id":"355a7824-157c-43a3-9aa6-5706573a9ff4","local_time":"20210109062054","is_ascension_mode":true,"campfire_choices":[{"data":"Slimebound:Split","floor":1,"key":"SMITH"},{"data":"Slimebound:SplitSpecialist","floor":6,"key":"SMITH"},{"data":"Slimebound:Darklings","floor":13,"key":"SMITH"}],"circlet_count":0,"master_deck":["Slimebound:Strike_Slimebound","Slimebound:Strike_Slimebound","Slimebound:Strike_Slimebound","Slimebound:Tackle","Slimebound:Defend_Slimebound","Slimebound:Defend_Slimebound","Slimebound:Defend_Slimebound","Slimebound:Defend_Slimebound","Slimebound:Split+1","Slimebound:CorrosiveSpit","Slimebound:SplitBruiser","Slimebound:LeechEnergy","Slimebound:SamplingLick","Slimebound:SplitSpecialist+1","Slimebound:ItLooksTasty","Slimebound:SplitLeeching","Slimebound:SlimeSpikes","Slimebound:SplitSpecialist","Slimebound:Darklings+1","Slimebound:SplitMire","Slimebound:PressTheAttack"],"relics":["Slimebound:AbsorbEndCombat","Frozen Egg 2","Letter Opener","HornCleat","Nunchaku"],"acts_visited":["Exordium"],"potions_floor_usage":[9,14,16],"damage_taken":[{"damage":9,"enemies":"2 Louse","floor":2,"turns":3},{"damage":26,"enemies":"Jaw Worm","floor":3,"turns":3},{"damage":13,"enemies":"Cultist","floor":4,"turns":3},{"damage":8,"enemies":"3 Louse","floor":5,"turns":3},{"damage":32,"enemies":"Exordium Thugs","floor":8,"turns":4},{"damage":20,"enemies":"downfall:FleeingMerchant","floor":9,"turns":4},{"damage":35,"enemies":"Gremlin Nob","floor":10,"turns":3},{"damage":28,"enemies":"Gremlin Nob","floor":12,"turns":3},{"damage":53,"enemies":"Lagavulin","floor":14,"turns":5},{"damage":12,"enemies":"2 Fungi Beasts","floor":15,"turns":2},{"damage":84,"enemies":"downfall:Defect","floor":16,"turns":5}],"seed_played":"226576334478383798","potions_obtained":[{"floor":4,"key":"LiquidBronze"},{"floor":5,"key":"hexamod:EctoCoolerPotion"},{"floor":8,"key":"Regen Potion"},{"floor":10,"key":"SkillPotion"}],"is_trial":false,"path_per_floor":["R","M","M","M","M","R","T","M","$","E","?","?","R","E","M","B"],"character_chosen":"SLIMEBOUND","items_purchased":["Slimebound:SlimeSpikes","Slimebound:SplitSpecialist"],"campfire_rested":0,"item_purchase_floors":[9,9],"current_hp_per_floor":[66,66,54,57,61,61,61,53,66,53,53,55,55,46,50,0,0,0],"gold":242,"neow_bonus":"TEN_PERCENT_HP_BONUS","is_daily":false,"chose_seed":false,"campfire_upgraded":3,"win_rate":0.0,"timestamp":1610173254,"path_taken":["R","M","M","M","M","R","T","M","$","E","?","?","R","E","M","BOSS"],"items_purchased_type":["Card","Card"],"build_version":"2020-12-22","purchased_purges":0,"victory":false,"max_hp_per_floor":[66,66,66,66,66,66,66,66,66,66,66,66,66,66,66,66,66,66],"card_choices":[{"not_picked":["Slimebound:ServeAndProtect","Slimebound:RollThrough"],"picked":"Slimebound:SplitBruiser","floor":2},{"not_picked":["Slimebound:ViciousTackle","Slimebound:ServeAndProtect"],"picked":"Slimebound:LeechEnergy","floor":3},{"not_picked":["Slimebound:LeechEnergy","Slimebound:LeechingTouch"],"picked":"Slimebound:SamplingLick","floor":4},{"not_picked":["Slimebound:DisruptingSlam","Slimebound:LeechingTouch"],"picked":"Slimebound:SplitSpecialist","floor":5},{"not_picked":["Slimebound:FinishingTackle","Slimebound:SamplingLick"],"picked":"Slimebound:ItLooksTasty","floor":8},{"not_picked":["Slimebound:LeechEnergy","Slimebound:FlameTackle"],"picked":"Slimebound:SplitLeeching","floor":9},{"not_picked":["Slimebound:Equalize","Slimebound:FinishingTackle"],"picked":"Slimebound:Darklings","floor":10},{"not_picked":["Slimebound:RollThrough","Slimebound:SamplingLick"],"picked":"Slimebound:SplitMire","floor":12},{"not_picked":["Slimebound:SplitSpecialist","Slimebound:RollThrough","Slimebound:Darklings"],"picked":"SKIP","floor":14},{"not_picked":["Slimebound:Dissolve","Slimebound:SplitBruiser"],"picked":"Slimebound:PressTheAttack","floor":15}],"player_experience":622506,"relics_obtained":[{"floor":7,"key":"Frozen Egg 2"},{"floor":10,"key":"Letter Opener"},{"floor":12,"key":"HornCleat"},{"floor":14,"key":"Nunchaku"}],"event_choices":[],"is_beta":false,"boss_relics":[],"items_purged_floors":[],"is_endless":false,"potions_floor_spawned":[4,5,8,10,12],"killed_by":"downfall:Defect","ascension_level":1}}