{"host":"j4g6ia6asvpyu2b0","time":1610206088,"event":{"mods":["BaseMod","Colored Map","Minty Spire (QoL Compilation)","Permanent Neow","Quick Restart","Relic Stats","StSLib","Unceasing Turn Reminder"],"gold_per_floor":[116,116,116,8,8,41,4,4,4,4,18,53,69,89,89,214,214,227,227,227,251,62,103,147,188,188,226,241,261,305,324,324,454,454,474,66,89,89,157,157,190,215,215,254,587,289,289,304,304,304,304,304,28,59,59],"floor_reached":56,"playtime":2364,"items_purged":["Writhe","Injury"],"score":1852,"play_id":"eb2057ff-b4d8-42b8-b787-57901b5dd68a","local_time":"20210109082808","is_ascension_mode":true,"campfire_choices":[{"floor":8.0,"key":"REST"},{"floor":10.0,"key":"RECALL"},{"data":"Darkness","floor":15.0,"key":"SMITH"},{"data":"Storm","floor":32,"key":"SMITH"},{"data":"1","floor":47,"key":"LIFT"},{"data":"2","floor":49,"key":"LIFT"},{"data":"3","floor":52,"key":"LIFT"}],"circlet_count":0,"master_deck":["Strike_B","Defend_B+1","Defend_B","Defend_B","Defend_B+1","Dualcast","Apotheosis+1","Gash","Ball Lightning","Self Repair","Compile Driver","Self Repair","Ball Lightning","Loop","Coolheaded","Darkness+1","Machine Learning","Ball Lightning","Storm+1","Defragment","Storm","Defragment","Coolheaded","Coolheaded","Hologram","Capacitor","Cold Snap","Buffer","Force Field+1","Reboot+1","BootSequence+1","Echo Form","Decay","Storm","Scrawl","Loop+1","Heatsinks"],"relics":["Cracked Core","HornCleat","Thread and Needle","WingedGreaves","Cursed Key","PreservedInsect","Ginger","Bird Faced Urn","Sundial","Singing Bowl","Pantograph","Astrolabe","Bottled Lightning","Girya","Incense Burner","Blue Candle","Symbiotic Virus","PrismaticShard","Orrery","Calipers"],"acts_visited":["Exordium","TheCity","TheBeyond","TheEnding"],"potions_floor_usage":[16,24,25,39,55,55],"damage_taken":[{"damage":13.0,"enemies":"2 Louse","floor":1.0,"turns":3.0},{"damage":24.0,"enemies":"Lagavulin","floor":6.0,"turns":6.0},{"damage":0.0,"enemies":"Small Slimes","floor":11.0,"turns":2.0},{"damage":10.0,"enemies":"Gremlin Nob","floor":12.0,"turns":4.0},{"damage":0.0,"enemies":"Jaw Worm","floor":13.0,"turns":3.0},{"damage":0.0,"enemies":"Looter","floor":14.0,"turns":3.0},{"damage":6,"enemies":"Slime Boss","floor":16,"turns":8},{"damage":0,"enemies":"3 Byrds","floor":18,"turns":4},{"damage":7,"enemies":"Shell Parasite","floor":21,"turns":4},{"damage":28,"enemies":"Book of Stabbing","floor":23,"turns":4},{"damage":13,"enemies":"Gremlin Leader","floor":24,"turns":5},{"damage":42,"enemies":"Slavers","floor":25,"turns":5},{"damage":11,"enemies":"Gremlin Leader","floor":27,"turns":4},{"damage":20,"enemies":"Centurion and Healer","floor":28,"turns":5},{"damage":18,"enemies":"Snake Plant","floor":29,"turns":4},{"damage":44,"enemies":"Slavers","floor":30,"turns":5},{"damage":23,"enemies":"Shelled Parasite and Fungi","floor":31,"turns":5},{"damage":56,"enemies":"Automaton","floor":33,"turns":8},{"damage":28,"enemies":"3 Darklings","floor":35,"turns":5},{"damage":16,"enemies":"3 Shapes","floor":37,"turns":4},{"damage":9,"enemies":"2 Orb Walkers","floor":39,"turns":4},{"damage":0,"enemies":"Giant Head","floor":41,"turns":7},{"damage":19,"enemies":"3 Darklings","floor":42,"turns":5},{"damage":0,"enemies":"Nemesis","floor":44,"turns":5},{"damage":6,"enemies":"Sphere and 2 Shapes","floor":48,"turns":4},{"damage":60,"enemies":"Donu and Deca","floor":50,"turns":8},{"damage":102,"enemies":"Shield and Spear","floor":54,"turns":6},{"damage":36,"enemies":"The Heart","floor":55,"turns":8}],"seed_played":"1779281779552274207","potions_obtained":[{"floor":12.0,"key":"SteroidPotion"},{"floor":13.0,"key":"SteroidPotion"},{"floor":16,"key":"Ancient Potion"},{"floor":18,"key":"FocusPotion"},{"floor":25,"key":"PotionOfCapacity"},{"floor":29,"key":"SmokeBomb"},{"floor":31,"key":"DistilledChaos"},{"floor":42,"key":"FocusPotion"}],"is_trial":false,"path_per_floor":["M","?","?","$","?","E","$","R","T","R","M","E","M","M","R","B",null,"M","?","?","M","$","E","E","E","T","E","M","M","E","M","R","B",null,"M","$","M","?","?","?","E","M","T","E","?","$","R","M","R","B",null,"R","$","E","B",null],"character_chosen":"DEFECT","items_purchased":["Ball Lightning","Self Repair","Self Repair","PreservedInsect","Defragment","Echo Form","Bottled Lightning","Storm","PrismaticShard","Orrery","Heatsinks"],"campfire_rested":1,"item_purchase_floors":[4,4,7,22,22,36,36,46,46,53,53],"current_hp_per_floor":[55,40,40,40,40,23,23,43,43,43,53,53,69,69,69,69,69,69,69,69,69,69,55,59,36,36,47,57,47,38,39,39,41,64,56,56,75,71,66,66,75,77,77,79,79,79,79,79,79,56,73,73,81,29,58],"gold":59,"neow_bonus":"RANDOM_COLORLESS_2","is_daily":false,"chose_seed":false,"campfire_upgraded":2,"win_rate":0.0,"timestamp":1610206088,"path_taken":["M","?","?","?","?","E","$","R","T","R","M","E","M","M","R","BOSS","M","?","?","M","?","E","E","E","T","E","M","M","E","M","R","BOSS","M","$","M","?","?","?","E","?","T","E","?","$","R","M","R","BOSS","R","$","E","BOSS"],"items_purchased_type":["Card","Card","Card","Relic","Card","Card","Relic","Card","Relic","Relic","Card"],"build_version":"2020-12-22","purchased_purges":2,"victory":true,"max_hp_per_floor":[75,75,75,75,69,69,69,69,69,69,69,69,69,69,69,69,69,69,69,69,69,69,69,69,69,69,69,69,69,71,71,71,71,71,73,73,75,71,73,73,75,77,77,79,79,79,79,79,79,79,79,79,87,89,89],"relic_stats":{"Singing Bowl":24,"counters":[28,137],"Sundial":[6],"Bird Faced Urn":[219],"Pantograph":50,"Astrolabe":["Force Field","Reboot","BootSequence"],"Blue Candle":[2],"PreservedInsect":474,"Ginger":[11],"Cursed Key":2,"obtain_stats":[{"Girya":39,"Calipers":54,"Singing Bowl":27,"Golden Idol":5,"Astrolabe":34,"Blue Candle":43,"Thread and Needle":9,"PreservedInsect":22,"Incense Burner":41,"Ginger":23,"Cursed Key":17,"PrismaticShard":46,"HornCleat":6,"Sundial":25,"Bird Faced Urn":24,"Pantograph":30,"Orrery":53,"WingedGreaves":12,"Bottled Lightning":36,"Cracked Core":0,"Symbiotic Virus":44},{"Girya":21,"Calipers":27,"Singing Bowl":13,"Golden Idol":1,"Astrolabe":18,"Blue Candle":23,"Thread and Needle":2,"PreservedInsect":9,"Incense Burner":22,"Ginger":10,"Cursed Key":7,"PrismaticShard":24,"HornCleat":2,"Sundial":12,"Bird Faced Urn":11,"Pantograph":16,"Orrery":26,"WingedGreaves":4,"Bottled Lightning":19,"Cracked Core":0,"Symbiotic Virus":24},{"Girya":94,"Calipers":129,"Singing Bowl":55,"Golden Idol":3,"Astrolabe":82,"Blue Candle":106,"Thread and Needle":9,"PreservedInsect":37,"Incense Burner":101,"Ginger":41,"Cursed Key":29,"PrismaticShard":111,"HornCleat":9,"Sundial":51,"Bird Faced Urn":46,"Pantograph":69,"Orrery":123,"WingedGreaves":15,"Bottled Lightning":87,"Cracked Core":0,"Symbiotic Virus":111}]},"card_choices":[{"not_picked":["Sadistic Nature","Magnetism"],"picked":"Apotheosis","floor":0.0},{"not_picked":["Leap","Beam Cell"],"picked":"Gash","floor":1.0},{"not_picked":["Heatsinks","Force Field"],"picked":"Compile Driver","floor":6.0},{"not_picked":["Undo","Redo"],"picked":"Ball Lightning","floor":11.0},{"not_picked":["Ball Lightning","Self Repair"],"picked":"Loop","floor":12.0},{"not_picked":["Barrage","Hologram"],"picked":"Coolheaded","floor":13.0},{"not_picked":["Stack","Streamline"],"picked":"Darkness","floor":14.0},{"not_picked":["Hyperbeam","Thunder Strike"],"picked":"Machine Learning","floor":16},{"not_picked":["Aggregate","Compile Driver"],"picked":"Ball Lightning","floor":18},{"not_picked":["Go for the Eyes","Redo","Rebound+1"],"picked":"SKIP","floor":21},{"not_picked":["Steam","Tempest"],"picked":"Storm","floor":23},{"not_picked":["Aggregate","Compile Driver"],"picked":"Defragment","floor":24},{"not_picked":["Aggregate","Force Field"],"picked":"Coolheaded","floor":25},{"not_picked":["Leap+1","BootSequence"],"picked":"Coolheaded","floor":27},{"not_picked":["Barrage","Chaos"],"picked":"Hologram","floor":28},{"not_picked":["Conserve Battery","Darkness"],"picked":"Capacitor","floor":29},{"not_picked":["Rainbow","Beam Cell","Hello World+1"],"picked":"Singing Bowl","floor":30},{"not_picked":["Sweeping Beam+1","Compile Driver"],"picked":"Cold Snap","floor":31},{"not_picked":["Seek","Hyperbeam"],"picked":"Buffer","floor":33},{"not_picked":["Recycle","Streamline","Auto Shields"],"picked":"Singing Bowl","floor":35},{"not_picked":["Conserve Battery","Turbo+1","Barrage"],"picked":"Singing Bowl","floor":37},{"not_picked":["Leap+1","Stack+1","Gash"],"picked":"Singing Bowl","floor":39},{"not_picked":["Blizzard","Self Repair","Redo"],"picked":"Singing Bowl","floor":41},{"not_picked":["Melter","Sweeping Beam+1","Genetic Algorithm+1"],"picked":"Singing Bowl","floor":42},{"not_picked":["Genetic Algorithm+1","Conserve Battery","Force Field"],"picked":"Singing Bowl","floor":44},{"not_picked":["FlurryOfBlows+1","Beam Cell+1"],"picked":"Scrawl","floor":48},{"not_picked":["Good Instincts","Rip and Tear","Perseverance+1"],"picked":"Singing Bowl","floor":53},{"not_picked":["Reckless Charge+1","Tempest+1","InnerPeace"],"picked":"Singing Bowl","floor":53},{"not_picked":["True Grit+1","Hello World","Rainbow"],"picked":"Singing Bowl","floor":53},{"not_picked":["Crescendo+1","FollowUp+1"],"picked":"Loop+1","floor":53},{"not_picked":["Poisoned Stab","Genetic Algorithm+1","Leap"],"picked":"Singing Bowl","floor":53},{"not_picked":["Dropkick","Sadistic Nature","Cold Snap"],"picked":"Singing Bowl","floor":54}],"player_experience":774327,"relics_obtained":[{"floor":6.0,"key":"HornCleat"},{"floor":9.0,"key":"Thread and Needle"},{"floor":12.0,"key":"WingedGreaves"},{"floor":23,"key":"Ginger"},{"floor":24,"key":"Bird Faced Urn"},{"floor":25,"key":"Sundial"},{"floor":27,"key":"Singing Bowl"},{"floor":30,"key":"Pantograph"},{"floor":39,"key":"Girya"},{"floor":41,"key":"Incense Burner"},{"floor":43,"key":"Blue Candle"},{"floor":44,"key":"Symbiotic Virus"},{"floor":54,"key":"Calipers"}],"event_choices":[{"damage_healed":0.0,"max_hp_gain":0.0,"max_hp_loss":0.0,"gold_gain":0.0,"event_name":"Shining Light","player_choice":"Entered Light","floor":2.0,"gold_loss":0.0,"damage_taken":15.0,"cards_upgraded":["Defend_B","Defend_B"]},{"damage_healed":0.0,"max_hp_gain":0.0,"max_hp_loss":0.0,"gold_gain":0.0,"event_name":"Living Wall","player_choice":"Grow","floor":3.0,"gold_loss":0.0,"damage_taken":0.0,"cards_upgraded":["Apotheosis"]},{"damage_healed":0.0,"max_hp_gain":0.0,"max_hp_loss":6.0,"gold_gain":0.0,"event_name":"Golden Idol","player_choice":"Lose Max HP","floor":5.0,"gold_loss":0.0,"damage_taken":0.0,"relics_obtained":["Golden Idol"]},{"damage_healed":0,"gold_gain":0,"player_choice":"Read","damage_taken":0,"max_hp_gain":0,"max_hp_loss":0,"event_name":"The Library","floor":19,"gold_loss":0,"cards_obtained":["Storm"]},{"damage_healed":0,"gold_gain":0,"player_choice":"Ignored","damage_taken":0,"max_hp_gain":0,"max_hp_loss":0,"event_name":"Ghosts","floor":20,"gold_loss":0},{"damage_healed":0,"gold_gain":0,"player_choice":"Max HP","damage_taken":0,"max_hp_gain":0,"max_hp_loss":4,"event_name":"Winding Halls","floor":38,"gold_loss":0},{"damage_healed":0,"gold_gain":0,"player_choice":"Fight","damage_taken":0,"max_hp_gain":0,"max_hp_loss":0,"event_name":"Mysterious Sphere","floor":39,"gold_loss":0},{"cards_removed":["Zap"],"damage_healed":0,"gold_gain":0,"player_choice":"Removed Skill","damage_taken":0,"max_hp_gain":0,"max_hp_loss":0,"event_name":"Falling","floor":40,"gold_loss":0},{"damage_healed":0,"gold_gain":333,"player_choice":"Gave Idol","damage_taken":0,"max_hp_gain":0,"max_hp_loss":0,"event_name":"The Moai Head","floor":45,"relics_lost":["Golden Idol"],"gold_loss":0}],"is_beta":false,"boss_relics":[{"not_picked":["Snecko Eye","Calling Bell"],"picked":"Cursed Key"},{"not_picked":["Velvet Choker","Philosopher\u0027s Stone"],"picked":"Astrolabe"}],"items_purged_floors":[46,53],"is_endless":false,"potions_floor_spawned":[12,13,16,18,25,29,31,37,42],"ascension_level":9}}