{"host":"fnk117zi8wf5078t","time":1610190880,"event":{"mods":["AchievementEnabler","BaseMod","Colored Map","Minty Spire (QoL Compilation)","Rare Cards Sparkle","SuperFastMode","everything is the same but u backflip on backflip"],"gold_per_floor":[116,41,53,76,86,113,113,127,127,127,151,169,6,6,6,82,82,94,94,94,69,81,81,109,136,210,227,227,227],"floor_reached":28,"playtime":874,"items_purged":[],"score":440,"play_id":"56250d79-18c3-46db-8ab8-cb52bf80ec05","local_time":"20210109201440","is_ascension_mode":true,"campfire_choices":[{"data":"Rupture","floor":7.0,"key":"SMITH"},{"data":"Seeing Red","floor":10.0,"key":"SMITH"},{"floor":15.0,"key":"REST"},{"floor":23,"key":"REST"}],"circlet_count":0,"master_deck":["AscendersBane","Strike_R","Strike_R","Defend_R","Defend_R","Defend_R","Bash","Rupture+1","Carnage","Infernal Blade","Combust","Seeing Red+1","Hemokinesis","Rupture+1","Limit Break","Barricade+1","Uppercut+1","Uppercut+1","Seeing Red+1","Limit Break","Anger","Anger"],"relics":["Burning Blood","Tiny Chest","Nunchaku","Regal Pillow","White Beast Statue","Boot","DollysMirror","Astrolabe","Happy Flower","Smiling Mask","Bottled Tornado"],"acts_visited":["Exordium","TheCity"],"potions_floor_usage":[22,22,27],"damage_taken":[{"damage":3.0,"enemies":"2 Louse","floor":1.0,"turns":3.0},{"damage":24.0,"enemies":"Jaw Worm","floor":3.0,"turns":4.0},{"damage":6.0,"enemies":"Cultist","floor":5.0,"turns":3.0},{"damage":9.0,"enemies":"3 Sentries","floor":6.0,"turns":9.0},{"damage":7.0,"enemies":"Red Slaver","floor":8.0,"turns":3.0},{"damage":15.0,"enemies":"3 Louse","floor":12.0,"turns":3.0},{"damage":9.0,"enemies":"Lots of Slimes","floor":14.0,"turns":2.0},{"damage":60.0,"enemies":"Hexaghost","floor":16.0,"turns":8.0},{"damage":15.0,"enemies":"Spheric Guardian","floor":18.0,"turns":3.0},{"damage":45,"enemies":"3 Byrds","floor":22,"turns":6},{"damage":53,"enemies":"Gremlin Leader","floor":24,"turns":6},{"damage":19,"enemies":"Cultist and Chosen","floor":27,"turns":5},{"damage":13,"enemies":"Chosen and Byrds","floor":28,"turns":2}],"seed_played":"7679934093121653681","potions_obtained":[{"floor":1.0,"key":"HeartOfIron"},{"floor":3.0,"key":"Weak Potion"},{"floor":6.0,"key":"ColorlessPotion"},{"floor":8.0,"key":"Fruit Juice"},{"floor":12.0,"key":"SmokeBomb"},{"floor":16.0,"key":"EssenceOfSteel"},{"floor":18.0,"key":"Regen Potion"},{"floor":22,"key":"DistilledChaos"},{"floor":24,"key":"PowerPotion"},{"floor":27,"key":"AttackPotion"}],"is_trial":false,"path_per_floor":["M","?","M","T","M","E","R","M","T","R","T","M","$","M","R","B",null,"M","$","?","$","M","R","E","T","T","M","M"],"character_chosen":"IRONCLAD","items_purchased":["DollysMirror","Anger"],"campfire_rested":2,"item_purchase_floors":[13,21],"current_hp_per_floor":[71,71,53,53,53,50,50,49,54,54,54,45,45,42,80,26,67,58,58,58,58,34,73,26,26,26,13,0,0],"gold":227,"neow_bonus":"RANDOM_COMMON_RELIC","is_daily":false,"chose_seed":false,"campfire_upgraded":2,"win_rate":0.0,"timestamp":1610190880,"path_taken":["M","?","M","?","?","E","R","M","T","R","?","M","$","?","R","BOSS","M","$","?","$","?","R","E","?","T","M","M"],"items_purchased_type":["Relic","Card"],"build_version":"2020-12-22","purchased_purges":0,"victory":false,"max_hp_per_floor":[75,75,75,75,75,75,75,75,80,80,80,80,80,80,80,80,80,80,80,80,80,80,80,80,80,80,80,80,80],"card_choices":[{"not_picked":["Sentinel","Cleave"],"picked":"Rupture","floor":1.0},{"not_picked":["Body Slam","Feel No Pain"],"picked":"Carnage","floor":3.0},{"not_picked":["Feel No Pain","Sever Soul"],"picked":"Infernal Blade","floor":5.0},{"not_picked":["Dropkick","Shrug It Off"],"picked":"Combust","floor":6.0},{"not_picked":["Infernal Blade","Blood for Blood"],"picked":"Seeing Red","floor":8.0},{"not_picked":["Warcry","True Grit"],"picked":"Hemokinesis","floor":12.0},{"not_picked":["Impervious","Corruption"],"picked":"Limit Break","floor":16.0},{"not_picked":["Clash+1","Perfected Strike"],"picked":"Seeing Red+1","floor":18.0},{"not_picked":["Headbutt","Cleave"],"picked":"Anger","floor":22},{"not_picked":["Feel No Pain","True Grit","Havoc"],"picked":"SKIP","floor":24},{"not_picked":["Body Slam","Armaments","Carnage"],"picked":"SKIP","floor":27}],"player_experience":356791,"relics_obtained":[{"floor":4.0,"key":"Nunchaku"},{"floor":6.0,"key":"Regal Pillow"},{"floor":9.0,"key":"White Beast Statue"},{"floor":11.0,"key":"Boot"},{"floor":24,"key":"Happy Flower"},{"floor":25,"key":"Smiling Mask"},{"floor":26,"key":"Bottled Tornado"}],"event_choices":[{"cards_removed":["Strike_R"],"damage_healed":0.0,"max_hp_gain":0.0,"max_hp_loss":0.0,"gold_gain":0.0,"event_name":"The Cleric","player_choice":"Card Removal","floor":2.0,"gold_loss":75.0,"damage_taken":0.0},{"damage_healed":0.0,"max_hp_gain":0.0,"max_hp_loss":0.0,"gold_gain":0.0,"event_name":"Duplicator","player_choice":"Copied","floor":20.0,"gold_loss":0.0,"damage_taken":0.0,"cards_obtained":["Limit Break"]}],"is_beta":false,"boss_relics":[{"not_picked":["Runic Dome","Cursed Key"],"picked":"Astrolabe"}],"items_purged_floors":[],"is_endless":false,"potions_floor_spawned":[1,3,6,8,12,14,16,18,22,24,27],"killed_by":"Chosen and Byrds","ascension_level":17}}