{"host":"t7mx8yfj1no5p62f","time":1610159513,"event":{"mods":["BaseMod","Colored Map","Colored Powertips","Minty Spire (QoL Compilation)","Relic Stats","StSLib"],"gold_per_floor":[115,131,144,144,159,159,176,176,227,255,275,300,310,310,310],"floor_reached":14,"playtime":447,"items_purged":[],"score":208,"play_id":"14c1de00-4f5e-48ea-ad2f-b82f68793f5a","local_time":"20210108213153","is_ascension_mode":true,"campfire_choices":[{"data":"Deadly Poison","floor":6,"key":"SMITH"},{"data":"Bane","floor":8,"key":"SMITH"}],"circlet_count":0,"master_deck":["AscendersBane","Strike_G","Strike_G","Strike_G","Strike_G","Strike_G","Defend_G","Defend_G","Defend_G","Survivor","Neutralize","Flying Knee","Deadly Poison+1","Blade Dance","Bane+1","Acrobatics","Footwork+1"],"relics":["Empty Cage","Frozen Egg 2","Strawberry","Anchor","Happy Flower"],"acts_visited":["Exordium"],"potions_floor_usage":[10,12,14],"damage_taken":[{"damage":1,"enemies":"Jaw Worm","floor":1,"turns":4},{"damage":0,"enemies":"Small Slimes","floor":2,"turns":3},{"damage":0,"enemies":"Cultist","floor":3,"turns":3},{"damage":0,"enemies":"2 Fungi Beasts","floor":5,"turns":3},{"damage":5,"enemies":"Exordium Thugs","floor":7,"turns":4},{"damage":2,"enemies":"Gremlin Nob","floor":10,"turns":4},{"damage":0,"enemies":"3 Louse","floor":11,"turns":3},{"damage":22,"enemies":"Lagavulin","floor":12,"turns":6},{"damage":3,"enemies":"Blue Slaver","floor":13,"turns":4},{"damage":28,"enemies":"Gremlin Nob","floor":14,"turns":3}],"seed_played":"-8971333276491105792","potions_obtained":[{"floor":5,"key":"Swift Potion"},{"floor":7,"key":"PowerPotion"},{"floor":12,"key":"SkillPotion"}],"is_trial":false,"path_per_floor":["M","M","M","?","M","R","M","R","T","E","M","E","M","E"],"character_chosen":"THE_SILENT","items_purchased":[],"campfire_rested":0,"item_purchase_floors":[],"current_hp_per_floor":[58,58,58,53,53,53,48,48,55,53,53,31,28,0,0],"gold":310,"neow_bonus":"BOSS_RELIC","is_daily":false,"chose_seed":false,"campfire_upgraded":2,"win_rate":0.0,"timestamp":1610159513,"path_taken":["M","M","M","?","M","R","M","R","T","E","M","E","M","E"],"items_purchased_type":[],"build_version":"2020-12-22","purchased_purges":0,"victory":false,"max_hp_per_floor":[66,66,66,66,66,66,66,66,73,73,73,73,73,73,73],"relic_stats":{"Happy Flower":[2],"counters":[10,37],"obtain_stats":[{"Anchor":10,"Happy Flower":12,"Strawberry":9,"Frozen Egg 2":4,"Empty Cage":0,"Ring of the Snake":0},{"Anchor":6,"Happy Flower":8,"Strawberry":5,"Frozen Egg 2":3,"Empty Cage":0,"Ring of the Snake":0},{"Anchor":21,"Happy Flower":30,"Strawberry":17,"Frozen Egg 2":10,"Empty Cage":0,"Ring of the Snake":0}]},"card_choices":[{"not_picked":["Backflip","Slice"],"picked":"Flying Knee","floor":1},{"not_picked":["Distraction","Cloak And Dagger"],"picked":"Deadly Poison","floor":2},{"not_picked":["Prepared","PiercingWail"],"picked":"Blade Dance","floor":3},{"not_picked":["Slice","Blade Dance","Outmaneuver"],"picked":"SKIP","floor":5},{"not_picked":["Underhanded Strike","Calculated Gamble"],"picked":"Bane","floor":7},{"not_picked":["Flying Knee","Deflect","Cloak And Dagger"],"picked":"SKIP","floor":10},{"not_picked":["Setup","Bane","Cloak And Dagger"],"picked":"SKIP","floor":11},{"not_picked":["Grand Finale","Blur"],"picked":"Acrobatics","floor":12},{"not_picked":["Deadly Poison","Deflect"],"picked":"Footwork+1","floor":13}],"player_experience":1691396,"relics_obtained":[{"floor":9,"key":"Strawberry"},{"floor":10,"key":"Anchor"},{"floor":12,"key":"Happy Flower"}],"event_choices":[{"damage_healed":0,"gold_gain":0,"player_choice":"Success","damage_taken":5,"relics_obtained":["Frozen Egg 2"],"max_hp_gain":0,"max_hp_loss":0,"event_name":"Scrap Ooze","floor":4,"gold_loss":0}],"is_beta":false,"boss_relics":[],"items_purged_floors":[],"is_endless":false,"potions_floor_spawned":[5,7,12],"killed_by":"Gremlin Nob","ascension_level":20}}