{"host":"c97twqu0op5dg8i4","time":1610211216,"event":{"mods":["BaseMod","Minty Spire (QoL Compilation)"],"gold_per_floor":[116,116,130,108,183,213,213,60,60,60,93,106,106,121,121,251,314,334,355,355,355,378,378,393,393,393],"floor_reached":25,"playtime":911,"items_purged":[],"score":283,"play_id":"86840097-ce27-4988-9f2d-a8b78a2208d0","local_time":"20210109115336","is_ascension_mode":true,"campfire_choices":[{"data":"1","floor":7,"key":"LIFT"},{"data":"Poisoned Stab","floor":10,"key":"SMITH"},{"data":"Bane","floor":15,"key":"SMITH"},{"data":"Crippling Poison","floor":23,"key":"SMITH"}],"circlet_count":0,"master_deck":["Strike_G","Strike_G","Strike_G","Strike_G","Strike_G","Defend_G","Defend_G+1","Defend_G","Defend_G","Defend_G","Survivor","Neutralize+1","Backflip","Footwork","Poisoned Stab+1","Predator","Escape Plan","Bane+1","Quick Slash","Adrenaline","Backstab","Backflip","Bane","Crippling Poison+1","Acrobatics+1","Footwork"],"relics":["Ring of the Snake","NeowsBlessing","Girya","Snake Skull","White Beast Statue","Eternal Feather","Golden Idol","Tiny House"],"acts_visited":["Exordium","TheCity"],"potions_floor_usage":[24,25],"damage_taken":[{"damage":0,"enemies":"2 Louse","floor":1,"turns":1},{"damage":0,"enemies":"Cultist","floor":3,"turns":1},{"damage":0,"enemies":"Lagavulin","floor":6,"turns":1},{"damage":23,"enemies":"3 Sentries","floor":11,"turns":10},{"damage":0,"enemies":"Jaw Worm","floor":12,"turns":2},{"damage":3,"enemies":"Looter","floor":14,"turns":3},{"damage":17,"enemies":"The Guardian","floor":16,"turns":9},{"damage":0,"enemies":"Chosen","floor":18,"turns":5},{"damage":0,"enemies":"Shell Parasite","floor":19,"turns":4},{"damage":8,"enemies":"Snake Plant","floor":22,"turns":5},{"damage":24,"enemies":"Chosen and Byrds","floor":24,"turns":7},{"damage":50,"enemies":"Masked Bandits","floor":25,"turns":4}],"seed_played":"-6528667399726613296","potions_obtained":[{"floor":11,"key":"GamblersBrew"},{"floor":12,"key":"SpeedPotion"},{"floor":14,"key":"SkillPotion"},{"floor":18,"key":"SteroidPotion"},{"floor":22,"key":"Block Potion"},{"floor":24,"key":"Poison Potion"}],"is_trial":false,"path_per_floor":["M","?","M","$","?","E","R","$","T","R","E","M","?","M","R","B",null,"M","M","?","?","M","R","M","?"],"character_chosen":"THE_SILENT","items_purchased":["Poisoned Stab","Snake Skull"],"campfire_rested":0,"item_purchase_floors":[4,8],"current_hp_per_floor":[70,70,70,70,63,63,63,63,63,63,40,40,40,37,46,29,70,70,70,70,70,62,70,46,0,0],"gold":393,"neow_bonus":"THREE_ENEMY_KILL","is_daily":false,"chose_seed":false,"campfire_upgraded":3,"win_rate":0.0,"timestamp":1610211216,"path_taken":["M","?","?","$","?","E","R","$","T","R","E","?","?","M","R","BOSS","M","M","?","?","M","R","M","?"],"items_purchased_type":["Card","Relic"],"build_version":"2020-12-22","purchased_purges":0,"victory":false,"max_hp_per_floor":[70,70,70,70,70,70,70,70,70,70,70,70,65,65,65,65,70,70,70,70,70,70,70,70,70,70],"card_choices":[{"not_picked":["Deflect","Slice"],"picked":"Backflip","floor":1},{"not_picked":["Dagger Spray","Quick Slash"],"picked":"Footwork","floor":3},{"not_picked":["Riddle With Holes","Calculated Gamble"],"picked":"Predator","floor":6},{"not_picked":["Tools of the Trade","Acrobatics"],"picked":"Escape Plan","floor":11},{"not_picked":["Prepared","Cloak And Dagger"],"picked":"Bane","floor":12},{"not_picked":["Sucker Punch","Cloak And Dagger"],"picked":"Quick Slash","floor":14},{"not_picked":["Unload","Doppelganger"],"picked":"Adrenaline","floor":16},{"not_picked":["Skewer","Caltrops"],"picked":"Backstab","floor":17},{"not_picked":["PiercingWail+1","Skewer"],"picked":"Backflip","floor":18},{"not_picked":["PiercingWail","Terror+1"],"picked":"Bane","floor":19},{"not_picked":["Sucker Punch+1","Slice+1"],"picked":"Acrobatics+1","floor":22},{"not_picked":["Prepared+1","Grand Finale"],"picked":"Footwork","floor":24}],"player_experience":264076,"relics_obtained":[{"floor":6,"key":"Girya"},{"floor":9,"key":"White Beast Statue"},{"floor":11,"key":"Eternal Feather"}],"event_choices":[{"damage_healed":0,"gold_gain":0,"player_choice":"Forge","damage_taken":0,"max_hp_gain":0,"max_hp_loss":0,"event_name":"Accursed Blacksmith","floor":2,"gold_loss":0,"cards_upgraded":["Neutralize"]},{"damage_healed":0,"gold_gain":75,"player_choice":"Touch","damage_taken":7,"max_hp_gain":0,"max_hp_loss":0,"event_name":"FaceTrader","floor":5,"gold_loss":0},{"damage_healed":0,"gold_gain":0,"player_choice":"Lose Max HP","damage_taken":0,"relics_obtained":["Golden Idol"],"max_hp_gain":0,"max_hp_loss":5,"event_name":"Golden Idol","floor":13,"gold_loss":0},{"damage_healed":0,"gold_gain":0,"player_choice":"Read","damage_taken":0,"max_hp_gain":0,"max_hp_loss":0,"event_name":"The Library","floor":20,"gold_loss":0,"cards_obtained":["Crippling Poison"]},{"damage_healed":0,"gold_gain":0,"player_choice":"Ignored","damage_taken":0,"max_hp_gain":0,"max_hp_loss":0,"event_name":"Ghosts","floor":21,"gold_loss":0},{"damage_healed":0,"gold_gain":0,"player_choice":"Fought Bandits","damage_taken":0,"max_hp_gain":0,"max_hp_loss":0,"event_name":"Masked Bandits","floor":25,"gold_loss":0}],"is_beta":false,"boss_relics":[{"not_picked":["Philosopher\u0027s Stone","Snecko Eye"],"picked":"Tiny House"}],"items_purged_floors":[],"is_endless":false,"potions_floor_spawned":[11,12,14,16,18,19,22,24],"killed_by":"Masked Bandits","ascension_level":4}}