{"host":"i0s8vbixp24k5aul","time":1610188511,"event":{"mods":["2.2 Compatiblity","Act Like it!","Arknights The Spire","Aspiration","BaseMod","Better Note","Better Third Choice","Better Vampires","BetterUpgradePreview","Colorless Booster Pack","Displayed Cursed Tome","GifTheSpireLib","Halation","Hermit","Hubris","Jedi Mod","Minty Spire (QoL Compilation)","Optimize The Spire","Random Character Mod","StSLib","Stuff the Spire","Swap Starting Deck Mod","The Mystic","vexMod","??????REMEMod"],"gold_per_floor":[115,390,406,55,69,81,81,81,81,111,111,111,130,130,130,226,226,242,259,270,270,290,290,290,290,315,315,325,325,341,179,179,314,314,333,349,349,363,191,191,201,201,201,201,233,253,253,253,253,253,253],"floor_reached":50,"playtime":2786,"items_purged":["Regret"],"score":547,"play_id":"3bd45b52-992b-4fb4-81fd-cae1db2b1eef","local_time":"20210109133511","is_ascension_mode":false,"campfire_choices":[{"floor":8,"key":"REST"},{"floor":12,"key":"REST"},{"floor":15,"key":"REST"},{"data":"mysticmod:SpontaneousCaster","floor":23,"key":"SMITH"},{"data":"mysticmod:PunishingArmor","floor":25,"key":"SMITH"},{"data":"mysticmod:HeavyStrike","floor":27,"key":"SMITH"},{"data":"mysticmod:Discipline","floor":32,"key":"SMITH"},{"data":"CBP: ChaoticOffering","floor":40,"key":"SMITH"},{"floor":42,"key":"REST"},{"data":"mysticmod:CureLightWounds","floor":44,"key":"SMITH"},{"floor":44,"key":"RECALL"},{"floor":49,"key":"REST"}],"circlet_count":0,"master_deck":["mysticmod:Strike_Mystic","mysticmod:Strike_Mystic","mysticmod:Strike_Mystic","mysticmod:Strike_Mystic","mysticmod:Defend_Mystic","mysticmod:Defend_Mystic","mysticmod:Defend_Mystic","mysticmod:Defend_Mystic","mysticmod:ArcaneDodge","mysticmod:ShockingGrasp","mysticmod:FiveFootStep","mysticmod:PunishingArmor+1","mysticmod:Daze","mysticmod:ComponentsPouch","mysticmod:ComboCaster","mysticmod:SpontaneousCaster+1","mysticmod:HeavyStrike+1","Apotheosis+1","mysticmod:Disintegrate+1","mysticmod:HeavyStrike+1","mysticmod:SuddenClarity+1","mysticmod:Disengage","mysticmod:CureLightWounds+1","mysticmod:PowerSlash","mysticmod:Discipline+1","mysticmod:Momentum","mysticmod:LightningBolt+1","mysticmod:LightningBolt+1","mysticmod:Flourish+1","CBP: ChaoticOffering+1","mysticmod:Grapple+1"],"relics":["mysticmod:SpellBook","REME_ComplimentaryCards","NeowsBlessing","Juzu Bracelet","StuffTheSpire:DarkSteelAnvil","Ice Cream","Vajra","hubris:FruitBowl","halation:VictoryRuler","StuffTheSpire:Barrel","mysticmod:CrystalBall","halation:PinkAlligatorPlush","hubris:Towel","halation:PenCase","Singing Bowl","hubris:BottledRain","vexMod:Dragonfruit","Anchor"],"acts_visited":["Exordium","TheCity","TheBeyond"],"potions_floor_usage":[10,16,22,33,33,33,33,33,33,38,41,46,50],"damage_taken":[{"damage":0,"enemies":"Cultist","floor":1,"turns":1},{"damage":0,"enemies":"2 Louse","floor":3,"turns":1},{"damage":0,"enemies":"Jaw Worm","floor":5,"turns":1},{"damage":6,"enemies":"3 Louse","floor":6,"turns":3},{"damage":0,"enemies":"3 Sentries","floor":10,"turns":6},{"damage":1,"enemies":"Blue Slaver","floor":13,"turns":5},{"damage":5,"enemies":"The Guardian","floor":16,"turns":9},{"damage":14,"enemies":"2 Thieves","floor":18,"turns":4},{"damage":0,"enemies":"Shell Parasite","floor":19,"turns":2},{"damage":3,"enemies":"Centurion and Healer","floor":20,"turns":3},{"damage":24,"enemies":"Cultist and Chosen","floor":22,"turns":8},{"damage":14,"enemies":"Snake Plant","floor":28,"turns":3},{"damage":10,"enemies":"Sentry and Sphere","floor":30,"turns":4},{"damage":51,"enemies":"Automaton","floor":33,"turns":12},{"damage":22,"enemies":"Orb Walker","floor":35,"turns":5},{"damage":8,"enemies":"3 Shapes","floor":36,"turns":4},{"damage":69,"enemies":"3 Darklings","floor":38,"turns":6},{"damage":48,"enemies":"Spire Growth","floor":41,"turns":9},{"damage":57,"enemies":"Giant Head","floor":45,"turns":10},{"damage":0,"enemies":"Jaw Worm Horde","floor":46,"turns":1},{"damage":95,"enemies":"Awakened One","floor":50,"turns":10}],"seed_played":"-5025232773422202274","potions_obtained":[{"floor":3,"key":"jedi:tentaclejuice"},{"floor":6,"key":"FearPotion"},{"floor":10,"key":"Swift Potion"},{"floor":18,"key":"Weak Potion"},{"floor":22,"key":"SteroidPotion"},{"floor":29,"key":"EntropicBrew"},{"floor":33,"key":"SmokeBomb"},{"floor":36,"key":"Strength Potion"},{"floor":45,"key":"Energy Potion"}],"is_trial":false,"path_per_floor":["M","?","M","$","M","M","$","R","T","E","?","R","M","?","R","B",null,"M","M","M","?","M","R","?","R","T","R","M","?","M","$","R","B",null,"M","M","?","M","$","R","M","R","T","R","E","M","?","T","R","B"],"character_chosen":"MYSTIC_CLASS","items_purchased":["Juzu Bracelet","EntropicBrew","mysticmod:Daze","StuffTheSpire:DarkSteelAnvil","Ice Cream","Vajra","hubris:FruitBowl","mysticmod:Discipline","CBP: ChaoticOffering"],"campfire_rested":5,"item_purchase_floors":[4,4,4,7,7,7,7,31,39],"current_hp_per_floor":[77,77,77,77,77,71,1,24,24,24,24,47,46,46,69,64,77,63,63,60,60,36,36,92,92,92,92,78,78,77,77,77,36,92,70,62,62,85,85,85,45,72,72,72,28,38,42,42,74,0,0],"gold":253,"neow_bonus":"THREE_ENEMY_KILL","is_daily":false,"chose_seed":false,"campfire_upgraded":6,"win_rate":0.0,"timestamp":1610188511,"path_taken":["M","?","?","$","M","M","?","R","T","E","?","R","M","?","R","BOSS","M","M","M","?","M","R","?","R","T","R","M","?","M","$","R","BOSS","M","M","?","M","?","R","M","R","T","R","E","M","?","?","R","BOSS"],"items_purchased_type":["Relic","Potion","Card","Relic","Relic","Relic","Relic","Card","Card"],"build_version":"2020-12-22","purchased_purges":1,"victory":false,"max_hp_per_floor":[77,77,77,77,77,77,77,77,77,77,77,77,77,77,77,77,77,77,77,77,77,77,77,92,92,92,92,92,92,92,92,92,92,92,92,92,92,92,92,92,92,92,92,92,95,105,109,109,109,109,109],"card_choices":[{"not_picked":["mysticmod:Flourish","mysticmod:TomeOfSpells"],"picked":"mysticmod:FiveFootStep","floor":1},{"not_picked":["mysticmod:Probe","mysticmod:BulkUp"],"picked":"mysticmod:PunishingArmor","floor":3},{"not_picked":["mysticmod:SuddenClarity","mysticmod:EarthenWall"],"picked":"mysticmod:ComponentsPouch","floor":5},{"not_picked":["mysticmod:MirrorStrike","mysticmod:Sideswipe"],"picked":"mysticmod:ComboCaster","floor":6},{"not_picked":["mysticmod:BladeMaster","mysticmod:DiviningBlow"],"picked":"mysticmod:SpontaneousCaster","floor":10},{"not_picked":["mysticmod:Shield","mysticmod:CorrosiveTouch"],"picked":"mysticmod:HeavyStrike","floor":13},{"not_picked":["mysticmod:Haste","mysticmod:GeminiForm"],"picked":"mysticmod:Disintegrate","floor":16},{"not_picked":["mysticmod:Alacrity","mysticmod:BulkUp"],"picked":"mysticmod:HeavyStrike+1","floor":18},{"not_picked":["mysticmod:Daze","mysticmod:Stoneskin"],"picked":"mysticmod:SuddenClarity+1","floor":19},{"not_picked":["mysticmod:PureInstinct","mysticmod:MagicMissile","mysticmod:Sideswipe"],"picked":"SKIP","floor":20},{"not_picked":["mysticmod:Sideswipe","mysticmod:Shield"],"picked":"mysticmod:Disengage","floor":22},{"not_picked":["mysticmod:Fly+1","mysticmod:SuddenClarity"],"picked":"mysticmod:CureLightWounds","floor":28},{"not_picked":["mysticmod:Alacrity+1","mysticmod:TomeOfSpells"],"picked":"mysticmod:PowerSlash","floor":30},{"not_picked":["mysticmod:SpellRecall","mysticmod:KnowledgePool"],"picked":"mysticmod:Momentum","floor":33},{"not_picked":["mysticmod:CorrosiveTouch+1","mysticmod:Snowball"],"picked":"mysticmod:LightningBolt+1","floor":35},{"not_picked":["mysticmod:PunishingArmor","mysticmod:Sideswipe"],"picked":"mysticmod:LightningBolt+1","floor":36},{"not_picked":["mysticmod:TomeOfSpells","mysticmod:SuddenClarity"],"picked":"mysticmod:Flourish+1","floor":38},{"not_picked":["mysticmod:RapidCaster","mysticmod:DiviningBlow"],"picked":"mysticmod:Grapple+1","floor":41},{"not_picked":["mysticmod:PowerSlash+1","mysticmod:MirrorStrike+1","mysticmod:FloatingDisk"],"picked":"Singing Bowl","floor":45},{"not_picked":["mysticmod:MagicMissile","mysticmod:Disengage","mysticmod:Flourish+1"],"picked":"Singing Bowl","floor":46}],"player_experience":760071,"relics_obtained":[{"floor":9,"key":"halation:VictoryRuler"},{"floor":10,"key":"StuffTheSpire:Barrel"},{"floor":41,"key":"halation:PenCase"},{"floor":43,"key":"Singing Bowl"},{"floor":45,"key":"hubris:BottledRain"},{"floor":46,"key":"vexMod:Dragonfruit"},{"floor":48,"key":"Anchor"}],"event_choices":[{"damage_healed":0,"gold_gain":275,"player_choice":"Desecrate","damage_taken":0,"max_hp_gain":0,"max_hp_loss":0,"event_name":"Golden Shrine","floor":2,"gold_loss":0,"cards_obtained":["Regret"]},{"damage_healed":0,"gold_gain":0,"player_choice":"Bought 0 Potions","damage_taken":0,"max_hp_gain":0,"max_hp_loss":0,"event_name":"The Woman in Blue","floor":11,"gold_loss":0},{"damage_healed":46,"gold_gain":0,"player_choice":"Embrace","damage_taken":0,"max_hp_gain":0,"max_hp_loss":77,"event_name":"betterThird:BetterShining","floor":14,"gold_loss":0},{"damage_healed":0,"gold_gain":0,"player_choice":"Forge","damage_taken":0,"max_hp_gain":0,"max_hp_loss":0,"event_name":"Accursed Blacksmith","floor":21,"gold_loss":0,"cards_upgraded":["mysticmod:Disintegrate"]},{"cards_removed":["Malaise"],"damage_healed":41,"gold_gain":0,"player_choice":"Offered Rare","damage_taken":0,"max_hp_gain":10,"max_hp_loss":0,"event_name":"Bonfire Elementals","floor":24,"gold_loss":0},{"damage_healed":0,"gold_gain":0,"player_choice":"Got Potions","damage_taken":0,"max_hp_gain":0,"max_hp_loss":0,"event_name":"Lab","floor":29,"gold_loss":0}],"is_beta":false,"boss_relics":[{"not_picked":["halation:PlatinumPhoenix","aspiration:RitualDagger"],"picked":"mysticmod:CrystalBall"},{"not_picked":["Pandora\u0027s Box","vexMod:ImprovementManual"],"picked":"halation:PinkAlligatorPlush"}],"items_purged_floors":[4],"is_endless":false,"potions_floor_spawned":[3,6,10,13,18,22,30,33,36,45],"killed_by":"Awakened One","ascension_level":0}}