{"host":"t6w2q9o6m1ipuhb5","time":1610200295,"event":{"mods":["2.2 Compatiblity","Abigail Mod","AchievementEnabler","Act Like it!","Arknights The Spire","BaseMod","BetterRewards","CapriCore","Chen","Colored Map","Colored Powertips","Downfall","Friendly Minions","Gensokyo","GifTheSpireLib","Hermit","Hubris","Infinite Spire","KinomotoSakuraMod(????)","Kiyohime????","Koishi","Marisa????????","Mimic Mod","Minty Spire (QoL Compilation)","MostiFishMod","Onozuka Komachi Mod","Permanent Neow","Prisma Mod","Quick Restart","Reimu??????","Remilia_Scarlet Moed?????·?????3.3.5","Remilia??????","Replay The Spire","StSLib","SuperFastMode","Td1madao Mod","The Administrix","The Alterego","The Animator","The Bug Knight","The Construct","The Cursed","The Immortal","The Marked","The Mystic","The Senshi","The Servant 0.9.4","The Wild Card","Waifu the Spire","WarShipGirlsR/????R mod","Yakumo Yukari mod"],"gold_per_floor":[218,236,236,10,10,39,58,71,104,120,136,169,188,112,112,211,211,225,225,242,254,254,277,277,277,321,370,396,10,60,89,89,215,215,272,272,272,2,2,59,59,95,119,167,167,212,192,48,48,116,116,116,15,69,89],"floor_reached":56,"playtime":3722,"items_purged":[],"score":1237,"play_id":"36d84af8-84c4-49f7-a79e-2c2e81da40fc","local_time":"20210109085135","is_ascension_mode":false,"campfire_choices":[{"floor":15,"key":"DIG"},{"floor":24,"key":"RECALL"},{"floor":32,"key":"REST"},{"data":"MostiFishMod:FrostNova","floor":41,"key":"SMITH"},{"data":"hubris:DuctTapeCard","floor":45,"key":"SMITH"},{"data":"rmod:windflower","floor":49,"key":"SMITH"},{"data":"rmod:supportaircraftcarrier","floor":52,"key":"SMITH"}],"circlet_count":0,"master_deck":["rmod:strick","rmod:strick","rmod:strick","rmod:strick","rmod:defend","rmod:defend","rmod:defend","rmod:defend","rmod:basicallowance","rmod:maingunfire","rmod:intelligenceanalysis","rmod:aviationdawn","rmod:bulid","rmod:luckystar","rmod:chargemoney","rmod:diaomin","rmod:supportescort","rmod:goodsister","rmod:expedition","rmod:acesubmarine","MostiFishMod:FrostNova+1","rmod:salvage","rmod:aggressivemary","rmod:diamondstrike+1","rmod:diamondstrike","rmod:fletcherpendant","rmod:fletcherpendant","rmod:ridicule","rmod:fletcherpendant","Spreading Infection","rmod:luckystar+1","rmod:fletcher","Voices","rmod:fletcher","rmod:luckystar+1","hubris:DuctTapeCard+2","rmod:sl","hexamod:Haunted","rmod:lonelyqueen","rmod:acesubmarine","rmod:supportaircraftcarrier+1","rmod:victimresponsibility","rmod:windflower+1","rmod:rockthrower"],"relics":["rmod:firstchargereward","DaveBox","OriginationStaff","SynthV:TestCard","SynthV","hubris:CrystalStatue","SynthV:C4","ScarletDevilRocket","FrostBlade","Nloth\u0027s Gift","Replay:Bandana","Replay:Blank Codex","Pet Ghost","Counterbalance","Ring of Greed","Blue Doll","Ring of Peace","infinitespire:EvilPickle","HereWithMe","hubris:Icosahedron","hubris:DuctTape","Omamori","Nunchaku","Toy Ornithopter","Blood Vial"],"acts_visited":["Exordium","TheCity","TheBeyond","TheEnding"],"potions_floor_usage":[10,12,21,50,50,55,55],"damage_taken":[{"damage":0,"enemies":"Small Slimes","floor":1,"turns":4},{"damage":0,"enemies":"Cultist","floor":2,"turns":3},{"damage":0,"enemies":"HollowMod:MossKnight","floor":6,"turns":3},{"damage":0,"enemies":"2 Louse","floor":7,"turns":4},{"damage":6,"enemies":"2 Fungi Beasts","floor":8,"turns":2},{"damage":5,"enemies":"Exordium Thugs","floor":9,"turns":4},{"damage":0,"enemies":"Exordium Thugs","floor":10,"turns":3},{"damage":0,"enemies":"Exordium Wildlife","floor":11,"turns":3},{"damage":1,"enemies":"Gremlin Nob","floor":12,"turns":3},{"damage":5,"enemies":"Red Slaver","floor":13,"turns":4},{"damage":35,"enemies":"Hexaghost","floor":16,"turns":7},{"damage":0,"enemies":"Spheric Guardian","floor":18,"turns":1},{"damage":4,"enemies":"Chosen","floor":20,"turns":3},{"damage":8,"enemies":"Shelled Parasite and Fungi","floor":21,"turns":3},{"damage":0,"enemies":"Snecko","floor":23,"turns":3},{"damage":8,"enemies":"Snake Plant","floor":26,"turns":3},{"damage":12,"enemies":"HollowMod:Nosk","floor":27,"turns":6},{"damage":0,"enemies":"Snake Plant","floor":28,"turns":2},{"damage":0,"enemies":"Centurion and Healer","floor":31,"turns":2},{"damage":0,"enemies":"Pondfish","floor":33,"turns":4},{"damage":0,"enemies":"3 Darklings","floor":35,"turns":4},{"damage":0,"enemies":"HollowMod:StalkingDevout","floor":40,"turns":4},{"damage":0,"enemies":"Giant Head","floor":42,"turns":6},{"damage":0,"enemies":"Orb Walker","floor":44,"turns":3},{"damage":0,"enemies":"Maw","floor":46,"turns":8},{"damage":22,"enemies":"Replay:Hell Engine","floor":50,"turns":5},{"damage":0,"enemies":"Shield and Spear","floor":54,"turns":4},{"damage":37,"enemies":"The Heart","floor":55,"turns":8}],"seed_played":"6181526226886388820","potions_obtained":[{"floor":1,"key":"FearPotion"},{"floor":6,"key":"Fire Potion"},{"floor":10,"key":"SkillPotion"},{"floor":13,"key":"Energy Potion"},{"floor":20,"key":"Energy Potion"},{"floor":21,"key":"FearPotion"},{"floor":46,"key":"LifebloodPotion"}],"is_trial":false,"path_per_floor":["M","M","?","$","?","E","M","M","MIM","M","M","E","M","$","R_BF","B",null,"M","?","M","M","AVR","M","R","?","MIM","E","M","$","?","M","R","B",null,"M","?","?","$","?","E","R","E","T","M","R","M","?","$","R","B",null,"R","$","E","B",null],"character_chosen":"PRAEFECT","items_purchased":["SynthV","rmod:wife","rmod:expedition","Counterbalance","rmod:fletcherpendant","PowerPotion","hubris:DuctTape","rmod:sl","Toy Ornithopter","BlessingOfTheForge","Block Potion"],"campfire_rested":1,"item_purchase_floors":[4,4,14,29,29,29,38,38,48,53,53],"current_hp_per_floor":[75,75,75,75,75,75,75,69,64,64,64,63,58,58,58,23,75,75,75,71,63,63,63,63,47,39,27,27,27,27,39,61,61,75,75,75,75,75,75,75,75,75,75,75,75,75,75,75,75,63,75,75,75,75,48],"gold":89,"neow_bonus":"HUNDRED_GOLD","is_daily":false,"chose_seed":false,"campfire_upgraded":4,"win_rate":0.0,"timestamp":1610200295,"path_taken":["M","M","?","?","?","E","M","M","MIM","?","M","E","M","?","R_BF","BOSS","M","?","?","M","AVR","M","R","?","MIM","E","M","$","?","M","R","BOSS","M","?","?","$","?","E","R","E","T","?","R","M","?","?","R","BOSS","R","$","E","BOSS"],"items_purchased_type":["Relic","Card","Card","Relic","Card","Potion","Relic","Card","Relic","Potion","Potion"],"build_version":"2020-12-22","purchased_purges":0,"victory":true,"max_hp_per_floor":[75,75,75,75,75,75,75,75,75,75,75,75,75,75,75,75,75,75,75,75,75,75,75,75,75,75,75,75,75,75,75,75,75,75,75,75,75,75,75,75,75,75,75,75,75,75,75,75,75,75,75,75,75,75,75],"card_choices":[{"not_picked":["rmod:fuelsupply","rmod:advancebysurprise"],"picked":"rmod:intelligenceanalysis","floor":1},{"not_picked":["rmod:aviationdawn","rmod:firesupport","rmod:fletcher","rmod:fletcherpendant"],"picked":"rmod:diamondstrike","floor":2},{"not_picked":["rmod:fletcherpendant","rmod:circuitoustactics","rmod:goodfighter","rmod:chargemoney"],"picked":"rmod:aviationdawn","floor":6},{"not_picked":["rmod:robin","rmod:capitalist","rmod:goodfighter","rmod:steelsupply"],"picked":"rmod:desperatesituation","floor":7},{"not_picked":["rmod:circuitoustactics","rmod:supportescort","rmod:selfconfidence","rmod:unsinkable"],"picked":"rmod:bulid","floor":8},{"not_picked":["rmod:punchline","rmod:circuitoustactics","rmod:launchingtorpedo","rmod:wife"],"picked":"rmod:luckystar","floor":9},{"not_picked":["rmod:aluminumsupply","rmod:guardianhero","rmod:diamondstrike","rmod:fletcherpendant"],"picked":"rmod:chargemoney","floor":10},{"not_picked":["rmod:capitalist","rmod:intelligenceanalysis","rmod:maintain","rmod:aviationdawn"],"picked":"rmod:diaomin","floor":11},{"not_picked":["rmod:circuitoustactics","rmod:intelligenceanalysis","rmod:lonelyqueen","rmod:wife"],"picked":"rmod:supportescort","floor":12},{"not_picked":["rmod:openingtorpedo","rmod:intelligenceanalysis","rmod:supportescort","rmod:slowdown"],"picked":"rmod:goodsister","floor":13},{"not_picked":["rmod:desperatesituation","rmod:abidefaith","rmod:saltedfish","rmod:supriseattacks"],"picked":"rmod:acesubmarine","floor":16},{"not_picked":["rmod:heivgo","rmod:fletcherpendant","rmod:circuitoustactics+1","rmod:ammunitionsupply"],"picked":"rmod:salvage","floor":18},{"not_picked":["rmod:victimresponsibility+1","rmod:salvage","rmod:goodfighter","rmod:maintain"],"picked":"rmod:aggressivemary","floor":20},{"not_picked":["rmod:rockthrower","rmod:steelsupply","rmod:robin","rmod:capitalist"],"picked":"rmod:wife+1","floor":21},{"not_picked":["rmod:circuitoustactics+1","rmod:ammunitionsupply","rmod:steelsupply+1","rmod:aluminumsupply+1"],"picked":"rmod:diamondstrike+1","floor":23},{"not_picked":["rmod:salvage","rmod:tearstotiara","rmod:ammunitionsupply","rmod:ridicule"],"picked":"rmod:diamondstrike","floor":26},{"not_picked":["rmod:garrisonisland","rmod:acesubmarine","rmod:circuitoustactics","rmod:supportescort"],"picked":"rmod:fletcherpendant","floor":27},{"not_picked":["rmod:aluminumsupply","rmod:supportescort","rmod:aviationdawn","rmod:intelligenceanalysis"],"picked":"rmod:ridicule","floor":28},{"not_picked":["rmod:sl","rmod:fletcher","rmod:aviationdawn","rmod:fuelsupply"],"picked":"rmod:luckystar+1","floor":31},{"not_picked":["rmod:saltedfish","rmod:supriseattacks","rmod:acesubmarine","rmod:ridicule"],"picked":"rmod:fletcher","floor":33},{"not_picked":["rmod:heivgo+1","rmod:lonelyqueen+1","rmod:tearstotiara","rmod:fletcherpendant+1"],"picked":"rmod:luckystar+1","floor":35},{"not_picked":["rmod:intelligenceanalysis","rmod:desperatesituation","rmod:maintain+1","rmod:bulid"],"picked":"rmod:lonelyqueen","floor":40},{"not_picked":["rmod:diaomin+1","rmod:stealaluminum","rmod:circuitoustactics+1","rmod:bulid+1"],"picked":"rmod:acesubmarine","floor":42},{"not_picked":["rmod:diaomin+1","rmod:diamondstrike+1","rmod:steelsupply+1","rmod:unsinkable+1"],"picked":"rmod:supportaircraftcarrier","floor":44},{"not_picked":["rmod:stealaluminum","rmod:steelsupply+1","rmod:intelligenceanalysis","rmod:fuelsupply"],"picked":"rmod:victimresponsibility","floor":46},{"not_picked":[],"picked":"rmod:windflower","floor":47},{"not_picked":["rmod:aviationdawn+1","rmod:lonelyqueen","rmod:launchingtorpedo","rmod:ring"],"picked":"rmod:rockthrower","floor":54}],"player_experience":392160,"relics_obtained":[{"floor":1,"key":"SynthV:TestCard"},{"floor":6,"key":"hubris:CrystalStatue"},{"floor":9,"key":"SynthV:C4"},{"floor":12,"key":"Boot"},{"floor":15,"key":"ScarletDevilRocket"},{"floor":25,"key":"Replay:Blank Codex"},{"floor":27,"key":"Pet Ghost"},{"floor":30,"key":"Ring of Greed"},{"floor":30,"key":"Blue Doll"},{"floor":30,"key":"Ring of Peace"},{"floor":40,"key":"Omamori"},{"floor":43,"key":"Nunchaku"},{"floor":54,"key":"Blood Vial"}],"event_choices":[{"damage_healed":0,"gold_gain":0,"cards_transformed":["rmod:diamondstrike"],"player_choice":"Transformed","damage_taken":0,"max_hp_gain":0,"max_hp_loss":0,"event_name":"Transmorgrifier","floor":3,"gold_loss":0,"cards_obtained":["rmod:abidefaith"]},{"cards_removed":["rmod:wife"],"damage_healed":0,"gold_gain":0,"player_choice":"Offered Uncommon","damage_taken":0,"max_hp_gain":0,"max_hp_loss":0,"event_name":"Bonfire Elementals","floor":5,"gold_loss":0},{"damage_healed":0,"gold_gain":0,"player_choice":"Traded Relic","damage_taken":0,"relics_obtained":["Nloth\u0027s Gift"],"max_hp_gain":0,"max_hp_loss":0,"event_name":"N\u0027loth","floor":19,"relics_lost":["Boot"],"gold_loss":0},{"damage_healed":0,"gold_gain":0,"player_choice":"Obtained Book","damage_taken":16,"max_hp_gain":0,"max_hp_loss":0,"event_name":"Cursed Tome","floor":25,"gold_loss":0},{"cards_removed":["rmod:abidefaith"],"damage_healed":0,"gold_gain":0,"player_choice":"Removed Power","damage_taken":0,"max_hp_gain":0,"max_hp_loss":0,"event_name":"Falling","floor":37,"gold_loss":0},{"cards_removed":["rmod:desperatesituation"],"damage_healed":0,"gold_gain":0,"player_choice":"Purged","damage_taken":0,"max_hp_gain":0,"max_hp_loss":0,"event_name":"Purifier","floor":39,"gold_loss":0}],"is_beta":false,"boss_relics":[{"not_picked":["Calling Bell","Tiny House"],"picked":"FrostBlade"},{"not_picked":["GuanYuAspect","Coffee Dripper"],"picked":"HereWithMe"}],"items_purged_floors":[],"is_endless":false,"potions_floor_spawned":[1,6,10,13,20,21,28,33,42,46],"ascension_level":0}}