{"host":"t7rtdu4954o308h4","time":1610198411,"event":{"mods":["ATMod(阿瑾Mod)","AchievementEnabler","Act Like it!","BaseMod","Conspire","GifTheSpireLib","Infinite Spire","Minty Spire (QoL Compilation)","MostiFishMod","Pale of the Ancients","Replay The Spire","StSLib","TestMod","Waifu the Spire","【功能Mod】聪明的最终Boss","【遗物卡牌】REMEMod"],"gold_per_floor":[216,216,216,235,23,48,48,48,118,118,150,162,178,193,193,290,290,307,40,52,67,81,81,92,92,119,153,172,191,191,101,101,206,206,239,268,268,298,298,349,349,349,373,373,407,407,566,620,620,620],"floor_reached":51,"playtime":1611,"items_purged":["Strike_R","Defend_R"],"score":1064,"play_id":"72ee909c-7ef8-4dcc-ad4c-4cd93405475a","local_time":"20210109212011","is_ascension_mode":false,"campfire_choices":[{"data":"AT_FamilyPortrait","floor":7.0,"key":"SMITH"},{"data":"ReplayTheSpireMod:Private Reserves","floor":15.0,"key":"SMITH"},{"data":"MostiFishMod:MusicBox","floor":23.0,"key":"SMITH"},{"data":"Heavy Blade","floor":25.0,"key":"SMITH"},{"data":"Rampage","floor":30.0,"key":"SMITH"},{"data":"Demon Form","floor":32.0,"key":"SMITH"},{"data":"Corruption","floor":46,"key":"SMITH"},{"floor":49,"key":"REST"}],"circlet_count":0,"master_deck":["Strike_R+1","Strike_R","Defend_R","Defend_R+1","Defend_R+1","Bash","ReplayTheSpireMod:Private Reserves+1","AT_FamilyPortrait+1","Rage","AT_IchimonjiDouble","Searing Blow","REME_TheLastStrike+1","REME_SingleHolding","Feel No Pain","Pommel Strike","Demon Form+1","Battle Trance","MostiFishMod:MusicBox+1","Heavy Blade+1","Infernal Blade+1","ReplayTheSpireMod:Limb From Limb+1","Rampage+1","Corruption+1","Burning Pact+1","Flame Barrier","infinitespire:OneForAll+1","Metallicize"],"relics":["AT_ATBox","DaveBox","testmod-TestBox","REME_ComplimentaryCards","testmod-InfectionSource","RhineSuit","HaiYi:Twilight","SynthV:TestCard","SentryEyes","infinitespire:Cubic Diamond","ClockworkSouvenir","War Paint","AT_ImmortalShieldbow","AT_PhaseBoots","Ooze Armor","conspire:Boomerang","DiscerningMonocle","infinitespire:EvilPickle","conspire:TreasureMap","Bag of Preparation","ReplayFunnel","infinitespire:FocusingShard","DianDianMeat","conspire:Flyswatter","AT_ChloranthyRing","conspire:GlowingRock","Chameleon Ring"],"acts_visited":["Exordium","TheCity","TheBeyond"],"potions_floor_usage":[47,47,47,47,48,50,50,50],"damage_taken":[{"damage":8.0,"enemies":"Small Slimes","floor":1.0,"turns":3.0},{"damage":0.0,"enemies":"Jaw Worm","floor":4.0,"turns":2.0},{"damage":0.0,"enemies":"Lagavulin","floor":6.0,"turns":2.0},{"damage":0.0,"enemies":"Gremlin Nob","floor":11.0,"turns":2.0},{"damage":0.0,"enemies":"Cultist","floor":12.0,"turns":1.0},{"damage":0.0,"enemies":"Blue Slaver","floor":13.0,"turns":2.0},{"damage":0.0,"enemies":"Large Slime","floor":14.0,"turns":2.0},{"damage":0.0,"enemies":"Fading Forest","floor":16.0,"turns":7.0},{"damage":0.0,"enemies":"Spheric Guardian","floor":18.0,"turns":1.0},{"damage":6.0,"enemies":"Shell Parasite","floor":20.0,"turns":3.0},{"damage":0.0,"enemies":"3 Cultists","floor":21.0,"turns":2.0},{"damage":1.0,"enemies":"Chosen and Byrds","floor":22.0,"turns":3.0},{"damage":0.0,"enemies":"Snake Plant","floor":24.0,"turns":2.0},{"damage":0.0,"enemies":"Gremlin Leader","floor":27.0,"turns":3.0},{"damage":0.0,"enemies":"3 Cultists","floor":28.0,"turns":3.0},{"damage":5.0,"enemies":"Centurion and Healer","floor":29.0,"turns":2.0},{"damage":3.0,"enemies":"Pondfish","floor":33.0,"turns":4.0},{"damage":0.0,"enemies":"Orb Walker","floor":35.0,"turns":1.0},{"damage":17.0,"enemies":"3 Darklings","floor":36.0,"turns":2.0},{"damage":0.0,"enemies":"Transient","floor":38.0,"turns":5.0},{"damage":53.0,"enemies":"Nemesis","floor":40.0,"turns":3.0},{"damage":7,"enemies":"Writhing Mass","floor":45,"turns":2},{"damage":19,"enemies":"R_Hoarder","floor":47,"turns":3},{"damage":0,"enemies":"3 Darklings","floor":48,"turns":2},{"damage":23,"enemies":"Replay:Hell Engine","floor":50,"turns":3}],"seed_played":"5920054897229681995","potions_obtained":[{"floor":11.0,"key":"GamblersBrew"},{"floor":12.0,"key":"Cursed Concoction"},{"floor":13.0,"key":"SneckoOil"},{"floor":14.0,"key":"SkillPotion"},{"floor":20.0,"key":"EntropicBrew"},{"floor":40.0,"key":"infinitespire:BlackPotion"},{"floor":47,"key":"Adrenaline Potion"},{"floor":48,"key":"Energy Potion"}],"is_trial":false,"path_per_floor":["M","?","?","M","$","E","R","?","T","?","E","M","M","M","R","B",null,"M","$","M","M","M","R","M","R","T","E","M","M","R","?","R","B",null,"M","M","$","M","T","E","?","?","T","AVR","M","R","E","M","R","B",null],"character_chosen":"IRONCLAD","items_purchased":["Blood for Blood+1","ClockworkSouvenir","MostiFishMod:MusicBox","conspire:TreasureMap","Bag of Preparation","ReplayFunnel","Flame Barrier"],"campfire_rested":1,"item_purchase_floors":[5,5,19,37,37,37,37],"current_hp_per_floor":[72,72,72,72,72,72,72,72,72,72,72,80,80,80,80,80,80,80,80,74,74,73,73,73,73,73,73,73,68,68,68,68,65,80,80,63,63,63,63,54,54,54,54,54,48,48,31,31,55,32],"gold":620,"neow_bonus":"BOSS_RELIC","is_daily":false,"chose_seed":false,"campfire_upgraded":7,"win_rate":0.0,"timestamp":1610198411,"path_taken":["M","?","?","?","$","E","R","?","T","?","E","M","M","?","R","BOSS","M","$","M","M","M","R","M","R","T","E","M","M","R","?","R","BOSS","M","M","$","M","?","E","?","?","T","AVR","?","R","E","M","R","BOSS"],"items_purchased_type":["Card","Relic","Card","Relic","Relic","Relic","Card"],"build_version":"2020-12-22","purchased_purges":2,"victory":true,"max_hp_per_floor":[80,80,80,80,80,80,80,80,80,80,80,80,80,80,80,80,80,80,80,80,80,80,80,80,80,80,80,80,80,80,80,80,80,80,80,80,80,80,80,80,80,80,80,80,81,81,83,83,83,83],"card_choices":[{"not_picked":["Bloodletting","Iron Wave"],"picked":"Rage","floor":1.0},{"not_picked":["Run Through","Anger","Heavy Blade","ReplayReversal"],"picked":"AT_IchimonjiDouble","floor":4.0},{"not_picked":["Sword Boomerang","Cleave","AT_BodySlamDance","Clash"],"picked":"Searing Blow","floor":6.0},{"not_picked":["Twin Strike","MostiFishMod:#F4004","Armaments","Cleave"],"picked":"REME_SingleHolding","floor":11.0},{"not_picked":["Havoc","Body Slam","Headbutt","Run Through"],"picked":"Eclipse","floor":12.0},{"not_picked":["Thunderclap","Shockwave","Clothesline","Rupture"],"picked":"Feel No Pain","floor":13.0},{"not_picked":["Clash","Twin Strike","AT_IchimonjiDouble","conspire:HitWhereItHurts"],"picked":"Pommel Strike","floor":14.0},{"not_picked":["REME_TheLastStrike","Corruption","MostiFishMod:KnuckleDown","MostiFishMod:PerfectStrikeMKII"],"picked":"Demon Form","floor":16.0},{"not_picked":["Run Through+1","Clothesline+1","Wild Strike+1","AT_DrawKnifeCut"],"picked":"Battle Trance","floor":18.0},{"not_picked":["Fire Breathing","Ghostly Armor","REME_Scribble","Shrug It Off+1","REME_SingleHolding"],"picked":"SKIP","floor":20.0},{"not_picked":["Rupture","Run Through","Iron Wave","AT_DrawKnifeCut"],"picked":"Heavy Blade","floor":21.0},{"not_picked":["Perfected Strike","Ghostly Armor","Run Through","Twin Strike","Power Through"],"picked":"SKIP","floor":22.0},{"not_picked":["Headbutt+1","REME_TheLastStrike","Massacre+1","Metallicize"],"picked":"Infernal Blade+1","floor":24.0},{"not_picked":["Body Slam","MostiFishMod:#F4004","Run Through+1","Pommel Strike+1","Clothesline"],"picked":"SKIP","floor":27.0},{"not_picked":["Body Slam","MostiFishMod:#F4004","Run Through+1","Pommel Strike+1","Clothesline"],"picked":"SKIP","floor":27.0},{"not_picked":["MostiFishMod:RacingGame","Warcry+1","Havoc","Entrench"],"picked":"ReplayTheSpireMod:Limb From Limb+1","floor":28.0},{"not_picked":["Iron Wave+1","Pummel","Headbutt+1","Sword Boomerang+1"],"picked":"Rampage","floor":29.0},{"not_picked":["MostiFishMod:404NotFound","MostiFishMod:TemporaryOutbreak","Exhume","MostiFishMod:KnuckleDown"],"picked":"Corruption","floor":33.0},{"not_picked":["Clothesline","Perfected Strike+1","Body Slam","Infernal Blade","Run Through+1"],"picked":"SKIP","floor":35.0},{"not_picked":["Perfected Strike+1","ReplayTheSpireMod:Stacked","Evolve","Havoc+1"],"picked":"Burning Pact+1","floor":36.0},{"not_picked":["Searing Blow+1","Flame Barrier","Run Through+1","AT_DrawKnifeCut+1","Twin Strike"],"picked":"SKIP","floor":38.0},{"not_picked":["Intimidate+1","Flex+1","Pommel Strike+1","Perfected Strike","Run Through"],"picked":"SKIP","floor":40.0},{"not_picked":["Flex","REME_FearOfPain","Run Through","True Grit+1"],"picked":"infinitespire:OneForAll+1","floor":45},{"not_picked":["Body Slam","Run Through","AT_BodySlamDance","AT_IchimonjiDouble+1"],"picked":"Metallicize","floor":47},{"not_picked":["conspire:Charge","Searing Blow+1","Perfected Strike","Dropkick+1","Heavy Blade"],"picked":"SKIP","floor":48}],"player_experience":44895,"relics_obtained":[{"floor":1.0,"key":"SynthV:TestCard"},{"floor":2.0,"key":"SentryEyes"},{"floor":6.0,"key":"War Paint"},{"floor":9.0,"key":"AT_ImmortalShieldbow"},{"floor":11.0,"key":"AT_SpeedBoots"},{"floor":27.0,"key":"conspire:Boomerang"},{"floor":39.0,"key":"infinitespire:FocusingShard"},{"floor":40.0,"key":"DianDianMeat"},{"floor":42.0,"key":"conspire:Flyswatter"},{"floor":43.0,"key":"AT_ChloranthyRing"},{"floor":47,"key":"Chameleon Ring"}],"event_choices":[{"cards_removed":["Strike_R"],"damage_healed":0.0,"max_hp_gain":0.0,"max_hp_loss":0.0,"gold_gain":0.0,"event_name":"Purifier","player_choice":"Purged","floor":10.0,"gold_loss":0.0,"damage_taken":0.0},{"cards_removed":["Strike_R"],"damage_healed":0.0,"max_hp_gain":0.0,"max_hp_loss":0.0,"gold_gain":0.0,"event_name":"Designer","player_choice":"Upgrade and Remove","floor":31.0,"gold_loss":90.0,"damage_taken":0.0,"cards_upgraded":["Strike_R"]},{"cards_removed":["Eclipse"],"damage_healed":0.0,"max_hp_gain":0.0,"max_hp_loss":0.0,"gold_gain":0.0,"event_name":"Falling","player_choice":"Removed Skill","floor":41.0,"gold_loss":0.0,"damage_taken":0.0},{"damage_healed":0.0,"max_hp_gain":0.0,"max_hp_loss":0.0,"gold_gain":0.0,"event_name":"Wheel of Change","player_choice":"Relic","floor":42.0,"gold_loss":0.0,"damage_taken":0.0}],"is_beta":false,"boss_relics":[{"not_picked":["Ectoplasm","Empty Cage"],"picked":"Ooze Armor"},{"not_picked":["Replay:Wanted Poster","conspire:SeveredTorchhead"],"picked":"DiscerningMonocle"}],"items_purged_floors":[19,37],"is_endless":false,"potions_floor_spawned":[11,12,13,14,20,22,29,33,36,40,47,48],"ascension_level":0}}