{"host":"mgc7o2tpy0ck407l","time":1610176662,"event":{"mods":["Alarm Clock","AlwaysNeverKeys","BaseMod","Better Altar","Better Match","Better Note","Better Sensory Stone","Better Skull","Better Third Choice","Better Vampires","Block Reminder","Booster Modes","Challenge The Spire","Colored Map","Colored Powertips","Disable Question Mark Monsters","Displayed Cursed Tome","Emptier Cage","Energized Spire","Evolution","Infinite Spire","Minty Spire (QoL Compilation)","Permanent Neow","Quick Restart","Rare Cards Sparkle","Reorder Act Four","Spicy Shops","StSLib","SuperFastMode","Transform Curses","Unceasing Turn Reminder"],"gold_per_floor":[117,67,43,43,43,43,43,60,83,96,96,112,138,158,158,158,158],"floor_reached":16,"playtime":438,"items_purged":[],"score":105,"play_id":"5e4e52fc-f103-4045-9e01-d1ae72c92316","local_time":"20210109021742","is_ascension_mode":true,"campfire_choices":[{"data":"Concentrate","floor":6,"key":"SMITH"},{"data":"Setup","floor":15,"key":"SMITH"}],"circlet_count":0,"master_deck":["Strike_G","Strike_G","Strike_G","Defend_G","Defend_G","Defend_G","Defend_G","Defend_G","Survivor","Neutralize+1","Concentrate+1","Flying Knee","Setup+1","Poisoned Stab","Panache","Bane","Bouncing Flask","Calculated Gamble"],"relics":["Ring of the Snake","EVO:Axolotl","The Specimen","infinitespire:ShieldingShard","Bronze Scales","infinitespire:CheckeredPen"],"acts_visited":["Exordium"],"potions_floor_usage":[16],"damage_taken":[{"damage":0,"enemies":"Small Slimes","floor":1,"turns":4},{"damage":0,"enemies":"Jaw Worm","floor":8,"turns":3},{"damage":0,"enemies":"Cultist","floor":10,"turns":4},{"damage":8,"enemies":"Large Slime","floor":12,"turns":8},{"damage":30,"enemies":"3 Sentries","floor":13,"turns":12},{"damage":0,"enemies":"Blue Slaver","floor":14,"turns":3},{"damage":20,"enemies":"Slime Boss","floor":16,"turns":3}],"seed_played":"-4515585480282337673","potions_obtained":[{"floor":10,"key":"Block Potion"}],"is_trial":false,"path_per_floor":["M","?","$","?","?","R","?","M","T","M","?","M","E","M","R","B"],"character_chosen":"THE_SILENT","items_purchased":["Flying Knee"],"campfire_rested":0,"item_purchase_floors":[3],"current_hp_per_floor":[63,63,63,63,56,56,56,56,56,56,56,48,18,18,18,0,0],"gold":158,"neow_bonus":"ONE_RARE_RELIC","is_daily":false,"chose_seed":false,"campfire_upgraded":2,"win_rate":0.0,"timestamp":1610176662,"path_taken":["M","?","$","?","?","R","?","?","T","M","?","?","E","M","R","BOSS"],"items_purchased_type":["Card"],"build_version":"2020-12-22","purchased_purges":0,"victory":false,"max_hp_per_floor":[63,63,63,63,63,63,63,63,63,63,63,63,63,63,63,63,63],"card_choices":[{"not_picked":["All Out Attack","PiercingWail"],"picked":"Concentrate","floor":1},{"not_picked":["Dodge and Roll","Expertise"],"picked":"Setup","floor":8},{"not_picked":["Finisher","Cloak And Dagger"],"picked":"Poisoned Stab","floor":10},{"not_picked":["Mind Blast","Dark Shackles"],"picked":"Panache","floor":11},{"not_picked":["Underhanded Strike","Backflip"],"picked":"Bane","floor":12},{"not_picked":["Sucker Punch","Blade Dance"],"picked":"Bouncing Flask","floor":13},{"not_picked":["Flying Knee","Dagger Throw"],"picked":"Calculated Gamble","floor":14}],"player_experience":739604,"relics_obtained":[{"floor":4,"key":"infinitespire:ShieldingShard"},{"floor":9,"key":"Bronze Scales"},{"floor":13,"key":"infinitespire:CheckeredPen"}],"event_choices":[{"cards_removed":["Strike_G"],"damage_healed":0,"gold_gain":0,"player_choice":"Card Removal","damage_taken":0,"max_hp_gain":0,"max_hp_loss":0,"event_name":"The Cleric","floor":2,"gold_loss":50},{"cards_removed":["Strike_G"],"damage_healed":0,"gold_gain":0,"player_choice":"Card Removal","damage_taken":7,"max_hp_gain":0,"max_hp_loss":0,"event_name":"Golden Wing","floor":5,"gold_loss":0},{"damage_healed":0,"gold_gain":0,"player_choice":"Forge","damage_taken":0,"max_hp_gain":0,"max_hp_loss":0,"event_name":"Accursed Blacksmith","floor":7,"gold_loss":0,"cards_upgraded":["Neutralize"]},{"damage_healed":0,"gold_gain":1,"player_choice":"1","damage_taken":0,"max_hp_gain":0,"max_hp_loss":0,"event_name":"betterStone:BetterStone","floor":11,"gold_loss":0}],"is_beta":false,"boss_relics":[],"items_purged_floors":[],"is_endless":false,"potions_floor_spawned":[10],"killed_by":"Slime Boss","ascension_level":1}}