{"host":"6pgtslebjnyv5xmi","time":1610176909,"event":{"mods":["AchievementEnabler","BaseMod","Colored Map","Minty Spire (QoL Compilation)","Rare Cards Sparkle","StSLib","SuperFastMode","The Hierophant","everything is the same but u backflip on backflip"],"gold_per_floor":[112,112,37,137,147,147,182,193,193,193,193,193,216,228,228,228,228],"floor_reached":16,"playtime":3575,"items_purged":["Strike_R"],"score":167,"play_id":"2694e1b3-21de-4de1-8e37-da85a03af050","local_time":"20210109162149","is_ascension_mode":true,"campfire_choices":[{"data":"Body Slam","floor":6,"key":"SMITH"},{"floor":10,"key":"REST"},{"data":"Bash","floor":12,"key":"SMITH"},{"floor":15,"key":"REST"}],"circlet_count":0,"master_deck":["AscendersBane","Strike_R","Strike_R","Strike_R+1","Strike_R","Defend_R","Defend_R","Defend_R","Defend_R+1","Bash+1","Barricade+1","Body Slam+1","Thunderclap"],"relics":["Burning Blood","Thread and Needle","Pantograph","Odd Mushroom"],"acts_visited":["Exordium"],"potions_floor_usage":[13],"damage_taken":[{"damage":7,"enemies":"Small Slimes","floor":1,"turns":5},{"damage":5,"enemies":"2 Louse","floor":5,"turns":6},{"damage":39,"enemies":"Lagavulin","floor":7,"turns":11},{"damage":0,"enemies":"Cultist","floor":8,"turns":4},{"damage":20,"enemies":"The Mushroom Lair","floor":13,"turns":7},{"damage":18,"enemies":"3 Louse","floor":14,"turns":4},{"damage":66,"enemies":"Hexaghost","floor":16,"turns":11}],"seed_played":"3499573437164030010","potions_obtained":[{"floor":8,"key":"Swift Potion"}],"is_trial":false,"path_per_floor":["M","?","$","?","M","R","E","M","T","R","?","R","?","M","R","B"],"character_chosen":"IRONCLAD","items_purchased":[],"campfire_rested":2,"item_purchase_floors":[],"current_hp_per_floor":[67,67,67,67,68,68,35,41,41,61,47,47,33,21,41,0,0],"gold":228,"neow_bonus":"THREE_RARE_CARDS","is_daily":false,"chose_seed":false,"campfire_upgraded":2,"win_rate":0.0,"timestamp":1610176909,"path_taken":["M","?","$","?","?","R","E","M","T","R","?","R","?","M","R","BOSS"],"items_purchased_type":[],"build_version":"2020-12-22","purchased_purges":1,"victory":false,"max_hp_per_floor":[68,68,68,68,68,68,68,68,68,68,68,68,68,68,68,68,68],"card_choices":[{"not_picked":["Feed","Juggernaut"],"picked":"Barricade","floor":0},{"not_picked":["Intimidate","Heavy Blade"],"picked":"Body Slam","floor":1},{"not_picked":["True Grit","Rupture","Twin Strike"],"picked":"SKIP","floor":5},{"not_picked":["Dropkick","Perfected Strike","Hemokinesis"],"picked":"SKIP","floor":7},{"not_picked":["Sword Boomerang","Wild Strike","Iron Wave"],"picked":"SKIP","floor":8},{"not_picked":["Whirlwind","Blood for Blood"],"picked":"Thunderclap","floor":13},{"not_picked":["Thunderclap","Evolve","Intimidate"],"picked":"SKIP","floor":14}],"player_experience":914649,"relics_obtained":[{"floor":7,"key":"Thread and Needle"},{"floor":9,"key":"Pantograph"},{"floor":13,"key":"Odd Mushroom"}],"event_choices":[{"damage_healed":0,"gold_gain":0,"player_choice":"Grow","damage_taken":0,"max_hp_gain":0,"max_hp_loss":0,"event_name":"Living Wall","floor":2,"gold_loss":0,"cards_upgraded":["Barricade"]},{"damage_healed":0,"gold_gain":100,"player_choice":"Pray","damage_taken":0,"max_hp_gain":0,"max_hp_loss":0,"event_name":"Golden Shrine","floor":4,"gold_loss":0},{"damage_healed":0,"gold_gain":0,"player_choice":"Entered Light","damage_taken":14,"max_hp_gain":0,"max_hp_loss":0,"event_name":"Shining Light","floor":11,"gold_loss":0,"cards_upgraded":["Defend_R","Strike_R"]},{"damage_healed":0,"gold_gain":0,"player_choice":"Fought Mushrooms","damage_taken":0,"max_hp_gain":0,"max_hp_loss":0,"event_name":"Mushrooms","floor":13,"gold_loss":0}],"is_beta":false,"boss_relics":[],"items_purged_floors":[3],"is_endless":false,"potions_floor_spawned":[8],"killed_by":"Hexaghost","ascension_level":14}}