{"host":"idmgg8r816nmas40","time":1610154577,"event":{"mods":["AchievementEnabler","AlwaysNeverKeys","BaseMod","BetterRewards","Block Reminder","Colored Map","Colored Powertips","DeckTracker","Googly Eyes","Highlight Path","Hubris","Infinite Spire","Minty Spire (QoL Compilation)","Quick Restart","Relic Stats","Replay The Spire","Shop Mod","StSLib","SuperFastMode","Synergy Search","Transform Curses"],"gold_per_floor":[118,118,135,135,148,148,179,197,197,207,266,266,58,68,68,145,145,156,172,222,234,43,77,77,103,130,130,130,130,130],"floor_reached":29,"playtime":991,"items_purged":[],"score":726,"play_id":"187d461a-55ab-4343-8e09-44bd7bb0780a","local_time":"20210108180937","is_ascension_mode":true,"campfire_choices":[{"data":"Storm","floor":6,"key":"SMITH"},{"data":"hubris:EnhanceAbility","floor":15,"key":"SMITH"},{"floor":24,"key":"REST"}],"circlet_count":0,"master_deck":["AscendersBane","Strike_B","Strike_B","Strike_B","Strike_B","Defend_B","Defend_B","Defend_B","Defend_B","Zap","Dualcast","Hello World+1","hubris:EnhanceAbility+1","Bandage Up","Ball Lightning","Storm+1","Hello World","Conserve Battery","Coolheaded","Barrage","Conserve Battery","Sweeping Beam","Ball Lightning","Machine Learning","Lockon+1","hubris:Ukulele","Conserve Battery","Loop","Stack","ReplaySolidLightProjector+1","infinitespire:TheBestDefense"],"relics":["Cracked Core","Mummified Hand","Counterbalance","CultistMask","hubris:Towel","Replay:Antivirus Software","DataDisk","PreservedInsect","OrangePellets","hubris:Backtick","Membership Card","ReplayTheSpireMod:TigerMarble","HandDrill","Bag of Marbles","Snack Pack","infinitespire:Lucky Rock","Lantern"],"acts_visited":["Exordium","TheCity"],"potions_floor_usage":[21],"damage_taken":[{"damage":0,"enemies":"Small Slimes","floor":1,"turns":2},{"damage":2,"enemies":"Cultist","floor":3,"turns":3},{"damage":7,"enemies":"2 Louse","floor":5,"turns":3},{"damage":3,"enemies":"Gremlin Nob","floor":7,"turns":3},{"damage":1,"enemies":"Looter","floor":8,"turns":2},{"damage":9,"enemies":"Red Slaver","floor":10,"turns":2},{"damage":8,"enemies":"Gremlin Nob","floor":11,"turns":3},{"damage":3,"enemies":"Blue Slaver","floor":14,"turns":2},{"damage":14,"enemies":"The Guardian","floor":16,"turns":8},{"damage":35,"enemies":"Shell Parasite","floor":18,"turns":3},{"damage":11,"enemies":"Spheric Guardian","floor":19,"turns":3},{"damage":0,"enemies":"Cultist and Chosen","floor":21,"turns":5},{"damage":20,"enemies":"Gremlin Leader","floor":23,"turns":4},{"damage":24,"enemies":"Book of Stabbing","floor":25,"turns":4},{"damage":26,"enemies":"Nightmare","floor":29,"turns":4}],"seed_played":"61694655032644152","potions_obtained":[{"floor":5,"key":"Explosive Potion"},{"floor":7,"key":"LiquidBronze"},{"floor":21,"key":"Cursed Concoction"}],"is_trial":false,"path_per_floor":["M","?","M","?","M","R","E","M","T","M","?","?","$","M","R","B",null,"M","M","?","M","$","E","R","E","T","?","AVR","NM"],"character_chosen":"DEFECT","items_purchased":["Mummified Hand","Hello World+1","Counterbalance","hubris:EnhanceAbility","OrangePellets","Sweeping Beam","ReplayTheSpireMod:TigerMarble","Loop","HandDrill"],"campfire_rested":1,"item_purchase_floors":[0,0,0,0,13,13,22,22,22],"current_hp_per_floor":[68,68,66,66,63,63,64,67,67,62,58,58,58,55,55,45,65,34,27,27,31,31,15,36,16,16,16,16,0,0],"gold":130,"neow_bonus":"","is_daily":false,"chose_seed":false,"campfire_upgraded":2,"win_rate":0.0,"timestamp":1610154577,"path_taken":["M","?","?","?","M","R","E","M","T","M","?","?","?","M","R","BOSS","M","M","?","M","$","E","R","E","T","?","AVR","NM"],"items_purchased_type":["Relic","Card","Relic","Card","Relic","Card","Relic","Card","Relic"],"build_version":"2020-12-22","purchased_purges":0,"victory":false,"max_hp_per_floor":[71,71,71,71,71,71,71,71,71,71,71,71,71,71,71,71,71,71,71,71,71,71,71,71,71,71,71,71,71,71],"relic_stats":{"OrangePellets":[13],"counters":[35,126],"Mummified Hand":[49],"PreservedInsect":383,"HandDrill":[6],"obtain_stats":[{"Regal Pillow":29,"Lantern":28,"Vajra":6,"Sling":0,"Pet Ghost":7,"hubris:TerracottaHorce":17,"Replay:Ringing Soul":0,"Replay:Bandana":0,"Centennial Puzzle":25,"hubris:Backtick":17,"Mummified Hand":0,"MealTicket":26,"HandDrill":22,"Replay:Antivirus Software":7,"hubris:MobiusCoin":9,"Counterbalance":0,"PreservedInsect":14,"Ring of Chaos":34,"infinitespire:CheckeredPen":19,"infinitespire:Lucky Rock":26,"hubris:Towel":4,"OrangePellets":0,"DataDisk":9,"MutagenicStrength":21,"Orrery":25,"CultistMask":2,"ReplayTheSpireMod:TigerMarble":22,"Bag of Marbles":23,"Snack Pack":25,"Membership Card":17,"PureWater":0,"hubris:Potato":12,"Unceasing Top":24},{"Regal Pillow":13,"Lantern":34,"Vajra":4,"Sling":0,"Pet Ghost":4,"hubris:TerracottaHorce":8,"Replay:Ringing Soul":0,"Replay:Bandana":0,"Centennial Puzzle":11,"hubris:Backtick":29,"Mummified Hand":20,"MealTicket":11,"HandDrill":32,"Replay:Antivirus Software":24,"hubris:MobiusCoin":4,"Counterbalance":20,"PreservedInsect":7,"Ring of Chaos":15,"infinitespire:CheckeredPen":9,"infinitespire:Lucky Rock":34,"hubris:Towel":22,"OrangePellets":0,"DataDisk":25,"MutagenicStrength":10,"Orrery":11,"CultistMask":21,"ReplayTheSpireMod:TigerMarble":32,"Bag of Marbles":33,"Snack Pack":34,"Membership Card":29,"PureWater":0,"hubris:Potato":6,"Unceasing Top":11},{"Regal Pillow":53,"Lantern":122,"Vajra":16,"Sling":0,"Pet Ghost":16,"hubris:TerracottaHorce":37,"Replay:Ringing Soul":0,"Replay:Bandana":0,"Centennial Puzzle":49,"hubris:Backtick":103,"Mummified Hand":75,"MealTicket":49,"HandDrill":114,"Replay:Antivirus Software":86,"hubris:MobiusCoin":16,"Counterbalance":75,"PreservedInsect":27,"Ring of Chaos":60,"infinitespire:CheckeredPen":42,"infinitespire:Lucky Rock":122,"hubris:Towel":80,"OrangePellets":0,"DataDisk":88,"MutagenicStrength":45,"Orrery":49,"CultistMask":77,"ReplayTheSpireMod:TigerMarble":114,"Bag of Marbles":118,"Snack Pack":122,"Membership Card":103,"PureWater":0,"hubris:Potato":24,"Unceasing Top":49}]},"card_choices":[{"not_picked":["Sunder","Rip and Tear"],"picked":"Ball Lightning","floor":1},{"not_picked":["Hologram","Chaos"],"picked":"Storm","floor":3},{"not_picked":["Streamline","BasicCrystalCard"],"picked":"Hello World","floor":5},{"not_picked":["Hologram","Leap"],"picked":"Conserve Battery","floor":7},{"not_picked":["BasicCrystalCard","Rebound","ReplayTheSpireMod:Reroute Power"],"picked":"SKIP","floor":8},{"not_picked":["Go for the Eyes","ReplayGash"],"picked":"Coolheaded","floor":10},{"not_picked":["Rebound","Coolheaded"],"picked":"Barrage","floor":11},{"not_picked":["hubris:Ukulele","Beam Cell"],"picked":"Ball Lightning","floor":14},{"not_picked":["Seek","Mirror Shield"],"picked":"Machine Learning","floor":16},{"not_picked":["Undo","Go for the Eyes"],"picked":"Lockon+1","floor":18},{"not_picked":["Barrage","Genetic Algorithm"],"picked":"hubris:Ukulele","floor":19},{"not_picked":["Gash","Coolheaded"],"picked":"Conserve Battery","floor":21},{"not_picked":["Rebound","Beam Cell"],"picked":"Stack","floor":23},{"not_picked":["hubris:SpecializedCircuitry","Barrage"],"picked":"ReplaySolidLightProjector+1","floor":25}],"player_experience":1066669,"relics_obtained":[{"floor":7,"key":"Replay:Antivirus Software"},{"floor":9,"key":"DataDisk"},{"floor":11,"key":"PreservedInsect"},{"floor":23,"key":"Bag of Marbles"},{"floor":25,"key":"Snack Pack"},{"floor":26,"key":"infinitespire:Lucky Rock"}],"event_choices":[{"damage_healed":0,"gold_gain":0,"player_choice":"Trade","damage_taken":0,"relics_obtained":["CultistMask"],"max_hp_gain":0,"max_hp_loss":0,"event_name":"FaceTrader","floor":2,"gold_loss":0},{"damage_healed":0,"gold_gain":0,"player_choice":"Searched \u00271\u0027 times","damage_taken":0,"max_hp_gain":0,"max_hp_loss":0,"event_name":"Dead Adventurer","floor":11,"gold_loss":0},{"damage_healed":0,"gold_gain":50,"player_choice":"Stole From Cult","damage_taken":0,"max_hp_gain":0,"max_hp_loss":0,"event_name":"Nest","floor":20,"gold_loss":0}],"is_beta":false,"boss_relics":[{"not_picked":["FrozenCore","Coffee Dripper"],"picked":"hubris:Backtick"}],"items_purged_floors":[],"is_endless":false,"potions_floor_spawned":[5,7,14,19,21],"killed_by":"Nightmare","ascension_level":20}}