{"host":"1yemetsqamtkb9ct","time":1610185429,"event":{"mods":["AchievementEnabler","BaseMod","Colored Map","Custom Start","KOR Keyword Fix","Lobotomy","Minty Spire (QoL Compilation)","Quick Restart","Random Character Button","StSLib","SuperFastMode"],"gold_per_floor":[112,127,141,156,156,156,189,189,213,191,366,381,381,381,381,306,306,199,100,108,88,88,88,13,13,40,19,26,26,6,6],"floor_reached":30,"playtime":1044,"items_purged":["Strike_R"],"score":263,"play_id":"a3245c0c-efa2-4fd9-b7fa-2af1b2875d34","local_time":"20210109184349","is_ascension_mode":false,"campfire_choices":[{"data":"Bash","floor":6.0,"key":"SMITH"},{"data":"Defend_R","floor":13.0,"key":"SMITH"},{"floor":15.0,"key":"REST"},{"floor":23.0,"key":"REST"},{"data":"Strike_R","floor":25.0,"key":"SMITH"},{"data":"Defend_R","floor":29.0,"key":"SMITH"}],"circlet_count":0,"master_deck":["Strike_R","Strike_R+1","Strike_R","Defend_R+1","Defend_R+1","Defend_R","Defend_R","Bash+1","SingingMachine","GalaxyChild","MeatLantern","Freischutz","HereticApostle","UniverseFragment","Doubt","VoidDream","WhiteNight","DespairKnight","RedShoes","Mercenary","Alriune","VoidDream","Rudolta"],"relics":["Burning Blood","CogitoBucket","Lantern","Regal Pillow","LuminousBracelet","Philosopher\u0027s Stone","ResearcherNote","Happy Flower"],"acts_visited":["Exordium","TheCity"],"potions_floor_usage":[],"damage_taken":[{"damage":11.0,"enemies":"Jaw Worm","floor":1.0,"turns":2.0},{"damage":13.0,"enemies":"2 Louse","floor":2.0,"turns":3.0},{"damage":4.0,"enemies":"Small Slimes","floor":3.0,"turns":2.0},{"damage":9.0,"enemies":"Looter","floor":4.0,"turns":3.0},{"damage":14.0,"enemies":"Gremlin Gang","floor":5.0,"turns":5.0},{"damage":20.0,"enemies":"3 Sentries","floor":7.0,"turns":7.0},{"damage":7.0,"enemies":"3 Louse","floor":10.0,"turns":5.0},{"damage":4.0,"enemies":"Blue Slaver","floor":12.0,"turns":2.0},{"damage":0.0,"enemies":"Exordium Thugs","floor":14.0,"turns":1.0},{"damage":18.0,"enemies":"Slime Boss","floor":16.0,"turns":2.0},{"damage":1.0,"enemies":"3 Byrds","floor":18.0,"turns":4.0},{"damage":32.0,"enemies":"Shell Parasite","floor":19.0,"turns":6.0},{"damage":20.0,"enemies":"Snake Plant","floor":20.0,"turns":4.0},{"damage":56.0,"enemies":"Cultist and Chosen","floor":21.0,"turns":8.0},{"damage":22.0,"enemies":"Shelled Parasite and Fungi","floor":27.0,"turns":3.0},{"damage":8.0,"enemies":"Chosen and Byrds","floor":28.0,"turns":6.0},{"damage":58,"enemies":"Snake Plant","floor":30,"turns":7}],"seed_played":"-1987699250741396229","potions_obtained":[{"floor":2.0,"key":"Strength Potion"},{"floor":7.0,"key":"SkillPotion"},{"floor":10.0,"key":"SmokeBomb"},{"floor":19.0,"key":"PowerPotion"},{"floor":20.0,"key":"Block Potion"},{"floor":27.0,"key":"Swift Potion"}],"is_trial":false,"path_per_floor":["M","M","M","M","M","R","E","?","T","M","?","M","R","M","R","B",null,"M","M","M","M","?","R","$","R","T","M","M","R","M"],"character_chosen":"IRONCLAD","items_purchased":[],"campfire_rested":2,"item_purchase_floors":[],"current_hp_per_floor":[75,68,70,67,59,59,45,38,38,52,52,55,55,61,95,83,83,92,74,61,50,50,50,50,50,50,38,52,52,25,25],"gold":6,"neow_bonus":"","is_daily":false,"chose_seed":false,"campfire_upgraded":4,"win_rate":0.0,"timestamp":1610185429,"path_taken":["M","M","M","M","M","R","E","?","T","M","?","M","R","M","R","BOSS","M","M","M","M","?","R","$","R","T","M","M","R","M"],"items_purchased_type":[],"build_version":"2020-12-22","purchased_purges":1,"victory":false,"max_hp_per_floor":[80,80,80,80,80,80,80,80,80,95,95,95,95,95,95,95,95,95,95,95,95,95,95,95,95,95,95,95,95,95,95],"card_choices":[{"not_picked":["Wellcheers","MHz"],"picked":"SingingMachine","floor":1.0},{"not_picked":["Rupture","Perfected Strike","Warcry"],"picked":"SKIP","floor":1.0},{"not_picked":["Wellcheers","MeatLantern"],"picked":"GalaxyChild","floor":2.0},{"not_picked":["Havoc","True Grit","Armaments"],"picked":"SKIP","floor":2.0},{"not_picked":["Havoc","True Grit","Armaments"],"picked":"SKIP","floor":2.0},{"not_picked":["PunishingBird","BeautyBeast"],"picked":"MeatLantern","floor":3.0},{"not_picked":["True Grit","Exhume","Clash"],"picked":"SKIP","floor":3.0},{"not_picked":["Bloodbath","FairyFestival","WallGazer"],"picked":"Singing Bowl","floor":4.0},{"not_picked":["Woodsman","FairyFestival"],"picked":"Freischutz","floor":4.0},{"not_picked":["Cleave","Clothesline","Headbutt"],"picked":"SKIP","floor":4.0},{"not_picked":["CrumblingArmor","WallGazer","LittleHelper"],"picked":"Singing Bowl","floor":5.0},{"not_picked":["VoidDream","CrumblingArmor"],"picked":"OSAHOGD","floor":5.0},{"not_picked":["Headbutt","Rupture","Heavy Blade"],"picked":"SKIP","floor":5.0},{"not_picked":["HeroicMonk","CherryBlossoms","Scarecrow"],"picked":"Singing Bowl","floor":7.0},{"not_picked":["ShyLook","HeroicMonk"],"picked":"UniverseFragment","floor":7.0},{"not_picked":["Dark Embrace","Flame Barrier","Shockwave"],"picked":"SKIP","floor":7.0},{"not_picked":["Dark Embrace","Flame Barrier","Shockwave"],"picked":"SKIP","floor":7.0},{"not_picked":["VoidDream","CrumblingArmor","SpiderBud"],"picked":"Singing Bowl","floor":10.0},{"not_picked":["Headbutt","Disarm","Second Wind"],"picked":"SKIP","floor":10.0},{"not_picked":["BeautyBeast","PunishingBird"],"picked":"VoidDream","floor":12.0},{"not_picked":["Hemokinesis","Sever Soul","Pommel Strike"],"picked":"SKIP","floor":12.0},{"not_picked":["Murderer","FairyFestival"],"picked":"WhiteNight","floor":16.0},{"not_picked":["SpiderBud","WallGazer"],"picked":"DespairKnight","floor":18.0},{"not_picked":["Havoc+1","Warcry","Carnage"],"picked":"SKIP","floor":18.0},{"not_picked":["BigBird","Bloodbath"],"picked":"RedShoes","floor":19.0},{"not_picked":["Thunderclap","True Grit","Hemokinesis"],"picked":"SKIP","floor":19.0},{"not_picked":["PunishingBird","Yin","Bloodbath"],"picked":"Singing Bowl","floor":20.0},{"not_picked":["Yin","WallGazer"],"picked":"Mercenary","floor":20.0},{"not_picked":["Evolve","Whirlwind","Metallicize"],"picked":"SKIP","floor":20.0},{"not_picked":["Evolve","Whirlwind","Metallicize"],"picked":"SKIP","floor":20.0},{"not_picked":["OSAHOGD","LittleHelper","BeautyBeast"],"picked":"Singing Bowl","floor":21.0},{"not_picked":["Bloodbath","SnowQueen"],"picked":"Alriune","floor":21.0},{"not_picked":["Searing Blow","Armaments","Body Slam"],"picked":"SKIP","floor":21.0},{"not_picked":["BigBadWolf","OldLady","Porccubus"],"picked":"Singing Bowl","floor":27.0},{"not_picked":["Warcry+1","Shockwave","Blood for Blood"],"picked":"SKIP","floor":27.0},{"not_picked":["Warcry+1","Shockwave","Blood for Blood"],"picked":"SKIP","floor":27.0},{"not_picked":["SnowQueen","WhitesApple"],"picked":"Rudolta","floor":28.0},{"not_picked":["Iron Wave+1","Wild Strike","Fire Breathing"],"picked":"SKIP","floor":28.0}],"player_experience":600457,"relics_obtained":[{"floor":7.0,"key":"Lantern"},{"floor":9.0,"key":"Regal Pillow"},{"floor":26.0,"key":"Happy Flower"}],"event_choices":[{"cards_removed":["Strike_R"],"damage_healed":0.0,"max_hp_gain":0.0,"max_hp_loss":0.0,"gold_gain":0.0,"event_name":"Golden Wing","player_choice":"Card Removal","floor":8.0,"gold_loss":0.0,"damage_taken":7.0},{"damage_healed":0.0,"max_hp_gain":0.0,"max_hp_loss":0.0,"gold_gain":175.0,"event_name":"Liars Game","player_choice":"AGREE","floor":11.0,"gold_loss":0.0,"damage_taken":0.0,"cards_obtained":["Doubt"]},{"damage_healed":0.0,"max_hp_gain":0.0,"max_hp_loss":0.0,"gold_gain":0.0,"event_name":"Duplicator","player_choice":"Copied","floor":22.0,"gold_loss":0.0,"damage_taken":0.0,"cards_obtained":["VoidDream"]}],"is_beta":false,"boss_relics":[{"not_picked":["Tiny House","Ectoplasm"],"picked":"Philosopher\u0027s Stone"}],"items_purged_floors":[24],"is_endless":false,"potions_floor_spawned":[2,4,7,10,19,20,27],"killed_by":"Snake Plant","ascension_level":0}}