{"host":"sav7uxregyirlf69","time":1610204931,"event":{"mods":["AchievementEnabler","BaseMod","Colored Map","DeckTracker","Keyboard Shortcuts","Minty Spire (QoL Compilation)","READ ME - Guardian Mod","StSLib","SuperFastMode"],"gold_per_floor":[119,129,129,54,54,81,95,139,208,208,252,264,291,316,328,435,447,475,500,512,512],"floor_reached":20,"playtime":535,"items_purged":["Strike_G"],"score":368,"play_id":"e0c53b43-75d6-4b42-a90c-3c47b3abf851","local_time":"20210110000851","is_ascension_mode":true,"campfire_choices":[{"data":"Choke","floor":10.0,"key":"SMITH"},{"data":"Malaise","floor":15.0,"key":"SMITH"}],"circlet_count":0,"master_deck":["AscendersBane","Defend_G","Defend_G","Defend_G","Survivor","Neutralize","Choke+1","Deadly Poison","Calculated Gamble","Cloak And Dagger","Leg Sweep","Skewer","Malaise+1","After Image","Dagger Throw+1","Concentrate+1","Flying Knee+1","Footwork","Dodge and Roll+1"],"relics":["Ring of the Snake","FaceOfCleric","Golden Idol","Akabeko","StrikeDummy","MawBank","Astrolabe"],"acts_visited":["Exordium","TheCity"],"potions_floor_usage":[20],"damage_taken":[{"damage":4.0,"enemies":"Small Slimes","floor":1.0,"turns":3.0},{"damage":1.0,"enemies":"Cultist","floor":2.0,"turns":4.0},{"damage":0.0,"enemies":"Jaw Worm","floor":7.0,"turns":3.0},{"damage":24.0,"enemies":"3 Sentries","floor":8.0,"turns":9.0},{"damage":8.0,"enemies":"Gremlin Nob","floor":11.0,"turns":3.0},{"damage":0.0,"enemies":"2 Fungi Beasts","floor":13.0,"turns":2.0},{"damage":3.0,"enemies":"3 Louse","floor":14.0,"turns":3.0},{"damage":13.0,"enemies":"Hexaghost","floor":16.0,"turns":14.0},{"damage":24.0,"enemies":"3 Byrds","floor":18.0,"turns":8.0},{"damage":11.0,"enemies":"2 Thieves","floor":19.0,"turns":5.0},{"damage":21,"enemies":"Cultist and Chosen","floor":20,"turns":11}],"seed_played":"-6673331560445823046","potions_obtained":[{"floor":1.0,"key":"SmokeBomb"},{"floor":7.0,"key":"PowerPotion"},{"floor":8.0,"key":"Block Potion"},{"floor":11.0,"key":"Fire Potion"},{"floor":19.0,"key":"SkillPotion"}],"is_trial":false,"path_per_floor":["M","M","?","$","?","T","M","E","T","R","E","?","M","M","R","B",null,"M","M","M"],"character_chosen":"THE_SILENT","items_purchased":[],"campfire_rested":0,"item_purchase_floors":[],"current_hp_per_floor":[55,54,54,54,54,54,55,32,32,32,25,25,26,24,24,12,48,25,15,0,0],"gold":512,"neow_bonus":"TRANSFORM_TWO_CARDS","is_daily":false,"chose_seed":false,"campfire_upgraded":2,"win_rate":0.0,"timestamp":1610204931,"path_taken":["M","M","?","$","?","?","M","E","T","R","E","?","M","M","R","BOSS","M","M","M"],"items_purchased_type":[],"build_version":"2020-12-22","purchased_purges":1,"victory":false,"max_hp_per_floor":[60,60,60,60,54,54,55,56,56,56,57,57,58,59,59,60,60,61,62,62,62],"card_choices":[{"not_picked":["Skewer","Slice"],"picked":"Calculated Gamble","floor":1.0},{"not_picked":["Sucker Punch","Underhanded Strike","Bane"],"picked":"SKIP","floor":2.0},{"not_picked":["Backflip","Sucker Punch"],"picked":"Cloak And Dagger","floor":7.0},{"not_picked":["Burst","Bane","Acrobatics"],"picked":"SKIP","floor":8.0},{"not_picked":["Concentrate","Deflect"],"picked":"Leg Sweep","floor":11.0},{"not_picked":["Dagger Throw","Backflip","Bane"],"picked":"SKIP","floor":13.0},{"not_picked":["Choke","Bouncing Flask"],"picked":"Malaise","floor":14.0},{"not_picked":["Wraith Form v2","Tools of the Trade"],"picked":"After Image","floor":16.0},{"not_picked":["Quick Slash","Bane"],"picked":"Footwork","floor":18.0},{"not_picked":["Cloak And Dagger","Dagger Spray"],"picked":"Dodge and Roll+1","floor":19.0}],"player_experience":1218173,"relics_obtained":[{"floor":6.0,"key":"Akabeko"},{"floor":8.0,"key":"StrikeDummy"},{"floor":11.0,"key":"MawBank"}],"event_choices":[{"damage_healed":0.0,"max_hp_gain":0.0,"max_hp_loss":0.0,"gold_gain":0.0,"event_name":"FaceTrader","player_choice":"Trade","floor":3.0,"gold_loss":0.0,"damage_taken":0.0,"relics_obtained":["FaceOfCleric"]},{"damage_healed":0.0,"max_hp_gain":0.0,"max_hp_loss":6.0,"gold_gain":0.0,"event_name":"Golden Idol","player_choice":"Lose Max HP","floor":5.0,"gold_loss":0.0,"damage_taken":0.0,"relics_obtained":["Golden Idol"]},{"damage_healed":0.0,"max_hp_gain":0.0,"max_hp_loss":0.0,"gold_gain":0.0,"cards_transformed":["Strike_G"],"event_name":"Living Wall","player_choice":"Change","floor":12.0,"gold_loss":0.0,"damage_taken":0.0,"cards_obtained":["Skewer"]}],"is_beta":false,"boss_relics":[{"not_picked":["Tiny House","HoveringKite"],"picked":"Astrolabe"}],"items_purged_floors":[4],"is_endless":false,"potions_floor_spawned":[1,7,8,11,14,19],"killed_by":"Cultist and Chosen","ascension_level":20}}