{"host":"q4axc00jr2bozlh9","time":1610196761,"event":{"mods":["AchievementEnabler","BaseMod","Bestiary","Colored Map","Colored Powertips","Curses Come First","Minty Spire (QoL Compilation)","Relic Stats","StSLib","SuperFastMode","UnlockEverythingMod"],"gold_per_floor":[112,123,134,59,134,134,160,189,189,4,24,38,49,49,49,152,152,164,183,183,195,209,209,225,225,225,225,73,73,91,51,51,150,150,165,165,165,165,165],"floor_reached":38,"playtime":1705,"items_purged":["Strike_R","Strike_R"],"score":376,"play_id":"ecd263be-7326-4f59-8e56-6d0017a03eea","local_time":"20210109135241","is_ascension_mode":false,"campfire_choices":[{"data":"The Bomb","floor":6,"key":"SMITH"},{"floor":15,"key":"REST"},{"data":"Metallicize","floor":23,"key":"SMITH"},{"data":"Flame Barrier","floor":25,"key":"SMITH"},{"floor":27,"key":"REST"},{"floor":29,"key":"REST"},{"data":"Infernal Blade","floor":32,"key":"SMITH"}],"circlet_count":0,"master_deck":["Bash","The Bomb+1","Infernal Blade+1","Clothesline","Disarm","Flex","Iron Wave","Jack Of All Trades+1","Metallicize+1","Dual Wield+1","Impervious","Whirlwind","Sword Boomerang","Immolate","Iron Wave","Flex","Brutality","Entrench","Flame Barrier+1","Exhume","Exhume","Madness","Madness"],"relics":["Burning Blood","Blue Candle","Odd Mushroom","Pear","Pandora\u0027s Box","ClockworkSouvenir","SlaversCollar"],"acts_visited":["Exordium","TheCity","TheBeyond"],"potions_floor_usage":[16,16,16,33,33],"damage_taken":[{"damage":1,"enemies":"Cultist","floor":1,"turns":4},{"damage":3,"enemies":"2 Louse","floor":2,"turns":2},{"damage":7,"enemies":"Small Slimes","floor":3,"turns":4},{"damage":21,"enemies":"Gremlin Nob","floor":7,"turns":4},{"damage":17,"enemies":"The Mushroom Lair","floor":8,"turns":3},{"damage":8,"enemies":"Gremlin Gang","floor":11,"turns":6},{"damage":12,"enemies":"2 Fungi Beasts","floor":12,"turns":3},{"damage":13,"enemies":"Lots of Slimes","floor":13,"turns":6},{"damage":22,"enemies":"Hexaghost","floor":16,"turns":8},{"damage":27,"enemies":"3 Byrds","floor":18,"turns":5},{"damage":7,"enemies":"Spheric Guardian","floor":19,"turns":3},{"damage":0,"enemies":"Snecko","floor":21,"turns":5},{"damage":17,"enemies":"Centurion and Healer","floor":22,"turns":3},{"damage":41,"enemies":"Cultist and Chosen","floor":24,"turns":5},{"damage":13,"enemies":"Snecko","floor":30,"turns":5},{"damage":35,"enemies":"Champ","floor":33,"turns":13},{"damage":41,"enemies":"Orb Walker","floor":35,"turns":7},{"damage":37,"enemies":"3 Darklings","floor":38,"turns":4}],"seed_played":"-8455038518602175423","potions_obtained":[{"floor":1,"key":"AttackPotion"},{"floor":12,"key":"Fire Potion"},{"floor":13,"key":"Fire Potion"},{"floor":18,"key":"Dexterity Potion"},{"floor":19,"key":"Fire Potion"},{"floor":24,"key":"ColorlessPotion"},{"floor":33,"key":"Swift Potion"}],"is_trial":false,"path_per_floor":["M","M","M","$","?","R","E","?","T","$","M","M","M","?","R","B",null,"M","M","?","M","M","R","M","R","T","R","$","R","M","?","R","B",null,"M","?","?","M"],"character_chosen":"IRONCLAD","items_purchased":["Jack Of All Trades","ClockworkSouvenir"],"campfire_rested":3,"item_purchase_floors":[10,28],"current_hp_per_floor":[72,72,71,71,60,60,45,34,44,44,42,36,29,29,53,37,82,61,60,60,66,55,55,20,20,20,44,44,68,61,61,61,32,82,47,37,37,0,0],"gold":165,"neow_bonus":"RANDOM_COLORLESS_2","is_daily":false,"chose_seed":false,"campfire_upgraded":4,"win_rate":0.0,"timestamp":1610196761,"path_taken":["M","?","?","$","?","R","E","?","T","$","M","M","M","?","R","BOSS","M","?","?","M","?","R","M","R","T","R","$","R","M","?","R","BOSS","M","?","?","?"],"items_purchased_type":["Card","Relic"],"build_version":"2020-12-22","purchased_purges":2,"victory":false,"max_hp_per_floor":[72,72,72,72,72,72,72,72,82,82,82,82,82,82,82,82,82,82,82,82,82,82,82,82,82,82,82,82,82,82,82,82,82,82,82,82,82,82,82],"relic_stats":{"counters":[18,90],"Blue Candle":[0],"Pandora\u0027s Box":["Whirlwind","Sword Boomerang","Immolate","Iron Wave","Flex","Brutality","Entrench"],"obtain_stats":[{"SlaversCollar":34,"Pear":9,"Blue Candle":7,"Pandora\u0027s Box":17,"Odd Mushroom":8,"Burning Blood":0,"ClockworkSouvenir":28},{"SlaversCollar":16,"Pear":5,"Blue Candle":4,"Pandora\u0027s Box":9,"Odd Mushroom":5,"Burning Blood":0,"ClockworkSouvenir":14},{"SlaversCollar":79,"Pear":17,"Blue Candle":14,"Pandora\u0027s Box":40,"Odd Mushroom":17,"Burning Blood":0,"ClockworkSouvenir":61}],"Burning Blood":94},"card_choices":[{"not_picked":["HandOfGreed","Sadistic Nature"],"picked":"The Bomb","floor":0},{"not_picked":["Clash","Pommel Strike"],"picked":"Infernal Blade","floor":1},{"not_picked":["Twin Strike","Clash"],"picked":"Clothesline","floor":2},{"not_picked":["Perfected Strike","Body Slam"],"picked":"Disarm","floor":3},{"not_picked":["Second Wind","Warcry"],"picked":"Flex","floor":7},{"not_picked":["Twin Strike","Uppercut"],"picked":"Iron Wave","floor":8},{"not_picked":["Exhume","Blood for Blood"],"picked":"Metallicize","floor":11},{"not_picked":["Clash","Uppercut","Flex"],"picked":"SKIP","floor":12},{"not_picked":["Second Wind","Flex"],"picked":"Dual Wield","floor":13},{"not_picked":["Immolate","Double Tap"],"picked":"Impervious","floor":16},{"not_picked":["Wild Strike","Twin Strike","Clothesline+1"],"picked":"SKIP","floor":18},{"not_picked":["Shockwave+1","Body Slam+1","Cleave+1"],"picked":"SKIP","floor":19},{"not_picked":["Blood for Blood","Warcry","Wild Strike+1"],"picked":"SKIP","floor":21},{"not_picked":["Heavy Blade","Sword Boomerang","Sentinel+1"],"picked":"SKIP","floor":22},{"not_picked":["Twin Strike","Perfected Strike"],"picked":"Flame Barrier","floor":24},{"not_picked":["Sword Boomerang","Heavy Blade"],"picked":"Exhume","floor":30},{"not_picked":["Juggernaut","Brutality"],"picked":"Exhume","floor":33},{"not_picked":["Thunderclap+1","Evolve+1","Combust+1"],"picked":"SKIP","floor":35}],"player_experience":211332,"relics_obtained":[{"floor":7,"key":"Blue Candle"},{"floor":8,"key":"Odd Mushroom"},{"floor":9,"key":"Pear"}],"event_choices":[{"damage_healed":0,"gold_gain":75,"player_choice":"Gather Gold","damage_taken":11,"max_hp_gain":0,"max_hp_loss":0,"event_name":"World of Goop","floor":5,"gold_loss":0},{"damage_healed":0,"gold_gain":0,"player_choice":"Fought Mushrooms","damage_taken":0,"max_hp_gain":0,"max_hp_loss":0,"event_name":"Mushrooms","floor":8,"gold_loss":0},{"damage_healed":0,"gold_gain":0,"player_choice":"0 cards matched","damage_taken":0,"max_hp_gain":0,"max_hp_loss":0,"event_name":"Match and Keep!","floor":14,"gold_loss":0,"cards_obtained":[]},{"damage_healed":0,"gold_gain":0,"player_choice":"Forge","damage_taken":0,"max_hp_gain":0,"max_hp_loss":0,"event_name":"Accursed Blacksmith","floor":20,"gold_loss":0,"cards_upgraded":["Jack Of All Trades"]},{"damage_healed":0,"gold_gain":0,"player_choice":"Upgrade","damage_taken":0,"max_hp_gain":0,"max_hp_loss":0,"event_name":"Designer","floor":31,"gold_loss":40,"cards_upgraded":["Dual Wield"]},{"damage_healed":0,"gold_gain":0,"player_choice":"Embrace Madness","damage_taken":10,"max_hp_gain":0,"max_hp_loss":0,"event_name":"Winding Halls","floor":36,"gold_loss":0,"cards_obtained":["Madness","Madness"]},{"damage_healed":0,"gold_gain":0,"player_choice":"Ignored","damage_taken":0,"max_hp_gain":0,"max_hp_loss":0,"event_name":"NoteForYourself","floor":37,"gold_loss":0}],"is_beta":false,"boss_relics":[{"not_picked":["Sozu","Fusion Hammer"],"picked":"Pandora\u0027s Box"},{"not_picked":["Black Star","Tiny House"],"picked":"SlaversCollar"}],"items_purged_floors":[4,10],"is_endless":false,"potions_floor_spawned":[1,12,13,18,19,24,33],"killed_by":"3 Darklings","ascension_level":0}}