{"host":"l84l8xigz5v5foa2","time":1610185670,"event":{"mods":["2.2 Compatiblity","AchievementEnabler","BaseMod","Better Note","Better Vampires","Card Filter","Colored Map","DeckTracker","Downfall","Gremlin Skip","Highlight Path","Keyboard Shortcuts","Minty Spire (QoL Compilation)","Permanent Neow","Quick Restart","Relic Filter","Relic Stats","StSLib","SuperFastMode","Transform Curses","Unknown Chances"],"gold_per_floor":[99,149,166,51,126,126,126,126,157,157,41,66,66,98,117,194,194,119,136,21,121,121,46,126,146,180,1,27,27,59,71,91,164,164,164,175,195,295,315,315,315,366,397,150,163,60,85,115,130,130],"floor_reached":51,"playtime":4510,"items_purged":["Zap","Strike_B","Strike_B","Defend_B"],"score":1854,"play_id":"0da31bf5-1be0-4221-bb8d-d37db8fbe388","local_time":"20210109184750","is_ascension_mode":true,"campfire_choices":[{"data":"Discovery","floor":1.0,"key":"SMITH"},{"data":"Coolheaded","floor":6.0,"key":"SMITH"},{"data":"Beam Cell","floor":10.0,"key":"SMITH"},{"floor":13.0,"key":"REST"},{"floor":18.0,"key":"RECALL"},{"floor":23.0,"key":"REST"},{"floor":29.0,"key":"REST"},{"floor":35.0,"key":"REST"}],"circlet_count":0,"master_deck":["AscendersBane","Defend_B","Defend_B","Defend_B","Dualcast","Discovery+1","Stack","Coolheaded+1","Cold Snap","Seek+1","Beam Cell+1","Stack+1","Skim+1","Gash","All For One","Gash","Chill+1","Seek+1","Steam+1","White Noise+1","Beam Cell","Echo Form","Leap+1","Gash","Creative AI","Capacitor+1","Undo+1","Rebound","Coolheaded+1","Coolheaded+1","Core Surge","Glacier+1","Aggregate+1","Aggregate+1","Conserve Battery+1","Skim+1","expansioncontent:QuickStudy+1","Coolheaded+1","Turbo+1","Stack+1","Stack+1","Steam+1"],"relics":["FrozenCore","Toxic Egg 2","Bronze Scales","Akabeko","Turnip","Ancient Tea Set","Fusion Hammer","downfall:HeartBlessingGreen","MutagenicStrength","downfall:HeartBlessingRed","Bottled Tornado","Cables","Potion Belt","Meat on the Bone","Smiling Mask","Toy Ornithopter","White Beast Statue","Unceasing Top","PreservedInsect","Calipers","MealTicket"],"acts_visited":["Exordium","TheCity","TheBeyond"],"potions_floor_usage":[39,42,43,45,48],"damage_taken":[{"damage":3.0,"enemies":"2 Louse","floor":3.0,"turns":2.0},{"damage":0.0,"enemies":"downfall:FleeingMerchant","floor":4.0,"turns":4.0},{"damage":37.0,"enemies":"Gremlin Nob","floor":9.0,"turns":5.0},{"damage":0.0,"enemies":"downfall:FleeingMerchant","floor":11.0,"turns":4.0},{"damage":9.0,"enemies":"Lagavulin","floor":12.0,"turns":9.0},{"damage":6.0,"enemies":"3 Sentries","floor":14.0,"turns":10.0},{"damage":0.0,"enemies":"Cultist","floor":15.0,"turns":2.0},{"damage":28.0,"enemies":"downfall:Silent","floor":16.0,"turns":8.0},{"damage":0.0,"enemies":"Spheric Guardian","floor":19.0,"turns":3.0},{"damage":6.0,"enemies":"downfall:FleeingMerchant","floor":20.0,"turns":4.0},{"damage":6.0,"enemies":"downfall:Augmenter","floor":21.0,"turns":4.0},{"damage":2.0,"enemies":"Snake Plant","floor":25.0,"turns":2.0},{"damage":0.0,"enemies":"Book of Stabbing","floor":26.0,"turns":3.0},{"damage":4.0,"enemies":"downfall:FleeingMerchant","floor":27.0,"turns":3.0},{"damage":14.0,"enemies":"Slavers","floor":28.0,"turns":5.0},{"damage":17.0,"enemies":"Gremlin Leader","floor":30.0,"turns":6.0},{"damage":0.0,"enemies":"3 Cultists","floor":31.0,"turns":5.0},{"damage":0.0,"enemies":"Chosen and Byrds","floor":32.0,"turns":4.0},{"damage":7.0,"enemies":"downfall:Ironclad","floor":33.0,"turns":8.0},{"damage":0.0,"enemies":"Orb Walker","floor":36.0,"turns":3.0},{"damage":0,"enemies":"3 Darklings","floor":37,"turns":3},{"damage":0,"enemies":"downfall:LadyInBlue","floor":38,"turns":7},{"damage":0,"enemies":"4 Shapes","floor":39,"turns":5},{"damage":18,"enemies":"2 Orb Walkers","floor":42,"turns":5},{"damage":0,"enemies":"Nemesis","floor":43,"turns":11},{"damage":0,"enemies":"Jaw Worm Horde","floor":45,"turns":5},{"damage":0,"enemies":"Mind Bloom Boss Battle","floor":47,"turns":4},{"damage":0,"enemies":"Reptomancer","floor":48,"turns":2},{"damage":0,"enemies":"3 Darklings","floor":49,"turns":7},{"damage":0,"enemies":"downfall:Defect","floor":50,"turns":7}],"seed_played":"-7593977181001900685","potions_obtained":[{"floor":12.0,"key":"SteroidPotion"},{"floor":15.0,"key":"BlessingOfTheForge"},{"floor":16.0,"key":"Fire Potion"},{"floor":21.0,"key":"DuplicationPotion"},{"floor":26.0,"key":"FearPotion"},{"floor":28.0,"key":"Regen Potion"},{"floor":31.0,"key":"PowerPotion"},{"floor":32.0,"key":"Slimebound:ThreeZeroPotion"},{"floor":33.0,"key":"SpeedPotion"},{"floor":39,"key":"BlessingOfTheForge"},{"floor":42,"key":"SteroidPotion"},{"floor":43,"key":"Dexterity Potion"},{"floor":45,"key":"Fire Potion"},{"floor":48,"key":"PotionOfCapacity"}],"is_trial":false,"path_per_floor":["R","?","M","$","T","R","T","?","E","R","$","E","R","E","M","B",null,"R","M","$","?","?","R","T","M","E","$","E","R","E","M","M","B",null,"R","M","M","?","M","?","T","?","E","$","M","$","?","E","M","B",null],"character_chosen":"DEFECT","items_purchased":["Cold Snap","Skim+1","Gash","Potion Belt","Meat on the Bone","Undo+1","expansioncontent:QuickStudy+1","Turbo+1"],"campfire_rested":4,"item_purchase_floors":[4,11,11,27,27,27,44,46],"current_hp_per_floor":[64,64,61,61,61,61,61,61,24,24,24,15,36,30,30,2,54,54,54,48,42,42,63,63,61,61,57,43,64,47,47,47,40,63,71,71,71,71,71,71,71,53,58,58,63,63,63,68,68,68],"gold":130,"neow_bonus":"RANDOM_COLORLESS","is_daily":false,"chose_seed":false,"campfire_upgraded":3,"win_rate":0.0,"timestamp":1610185670,"path_taken":["R","?","M","?","?","R","T","?","E","R","$","E","R","E","M","BOSS","R","M","?","?","?","R","T","M","E","$","E","R","E","M","M","BOSS","R","M","M","?","?","?","T","?","E","$","M","$","?","E","M","BOSS"],"items_purchased_type":["Card","Card","Card","Relic","Relic","Card","Card","Card"],"build_version":"2020-12-22","purchased_purges":4,"victory":true,"max_hp_per_floor":[71,71,71,71,71,71,71,71,71,71,71,71,71,71,71,71,71,71,71,71,71,71,71,71,71,71,71,71,71,71,71,71,71,71,71,71,71,71,71,71,71,71,71,71,71,71,71,71,71,71],"relic_stats":{"counters":[30,150],"Bronze Scales":[339],"MealTicket":0,"Turnip":[5],"PreservedInsect":60,"Smiling Mask":175,"obtain_stats":[{"Potion Belt":27,"Calipers":47,"downfall:HeartBlessingRed":23,"downfall:HeartBlessingGreen":18,"PreservedInsect":43,"Bottled Tornado":24,"Ancient Tea Set":14,"Smiling Mask":28,"Akabeko":9,"White Beast Statue":38,"Cables":26,"FrozenCore":34,"Bronze Scales":7,"MutagenicStrength":21,"MealTicket":48,"Turnip":12,"Fusion Hammer":17,"Toxic Egg 2":5,"Cracked Core":0,"Toy Ornithopter":30,"Unceasing Top":42,"Meat on the Bone":27},{"Potion Belt":14,"Calipers":27,"downfall:HeartBlessingRed":11,"downfall:HeartBlessingGreen":8,"PreservedInsect":25,"Bottled Tornado":11,"Ancient Tea Set":6,"Smiling Mask":15,"Akabeko":3,"White Beast Statue":22,"Cables":13,"FrozenCore":19,"Bronze Scales":2,"MutagenicStrength":11,"MealTicket":28,"Turnip":5,"Fusion Hammer":8,"Toxic Egg 2":2,"Cracked Core":0,"Toy Ornithopter":16,"Unceasing Top":24,"Meat on the Bone":14},{"Potion Belt":63,"Calipers":134,"downfall:HeartBlessingRed":55,"downfall:HeartBlessingGreen":44,"PreservedInsect":125,"Bottled Tornado":55,"Ancient Tea Set":34,"Smiling Mask":68,"Akabeko":11,"White Beast Statue":104,"Cables":60,"FrozenCore":91,"Bronze Scales":6,"MutagenicStrength":55,"MealTicket":136,"Turnip":24,"Fusion Hammer":44,"Toxic Egg 2":6,"Cracked Core":0,"Toy Ornithopter":74,"Unceasing Top":114,"Meat on the Bone":63}],"Toy Ornithopter":15,"Unceasing Top":[4],"FrozenCore":[19],"Cables":[73,13,60,0,0],"Meat on the Bone":0},"card_choices":[{"not_picked":["Swift Strike","expansioncontent:Hexaburn"],"picked":"Discovery","floor":0.0},{"not_picked":["Compile Driver","Auto Shields"],"picked":"Stack","floor":3.0},{"not_picked":["Sweeping Beam","Gash"],"picked":"Coolheaded","floor":4.0},{"not_picked":["Streamline","Heatsinks"],"picked":"Beam Cell","floor":9.0},{"not_picked":["Rip and Tear","Streamline"],"picked":"Stack+1","floor":11.0},{"not_picked":["Capacitor","Undo+1"],"picked":"All For One","floor":12.0},{"not_picked":["Conserve Battery+1","Skim+1"],"picked":"Gash","floor":14.0},{"not_picked":["Chaos+1","Streamline"],"picked":"Chill+1","floor":15.0},{"not_picked":["Hyperbeam","Multi-Cast+1"],"picked":"Seek+1","floor":16.0},{"not_picked":["Loop","Blizzard"],"picked":"Steam+1","floor":19.0},{"not_picked":["Sweeping Beam","Compile Driver"],"picked":"White Noise+1","floor":20.0},{"not_picked":["Chill+1","Redo+1"],"picked":"Leap+1","floor":21.0},{"not_picked":["Go for the Eyes","Steam+1"],"picked":"Gash","floor":25.0},{"not_picked":["Loop","Compile Driver"],"picked":"Creative AI","floor":26.0},{"not_picked":["Defragment","Go for the Eyes"],"picked":"Capacitor+1","floor":27.0},{"not_picked":["Force Field+1","Leap+1"],"picked":"Rebound","floor":28.0},{"not_picked":["Barrage","Static Discharge","Sweeping Beam"],"picked":"SKIP","floor":30.0},{"not_picked":["Sweeping Beam","Creative AI"],"picked":"Coolheaded+1","floor":31.0},{"not_picked":["Ball Lightning","Sweeping Beam"],"picked":"Coolheaded+1","floor":32.0},{"not_picked":["Electrodynamics","Hyperbeam"],"picked":"Core Surge","floor":33.0},{"not_picked":["Cold Snap","Static Discharge+1","Compile Driver"],"picked":"SKIP","floor":36.0},{"not_picked":["Redo+1","Melter+1"],"picked":"Glacier+1","floor":37},{"not_picked":["Gash+1","Compile Driver"],"picked":"Aggregate+1","floor":38},{"not_picked":["Cold Snap","Sunder"],"picked":"Aggregate+1","floor":39},{"not_picked":["Rebound","FTL"],"picked":"Conserve Battery+1","floor":42},{"not_picked":["Undo+1","Auto Shields+1"],"picked":"Skim+1","floor":43},{"not_picked":["Reboot+1","Gash"],"picked":"Coolheaded+1","floor":45},{"not_picked":["Go for the Eyes","Redo+1"],"picked":"Stack+1","floor":47},{"not_picked":["Capacitor","Barrage+1"],"picked":"Stack+1","floor":48},{"not_picked":["Heatsinks","Rainbow+1"],"picked":"Steam+1","floor":49}],"player_experience":3021364,"relics_obtained":[{"floor":5.0,"key":"Toxic Egg 2"},{"floor":7.0,"key":"Bronze Scales"},{"floor":9.0,"key":"Akabeko"},{"floor":12.0,"key":"Turnip"},{"floor":14.0,"key":"Ancient Tea Set"},{"floor":21.0,"key":"MutagenicStrength"},{"floor":24.0,"key":"Bottled Tornado"},{"floor":26.0,"key":"Cables"},{"floor":28.0,"key":"Smiling Mask"},{"floor":30.0,"key":"Toy Ornithopter"},{"floor":38,"key":"White Beast Statue"},{"floor":42,"key":"Unceasing Top"},{"floor":43,"key":"PreservedInsect"},{"floor":47,"key":"Calipers"},{"floor":48,"key":"MealTicket"}],"event_choices":[{"damage_healed":0,"gold_gain":0,"player_choice":"Fight","damage_taken":0,"max_hp_gain":0,"max_hp_loss":0,"event_name":"Mysterious Sphere","floor":42,"gold_loss":0}],"is_beta":false,"boss_relics":[{"not_picked":["Inserter","SacredBark"],"picked":"Fusion Hammer"},{"not_picked":["Busted Crown","Nuclear Battery"],"picked":"FrozenCore"}],"items_purged_floors":[4,20,44,46],"is_endless":false,"potions_floor_spawned":[12,15,16,21,26,28,31,32,33,38,39,42,43,45,47,48,49],"ascension_level":20}}