{"host":"m77rrhbqzv44va4v","time":1610229781,"event":{"mods":["AchievementEnabler","BaseMod","Colored Map","DeckTracker","Keyboard Shortcuts","Minty Spire (QoL Compilation)","StSLib","SuperFastMode","everything is the same but u backflip on backflip"],"gold_per_floor":[366,366,51,51,71,71,90,123,123,123,198,210,229,8,8,87,87,87,87],"floor_reached":18,"playtime":368,"items_purged":["Defend_G"],"score":320,"play_id":"1a0cf664-64d2-4091-a4d0-7df8696444b2","local_time":"20210110070301","is_ascension_mode":true,"campfire_choices":[{"data":"Poisoned Stab","floor":6,"key":"SMITH"},{"floor":10,"key":"REST"},{"data":"Acrobatics","floor":15,"key":"SMITH"}],"circlet_count":0,"master_deck":["AscendersBane","Strike_G","Strike_G","Defend_G","Defend_G","Defend_G","Survivor","Neutralize","Dagger Spray","Calculated Gamble+1","Poisoned Stab+1","Acrobatics+1","Blur","Flying Knee","PiercingWail","Dagger Throw","Corpse Explosion","Bane+1","Burst+1","Noxious Fumes+1"],"relics":["Ring of the Snake","Sling","Tingsha","Gremlin Horn","Medical Kit","Astrolabe"],"acts_visited":["Exordium","TheCity"],"potions_floor_usage":[8,12,16],"damage_taken":[{"damage":0,"enemies":"2 Louse","floor":1,"turns":3},{"damage":0,"enemies":"Cultist","floor":5,"turns":3},{"damage":0,"enemies":"Small Slimes","floor":7,"turns":2},{"damage":15,"enemies":"Lagavulin","floor":8,"turns":6},{"damage":1,"enemies":"Exordium Thugs","floor":12,"turns":2},{"damage":0,"enemies":"Lots of Slimes","floor":13,"turns":1},{"damage":36,"enemies":"Hexaghost","floor":16,"turns":15},{"damage":24,"enemies":"Shell Parasite","floor":18,"turns":6}],"seed_played":"-1256381396739778758","potions_obtained":[{"floor":5,"key":"SkillPotion"},{"floor":8,"key":"AttackPotion"},{"floor":13,"key":"Swift Potion"}],"is_trial":false,"path_per_floor":["M","?","$","?","M","R","M","E","T","R","?","M","M","$","R","B",null,"M"],"character_chosen":"THE_SILENT","items_purchased":["Sling","Calculated Gamble","Dagger Throw","Medical Kit"],"campfire_rested":1,"item_purchase_floors":[3,3,14,14],"current_hp_per_floor":[59,52,52,52,52,52,52,37,37,55,44,43,43,43,43,7,47,23,23],"gold":87,"neow_bonus":"TWO_FIFTY_GOLD","is_daily":false,"chose_seed":false,"campfire_upgraded":2,"win_rate":0.0,"timestamp":1610229781,"path_taken":["M","?","$","?","?","R","M","E","T","R","?","M","M","?","R","BOSS","M"],"items_purchased_type":["Relic","Card","Card","Relic"],"build_version":"2020-12-22","purchased_purges":1,"victory":false,"max_hp_per_floor":[60,60,60,60,60,60,60,60,60,60,60,60,60,60,60,60,60,60,60],"card_choices":[{"not_picked":["Blade Dance","Eviscerate"],"picked":"Dagger Spray","floor":1},{"not_picked":["Slice","Deflect"],"picked":"Poisoned Stab","floor":5},{"not_picked":["Prepared","Tools of the Trade"],"picked":"Acrobatics","floor":7},{"not_picked":["Infinite Blades","Endless Agony"],"picked":"Blur","floor":8},{"not_picked":["Blade Dance","Dagger Spray"],"picked":"Flying Knee","floor":12},{"not_picked":["Slice","Acrobatics"],"picked":"PiercingWail","floor":13},{"not_picked":["Glass Knife","Unload"],"picked":"Corpse Explosion","floor":16}],"player_experience":922529,"relics_obtained":[{"floor":8,"key":"Tingsha"},{"floor":9,"key":"Gremlin Horn"}],"event_choices":[{"cards_removed":["Strike_G"],"damage_healed":0,"gold_gain":0,"player_choice":"Card Removal","damage_taken":7,"max_hp_gain":0,"max_hp_loss":0,"event_name":"Golden Wing","floor":2,"gold_loss":0},{"damage_healed":0,"gold_gain":0,"player_choice":"Upgraded","damage_taken":0,"max_hp_gain":0,"max_hp_loss":0,"event_name":"Upgrade Shrine","floor":4,"gold_loss":0,"cards_upgraded":["Calculated Gamble"]},{"damage_healed":0,"gold_gain":75,"player_choice":"Gather Gold","damage_taken":11,"max_hp_gain":0,"max_hp_loss":0,"event_name":"World of Goop","floor":11,"gold_loss":0}],"is_beta":false,"boss_relics":[{"not_picked":["Runic Dome","Philosopher\u0027s Stone"],"picked":"Astrolabe"}],"items_purged_floors":[3],"is_endless":false,"potions_floor_spawned":[5,8,13],"killed_by":"Shell Parasite","ascension_level":20}}