{"host":"792mtbovsoa03nb3","time":1610169914,"event":{"mods":["BaseMod","BetterRewards","Colored Map","Curses Come First","Dota2Spire","Downfall","Ekko","Hubris","Infinite Spire","Minty Spire (QoL Compilation)","Replay The Spire","Spicy Shops","StSLib","The Blue Laboratory","The Jungle","??????REMEMod"],"gold_per_floor":[117,117,117,117,134,134,161,161,161,161,182,214,214,262,262,467,467,503,13,13,38,64,64,112,112,192,219,219,259,259,276,276,391,391,417,417,487,504,504,504,536,571,571,609,657,28,77,123,123,123],"floor_reached":51,"playtime":2702,"items_purged":["hubris:Greed"],"score":1519,"play_id":"d82fd2fb-ed5e-45c8-87ce-25661bb7eeea","local_time":"20210108212514","is_ascension_mode":true,"campfire_choices":[{"data":"Carnage","floor":6,"key":"SMITH"},{"data":"Bash","floor":8,"key":"SMITH"},{"data":"Fire Breathing","floor":15,"key":"SMITH"},{"data":"Replay:Sssssssssshield","floor":23,"key":"SMITH"},{"data":"Inflame","floor":25,"key":"SMITH"},{"data":"infinitespire:UltimateForm","floor":32,"key":"SMITH"},{"data":"Armaments","floor":40,"key":"SMITH"},{"data":"1","floor":49,"key":"LIFT"}],"circlet_count":0,"master_deck":["Strike_R","Strike_R","Strike_R","Strike_R","Defend_R","Defend_R","Defend_R","Defend_R","Bash","Flame Barrier+1","Thunderclap","Bash+1","Carnage+1","Sever Soul","hubris:Greed","hexamod:SecondSeal","Sword Boomerang","Fire Breathing+1","Shrug It Off","Berserk","ReplayTheSpireMod:Limb From Limb+1","Inflame+1","Replay:Sssssssssshield+1","Writhe","Heavy Blade","hubris:CleavingFinish+1","Heavy Blade","Armaments+1","infinitespire:UltimateForm+1","infinitespire:TheBestDefense","Fire Breathing","Power Through","Barricade","hexamod:Haunted","Looming Evil","ReplayTheSpireMod:Chaos Vortex","ReplayTheSpireMod:Splinters","Shrug It Off+1","Cleave+1","Heavy Blade+1","hubris:Greed","Ghostly Armor+1","Combust+1","Defy Death+1","ReplayTheSpireMod:Stacked","Bloodletting+1","hubris:Greed","hubris:Greed","Havoc+1","Iron Wave","Pommel Strike+1","Fire Breathing","ReplayTheSpireMod:Necrogeddon","Bandage Up","Iron Wave","Cleave+1","Limit Break","Pommel Strike+1","Bloodletting","Havoc+1","hubris:Greed"],"relics":["Burning Blood","REME_ComplimentaryCards","REME_PuzzleBoxRelic","Dota2Spire:MagicBottle","hubris:SphereOfDissonance","Replay:Ringing Soul","hubris:Icosahedron","Dota2Spire:ArcaneBoots","Coffee Dripper","Dota2Spire:BlackKingBar","Dota2Spire:LotusOrb","Dota2Spire:EtherealBlade","Girya","hubris:BlackHole","Meat on the Bone","hubris:Towel","Snecko Eye","Replay:Wax Seal","Vajra","REME_HourglassOfDeath","REME_IWantAll","hubris:ChampionShield","Dota2Spire:MantaStyle"],"acts_visited":["Exordium","TheCity","TheBeyond"],"potions_floor_usage":[14,14,16,24,24,33,33,41,50,50,50,50],"damage_taken":[{"damage":15,"enemies":"Cultist","floor":1,"turns":5},{"damage":7,"enemies":"Jaw Worm","floor":5,"turns":4},{"damage":0,"enemies":"Lagavulin","floor":7,"turns":5},{"damage":0,"enemies":"Small Slimes","floor":11,"turns":2},{"damage":6,"enemies":"Exordium Thugs","floor":12,"turns":4},{"damage":16,"enemies":"3 Sentries","floor":14,"turns":4},{"damage":12,"enemies":"Slime Boss","floor":16,"turns":5},{"damage":10,"enemies":"Shell Parasite","floor":18,"turns":6},{"damage":0,"enemies":"2 Thieves","floor":21,"turns":2},{"damage":4,"enemies":"Cultist and Chosen","floor":22,"turns":4},{"damage":4,"enemies":"Book of Stabbing","floor":24,"turns":2},{"damage":17,"enemies":"Snake Plant","floor":27,"turns":3},{"damage":0,"enemies":"Gremlin Leader","floor":29,"turns":4},{"damage":0,"enemies":"Centurion and Healer","floor":31,"turns":4},{"damage":22,"enemies":"Collector","floor":33,"turns":5},{"damage":6,"enemies":"3 Shapes","floor":35,"turns":2},{"damage":0,"enemies":"Orb Walker","floor":38,"turns":3},{"damage":0,"enemies":"Maw","floor":41,"turns":3},{"damage":0,"enemies":"R_Hoarder","floor":42,"turns":4},{"damage":61,"enemies":"Reptomancer","floor":44,"turns":3},{"damage":9,"enemies":"Transient","floor":45,"turns":5},{"damage":0,"enemies":"R_Hoarder","floor":47,"turns":3},{"damage":4,"enemies":"Spire Growth","floor":48,"turns":3},{"damage":17,"enemies":"Awakened One","floor":50,"turns":5}],"seed_played":"872393926967563632","potions_obtained":[{"floor":12,"key":"blueLaboratory:NullPotion"},{"floor":14,"key":"FearPotion"},{"floor":18,"key":"Explosive Potion"},{"floor":22,"key":"champ:CounterPotion"},{"floor":27,"key":"AttackPotion"},{"floor":33,"key":"SteroidPotion"},{"floor":35,"key":"Fire Potion"},{"floor":37,"key":"blueLaboratory:CorrosionFlask"},{"floor":41,"key":"Guardian:BlockOnCardUsePotion"},{"floor":42,"key":"Dota2Spire:HealingSalve"}],"is_trial":false,"path_per_floor":["M","?","?","?","M","R","E","R","T","T","M","M","?","E","R","B",null,"M","$","?","M","M","R","E","R","T","M","AVR","E","?","M","R","B",null,"M","?","?","M","?","R","M","E","T","E","M","$","E","M","R","B",null],"character_chosen":"IRONCLAD","items_purchased":["Inflame","Replay:Sssssssssshield","Fire Breathing","ReplayTheSpireMod:Necrogeddon","Bandage Up","hubris:ChampionShield"],"campfire_rested":0,"item_purchase_floors":[19,19,46,46,46,46],"current_hp_per_floor":[63,38,38,38,37,37,43,43,43,43,52,57,57,60,60,57,85,84,87,90,99,104,104,109,109,109,105,108,117,117,124,124,111,123,126,129,132,139,139,139,142,145,145,96,99,102,118,130,130,138],"gold":123,"neow_bonus":"RANDOM_EVENT","is_daily":false,"chose_seed":false,"campfire_upgraded":7,"win_rate":0.0,"timestamp":1610169914,"path_taken":["M","?","?","?","?","R","E","R","T","?","M","M","?","E","R","BOSS","M","$","?","M","M","R","E","R","T","M","AVR","E","?","M","R","BOSS","M","?","?","M","?","R","?","E","T","E","M","$","E","M","R","BOSS"],"items_purchased_type":["Card","Card","Card","Card","Card","Relic"],"build_version":"2020-12-22","purchased_purges":1,"victory":true,"max_hp_per_floor":[80,80,80,80,80,80,80,80,80,80,83,88,88,91,91,94,94,97,100,103,106,109,109,112,112,112,115,118,121,121,124,124,127,127,130,133,136,139,139,139,142,145,145,151,157,160,166,172,172,175],"card_choices":[{"not_picked":["ReplayReversal","ReplayTheSpireMod:Muscle Training"],"picked":"Thunderclap","floor":1},{"not_picked":["Twin Strike","Wild Strike"],"picked":"Carnage","floor":5},{"not_picked":["Dark Embrace","Heavy Blade"],"picked":"Sever Soul","floor":7},{"not_picked":["hexamod:ThirdSeal","hexamod:FourthSeal"],"picked":"hexamod:SecondSeal","floor":11},{"not_picked":["REME_SingleHolding","Entrench"],"picked":"Sword Boomerang","floor":11},{"not_picked":["Replay:Undeath\u0027s Touch","Headbutt"],"picked":"Fire Breathing","floor":12},{"not_picked":["Run Through","Reckless Charge"],"picked":"Shrug It Off","floor":14},{"not_picked":["Eclipse","Impervious"],"picked":"Berserk","floor":16},{"not_picked":["Replay:Undeath\u0027s Touch","Bloodletting"],"picked":"ReplayTheSpireMod:Limb From Limb+1","floor":18},{"not_picked":["Pommel Strike","ReplayTheSpireMod:Strike From Hell"],"picked":"Heavy Blade","floor":21},{"not_picked":["REME_SingleHolding","Sever Soul"],"picked":"hubris:CleavingFinish+1","floor":22},{"not_picked":["infinitespire:OneForAll","Sentinel"],"picked":"Heavy Blade","floor":24},{"not_picked":["Run Through+1","ReplayTheSpireMod:Strike From Hell"],"picked":"Armaments","floor":27},{"not_picked":["Battle Trance+1","Limit Break"],"picked":"Fire Breathing","floor":29},{"not_picked":["Second Wind","Heavy Blade"],"picked":"Power Through","floor":31},{"not_picked":["Replay:Many Hands","Impervious"],"picked":"Barricade","floor":33},{"not_picked":["Clash","Burning Pact"],"picked":"Clothesline","floor":35},{"not_picked":["infinitespire:FinalStrike","infinitespire:Oblivion"],"picked":"ReplayTheSpireMod:Chaos Vortex","floor":36},{"not_picked":["Body Slam+1","REME_SingleHolding+1"],"picked":"Shrug It Off+1","floor":37},{"not_picked":["Sword Boomerang","Twin Strike"],"picked":"Cleave+1","floor":37},{"not_picked":["Twin Strike","Whirlwind+1"],"picked":"Heavy Blade+1","floor":38},{"not_picked":["Thunderclap","hubris:ReadiedAction"],"picked":"Ghostly Armor+1","floor":41},{"not_picked":["Wild Strike","Massacre"],"picked":"Combust+1","floor":42},{"not_picked":["Defy Death+1","ReplayTheSpireMod:Stacked","Bloodletting+1"],"picked":"Singing Bowl","floor":44},{"not_picked":["Havoc+1","Iron Wave","Pommel Strike+1"],"picked":"Singing Bowl","floor":45},{"not_picked":["Iron Wave","Cleave+1","Limit Break"],"picked":"Singing Bowl","floor":47},{"not_picked":["Pommel Strike+1","Bloodletting","Havoc+1"],"picked":"Singing Bowl","floor":48}],"player_experience":851075,"relics_obtained":[{"floor":7,"key":"Dota2Spire:MagicBottle"},{"floor":9,"key":"hubris:SphereOfDissonance"},{"floor":10,"key":"Replay:Ringing Soul"},{"floor":14,"key":"Dota2Spire:ArcaneBoots"},{"floor":24,"key":"Dota2Spire:LotusOrb"},{"floor":26,"key":"Dota2Spire:EtherealBlade"},{"floor":29,"key":"Meat on the Bone"},{"floor":37,"key":"Replay:Wax Seal"},{"floor":42,"key":"Vajra"},{"floor":43,"key":"REME_HourglassOfDeath"},{"floor":44,"key":"REME_IWantAll"},{"floor":47,"key":"Dota2Spire:MantaStyle"}],"event_choices":[{"damage_healed":0,"gold_gain":0,"player_choice":"Success","damage_taken":25,"relics_obtained":["REME_PuzzleBoxRelic"],"max_hp_gain":0,"max_hp_loss":0,"event_name":"Scrap Ooze","floor":2,"gold_loss":0},{"damage_healed":0,"gold_gain":0,"player_choice":"Grow","damage_taken":0,"max_hp_gain":0,"max_hp_loss":0,"event_name":"Living Wall","floor":3,"gold_loss":0,"cards_upgraded":["Flame Barrier"]},{"damage_healed":0,"gold_gain":0,"player_choice":"1 cards matched","damage_taken":0,"max_hp_gain":0,"max_hp_loss":0,"event_name":"Match and Keep!","floor":4,"gold_loss":0,"cards_obtained":["Bash"]},{"damage_healed":0,"gold_gain":0,"player_choice":"1 cards matched","damage_taken":0,"max_hp_gain":0,"max_hp_loss":0,"event_name":"Match and Keep!","floor":4,"gold_loss":0,"cards_obtained":["Bash"]},{"damage_healed":0,"gold_gain":0,"player_choice":"Opened","damage_taken":0,"relics_obtained":["Dota2Spire:BlackKingBar"],"max_hp_gain":0,"max_hp_loss":0,"event_name":"The Mausoleum","floor":20,"gold_loss":0,"cards_obtained":["Writhe"]},{"cards_removed":["Clothesline"],"damage_healed":0,"gold_gain":0,"player_choice":"Removed Attack","damage_taken":0,"max_hp_gain":0,"max_hp_loss":0,"event_name":"Falling","floor":39,"gold_loss":0}],"is_beta":false,"boss_relics":[{"not_picked":["REME_DuelDisc","Runic Cube"],"picked":"Coffee Dripper"},{"not_picked":["Busted Crown","Sozu"],"picked":"Snecko Eye"}],"items_purged_floors":[19],"is_endless":false,"potions_floor_spawned":[12,14,18,22,27,33,35,41,42,48],"ascension_level":9}}