{"host":"2xi35nzst5j6xtbr","time":1610203096,"event":{"mods":["Act Like it!","BaseMod","Colored Map","Dota2Spire","Minty Spire (QoL Compilation)","StSLib","The Servant 0.9.4","Waifu the Spire","[地精首领爬塔]The Maniac","【遗物卡牌】REMEMod"],"gold_per_floor":[109,23,33,51,65,95,115,147,147,165,165,198,56,76,76,174,174,189,43,62,62,62,87,87,87,87,87,103,121,139,139,139,235,235,246,246,207,59,59,59],"floor_reached":39,"playtime":2336,"items_purged":["Parasite"],"score":521,"play_id":"770a21dc-d59c-4185-a1ae-abe619aad8eb","local_time":"20210109223816","daily_mods":["SealedDeck","Heirloom","Time Dilation","Flight"],"is_ascension_mode":false,"campfire_choices":[{"data":"KillingDoll","floor":15,"key":"SMITH"},{"floor":24,"key":"REST"},{"data":"FanOfKnives","floor":25,"key":"SMITH"},{"data":"MurderousAura","floor":27,"key":"SMITH"},{"data":"ForgedInTime","floor":32,"key":"SMITH"}],"circlet_count":0,"master_deck":["Reset","Revamp","BottledTime","Ricochet","Potential","Alleviate","InstantArmor","Moonlight","BottledTime","Seek","Comet","Rearm+1","FanOfKnives+1","Rearm","Gouge","Rewind","FlawlessForm","FastForward+1","Spin","SurpressingFire","KillingDoll+1","Sunlight","ForgedInTime+1","MurderousAura+1","Rearm","SilverBlades+1","Misdirection","ShatteredReality+1","TheWorld","InstantArmor","Hightail"],"relics":["SplendidAttire","REME_ComplimentaryCards","Dota2Spire:Butterfly","Kunai","Juzu Bracelet","Dota2Spire:DivineRapier","Eternal Feather","War Paint","Pocketwatch","White Beast Statue","REME_LowDesire","Ancient Tea Set","Dota2Spire:MagicBottle","Bronze Scales"],"acts_visited":["Exordium","TheCity","TheBeyond"],"potions_floor_usage":[6,16,23,39],"damage_taken":[{"damage":0,"enemies":"Cultist","floor":1,"turns":2},{"damage":2,"enemies":"Small Slimes","floor":3,"turns":1},{"damage":0,"enemies":"2 Louse","floor":4,"turns":1},{"damage":4,"enemies":"Exordium Thugs","floor":5,"turns":2},{"damage":0,"enemies":"Lagavulin","floor":6,"turns":6},{"damage":0,"enemies":"Lots of Slimes","floor":7,"turns":2},{"damage":2,"enemies":"Gremlin Nob","floor":8,"turns":4},{"damage":9,"enemies":"Looter","floor":10,"turns":2},{"damage":0,"enemies":"Lagavulin","floor":12,"turns":7},{"damage":1,"enemies":"Blue Slaver","floor":14,"turns":2},{"damage":0,"enemies":"Slime Boss","floor":16,"turns":5},{"damage":0,"enemies":"Chosen","floor":18,"turns":3},{"damage":23,"enemies":"2 Thieves","floor":20,"turns":3},{"damage":26,"enemies":"Slavers","floor":23,"turns":3},{"damage":8,"enemies":"Shelled Parasite and Fungi","floor":28,"turns":2},{"damage":0,"enemies":"Cultist and Chosen","floor":29,"turns":3},{"damage":0,"enemies":"Snake Plant","floor":30,"turns":2},{"damage":6,"enemies":"Automaton","floor":33,"turns":7},{"damage":44,"enemies":"3 Shapes","floor":35,"turns":3},{"damage":19,"enemies":"2 Orb Walkers","floor":39,"turns":2}],"seed_played":"3142834313141805600","potions_obtained":[{"floor":1,"key":"SkillPotion"},{"floor":7,"key":"CultistPotion"},{"floor":8,"key":"Dota2Spire:Clarity"},{"floor":10,"key":"Ancient Potion"},{"floor":12,"key":"FairyPotion"},{"floor":23,"key":"FearPotion"},{"floor":28,"key":"Dexterity Potion"},{"floor":29,"key":"EssenceOfSteel"}],"is_trial":true,"path_per_floor":["M","$","M","M","M","E","M","E","T","M","?","E","$","M","R","B",null,"M","$","M","?","?","E","R","R","T","R","M","M","M","?","R","B",null,"M","?","$","$","?"],"character_chosen":"THE_SERVANT","items_purchased":["Rearm","FanOfKnives","Sunlight","War Paint","Hightail","Bronze Scales"],"campfire_rested":1,"item_purchase_floors":[2,2,13,19,37,38],"current_hp_per_floor":[65,65,63,63,59,59,59,57,57,48,64,64,62,61,62,62,62,62,62,39,28,50,24,59,67,67,67,59,59,59,59,67,61,67,26,31,31,31,12,12],"gold":59,"neow_bonus":"","is_daily":false,"chose_seed":false,"campfire_upgraded":4,"win_rate":0.0,"timestamp":1610203096,"path_taken":["M","$","M","M","M","E","M","E","T","M","?","E","$","M","R","BOSS","M","$","M","?","?","E","R","R","T","R","M","M","M","?","R","BOSS","M","?","$","$","?"],"items_purchased_type":["Card","Card","Card","Relic","Card","Relic"],"build_version":"2020-12-22","purchased_purges":1,"victory":false,"max_hp_per_floor":[65,65,65,65,65,65,65,65,65,65,65,65,62,62,62,62,62,62,62,62,67,67,67,67,67,67,67,67,67,67,67,67,67,67,67,67,67,67,67,67],"card_choices":[{"not_picked":["Spin","TimeWarp"],"picked":"Comet","floor":1},{"not_picked":["DoubleEdge","Rewind"],"picked":"Rearm","floor":3},{"not_picked":["Rewind","FastForward"],"picked":"Gouge","floor":4},{"not_picked":["Gouge","Spin"],"picked":"Rewind","floor":5},{"not_picked":["Moonlight","BestPractice"],"picked":"FlawlessForm","floor":6},{"not_picked":["Rewind","Alleviate"],"picked":"FastForward","floor":7},{"not_picked":["ReturningBlade","FastForward"],"picked":"Spin","floor":8},{"not_picked":["Gouge","Potential"],"picked":"SurpressingFire","floor":10},{"not_picked":["Potential","Defy"],"picked":"KillingDoll","floor":12},{"not_picked":["Rewind","Revamp"],"picked":"ForgedInTime","floor":14},{"not_picked":["FloweringNight","LightFlow"],"picked":"MurderousAura","floor":16},{"not_picked":["Alleviate+1","Shuttle"],"picked":"Rearm","floor":18},{"not_picked":["Ricochet","BottledTime+1"],"picked":"SilverBlades+1","floor":20},{"not_picked":["StarChef","BottledTime"],"picked":"Misdirection","floor":23},{"not_picked":["Rearm","Rewind","Potential"],"picked":"SKIP","floor":28},{"not_picked":["TimeWarp+1","Potential"],"picked":"ShatteredReality+1","floor":29},{"not_picked":["BottledTime","Alleviate","Starlight"],"picked":"SKIP","floor":30},{"not_picked":["FlawlessForm","MurderousAura"],"picked":"TheWorld","floor":33},{"not_picked":["DoubleEdge+1","Alleviate+1","Mind Blast+1"],"picked":"InstantArmor","floor":35}],"player_experience":94758,"relics_obtained":[{"floor":6,"key":"Kunai"},{"floor":8,"key":"Juzu Bracelet"},{"floor":9,"key":"Dota2Spire:DivineRapier"},{"floor":12,"key":"Eternal Feather"},{"floor":23,"key":"Pocketwatch"},{"floor":26,"key":"White Beast Statue"},{"floor":34,"key":"Ancient Tea Set"},{"floor":34,"key":"Dota2Spire:MagicBottle"}],"event_choices":[{"damage_healed":16,"gold_gain":0,"player_choice":"Healed and dodged fight","damage_taken":0,"max_hp_gain":0,"max_hp_loss":0,"event_name":"Mushrooms","floor":11,"gold_loss":0,"cards_obtained":["Parasite"]},{"damage_healed":0,"gold_gain":0,"player_choice":"Shed Blood","damage_taken":16,"max_hp_gain":5,"max_hp_loss":0,"event_name":"Forgotten Altar","floor":21,"gold_loss":0},{"damage_healed":22,"gold_gain":0,"player_choice":"Heal","damage_taken":0,"max_hp_gain":0,"max_hp_loss":0,"event_name":"The Library","floor":22,"gold_loss":0},{"damage_healed":0,"gold_gain":0,"player_choice":"Ignored","damage_taken":0,"max_hp_gain":0,"max_hp_loss":0,"event_name":"Vampires","floor":31,"gold_loss":0},{"cards_removed":["Potential"],"damage_healed":5,"gold_gain":0,"player_choice":"Offered Common","damage_taken":0,"max_hp_gain":0,"max_hp_loss":0,"event_name":"Bonfire Elementals","floor":36,"gold_loss":0},{"cards_removed":["Potential"],"damage_healed":5,"gold_gain":0,"player_choice":"Offered Special","damage_taken":0,"max_hp_gain":0,"max_hp_loss":0,"event_name":"Bonfire Elementals","floor":36,"gold_loss":0},{"damage_healed":0,"gold_gain":0,"player_choice":"Fight","damage_taken":0,"max_hp_gain":0,"max_hp_loss":0,"event_name":"Mysterious Sphere","floor":39,"gold_loss":0}],"is_beta":false,"boss_relics":[{"not_picked":["Dota2Spire:Bloodstone","Coffee Dripper"],"picked":"SplendidAttire"},{"not_picked":["Busted Crown","REME_DemonsWealth"],"picked":"REME_LowDesire"}],"items_purged_floors":[13],"is_endless":true,"potions_floor_spawned":[1,7,8,10,12,14,23,28,29,30,33,35],"killed_by":"2 Orb Walkers","ascension_level":0}}