{"host":"ci7cmvrwpmzqnw7e","time":1610173390,"event":{"mods":["BaseMod","BetterRewards","Colored Map","Downfall","Highlight Path","Hubris","Minty Spire (QoL Compilation)","Rare Cards Sparkle","Replay The Spire","Shop Mod","StSLib","The Disciple"],"gold_per_floor":[116,130,14,14,31,31,66,66,66,66,76,89,104,117,117,219,219,233,158,158,4,103,103,103,120,120,120,180,197,197,72,72,72,72],"floor_reached":33,"playtime":1010,"items_purged":["Defend_B","Strike_B","Blizzard"],"score":245,"play_id":"c5de6ae0-e82d-47b6-8724-3c5ec34e27d2","local_time":"20210108232310","is_ascension_mode":false,"campfire_choices":[{"data":"Cold Snap","floor":6,"key":"SMITH"},{"data":"1","floor":8,"key":"LIFT"},{"floor":15,"key":"REST"},{"data":"2","floor":23,"key":"LIFT"},{"data":"Gash","floor":30,"key":"SMITH"},{"data":"3","floor":32,"key":"LIFT"}],"circlet_count":0,"master_deck":["Strike_B","Strike_B","Defend_B","Defend_B","Zap","Dualcast","Gash","Skim","Cold Snap+1","Scrape+1","Gash+1","Panic Button","hubris:SpecializedCircuitry","BootSequence","FTL","FTL"],"relics":["Cracked Core","Girya","hubris:FunFungus","Nuclear Battery","MutagenicStrength","Meat on the Bone","Frozen Egg 2"],"acts_visited":["Exordium","TheCity"],"potions_floor_usage":[13,16,16,33,33,33],"damage_taken":[{"damage":7,"enemies":"Small Slimes","floor":1,"turns":3},{"damage":1,"enemies":"Jaw Worm","floor":2,"turns":3},{"damage":0,"enemies":"2 Louse","floor":5,"turns":3},{"damage":33,"enemies":"Gremlin Nob","floor":7,"turns":4},{"damage":0,"enemies":"2 Fungi Beasts","floor":11,"turns":2},{"damage":11,"enemies":"Large Slime","floor":12,"turns":4},{"damage":3,"enemies":"Looter","floor":13,"turns":2},{"damage":0,"enemies":"Exordium Thugs","floor":14,"turns":3},{"damage":39,"enemies":"Fading Forest","floor":16,"turns":11},{"damage":10,"enemies":"Shell Parasite","floor":18,"turns":4},{"damage":0,"enemies":"Spheric Guardian","floor":25,"turns":1},{"damage":15,"enemies":"Snecko","floor":29,"turns":3},{"damage":46,"enemies":"Pondfish","floor":33,"turns":6}],"seed_played":"4339811797943953230","potions_obtained":[{"floor":2,"key":"Elixir"},{"floor":7,"key":"FearPotion"},{"floor":11,"key":"LiquidBronze"},{"floor":14,"key":"champ:CounterPotion"},{"floor":16,"key":"Swift Potion"},{"floor":25,"key":"ColorlessPotion"},{"floor":28,"key":"Weak Potion"}],"is_trial":false,"path_per_floor":["M","M","$","?","M","R","E","R","T","?","M","M","M","M","R","B",null,"M","$","?","$","?","R","?","M","T","$","?","M","R","$","R","B"],"character_chosen":"DEFECT","items_purchased":["Skim","Blizzard","FTL"],"campfire_rested":1,"item_purchase_floors":[3,3,21],"current_hp_per_floor":[68,67,67,60,60,60,27,27,27,27,27,16,13,13,35,21,75,65,65,65,65,65,65,65,65,65,65,47,45,45,45,45,0,0],"gold":72,"neow_bonus":"REMOVE_CARD","is_daily":false,"chose_seed":false,"campfire_upgraded":2,"win_rate":0.0,"timestamp":1610173390,"path_taken":["M","M","$","?","M","R","E","R","T","?","M","M","M","M","R","BOSS","M","$","?","$","?","R","?","M","T","$","?","M","R","?","R","BOSS"],"items_purchased_type":["Card","Card","Card"],"build_version":"2020-12-22","purchased_purges":3,"victory":false,"max_hp_per_floor":[75,75,75,75,75,75,75,75,75,75,75,75,75,75,75,75,75,75,75,75,75,75,75,75,75,75,75,75,75,75,75,75,75,75],"card_choices":[{"not_picked":["Go for the Eyes","Coolheaded"],"picked":"Gash","floor":1},{"not_picked":["Reinforced Body","Rebound","Stack"],"picked":"SKIP","floor":2},{"not_picked":["Redo","Seek"],"picked":"Cold Snap","floor":5},{"not_picked":["Reinforced Body","Steam"],"picked":"Scrape","floor":7},{"not_picked":["Stack","FIFO Queue","Rebound"],"picked":"SKIP","floor":11},{"not_picked":["Conserve Battery","BasicCrystalCard","Sweeping Beam"],"picked":"SKIP","floor":12},{"not_picked":["BasicCrystalCard","Chill"],"picked":"Gash","floor":13},{"not_picked":["Hologram","Compile Driver"],"picked":"Panic Button","floor":14},{"not_picked":["Buffer","ReplayTheSpireMod:Omega Cannon"],"picked":"hubris:SpecializedCircuitry","floor":16},{"not_picked":["Undo+1","Ball Lightning"],"picked":"BootSequence","floor":18},{"not_picked":["Panic Button+1","Leap+1","Double Energy"],"picked":"SKIP","floor":25},{"not_picked":["Panic Button+1","Rebound","Coolheaded"],"picked":"SKIP","floor":29}],"player_experience":32178,"relics_obtained":[{"floor":7,"key":"Girya"},{"floor":9,"key":"hubris:FunFungus"},{"floor":26,"key":"Meat on the Bone"},{"floor":28,"key":"Frozen Egg 2"}],"event_choices":[{"cards_removed":["Strike_B"],"damage_healed":0,"gold_gain":0,"player_choice":"Card Removal","damage_taken":7,"max_hp_gain":0,"max_hp_loss":0,"event_name":"Golden Wing","floor":4,"gold_loss":0},{"damage_healed":0,"gold_gain":0,"player_choice":"Inject Mutagens","damage_taken":0,"relics_obtained":["MutagenicStrength"],"max_hp_gain":0,"max_hp_loss":0,"event_name":"Drug Dealer","floor":20,"gold_loss":0},{"damage_healed":0,"gold_gain":99,"player_choice":"Stole From Cult","damage_taken":0,"max_hp_gain":0,"max_hp_loss":0,"event_name":"Nest","floor":22,"gold_loss":0},{"damage_healed":0,"gold_gain":0,"player_choice":"Ignored","damage_taken":0,"max_hp_gain":0,"max_hp_loss":0,"event_name":"Vampires","floor":24,"gold_loss":0}],"is_beta":false,"boss_relics":[{"not_picked":["Abe\u0027s Treasure","Cursed Key"],"picked":"Nuclear Battery"}],"items_purged_floors":[19,21,31],"is_endless":false,"potions_floor_spawned":[2,7,11,14,16,25,29],"killed_by":"Pondfish","ascension_level":0}}