{"host":"r5m27m0hu9mtdi9d","time":1610166276,"event":{"mods":["AchievementEnabler","BaseMod","Colored Map","Colored Powertips","Highlight Path","Minty Spire (QoL Compilation)"],"gold_per_floor":[115,127,127,1,20,20,30,61,84,84,94,119,119,132,132,132,132],"floor_reached":16,"playtime":1029,"items_purged":[],"score":151,"play_id":"6ec831bf-99a8-49d2-ace0-265ccb1e46c9","local_time":"20210108232436","is_ascension_mode":true,"campfire_choices":[{"data":"Hologram","floor":6.0,"key":"SMITH"},{"data":"Zap","floor":13,"key":"SMITH"},{"floor":15,"key":"REST"}],"circlet_count":0,"master_deck":["Strike_B","Strike_B","Strike_B","Strike_B+1","Defend_B","Defend_B","Defend_B","Zap+1","Dualcast","Sweeping Beam","Streamline","Madness","Gash+1","Hologram+1","Electrodynamics","Ball Lightning","Core Surge","Hologram"],"relics":["Cracked Core","Dead Branch","Matryoshka","Pear","Whetstone","Bag of Marbles","Potion Belt"],"acts_visited":["Exordium"],"potions_floor_usage":[12,12],"damage_taken":[{"damage":1.0,"enemies":"Cultist","floor":1.0,"turns":3.0},{"damage":0.0,"enemies":"Small Slimes","floor":2.0,"turns":3.0},{"damage":7.0,"enemies":"Jaw Worm","floor":5.0,"turns":2.0},{"damage":12.0,"enemies":"Gremlin Gang","floor":7.0,"turns":4.0},{"damage":25.0,"enemies":"Lagavulin","floor":8.0,"turns":6.0},{"damage":6.0,"enemies":"Looter","floor":11.0,"turns":2.0},{"damage":24,"enemies":"Gremlin Nob","floor":12,"turns":4},{"damage":0,"enemies":"Blue Slaver","floor":14,"turns":1},{"damage":30,"enemies":"The Guardian","floor":16,"turns":6}],"seed_played":"-2277770619615500822","potions_obtained":[{"floor":1.0,"key":"Dexterity Potion"},{"floor":8.0,"key":"Ancient Potion"},{"floor":11.0,"key":"SkillPotion"},{"floor":14,"key":"CultistPotion"}],"is_trial":false,"path_per_floor":["M","M","T","$","M","R","M","E","T","?","M","E","R","M","R","B"],"character_chosen":"DEFECT","items_purchased":["Madness","Gash"],"campfire_rested":1,"item_purchase_floors":[4,4],"current_hp_per_floor":[67,67,67,67,60,60,48,33,33,33,27,3,3,3,26,0,0],"gold":132,"neow_bonus":"ONE_RARE_RELIC","is_daily":false,"chose_seed":false,"campfire_upgraded":2,"win_rate":0.0,"timestamp":1610166276,"path_taken":["M","M","?","$","?","R","M","E","T","?","M","E","R","?","R","BOSS"],"items_purchased_type":["Card","Card"],"build_version":"2020-12-22","purchased_purges":0,"victory":false,"max_hp_per_floor":[68,68,68,68,68,68,68,78,78,78,78,78,78,78,78,78,78],"card_choices":[{"not_picked":["Blizzard","Gash"],"picked":"Sweeping Beam","floor":1.0},{"not_picked":["Cold Snap","Heatsinks"],"picked":"Streamline","floor":2.0},{"not_picked":["FTL","Undo"],"picked":"Hologram","floor":5.0},{"not_picked":["Go for the Eyes","Ball Lightning"],"picked":"Electrodynamics","floor":7.0},{"not_picked":["Streamline","Cold Snap","Force Field"],"picked":"SKIP","floor":8.0},{"not_picked":["Double Energy","Go for the Eyes"],"picked":"Ball Lightning","floor":11.0},{"not_picked":["Recycle","Rip and Tear"],"picked":"Core Surge","floor":12},{"not_picked":["Scrape","Go for the Eyes"],"picked":"Hologram","floor":14}],"player_experience":682722,"relics_obtained":[{"floor":3.0,"key":"Matryoshka"},{"floor":8.0,"key":"Pear"},{"floor":9.0,"key":"Whetstone"},{"floor":9.0,"key":"Bag of Marbles"},{"floor":12,"key":"Potion Belt"}],"event_choices":[{"cards_removed":["Defend_B"],"damage_healed":0.0,"max_hp_gain":0.0,"max_hp_loss":0.0,"gold_gain":0.0,"event_name":"Bonfire Elementals","player_choice":"Offered Basic","floor":10.0,"gold_loss":0.0,"damage_taken":0.0}],"is_beta":false,"boss_relics":[],"items_purged_floors":[],"is_endless":false,"potions_floor_spawned":[1,8,11,14],"killed_by":"The Guardian","ascension_level":7}}