{"host":"oi6p1guiqfwwvxym","time":1610174221,"event":{"mods":["BaseMod","Colored Map","Minty Spire (QoL Compilation)"],"gold_per_floor":[118,118,128,53,73,98,98,124,124,152,152,152,172,189,189,262,262,278,298,108,125,125,125,125],"floor_reached":23,"playtime":1269,"items_purged":["Regret","Strike_R"],"score":380,"play_id":"611f2d6c-245d-49cd-a2b1-52161a5e4a3c","local_time":"20210108223701","is_ascension_mode":true,"campfire_choices":[{"floor":7,"key":"REST"},{"floor":12,"key":"REST"},{"floor":15,"key":"REST"}],"circlet_count":0,"master_deck":["AscendersBane","Strike_R+1","Strike_R","Strike_R","Strike_R","Defend_R","Defend_R","Defend_R","Defend_R","Bash+1","Blood for Blood","Iron Wave","Evolve+1","Double Tap+1","Rampage","Metallicize+1","Combust+1","Reckless Charge","Feed","Shrug It Off+1","Fire Breathing+1","Shrug It Off","Metallicize+1","Power Through"],"relics":["Sozu","Frozen Egg 2","Whetstone","Shuriken","Gambling Chip","CultistMask","Runic Pyramid"],"acts_visited":["Exordium","TheCity"],"potions_floor_usage":[],"damage_taken":[{"damage":5,"enemies":"Small Slimes","floor":1,"turns":4},{"damage":3,"enemies":"Cultist","floor":3,"turns":3},{"damage":2,"enemies":"Jaw Worm","floor":5,"turns":3},{"damage":20,"enemies":"3 Sentries","floor":6,"turns":8},{"damage":24,"enemies":"Gremlin Nob","floor":8,"turns":4},{"damage":25,"enemies":"3 Sentries","floor":10,"turns":6},{"damage":5,"enemies":"Red Slaver","floor":13,"turns":3},{"damage":16,"enemies":"Exordium Wildlife","floor":14,"turns":4},{"damage":22,"enemies":"Hexaghost","floor":16,"turns":7},{"damage":21,"enemies":"Shell Parasite","floor":18,"turns":5},{"damage":4,"enemies":"Chosen","floor":19,"turns":5},{"damage":16,"enemies":"Centurion and Healer","floor":21,"turns":5},{"damage":28,"enemies":"Book of Stabbing","floor":23,"turns":4}],"seed_played":"-1729666517221686752","potions_obtained":[],"is_trial":false,"path_per_floor":["M","?","M","$","M","E","R","E","T","E","?","R","M","M","R","B",null,"M","M","$","M","?","E"],"character_chosen":"IRONCLAD","items_purchased":["Shrug It Off","Metallicize+1"],"campfire_rested":3,"item_purchase_floors":[20,20],"current_hp_per_floor":[63,63,60,60,58,38,60,36,36,11,11,33,28,12,34,12,59,41,40,40,27,27,0,0],"gold":125,"neow_bonus":"BOSS_RELIC","is_daily":false,"chose_seed":false,"campfire_upgraded":0,"win_rate":0.0,"timestamp":1610174221,"path_taken":["M","?","M","$","M","E","R","E","T","E","?","R","M","M","R","BOSS","M","M","$","?","?","E"],"items_purchased_type":["Card","Card"],"build_version":"2020-12-22","purchased_purges":2,"victory":false,"max_hp_per_floor":[75,75,75,75,75,75,75,75,75,75,75,75,75,75,75,75,75,78,81,81,84,84,84,84],"card_choices":[{"not_picked":["Anger","Armaments"],"picked":"Blood for Blood","floor":1},{"not_picked":["Pommel Strike","Clash"],"picked":"Iron Wave","floor":3},{"not_picked":["Power Through","Iron Wave"],"picked":"Evolve+1","floor":5},{"not_picked":["Thunderclap","Feel No Pain+1"],"picked":"Double Tap","floor":6},{"not_picked":["Clash","Seeing Red"],"picked":"Rampage","floor":8},{"not_picked":["Warcry","Bloodletting"],"picked":"Metallicize+1","floor":10},{"not_picked":["Entrench","Warcry"],"picked":"Combust+1","floor":13},{"not_picked":["Clash","Blood for Blood"],"picked":"Reckless Charge","floor":14},{"not_picked":["Berserk+1","Bludgeon"],"picked":"Feed","floor":16},{"not_picked":["Entrench","Armaments"],"picked":"Shrug It Off+1","floor":18},{"not_picked":["Pommel Strike","Heavy Blade"],"picked":"Fire Breathing+1","floor":19},{"not_picked":["Clothesline","Clash+1"],"picked":"Power Through","floor":21}],"player_experience":341731,"relics_obtained":[{"floor":8,"key":"Whetstone"},{"floor":9,"key":"Shuriken"},{"floor":10,"key":"Gambling Chip"}],"event_choices":[{"damage_healed":0,"gold_gain":0,"player_choice":"Box","damage_taken":0,"relics_obtained":["Frozen Egg 2"],"max_hp_gain":0,"max_hp_loss":0,"event_name":"Big Fish","floor":2,"gold_loss":0,"cards_obtained":["Regret"]},{"damage_healed":0,"gold_gain":0,"player_choice":"Trade","damage_taken":0,"relics_obtained":["CultistMask"],"max_hp_gain":0,"max_hp_loss":0,"event_name":"FaceTrader","floor":11,"gold_loss":0},{"damage_healed":0,"gold_gain":0,"player_choice":"Upgraded","damage_taken":0,"max_hp_gain":0,"max_hp_loss":0,"event_name":"Upgrade Shrine","floor":22,"gold_loss":0,"cards_upgraded":["Double Tap"]}],"is_beta":false,"boss_relics":[{"not_picked":["Coffee Dripper","Black Star"],"picked":"Runic Pyramid"}],"items_purged_floors":[4,20],"is_endless":false,"potions_floor_spawned":[3,8,13,14,16,18],"killed_by":"Book of Stabbing","ascension_level":16}}