{"host":"9tzam4717zt8ei1o","time":1610213119,"event":{"mods":["BaseMod","Colored Map","Keyboard Shortcuts","Minty Spire (QoL Compilation)","Quick Restart","StSLib","SuperFastMode"],"gold_per_floor":[117,42,60,60,160,160,193,193,193,213,229,229,50,69,69,69,69],"floor_reached":16,"playtime":230,"items_purged":["Defend_G","Strike_G"],"score":250,"play_id":"ffaeaa1a-de70-496d-9719-fcb422008d5f","local_time":"20210110022519","is_ascension_mode":true,"campfire_choices":[{"data":"Calculated Gamble","floor":6.0,"key":"SMITH"},{"data":"Accuracy","floor":8.0,"key":"SMITH"},{"data":"Flechettes","floor":12.0,"key":"SMITH"},{"data":"Acrobatics","floor":15.0,"key":"SMITH"}],"circlet_count":0,"master_deck":["AscendersBane","Strike_G","Strike_G","Strike_G","Strike_G","Defend_G","Defend_G","Defend_G","Defend_G","Survivor","Neutralize","Calculated Gamble+1","Accuracy+1","Backflip","Flechettes+1","Reflex","Acrobatics+1"],"relics":["Ring of the Snake","NeowsBlessing","Nunchaku","Orichalcum","Sundial"],"acts_visited":["Exordium"],"potions_floor_usage":[16,16],"damage_taken":[{"damage":0.0,"enemies":"Small Slimes","floor":1.0,"turns":1.0},{"damage":0.0,"enemies":"Jaw Worm","floor":3.0,"turns":1.0},{"damage":0.0,"enemies":"Gremlin Nob","floor":7.0,"turns":1.0},{"damage":6.0,"enemies":"Cultist","floor":10.0,"turns":5.0},{"damage":7.0,"enemies":"Exordium Wildlife","floor":11.0,"turns":5.0},{"damage":8.0,"enemies":"3 Louse","floor":14.0,"turns":4.0},{"damage":36,"enemies":"Hexaghost","floor":16,"turns":10}],"seed_played":"-3285490926689255823","potions_obtained":[{"floor":3.0,"key":"SkillPotion"},{"floor":11.0,"key":"Swift Potion"},{"floor":14.0,"key":"Block Potion"}],"is_trial":false,"path_per_floor":["M","$","M","?","?","R","E","R","T","M","M","R","$","M","R","B"],"character_chosen":"THE_SILENT","items_purchased":["Reflex"],"campfire_rested":0,"item_purchase_floors":[13],"current_hp_per_floor":[59,59,59,54,54,54,54,54,54,48,41,41,41,33,33,0,0],"gold":69,"neow_bonus":"THREE_ENEMY_KILL","is_daily":false,"chose_seed":false,"campfire_upgraded":4,"win_rate":0.0,"timestamp":1610213119,"path_taken":["M","$","M","?","?","R","E","R","T","M","?","R","$","M","R","BOSS"],"items_purchased_type":["Card"],"build_version":"2020-12-22","purchased_purges":2,"victory":false,"max_hp_per_floor":[66,66,66,66,66,66,66,66,66,66,66,66,66,66,66,66,66],"card_choices":[{"not_picked":["Deadly Poison","Slice","Backflip"],"picked":"SKIP","floor":1.0},{"not_picked":["Backflip","Blur"],"picked":"Calculated Gamble","floor":3.0},{"not_picked":["Deadly Poison","Venomology"],"picked":"Accuracy","floor":7.0},{"not_picked":["Endless Agony","PiercingWail"],"picked":"Backflip","floor":10.0},{"not_picked":["Footwork","Dagger Throw"],"picked":"Flechettes","floor":11.0},{"not_picked":["Poisoned Stab","Dagger Spray"],"picked":"Acrobatics","floor":14.0}],"player_experience":175797,"relics_obtained":[{"floor":7.0,"key":"Orichalcum"},{"floor":9.0,"key":"Sundial"}],"event_choices":[{"damage_healed":0.0,"max_hp_gain":0.0,"max_hp_loss":0.0,"gold_gain":0.0,"event_name":"Scrap Ooze","player_choice":"Success","floor":4.0,"gold_loss":0.0,"damage_taken":5.0,"relics_obtained":["Nunchaku"]},{"damage_healed":0.0,"max_hp_gain":0.0,"max_hp_loss":0.0,"gold_gain":100.0,"event_name":"Wheel of Change","player_choice":"Gold","floor":5.0,"gold_loss":0.0,"damage_taken":0.0}],"is_beta":false,"boss_relics":[],"items_purged_floors":[2,13],"is_endless":false,"potions_floor_spawned":[3,11,14],"killed_by":"Hexaghost","ascension_level":20}}