{"host":"x7btokbb0w2jhl7e","time":1610175573,"event":{"mods":["Act Like it!","BaseMod","Gensokyo","Minty Spire (QoL Compilation)","Quick Restart","StSLib","The Marked"],"gold_per_floor":[113,113,113,131,56,56,7,7,33,47,47,78,78,78,78,176,176,192,266,266,280,230,230,230,250,320,331,331,361,379,410,410,507,507,527,220,238,252,271,271,271,271],"floor_reached":41,"playtime":2316,"items_purged":["theMarked:Strike","theMarked:Strike","theMarked:Defend"],"score":429,"play_id":"86f931b8-e3af-43ba-bcec-024902b08d97","local_time":"20210109145933","is_ascension_mode":false,"campfire_choices":[{"floor":6.0,"key":"RECALL"},{"data":"theMarked:SoldierOfQuellstein","floor":8.0,"key":"SMITH"},{"data":"theMarked:ResourceFulStrike","floor":15.0,"key":"SMITH"},{"data":"theMarked:ChannelForce","floor":23.0,"key":"SMITH"},{"floor":28.0,"key":"REST"},{"floor":32.0,"key":"REST"},{"data":"Gensokyo:ShootingStar","floor":40.0,"key":"SMITH"}],"circlet_count":0,"master_deck":["theMarked:Strike","theMarked:Defend","theMarked:ResourceFulStrike+1","theMarked:SwordAndMagic","theMarked:ChannelForce+1","theMarked:EternalStudent","theMarked:RepellingDischarge+1","theMarked:SoldierForm","Gensokyo:ShootingStar+1"],"relics":["theMarked:ArtifactOfAir","NeowsBlessing","Gensokyo:YoukaiFlower","Smiling Mask","Lantern","Lizard Tail","Omamori","Sozu","Gensokyo:RedStar","Kunai","Shovel","Incense Burner","Cursed Key","Sundial"],"acts_visited":["Gensokyo:Gensokyo","Gensokyo:Gensokyoer","Gensokyo:Gensokyoest"],"potions_floor_usage":[],"damage_taken":[{"damage":0.0,"enemies":"Gensokyo:Gryphon","floor":1.0,"turns":1.0},{"damage":0.0,"enemies":"Gensokyo:Python","floor":4.0,"turns":1.0},{"damage":0.0,"enemies":"Gensokyo:2_Kodama","floor":10.0,"turns":1.0},{"damage":3.0,"enemies":"Gensokyo:Mamizou","floor":12.0,"turns":8.0},{"damage":30.0,"enemies":"Gensokyo:Kokoro","floor":16.0,"turns":11.0},{"damage":7.0,"enemies":"Gensokyo:3_Dogs","floor":18.0,"turns":3.0},{"damage":5.0,"enemies":"Gensokyo:CosmicMonolith","floor":21.0,"turns":4.0},{"damage":17.0,"enemies":"Gensokyo:Slime_Group","floor":25.0,"turns":3.0},{"damage":6.0,"enemies":"Gensokyo:Wraith","floor":27.0,"turns":3.0},{"damage":26.0,"enemies":"Gensokyo:Tenshi","floor":29.0,"turns":3.0},{"damage":3.0,"enemies":"Gensokyo:Monolith_and_Dog","floor":30.0,"turns":5.0},{"damage":33.0,"enemies":"Gensokyo:Koishi","floor":31.0,"turns":5.0},{"damage":1.0,"enemies":"Gensokyo:Eternal_Rivals","floor":33.0,"turns":7.0},{"damage":1.0,"enemies":"Gensokyo:AncientGuardian","floor":35.0,"turns":3.0},{"damage":3.0,"enemies":"Gensokyo:3_Boulders","floor":37.0,"turns":4.0},{"damage":3.0,"enemies":"Gensokyo:Dusk_and_Dawn","floor":38.0,"turns":3.0},{"damage":0.0,"enemies":"Gensokyo:SeedOfUnknown","floor":39.0,"turns":2.0},{"damage":0,"enemies":"Gensokyo:Doremy","floor":41,"turns":2}],"seed_played":"1137200777020429852","potions_obtained":[{"floor":4.0,"key":"AttackPotion"},{"floor":10.0,"key":"Weak Potion"},{"floor":12.0,"key":"Explosive Potion"},{"floor":16.0,"key":"Swift Potion"}],"is_trial":false,"path_per_floor":["M","?","?","M","$","R","COS","R","T","M","?","E","T","?","R","B",null,"M","T","?","M","$","R","?","M","T","M","R","E","M","E","R","B",null,"M","$","M","M","M","R","E"],"character_chosen":"THE_DEFAULT","items_purchased":["Sundial"],"campfire_rested":2,"item_purchase_floors":[36],"current_hp_per_floor":[70,70,42,42,42,42,42,42,42,42,49,46,46,46,46,16,77,70,70,70,65,65,65,65,48,48,42,65,39,36,3,26,63,77,76,76,73,70,70,70,70,70],"gold":271,"neow_bonus":"THREE_ENEMY_KILL","is_daily":false,"chose_seed":false,"campfire_upgraded":4,"win_rate":0.0,"timestamp":1610175573,"path_taken":["M","?","?","?","?","R","COS","R","T","M","?","E","?","?","R","BOSS","M","?","?","M","?","R","?","M","T","M","R","E","?","E","R","BOSS","M","$","M","M","M","R","E"],"items_purchased_type":["Relic"],"build_version":"2020-12-22","purchased_purges":3,"victory":false,"max_hp_per_floor":[70,70,70,70,70,70,70,70,70,70,77,77,77,77,77,77,77,77,77,77,77,77,77,77,77,77,77,77,77,77,77,77,77,77,77,77,77,77,77,77,77,77],"card_choices":[{"not_picked":["theMarked:Parkour","theMarked:BanishingStrike"],"picked":"theMarked:KeepCalmAndFightOn","floor":1.0},{"not_picked":["theMarked:Parkour","theMarked:TakeCover","theMarked:Standoff"],"picked":"SKIP","floor":4.0},{"not_picked":["theMarked:Parkour","theMarked:CreepingChasm"],"picked":"theMarked:ResourceFulStrike","floor":10.0},{"not_picked":["theMarked:ElectricStrings","theMarked:WastefulDefense"],"picked":"theMarked:SwordAndMagic","floor":12.0},{"not_picked":["theMarked:Challenge","theMarked:Vacuum"],"picked":"theMarked:ChannelForce","floor":16.0},{"not_picked":["theMarked:Parkour","theMarked:Parry+1","theMarked:HeightenedSenses"],"picked":"SKIP","floor":18.0},{"not_picked":["theMarked:Improvise","theMarked:ResourceFulStrike","theMarked:ChainLightning+1"],"picked":"SKIP","floor":21.0},{"not_picked":["theMarked:Improvise","theMarked:ResourceFulStrike","theMarked:ChainLightning+1"],"picked":"SKIP","floor":21.0},{"not_picked":["theMarked:BanishingStrike","theMarked:Parkour+1"],"picked":"theMarked:RepellingDischarge+1","floor":25.0},{"not_picked":["theMarked:Aftermath","theMarked:Standoff","theMarked:GodGivenPower"],"picked":"SKIP","floor":27.0},{"not_picked":["theMarked:Generate","theMarked:LightningStrikesTwice","theMarked:MaelstromOfLightning"],"picked":"SKIP","floor":29.0},{"not_picked":["theMarked:Reabsorb","theMarked:TwofoldDefense"],"picked":"theMarked:SoldierForm","floor":30.0},{"not_picked":["theMarked:BanishingStrike","theMarked:TwofoldDefense","theMarked:Defy"],"picked":"SKIP","floor":31.0},{"not_picked":[],"picked":"Gensokyo:ShootingStar","floor":33.0},{"not_picked":["theMarked:WardOff","theMarked:CreepingChasm+1","theMarked:RogueSparks+1"],"picked":"SKIP","floor":35.0},{"not_picked":["theMarked:CreepingChasm+1","theMarked:BanishingStrike+1","theMarked:LightningStrikesTwice"],"picked":"SKIP","floor":37.0},{"not_picked":["theMarked:Standoff+1","theMarked:ResourceFulStrike+1","theMarked:Overcharge"],"picked":"SKIP","floor":38.0},{"not_picked":["theMarked:TwofoldDefense+1","theMarked:StartUp+1","theMarked:Improvise"],"picked":"SKIP","floor":39.0}],"player_experience":225152,"relics_obtained":[{"floor":9.0,"key":"Smiling Mask"},{"floor":12.0,"key":"Lantern"},{"floor":13.0,"key":"Lizard Tail"},{"floor":26.0,"key":"Kunai"},{"floor":29.0,"key":"Shovel"},{"floor":31.0,"key":"Incense Burner"}],"event_choices":[],"is_beta":false,"boss_relics":[{"not_picked":["Runic Dome","SlaversCollar"],"picked":"Sozu"},{"not_picked":["Velvet Choker","Astrolabe"],"picked":"Cursed Key"}],"items_purged_floors":[5,22,36],"is_endless":false,"potions_floor_spawned":[4,10,12,16,30,31,33,37,39],"killed_by":"Gensokyo:Doremy","ascension_level":0}}