{"host":"wwpfn8dnr1liindi","time":1610205698,"event":{"mods":["BaseMod","Minty Spire (QoL Compilation)","Permanent Neow","[IsaacMod]ÒÔÈö¼âËþ"],"gold_per_floor":[110,185,201,201,214,240,8,46,120,85,108,108,138,163,175,319,340,557,494,526,538,550,591,638,688,700,744,790,859,871,910,922,1047,1095,1126,1138,1259,1415,523,565,565,48,121,148,172,192,192,248,248,357,366,389,419,419,419,419,466,466,466,466,466,560,635,683,307,307,307,307],"floor_reached":67,"playtime":3145,"items_purged":["Bash","Strike_R","Strike_R","Strike_R","Defend_R","Strike_R"],"score":1164,"play_id":"cec3c333-ff22-44fc-a9a2-6d1947e12f38","local_time":"20210109232138","daily_mods":["Heirloom","Time Dilation","Flight"],"is_ascension_mode":false,"campfire_choices":[{"floor":12,"key":"REST"},{"data":"Anger","floor":15,"key":"SMITH"},{"data":"Demon Form","floor":32,"key":"SMITH"},{"data":"Magnetism","floor":41,"key":"SMITH"},{"data":"Juggernaut","floor":49,"key":"SMITH"},{"data":"Demon Form","floor":59,"key":"SMITH"},{"data":"Seeing Red","floor":61,"key":"SMITH"},{"data":"Exhume","floor":66,"key":"SMITH"}],"circlet_count":0,"master_deck":["Strike_R","Defend_R","DoctorFetus+1","Blood for Blood","Rage","Metallicize","Ghostly Armor","Juggernaut+1","Anger+1","Demon Form+1","Magnetism+1","Ghostly Armor","Combust","Seeing Red+1","Infernal Blade","Rampage+1","Combust","Reaper","Armaments+1","Hemokinesis","Berserk","Brutality","Exhume+1","Magnetism+1","Burning Pact","Inflame","Fire Breathing","Thinking Ahead","Seeing Red","Thunderclap+1","Good Instincts","Infernal Blade","Combust","Inflame+1","Demon Form+1","Rupture","Searing Blow+1","Disarm","Intimidate","Burning Pact","Disarm"],"relics":["Burning Blood","HushsDoor","Pocketwatch","GuppysTail","Tiny Chest","Toolbox","CeramicFish","InkBottle","MawBank","MagicMushroom","Eternal Feather","Red Skull","D6","NineVolt","Eternal Feather","Red Skull","D6","NineVolt","Toy Ornithopter","Strawberry","HornCleat","Magic Flower","Red Mask","BlankCard","Blue Candle","Happy Flower","Juzu Bracelet","Omamori","Leech","Mark of Pain","GuppysHairball","PokeGo","Question Card","TheBattery","Pen Nib","DeathBook","Oddly Smooth Stone","Ancient Tea Set","Bag of Preparation","SteamSale","Molten Egg 2","Meat on the Bone","Incense Burner","Black Star","GuppysCollar","GuppysPaw","Odd Mushroom","Golden Idol","Smiling Mask","Gremlin Horn","Orichalcum","Matryoshka","OrangePellets","SatanicBible"],"acts_visited":["Exordium","TheCity","TheBeyond","Exordium"],"potions_floor_usage":[8,16,16,18,18,18,18,18,18,18,18,18,18,18,18,18,18,18,18,18,18,18,18,18,18,18,18,18,18,18,18,18,18,18,18,18,18,18,18,18,18,18,18,18,18,18,18,18,18,18,18,18,18,18,18,18,18,18,18,18,18,18,18,18,18,18,18,18,18,18,18,18,24,24,28,29,40,67],"damage_taken":[{"damage":8,"enemies":"2 Louse","floor":1,"turns":3},{"damage":6,"enemies":"Jaw Worm","floor":3,"turns":4},{"damage":1,"enemies":"Cultist","floor":5,"turns":4},{"damage":24,"enemies":"3 Sentries","floor":6,"turns":5},{"damage":37,"enemies":"Gremlin Nob","floor":8,"turns":5},{"damage":9,"enemies":"2 Fungi Beasts","floor":11,"turns":2},{"damage":6,"enemies":"3 Sentries","floor":13,"turns":4},{"damage":0,"enemies":"Looter","floor":14,"turns":3},{"damage":31,"enemies":"Hexaghost","floor":16,"turns":6},{"damage":100000008,"enemies":"Shell Parasite","floor":18,"turns":4},{"damage":0,"enemies":"3 Byrds","floor":20,"turns":1},{"damage":60,"enemies":"Book of Stabbing","floor":23,"turns":6},{"damage":7,"enemies":"Masked Bandits","floor":24,"turns":3},{"damage":41,"enemies":"Slavers","floor":25,"turns":4},{"damage":18,"enemies":"Gremlin Leader","floor":27,"turns":5},{"damage":13,"enemies":"Slavers","floor":28,"turns":4},{"damage":40,"enemies":"Gremlin Leader","floor":29,"turns":5},{"damage":0,"enemies":"Snake Plant","floor":31,"turns":3},{"damage":15,"enemies":"Automaton","floor":33,"turns":6},{"damage":17,"enemies":"3 Shapes","floor":35,"turns":3},{"damage":2,"enemies":"Reptomancer","floor":40,"turns":3},{"damage":2,"enemies":"3 Darklings","floor":45,"turns":2},{"damage":4,"enemies":"Spire Growth","floor":46,"turns":4},{"damage":31,"enemies":"2 Orb Walkers","floor":48,"turns":4},{"damage":1,"enemies":"Donu and Deca","floor":50,"turns":4},{"damage":0,"enemies":"Jaw Worm","floor":52,"turns":1},{"damage":0,"enemies":"The Mushroom Lair","floor":53,"turns":1},{"damage":0,"enemies":"Lagavulin","floor":57,"turns":2},{"damage":0,"enemies":"Gremlin Nob","floor":62,"turns":1},{"damage":0,"enemies":"3 Sentries","floor":64,"turns":2},{"damage":412,"enemies":"Delirium","floor":67,"turns":17}],"seed_played":"-5467102361588915154","potions_obtained":[{"floor":1,"key":"AttackPotion"},{"floor":11,"key":"LiquidMemories"},{"floor":13,"key":"ColorlessPotion"},{"floor":14,"key":"SteroidPotion"},{"floor":18,"key":"Fruit Juice"},{"floor":18,"key":"Fruit Juice"},{"floor":18,"key":"SteroidPotion"},{"floor":18,"key":"SneckoOil"},{"floor":18,"key":"Explosive Potion"},{"floor":23,"key":"Fire Potion"},{"floor":24,"key":"CultistPotion"},{"floor":28,"key":"Energy Potion"},{"floor":45,"key":"SmokeBomb"},{"floor":53,"key":"EntropicBrew"}],"is_trial":true,"path_per_floor":["M","?","M","?","M","E","$","E","T","?","M","R","E","M","R","B",null,"M","?","M","T","?","E","?","E","T","E","E","E","T","M","R","B",null,"M","T","?","T","$","E","R","$","T","?","M","M","T","?","R","B",null,"M","?","?","?","?","E","?","R","T","R","?","?","E","$","R","B"],"character_chosen":"IRONCLAD","items_purchased":["Toolbox","Magnetism","FairyPotion","GuppysHairball","Brutality","Exhume","Magnetism","Burning Pact","TheBattery","Pen Nib","DeathBook","Fire Breathing","Thinking Ahead","Ancient Tea Set","Bag of Preparation","SteamSale","GuppysCollar","GuppysPaw","Rupture","Matryoshka","OrangePellets","SatanicBible"],"campfire_rested":1,"item_purchase_floors":[7,17,17,34,34,34,34,34,39,39,39,39,39,42,42,42,51,51,51,65,65,65],"current_hp_per_floor":[78,67,67,67,72,54,54,23,23,43,40,64,64,70,70,45,78,430,430,430,430,430,376,400,370,370,363,371,381,381,398,428,447,417,409,409,409,409,409,416,416,416,416,416,413,413,413,413,413,410,377,377,377,377,377,283,298,298,346,346,377,377,366,377,377,377,0,0],"gold":307,"neow_bonus":"","is_daily":false,"chose_seed":false,"campfire_upgraded":7,"win_rate":0.0,"timestamp":1610205698,"path_taken":["M","?","?","?","M","E","?","E","T","?","M","R","E","M","R","BOSS","M","?","M","?","?","E","?","E","T","E","E","E","?","M","R","BOSS","M","?","?","?","$","E","R","$","T","?","M","M","?","?","R","BOSS","M","?","?","?","?","E","?","R","T","R","?","?","E","?","R","BOSS"],"items_purchased_type":["Relic","Card","Potion","Relic","Card","Card","Card","Card","Relic","Relic","Relic","Card","Card","Relic","Relic","Relic","Relic","Relic","Card","Relic","Relic","Relic"],"build_version":"2020-12-22","purchased_purges":6,"victory":false,"max_hp_per_floor":[80,80,80,80,80,80,80,80,80,80,80,80,80,80,80,80,78,430,430,430,430,430,430,440,440,440,440,445,450,450,450,450,447,417,417,417,417,417,417,416,416,416,416,416,413,413,413,413,413,410,377,377,377,377,377,377,377,377,377,377,377,377,377,377,377,377,377,377],"card_choices":[{"not_picked":[],"picked":"DoctorFetus","floor":0},{"not_picked":["Perfected Strike","Flex"],"picked":"Blood for Blood","floor":1},{"not_picked":["Bludgeon","Heavy Blade"],"picked":"Rage","floor":3},{"not_picked":["Rupture","Sever Soul"],"picked":"Metallicize","floor":5},{"not_picked":["Seeing Red","Body Slam"],"picked":"Ghostly Armor","floor":6},{"not_picked":["Sword Boomerang","Fire Breathing"],"picked":"Juggernaut","floor":8},{"not_picked":["Perfected Strike","Hemokinesis"],"picked":"Anger","floor":11},{"not_picked":["Entrench","Cleave","Flex"],"picked":"SKIP","floor":13},{"not_picked":["Thunderclap","Shrug It Off","Wild Strike"],"picked":"SKIP","floor":14},{"not_picked":["Reaper","Berserk"],"picked":"Demon Form","floor":16},{"not_picked":["Rupture","Seeing Red"],"picked":"Ghostly Armor","floor":18},{"not_picked":["Disarm","Twin Strike"],"picked":"Combust","floor":18},{"not_picked":["Ghostly Armor","Rupture"],"picked":"Seeing Red","floor":18},{"not_picked":["Pommel Strike+1","Anger"],"picked":"Infernal Blade","floor":18},{"not_picked":["Clothesline+1","Shockwave","Pommel Strike"],"picked":"SKIP","floor":18},{"not_picked":["Shrug It Off","Anger","Havoc+1"],"picked":"SKIP","floor":18},{"not_picked":["Entrench","Iron Wave","Clothesline"],"picked":"SKIP","floor":20},{"not_picked":["Anger","Power Through","Havoc+1"],"picked":"SKIP","floor":23},{"not_picked":["Shrug It Off","Searing Blow"],"picked":"Rampage+1","floor":24},{"not_picked":["Feel No Pain","Disarm"],"picked":"Combust","floor":25},{"not_picked":["Twin Strike+1","Havoc","Headbutt"],"picked":"SKIP","floor":27},{"not_picked":["Feed","Wild Strike"],"picked":"Reaper","floor":28},{"not_picked":["Heavy Blade","Flex"],"picked":"Armaments+1","floor":29},{"not_picked":["Clash","Sword Boomerang"],"picked":"Hemokinesis","floor":31},{"not_picked":["Limit Break","Brutality"],"picked":"Berserk","floor":33},{"not_picked":["Burning Pact","Flex","Shrug It Off+1"],"picked":"SKIP","floor":35},{"not_picked":["Feel No Pain","Dual Wield+1"],"picked":"Inflame","floor":37},{"not_picked":["Reckless Charge+1","Clash","Exhume"],"picked":"Seeing Red","floor":40},{"not_picked":["Cleave+1","Metallicize+1","Anger+1"],"picked":"Combust","floor":45},{"not_picked":["Clash+1","Thunderclap+1","Iron Wave+1","Clothesline+1"],"picked":"SKIP","floor":46},{"not_picked":["Pommel Strike+1","Second Wind","Sentinel+1"],"picked":"Inflame+1","floor":48},{"not_picked":["Offering","Impervious","Corruption"],"picked":"Demon Form","floor":50},{"not_picked":["Clothesline+1","Warcry","Armaments"],"picked":"Searing Blow+1","floor":52},{"not_picked":["Flex","Power Through","Battle Trance"],"picked":"Disarm","floor":53},{"not_picked":["Anger+1","Sword Boomerang+1","Headbutt+1"],"picked":"Intimidate","floor":57},{"not_picked":["Iron Wave+1","Uppercut+1","Havoc"],"picked":"Burning Pact","floor":62},{"not_picked":["Blood for Blood+1","Headbutt+1","Armaments"],"picked":"Disarm","floor":64}],"player_experience":79015,"relics_obtained":[{"floor":6,"key":"Tiny Chest"},{"floor":8,"key":"CeramicFish"},{"floor":9,"key":"InkBottle"},{"floor":13,"key":"MawBank"},{"floor":18,"key":"Eternal Feather"},{"floor":18,"key":"Red Skull"},{"floor":18,"key":"D6"},{"floor":18,"key":"NineVolt"},{"floor":18,"key":"Eternal Feather"},{"floor":18,"key":"Red Skull"},{"floor":18,"key":"D6"},{"floor":18,"key":"NineVolt"},{"floor":18,"key":"Toy Ornithopter"},{"floor":18,"key":"Strawberry"},{"floor":21,"key":"HornCleat"},{"floor":23,"key":"Magic Flower"},{"floor":24,"key":"Red Mask"},{"floor":25,"key":"BlankCard"},{"floor":26,"key":"Blue Candle"},{"floor":27,"key":"Happy Flower"},{"floor":28,"key":"Juzu Bracelet"},{"floor":29,"key":"Omamori"},{"floor":30,"key":"Leech"},{"floor":36,"key":"PokeGo"},{"floor":38,"key":"Question Card"},{"floor":40,"key":"Oddly Smooth Stone"},{"floor":43,"key":"Molten Egg 2"},{"floor":47,"key":"Meat on the Bone"},{"floor":48,"key":"Incense Burner"},{"floor":53,"key":"Odd Mushroom"},{"floor":60,"key":"Gremlin Horn"},{"floor":62,"key":"Orichalcum"}],"event_choices":[{"damage_healed":0,"gold_gain":75,"player_choice":"Gather Gold","damage_taken":11,"max_hp_gain":0,"max_hp_loss":0,"event_name":"World of Goop","floor":2,"gold_loss":0},{"damage_healed":0,"gold_gain":0,"player_choice":"Grow","damage_taken":0,"max_hp_gain":0,"max_hp_loss":0,"event_name":"Living Wall","floor":4,"gold_loss":0,"cards_upgraded":["DoctorFetus"]},{"damage_healed":20,"gold_gain":0,"player_choice":"Healed","damage_taken":0,"max_hp_gain":0,"max_hp_loss":0,"event_name":"The Cleric","floor":10,"gold_loss":35},{"cards_removed":["Defend_R"],"damage_healed":0,"gold_gain":0,"player_choice":"Gave Gold","damage_taken":0,"max_hp_gain":0,"max_hp_loss":0,"event_name":"Beggar","floor":19,"gold_loss":75},{"cards_removed":["Defend_R"],"damage_healed":0,"gold_gain":0,"player_choice":"Elegance","damage_taken":0,"max_hp_gain":0,"max_hp_loss":0,"event_name":"Back to Basics","floor":22,"gold_loss":0},{"damage_healed":0,"gold_gain":0,"player_choice":"Fought Bandits","damage_taken":0,"max_hp_gain":0,"max_hp_loss":0,"event_name":"Masked Bandits","floor":24,"gold_loss":0},{"damage_healed":0,"gold_gain":0,"player_choice":"3 cards matched","damage_taken":0,"max_hp_gain":0,"max_hp_loss":0,"event_name":"Match and Keep!","floor":44,"gold_loss":0,"cards_obtained":["Thunderclap","Good Instincts","Infernal Blade"]},{"damage_healed":0,"gold_gain":0,"player_choice":"Fight","damage_taken":0,"max_hp_gain":0,"max_hp_loss":0,"event_name":"Mysterious Sphere","floor":48,"gold_loss":0},{"damage_healed":0,"gold_gain":0,"player_choice":"Fought Mushrooms","damage_taken":0,"max_hp_gain":0,"max_hp_loss":0,"event_name":"Mushrooms","floor":53,"gold_loss":0},{"damage_healed":0,"gold_gain":0,"player_choice":"Grow","damage_taken":0,"max_hp_gain":0,"max_hp_loss":0,"event_name":"Living Wall","floor":54,"gold_loss":0,"cards_upgraded":["Magnetism"]},{"damage_healed":0,"gold_gain":0,"player_choice":"Ignored","damage_taken":0,"max_hp_gain":0,"max_hp_loss":0,"event_name":"Liars Game","floor":55,"gold_loss":0},{"damage_healed":0,"gold_gain":0,"player_choice":"Take Damage","damage_taken":94,"relics_obtained":["Golden Idol"],"max_hp_gain":0,"max_hp_loss":0,"event_name":"Golden Idol","floor":56,"gold_loss":0},{"damage_healed":0,"gold_gain":0,"player_choice":"Box","damage_taken":0,"relics_obtained":["Smiling Mask"],"max_hp_gain":0,"max_hp_loss":0,"event_name":"Big Fish","floor":58,"gold_loss":0,"cards_obtained":["Regret"]},{"damage_healed":0,"gold_gain":0,"player_choice":"Searched \u00271\u0027 times","damage_taken":0,"max_hp_gain":0,"max_hp_loss":0,"event_name":"Dead Adventurer","floor":62,"gold_loss":0},{"damage_healed":0,"gold_gain":75,"player_choice":"Gather Gold","damage_taken":11,"max_hp_gain":0,"max_hp_loss":0,"event_name":"World of Goop","floor":63,"gold_loss":0}],"is_beta":false,"boss_relics":[{"not_picked":["Cursed Key","ChampionBelt"],"picked":"MagicMushroom"},{"not_picked":[]},{"not_picked":["Runic Pyramid","Fusion Hammer"],"picked":"Mark of Pain"},{"not_picked":[]},{"not_picked":["SlaversCollar","Busted Crown"],"picked":"Black Star"},{"not_picked":[]}],"items_purged_floors":[7,34,39,42,51,65],"is_endless":true,"potions_floor_spawned":[1,11,13,14,18,23,24,28,45,48,53,64],"killed_by":"Delirium","ascension_level":0}}