{"host":"oiai0qxasotny765","time":1610194746,"event":{"mods":["2.2 Compatiblity","AchievementEnabler","BaseMod","Colored Map","Minty Spire (QoL Compilation)","Permanent Neow","Relic Stats","StSLib","SuperFastMode","everything is the same but u backflip on backflip"],"gold_per_floor":[116,131,147,72,88,88,118,118,418,432,432,254,267,267,267,342,342,356,371,81,81,81],"floor_reached":21,"playtime":617,"items_purged":["Doubt","Strike_R","Strike_R"],"score":344,"play_id":"95e62dab-3d14-4cf4-83be-f9b9875e1179","local_time":"20210109211906","is_ascension_mode":true,"campfire_choices":[{"data":"Rampage","floor":6.0,"key":"SMITH"},{"data":"Uppercut","floor":8.0,"key":"SMITH"},{"data":"Shrug It Off","floor":11.0,"key":"SMITH"},{"data":"Havoc","floor":15.0,"key":"SMITH"}],"circlet_count":0,"master_deck":["AscendersBane","Strike_R","Strike_R","Defend_R","Defend_R","Defend_R","Defend_R","Bash","Rampage+1","Shrug It Off+1","Uppercut+1","Evolve","Offering","Havoc+1","Fiend Fire","Fire Breathing","Second Wind"],"relics":["Burning Blood","Turnip","Girya","Old Coin","SlaversCollar"],"acts_visited":["Exordium","TheCity"],"potions_floor_usage":[16,21],"damage_taken":[{"damage":13.0,"enemies":"Jaw Worm","floor":1.0,"turns":7.0},{"damage":6.0,"enemies":"Cultist","floor":2.0,"turns":3.0},{"damage":2.0,"enemies":"2 Louse","floor":3.0,"turns":3.0},{"damage":3.0,"enemies":"Blue Slaver","floor":5.0,"turns":5.0},{"damage":32.0,"enemies":"Gremlin Nob","floor":7.0,"turns":4.0},{"damage":17.0,"enemies":"Gremlin Gang","floor":10.0,"turns":7.0},{"damage":9.0,"enemies":"Looter","floor":13.0,"turns":4.0},{"damage":19,"enemies":"The Guardian","floor":16,"turns":10},{"damage":10,"enemies":"Chosen","floor":18,"turns":3},{"damage":36,"enemies":"3 Byrds","floor":19,"turns":7},{"damage":33,"enemies":"Snecko","floor":21,"turns":4}],"seed_played":"7089805697634893023","potions_obtained":[{"floor":2.0,"key":"LiquidMemories"},{"floor":5.0,"key":"LiquidBronze"},{"floor":10.0,"key":"Block Potion"},{"floor":18,"key":"BlessingOfTheForge"},{"floor":19,"key":"Dexterity Potion"}],"is_trial":false,"path_per_floor":["M","M","M","$","M","R","E","R","T","M","R","$","M","?","R","B",null,"M","M","$","M"],"character_chosen":"IRONCLAD","items_purchased":["Evolve","Fire Breathing","Second Wind"],"campfire_rested":0,"item_purchase_floors":[12,20,20],"current_hp_per_floor":[61,61,65,65,68,68,42,42,42,31,31,31,28,28,28,15,60,56,26,26,0,0],"gold":81,"neow_bonus":"ONE_RARE_RELIC","is_daily":false,"chose_seed":false,"campfire_upgraded":4,"win_rate":0.0,"timestamp":1610194746,"path_taken":["M","M","M","$","M","R","E","R","T","M","R","$","M","?","R","BOSS","M","M","$","M"],"items_purchased_type":["Card","Card","Card"],"build_version":"2020-12-22","purchased_purges":3,"victory":false,"max_hp_per_floor":[75,75,75,75,75,75,75,75,75,75,75,75,75,75,75,75,75,75,75,75,75,75],"relic_stats":{"counters":[11,57],"Turnip":[5],"obtain_stats":[{"Girya":7,"SlaversCollar":17,"Turnip":0,"Burning Blood":0,"Old Coin":9},{"Girya":5,"SlaversCollar":8,"Turnip":0,"Burning Blood":0,"Old Coin":5},{"Girya":22,"SlaversCollar":43,"Turnip":0,"Burning Blood":0,"Old Coin":22}],"Burning Blood":60},"card_choices":[{"not_picked":["Warcry","Thunderclap"],"picked":"Rampage","floor":1.0},{"not_picked":["Sword Boomerang","Sever Soul","Anger"],"picked":"SKIP","floor":2.0},{"not_picked":["Pommel Strike","Clothesline"],"picked":"Shrug It Off","floor":3.0},{"not_picked":["Iron Wave","Spot Weakness","Dropkick"],"picked":"SKIP","floor":5.0},{"not_picked":["Fire Breathing","Perfected Strike"],"picked":"Uppercut","floor":7.0},{"not_picked":["Inflame","Pummel","Sword Boomerang"],"picked":"SKIP","floor":10.0},{"not_picked":["Dual Wield","Spot Weakness"],"picked":"Offering","floor":13.0},{"not_picked":["Impervious","Juggernaut"],"picked":"Fiend Fire","floor":16},{"not_picked":["Clothesline","Hemokinesis","Entrench"],"picked":"SKIP","floor":18},{"not_picked":["Heavy Blade","Thunderclap+1","Perfected Strike+1"],"picked":"SKIP","floor":19}],"player_experience":314469,"relics_obtained":[{"floor":7.0,"key":"Girya"},{"floor":9.0,"key":"Old Coin"}],"event_choices":[{"damage_healed":0.0,"max_hp_gain":0.0,"max_hp_loss":0.0,"gold_gain":0.0,"cards_transformed":["Strike_R"],"event_name":"Transmorgrifier","player_choice":"Transformed","floor":14.0,"gold_loss":0.0,"damage_taken":0.0,"cards_obtained":["Havoc"]}],"is_beta":false,"boss_relics":[{"not_picked":["Black Star","Runic Cube"],"picked":"SlaversCollar"}],"items_purged_floors":[4,12,20],"is_endless":false,"potions_floor_spawned":[2,5,10,13,18,19],"killed_by":"Snecko","ascension_level":18}}