{"host":"qgrlfjrqk9z96gfi","time":1610214992,"event":{"mods":["BaseMod","Block Reminder","Colored Map","DeckTracker","Minty Spire (QoL Compilation)"],"gold_per_floor":[119,119,119,135,18,18,53,69,96,111,145,161,161,72,72,72,72],"floor_reached":16,"playtime":401,"items_purged":[],"score":270,"play_id":"1bc5a8e3-97c8-409e-b937-ec97be2bbf01","local_time":"20210109075632","is_ascension_mode":true,"campfire_choices":[{"data":"Night Terror","floor":6.0,"key":"SMITH"},{"floor":13.0,"key":"REST"},{"floor":15.0,"key":"REST"}],"circlet_count":0,"master_deck":["AscendersBane","Strike_G","Strike_G","Strike_G","Strike_G","Strike_G","Defend_G","Defend_G","Defend_G","Defend_G","Defend_G","Survivor","Neutralize","Endless Agony","All Out Attack","Night Terror+1","Poisoned Stab","PiercingWail","Accuracy","Blade Dance","Quick Slash","Dash","Infinite Blades"],"relics":["Ring of the Snake","NeowsBlessing","Potion Belt","Pen Nib","PreservedInsect"],"acts_visited":["Exordium"],"potions_floor_usage":[16],"damage_taken":[{"damage":0.0,"enemies":"Small Slimes","floor":1.0,"turns":1.0},{"damage":0.0,"enemies":"Cultist","floor":4.0,"turns":1.0},{"damage":0.0,"enemies":"Gremlin Nob","floor":7.0,"turns":1.0},{"damage":12.0,"enemies":"Jaw Worm","floor":8.0,"turns":6.0},{"damage":18.0,"enemies":"3 Louse","floor":10.0,"turns":3.0},{"damage":22.0,"enemies":"3 Sentries","floor":11.0,"turns":6.0},{"damage":1.0,"enemies":"Looter","floor":12.0,"turns":3.0},{"damage":45,"enemies":"The Guardian","floor":16,"turns":12}],"seed_played":"-464691846077005009","potions_obtained":[{"floor":4.0,"key":"Explosive Potion"},{"floor":11.0,"key":"AttackPotion"}],"is_trial":false,"path_per_floor":["M","?","?","M","$","R","E","M","T","M","E","M","R","$","R","B"],"character_chosen":"THE_SILENT","items_purchased":["PiercingWail","Accuracy","Infinite Blades"],"campfire_rested":2,"item_purchase_floors":[5,5,14],"current_hp_per_floor":[59,59,59,59,59,59,59,47,47,29,7,6,25,25,44,0,0],"gold":72,"neow_bonus":"THREE_ENEMY_KILL","is_daily":false,"chose_seed":false,"campfire_upgraded":1,"win_rate":0.0,"timestamp":1610214992,"path_taken":["M","?","?","?","$","R","E","M","T","M","E","M","R","$","R","BOSS"],"items_purchased_type":["Card","Card","Card"],"build_version":"2020-12-22","purchased_purges":0,"victory":false,"max_hp_per_floor":[66,66,66,66,66,66,66,66,66,66,66,66,66,66,66,66,66],"card_choices":[{"not_picked":["Sucker Punch","Caltrops"],"picked":"Endless Agony","floor":1.0},{"not_picked":["Outmaneuver","Bane"],"picked":"Poisoned Stab","floor":4.0},{"not_picked":["Acrobatics","Bane","Outmaneuver"],"picked":"SKIP","floor":7.0},{"not_picked":["Masterful Stab","Tactician","Dagger Spray"],"picked":"SKIP","floor":8.0},{"not_picked":["Terror","Envenom"],"picked":"Blade Dance","floor":10.0},{"not_picked":["Catalyst","Escape Plan"],"picked":"Quick Slash","floor":11.0},{"not_picked":["Dagger Spray","Flying Knee"],"picked":"Dash","floor":12.0}],"player_experience":982508,"relics_obtained":[{"floor":7.0,"key":"Potion Belt"},{"floor":9.0,"key":"Pen Nib"},{"floor":11.0,"key":"PreservedInsect"}],"event_choices":[{"damage_healed":0.0,"max_hp_gain":0.0,"max_hp_loss":0.0,"gold_gain":0.0,"event_name":"The Cleric","player_choice":"Leave","floor":2.0,"gold_loss":0.0,"damage_taken":0.0},{"damage_healed":0.0,"max_hp_gain":0.0,"max_hp_loss":0.0,"gold_gain":0.0,"event_name":"Match and Keep!","player_choice":"2 cards matched","floor":3.0,"gold_loss":0.0,"damage_taken":0.0,"cards_obtained":["All Out Attack","Night Terror"]}],"is_beta":false,"boss_relics":[],"items_purged_floors":[],"is_endless":false,"potions_floor_spawned":[4,11],"killed_by":"The Guardian","ascension_level":20}}