{"host":"ayh4nqhr0ddw4ozv","time":1610170917,"event":{"mods":["BaseMod","Minty Spire (QoL Compilation)","Relic Stats","Replay The Spire","Robot Space Explorer","StSLib"],"gold_per_floor":[119,69,79,122,139,139,167,167,190,214,247,247,247,291,291,299,299],"floor_reached":16,"playtime":756,"items_purged":[],"score":171,"play_id":"264653c1-7869-4b56-8299-7151db6eafe2","local_time":"20210108214157","is_ascension_mode":true,"campfire_choices":[{"data":"ReplayGash","floor":6,"key":"SMITH"},{"floor":8,"key":"REST"},{"floor":13,"key":"REST"},{"floor":15,"key":"REST"}],"circlet_count":0,"master_deck":["AscendersBane","Strike_B","Strike_B","Strike_B+1","Defend_B","Defend_B","Defend_B","Defend_B","Zap","Dualcast","Streamline","Compile Driver+1","ReplayGash+1","Hologram","Recycle","Reboot","ReplayTheSpireMod:Fabricate Wheel"],"relics":["Cracked Core","Gambling Chip","Replay:Bandana","Orichalcum","CeramicFish"],"acts_visited":["Exordium"],"potions_floor_usage":[7,11,14],"damage_taken":[{"damage":7,"enemies":"Jaw Worm","floor":1,"turns":3},{"damage":7,"enemies":"Small Slimes","floor":3,"turns":3},{"damage":0,"enemies":"2 Louse","floor":5,"turns":2},{"damage":20,"enemies":"Lagavulin","floor":7,"turns":7},{"damage":0,"enemies":"2 Fungi Beasts","floor":10,"turns":4},{"damage":8,"enemies":"Gremlin Gang","floor":11,"turns":6},{"damage":19,"enemies":"3 Sentries","floor":14,"turns":7},{"damage":30,"enemies":"The Guardian","floor":16,"turns":9}],"seed_played":"-5707878895513037063","potions_obtained":[{"floor":1,"key":"BlessingOfTheForge"},{"floor":5,"key":"SteroidPotion"},{"floor":7,"key":"EssenceOfSteel"}],"is_trial":false,"path_per_floor":["M","?","M","?","M","R","E","R","T","M","M","?","R","E","R","B"],"character_chosen":"DEFECT","items_purchased":[],"campfire_rested":3,"item_purchase_floors":[],"current_hp_per_floor":[61,61,54,24,24,24,4,26,26,26,18,3,25,6,28,0,0],"gold":299,"neow_bonus":"THREE_CARDS","is_daily":false,"chose_seed":false,"campfire_upgraded":1,"win_rate":0.0,"timestamp":1610170917,"path_taken":["M","?","M","?","M","R","E","R","T","M","M","?","R","E","R","BOSS"],"items_purchased_type":[],"build_version":"2020-12-22","purchased_purges":0,"victory":false,"max_hp_per_floor":[75,75,75,75,75,75,75,75,75,75,75,75,75,75,75,75,75],"relic_stats":{"counters":[8,41],"Gambling Chip":[21],"CeramicFish":9,"Orichalcum":[72],"obtain_stats":[{"Replay:Bandana":7,"Gambling Chip":4,"CeramicFish":14,"Orichalcum":9,"Cracked Core":0},{"Replay:Bandana":4,"Gambling Chip":2,"CeramicFish":7,"Orichalcum":4,"Cracked Core":0},{"Replay:Bandana":15,"Gambling Chip":6,"CeramicFish":32,"Orichalcum":15,"Cracked Core":0}]},"card_choices":[{"not_picked":["Crystallizer","Panic Button"],"picked":"Streamline","floor":0},{"not_picked":["Redo","Double Energy"],"picked":"Compile Driver","floor":1},{"not_picked":["Redo","BootSequence"],"picked":"ReplayGash","floor":3},{"not_picked":["Ball Lightning","Conserve Battery"],"picked":"Hologram","floor":4},{"not_picked":["Self Repair","Ball Lightning"],"picked":"Recycle","floor":5},{"not_picked":["Tempest","Streamline"],"picked":"Reboot","floor":7},{"not_picked":["Stack","Heatsinks","Melter"],"picked":"SKIP","floor":10},{"not_picked":["Sweeping Beam","Chill","Hologram"],"picked":"SKIP","floor":11},{"not_picked":["Darkness","Tempest"],"picked":"ReplayTheSpireMod:Fabricate Wheel","floor":14}],"player_experience":311527,"relics_obtained":[{"floor":4,"key":"Gambling Chip"},{"floor":7,"key":"Replay:Bandana"},{"floor":9,"key":"Orichalcum"},{"floor":14,"key":"CeramicFish"}],"event_choices":[{"cards_removed":["Strike_B"],"damage_healed":0,"gold_gain":0,"player_choice":"Card Removal","damage_taken":0,"max_hp_gain":0,"max_hp_loss":0,"event_name":"The Cleric","floor":2,"gold_loss":50},{"damage_healed":0,"gold_gain":0,"player_choice":"Entered Light","damage_taken":15,"max_hp_gain":0,"max_hp_loss":0,"event_name":"Shining Light","floor":12,"gold_loss":0,"cards_upgraded":["Strike_B","Compile Driver"]}],"is_beta":false,"boss_relics":[],"items_purged_floors":[],"is_endless":false,"potions_floor_spawned":[1,5,7],"killed_by":"The Guardian","ascension_level":11}}