{"host":"cs4mnqnj3e1ejebq","time":1610190246,"event":{"mods":["BaseMod","Hermit","Minty Spire (QoL Compilation)","StSLib","The Runesmith"],"gold_per_floor":[14,14,14,35,35,35,35,35],"floor_reached":7,"playtime":184,"items_purged":[],"score":55,"play_id":"7ee4560c-1f82-4083-a6df-d8df6ab6587b","local_time":"20210109200406","is_ascension_mode":true,"campfire_choices":[{"data":"Limit Break","floor":6,"key":"SMITH"}],"circlet_count":0,"master_deck":["Strike_R","Strike_R","Strike_R","Strike_R","Defend_R","Defend_R","Defend_R","Defend_R","Bash","Limit Break+1","Searing Blow","Decay"],"relics":["Burning Blood","Golden Idol"],"acts_visited":["Exordium"],"potions_floor_usage":[7],"damage_taken":[{"damage":3.0,"enemies":"Jaw Worm","floor":1.0,"turns":5.0},{"damage":3.0,"enemies":"Small Slimes","floor":4.0,"turns":5.0},{"damage":58,"enemies":"Lagavulin","floor":7,"turns":8}],"seed_played":"789676735676024225","potions_obtained":[{"floor":1.0,"key":"Swift Potion"},{"floor":4.0,"key":"SkillPotion"}],"is_trial":false,"path_per_floor":["M","?","?","M","?","R","E"],"character_chosen":"IRONCLAD","items_purchased":[],"campfire_rested":0,"item_purchase_floors":[],"current_hp_per_floor":[75,55,48,51,51,51,0,0],"gold":35,"neow_bonus":"THREE_RARE_CARDS","is_daily":false,"chose_seed":false,"campfire_upgraded":1,"win_rate":0.0,"timestamp":1610190246,"path_taken":["M","?","?","M","?","R","E"],"items_purchased_type":[],"build_version":"2020-12-22","purchased_purges":0,"victory":false,"max_hp_per_floor":[80,80,80,80,80,80,80,80],"card_choices":[{"not_picked":["Berserk","Brutality"],"picked":"Limit Break","floor":0.0},{"not_picked":["Twin Strike","Second Wind"],"picked":"Searing Blow","floor":1.0},{"not_picked":["Flame Barrier","Sentinel","Ghostly Armor"],"picked":"SKIP","floor":4.0}],"player_experience":213215,"relics_obtained":[],"event_choices":[{"damage_healed":0.0,"max_hp_gain":0.0,"max_hp_loss":0.0,"gold_gain":0.0,"event_name":"Golden Idol","player_choice":"Take Damage","floor":2.0,"gold_loss":0.0,"damage_taken":20.0,"relics_obtained":["Golden Idol"]},{"cards_removed":["Strike_R"],"damage_healed":0.0,"max_hp_gain":0.0,"max_hp_loss":0.0,"gold_gain":0.0,"event_name":"Golden Wing","player_choice":"Card Removal","floor":3.0,"gold_loss":0.0,"damage_taken":7.0},{"damage_healed":0,"gold_gain":0,"player_choice":"Cursed","damage_taken":0,"max_hp_gain":0,"max_hp_loss":0,"event_name":"Wheel of Change","floor":5,"gold_loss":0,"cards_obtained":["Decay"]}],"is_beta":false,"boss_relics":[],"items_purged_floors":[],"is_endless":false,"potions_floor_spawned":[1,4],"killed_by":"Lagavulin","ascension_level":8}}