{"host":"98ajcw3do3zsggh8","time":1610158271,"event":{"mods":["BaseMod","Minty Spire (QoL Compilation)","Replay The Spire","StSLib"],"gold_per_floor":[117,128,146,162,7,39,54,54,54],"floor_reached":8,"playtime":237,"items_purged":[],"score":66,"play_id":"e9cd1085-c57e-456a-8d9c-37632c309669","local_time":"20210109031111","is_ascension_mode":true,"campfire_choices":[],"circlet_count":0,"master_deck":["Strike_G","Strike_G","Strike_G","Strike_G","Strike_G","Defend_G","Defend_G","Defend_G","Defend_G","Defend_G","Survivor","Neutralize","Bouncing Flask","Dagger Spray","Deadly Poison","Envenom"],"relics":["Ring of the Snake","NeowsBlessing","Membership Card","Lantern"],"acts_visited":["Exordium"],"potions_floor_usage":[6,6],"damage_taken":[{"damage":0,"enemies":"Cultist","floor":1,"turns":1},{"damage":0,"enemies":"Jaw Worm","floor":2,"turns":1},{"damage":8,"enemies":"2 Louse","floor":3,"turns":2},{"damage":14,"enemies":"Large Slime","floor":4,"turns":6},{"damage":25,"enemies":"3 Sentries","floor":6,"turns":6},{"damage":6,"enemies":"3 Louse","floor":7,"turns":3},{"damage":25,"enemies":"Gremlin Nob","floor":8,"turns":3}],"seed_played":"1567274455483912745","potions_obtained":[{"floor":1,"key":"ColorlessPotion"},{"floor":4,"key":"ColorlessPotion"}],"is_trial":false,"path_per_floor":["M","M","M","M","$","E","M","E"],"character_chosen":"THE_SILENT","items_purchased":["Membership Card"],"campfire_rested":0,"item_purchase_floors":[5],"current_hp_per_floor":[70,70,62,48,48,23,17,0,0],"gold":54,"neow_bonus":"THREE_ENEMY_KILL","is_daily":false,"chose_seed":false,"campfire_upgraded":0,"win_rate":0.0,"timestamp":1610158271,"path_taken":["M","M","M","M","$","E","M","E"],"items_purchased_type":["Relic"],"build_version":"2020-12-22","purchased_purges":0,"victory":false,"max_hp_per_floor":[70,70,70,70,70,70,70,70,70],"card_choices":[{"not_picked":["ReplayTheSpireMod:Speed Training","Quick Slash"],"picked":"Bouncing Flask","floor":1},{"not_picked":["Slice","Choke"],"picked":"Dagger Spray","floor":2},{"not_picked":["Dagger Spray","Flying Knee","Cloak And Dagger"],"picked":"SKIP","floor":3},{"not_picked":["Dagger Throw","Prepared"],"picked":"Deadly Poison","floor":4},{"not_picked":["Caltrops","Dagger Spray"],"picked":"Envenom","floor":6},{"not_picked":["Dodge and Roll","Deadly Poison","Calculated Gamble"],"picked":"SKIP","floor":7}],"player_experience":323866,"relics_obtained":[{"floor":6,"key":"Lantern"}],"event_choices":[],"is_beta":false,"boss_relics":[],"items_purged_floors":[],"is_endless":false,"potions_floor_spawned":[1,4],"killed_by":"Gremlin Nob","ascension_level":2}}