{"host":"61xbmbtf5zrn7rzc","time":1610173385,"event":{"mods":["BaseMod","Challenge The Spire","Downfall","Hubris","Minty Spire (QoL Compilation)","Replay The Spire","StSLib","SuperFastMode","The Marked"],"gold_per_floor":[0,20,33,22,22,39,39,24,44,56,56,76,93,93,93,93],"floor_reached":14,"playtime":6257,"items_purged":["hubris:Disease"],"score":97,"play_id":"85b3f999-55ab-4a6e-8f54-8f4b2eb90b6b","local_time":"20210109012305","is_ascension_mode":true,"campfire_choices":[{"floor":1,"key":"RECALL"},{"data":"Guardian:FloatingOrbs","floor":11,"key":"SMITH"}],"circlet_count":0,"master_deck":["Guardian:Strike_Guardian","Guardian:Defend_Guardian","Guardian:Defend_Guardian","Guardian:Defend_Guardian","Guardian:Defend_Guardian","Guardian:CurlUp","Guardian:TwinSlam","Guardian:FloatingOrbs+1","Guardian:PrismaticBarrier","Guardian:GuardianWhirl","Guardian:PrismaticBeam","Guardian:ChargeUp"],"relics":["Guardian:ModeShifter","ReplayTheSpireMod:CursedCoin"],"acts_visited":["Exordium"],"potions_floor_usage":[9,13],"damage_taken":[{"damage":2,"enemies":"Jaw Worm","floor":2,"turns":4},{"damage":0,"enemies":"Cultist","floor":3,"turns":4},{"damage":0,"enemies":"downfall:FleeingMerchant","floor":4,"turns":4},{"damage":0,"enemies":"2 Louse","floor":6,"turns":6},{"damage":0,"enemies":"downfall:FleeingMerchant","floor":8,"turns":4},{"damage":22,"enemies":"Gremlin Gang","floor":9,"turns":7},{"damage":10,"enemies":"Exordium Thugs","floor":10,"turns":8},{"damage":5,"enemies":"3 Louse","floor":12,"turns":6},{"damage":5,"enemies":"Red Slaver","floor":13,"turns":3},{"damage":79,"enemies":"Lagavulin","floor":14,"turns":14}],"seed_played":"7830638196468180516","potions_obtained":[{"floor":2,"key":"Weak Potion"},{"floor":9,"key":"FairyPotion"},{"floor":10,"key":"Adrenaline Potion"}],"is_trial":false,"path_per_floor":["R","M","M","$","?","M","T","$","M","M","R","M","M","E"],"character_chosen":"GUARDIAN","items_purchased":["ReplayTheSpireMod:CursedCoin","Guardian:Gem_Fragmented"],"campfire_rested":0,"item_purchase_floors":[4,4],"current_hp_per_floor":[80,78,78,78,78,78,78,78,56,46,46,41,36,0,0,0],"gold":93,"neow_bonus":"REMOVE_TWO","is_daily":false,"chose_seed":false,"campfire_upgraded":1,"win_rate":0.0,"timestamp":1610173385,"path_taken":["R","M","M","$","?","M","T","$","M","?","R","M","M","E"],"items_purchased_type":["Relic","Card"],"build_version":"2020-12-22","purchased_purges":1,"victory":false,"max_hp_per_floor":[80,80,80,80,80,80,80,80,80,80,80,80,80,80,80,80],"card_choices":[{"not_picked":["Guardian:CrystalBeam","Guardian:TemporalShield"],"picked":"Guardian:FloatingOrbs","floor":2},{"not_picked":["Guardian:Reroute","Guardian:RollAttack"],"picked":"Guardian:PrismaticBarrier","floor":3},{"not_picked":["Guardian:MultiBeam","Guardian:Planning"],"picked":"Guardian:Gem_Cyan","floor":4},{"not_picked":["Guardian:Gem_Lightblue","Guardian:Gem_Yellow"],"picked":"Guardian:GuardianWhirl","floor":6},{"not_picked":["Guardian:CrystalBeam","Guardian:Gem_Lightblue"],"picked":"Guardian:Gem_Red","floor":8},{"not_picked":["Guardian:Reroute","Guardian:ShieldSpikes"],"picked":"Guardian:Gem_Cyan","floor":9},{"not_picked":["Guardian:ChargeCore","Guardian:Gem_Green"],"picked":"Guardian:PrismaticBeam","floor":10},{"not_picked":["Guardian:ShieldCharger","Guardian:TemporalShield"],"picked":"Guardian:ChargeUp","floor":12},{"not_picked":["Guardian:TimeCapacitor","Guardian:Suspension","Guardian:VentSteam"],"picked":"SKIP","floor":13}],"player_experience":167186,"relics_obtained":[],"event_choices":[{"cards_removed":["Guardian:Strike_Guardian"],"damage_healed":0,"gold_gain":0,"player_choice":"Offered Basic","damage_taken":0,"max_hp_gain":0,"max_hp_loss":0,"event_name":"Bonfire Elementals","floor":5,"gold_loss":0}],"is_beta":false,"boss_relics":[],"items_purged_floors":[4],"is_endless":false,"potions_floor_spawned":[2,9,10],"killed_by":"Lagavulin","ascension_level":3}}