{"host":"3jjxuhjpio8e4zkv","time":1610220565,"event":{"mods":["BaseMod","Colored Map","Highlight Path","Minty Spire (QoL Compilation)","Permanent Neow","Relic Stats","StSLib"],"gold_per_floor":[110,127,127,146,146,146,146,174,174,174,187,217,230,247,247,321,321,333,352,58,76,93,93,143,172,172,190,190,140,140,158,158,232,232,252,262,39,39,55,87,87,114,151,163,193,222,251,273,285,297,309],"floor_reached":52,"playtime":3907,"items_purged":["Strike_G"],"score":1846,"play_id":"a5224c66-980f-44d8-ac6d-7e95ab597ffc","local_time":"20210109142925","is_ascension_mode":true,"campfire_choices":[{"data":"Envenom","floor":6,"key":"SMITH"},{"floor":10,"key":"REST"},{"data":"Bane","floor":15,"key":"SMITH"},{"floor":23,"key":"REST"},{"data":"Footwork","floor":28,"key":"SMITH"},{"data":"Noxious Fumes","floor":30,"key":"SMITH"},{"data":"Malaise","floor":32,"key":"SMITH"},{"data":"Corpse Explosion","floor":41,"key":"SMITH"},{"data":"Neutralize","floor":44,"key":"SMITH"},{"data":"Endless Agony","floor":49,"key":"SMITH"}],"circlet_count":0,"master_deck":["AscendersBane","Strike_G+1","Strike_G","Strike_G+1","Defend_G","Defend_G","Defend_G","Defend_G","Defend_G","Survivor","Neutralize+1","Envenom+1","Bane+1","Endless Agony+1","Noxious Fumes+1","Footwork+1","PiercingWail","Well Laid Plans","Malaise+1","PiercingWail","Leg Sweep+1","Slice+1","Dagger Spray+1","Corpse Explosion+1","Cloak And Dagger+1","Dash+1","Blur","Blur","PiercingWail","Accuracy+1"],"relics":["Ring of the Snake","Pantograph","Mercury Hourglass","White Beast Statue","Whetstone","Runic Pyramid","Lantern","Omamori","Toy Ornithopter","SacredBark","Potion Belt","HornCleat","MawBank"],"acts_visited":["Exordium","TheCity","TheBeyond"],"potions_floor_usage":[8,16,21,21,25,27,31,33,33,38,40,42,42,42,45,50,50,50,51],"damage_taken":[{"damage":2,"enemies":"Small Slimes","floor":1,"turns":5},{"damage":2,"enemies":"2 Louse","floor":2,"turns":3},{"damage":0,"enemies":"Cultist","floor":4,"turns":4},{"damage":25,"enemies":"Gremlin Nob","floor":8,"turns":4},{"damage":0,"enemies":"Large Slime","floor":11,"turns":5},{"damage":23,"enemies":"Lagavulin","floor":12,"turns":7},{"damage":1,"enemies":"Lots of Slimes","floor":13,"turns":3},{"damage":0,"enemies":"Red Slaver","floor":14,"turns":3},{"damage":6,"enemies":"Hexaghost","floor":16,"turns":8},{"damage":15,"enemies":"Shell Parasite","floor":18,"turns":8},{"damage":6,"enemies":"Chosen","floor":19,"turns":7},{"damage":19,"enemies":"3 Cultists","floor":21,"turns":6},{"damage":0,"enemies":"Shelled Parasite and Fungi","floor":22,"turns":8},{"damage":4,"enemies":"Gremlin Leader","floor":25,"turns":9},{"damage":14,"enemies":"Centurion and Healer","floor":27,"turns":8},{"damage":2,"enemies":"Snecko","floor":31,"turns":6},{"damage":34,"enemies":"Champ","floor":33,"turns":19},{"damage":8,"enemies":"3 Darklings","floor":35,"turns":4},{"damage":11,"enemies":"Orb Walker","floor":36,"turns":5},{"damage":0,"enemies":"4 Shapes","floor":39,"turns":4},{"damage":40,"enemies":"Nemesis","floor":40,"turns":9},{"damage":88,"enemies":"Giant Head","floor":42,"turns":11},{"damage":4,"enemies":"Writhing Mass","floor":45,"turns":11},{"damage":21,"enemies":"Maw","floor":46,"turns":10},{"damage":4,"enemies":"3 Darklings","floor":47,"turns":4},{"damage":12,"enemies":"Sphere and 2 Shapes","floor":48,"turns":6},{"damage":29,"enemies":"Donu and Deca","floor":50,"turns":10},{"damage":59,"enemies":"Time Eater","floor":51,"turns":17}],"seed_played":"1327065386096378158","potions_obtained":[{"floor":1,"key":"PowerPotion"},{"floor":2,"key":"Fire Potion"},{"floor":11,"key":"LiquidBronze"},{"floor":12,"key":"BlessingOfTheForge"},{"floor":13,"key":"Swift Potion"},{"floor":14,"key":"PowerPotion"},{"floor":16,"key":"BlessingOfTheForge"},{"floor":19,"key":"Fire Potion"},{"floor":21,"key":"ColorlessPotion"},{"floor":22,"key":"Swift Potion"},{"floor":25,"key":"FearPotion"},{"floor":27,"key":"DuplicationPotion"},{"floor":31,"key":"DistilledChaos"},{"floor":33,"key":"FairyPotion"},{"floor":35,"key":"PowerPotion"},{"floor":36,"key":"Poison Potion"},{"floor":38,"key":"Fruit Juice"},{"floor":38,"key":"SmokeBomb"},{"floor":39,"key":"SteroidPotion"},{"floor":40,"key":"Dexterity Potion"},{"floor":42,"key":"Regen Potion"},{"floor":45,"key":"Explosive Potion"},{"floor":46,"key":"Weak Potion"},{"floor":47,"key":"EssenceOfSteel"},{"floor":48,"key":"GhostInAJar"}],"is_trial":false,"path_per_floor":["M","M","?","M","?","R","?","E","T","R","M","E","M","M","R","B",null,"M","M","$","M","M","R","?","E","T","M","R","?","R","M","R","B",null,"M","M","$","?","M","E","R","E","T","R","M","M","M","M","R","B","B",null],"character_chosen":"THE_SILENT","items_purchased":["Lantern","PiercingWail","Potion Belt","Poison Potion"],"campfire_rested":2,"item_purchase_floors":[20,20,37,37],"current_hp_per_floor":[57,55,44,44,37,37,37,12,12,31,31,8,7,7,7,26,56,41,35,35,16,16,35,35,31,31,22,22,22,22,25,25,26,56,48,37,37,52,52,17,17,21,21,21,56,35,31,19,19,30,1],"gold":321,"neow_bonus":"ONE_RANDOM_RARE_CARD","is_daily":false,"chose_seed":false,"campfire_upgraded":8,"win_rate":0.0,"timestamp":1610220565,"path_taken":["M","M","?","M","?","R","?","E","T","R","M","E","M","M","R","BOSS","M","M","$","M","M","R","?","E","T","M","R","?","R","M","R","BOSS","M","?","$","?","?","E","R","E","T","R","M","M","M","M","R","BOSS","BOSS"],"items_purchased_type":["Relic","Card","Relic","Potion"],"build_version":"2020-12-22","purchased_purges":1,"victory":true,"max_hp_per_floor":[66,66,66,66,66,66,66,66,66,66,66,66,66,66,66,66,66,66,66,66,66,66,66,66,66,66,66,66,66,66,66,66,66,66,66,66,66,76,76,76,76,76,76,76,76,76,76,76,76,76,76],"relic_stats":{"counters":[28,203],"Pantograph":100,"Whetstone":["Strike_G","Strike_G"],"MawBank":120,"obtain_stats":[{"Potion Belt":37,"Lantern":20,"SacredBark":34,"Omamori":25,"Whetstone":12,"MawBank":42,"White Beast Statue":9,"Mercury Hourglass":8,"HornCleat":40,"Pantograph":3,"Toy Ornithopter":26,"Ring of the Snake":0,"Runic Pyramid":17},{"Potion Belt":19,"Lantern":11,"SacredBark":17,"Omamori":14,"Whetstone":6,"MawBank":22,"White Beast Statue":4,"Mercury Hourglass":4,"HornCleat":21,"Pantograph":2,"Toy Ornithopter":14,"Ring of the Snake":0,"Runic Pyramid":9},{"Potion Belt":122,"Lantern":57,"SacredBark":113,"Omamori":80,"Whetstone":28,"MawBank":145,"White Beast Statue":16,"Mercury Hourglass":16,"HornCleat":134,"Pantograph":8,"Toy Ornithopter":80,"Ring of the Snake":0,"Runic Pyramid":42}],"Toy Ornithopter":70,"Ring of the Snake":[57],"Mercury Hourglass":[564]},"card_choices":[{"not_picked":["Blur","Backflip"],"picked":"Bane","floor":1},{"not_picked":["Blur","Caltrops"],"picked":"Endless Agony","floor":2},{"not_picked":["Deadly Poison","Skewer"],"picked":"Noxious Fumes","floor":4},{"not_picked":["Dodge and Roll","Poisoned Stab"],"picked":"Footwork","floor":8},{"not_picked":["Riddle With Holes","Noxious Fumes"],"picked":"PiercingWail","floor":11},{"not_picked":["Riddle With Holes","Flying Knee","Deflect"],"picked":"SKIP","floor":12},{"not_picked":["Endless Agony","Escape Plan","Outmaneuver"],"picked":"SKIP","floor":13},{"not_picked":["Underhanded Strike","Outmaneuver"],"picked":"Well Laid Plans","floor":14},{"not_picked":["A Thousand Cuts","Glass Knife"],"picked":"Malaise","floor":16},{"not_picked":["Caltrops","Blade Dance","Dagger Throw"],"picked":"SKIP","floor":18},{"not_picked":["Backflip","Prepared","Footwork"],"picked":"SKIP","floor":19},{"not_picked":["Backflip","Prepared","Footwork"],"picked":"SKIP","floor":19},{"not_picked":["Slice","Backflip"],"picked":"Leg Sweep+1","floor":21},{"not_picked":["A Thousand Cuts","Flying Knee"],"picked":"Slice+1","floor":22},{"not_picked":["Leg Sweep","Backflip","Terror"],"picked":"SKIP","floor":25},{"not_picked":["Heel Hook","Sucker Punch"],"picked":"Dagger Spray+1","floor":27},{"not_picked":["Well Laid Plans","Bane","Underhanded Strike"],"picked":"SKIP","floor":31},{"not_picked":["Well Laid Plans","Bane","Underhanded Strike"],"picked":"SKIP","floor":31},{"not_picked":["Die Die Die","Bullet Time"],"picked":"Corpse Explosion","floor":33},{"not_picked":["Slice+1","Backflip","Sucker Punch+1"],"picked":"SKIP","floor":35},{"not_picked":["Deflect+1","Terror"],"picked":"Cloak And Dagger+1","floor":36},{"not_picked":["Noxious Fumes","Poisoned Stab+1","Underhanded Strike+1"],"picked":"SKIP","floor":39},{"not_picked":["Heel Hook","Deflect","Slice"],"picked":"SKIP","floor":40},{"not_picked":["Poisoned Stab+1","Unload"],"picked":"Dash+1","floor":42},{"not_picked":["Slice+1","Riddle With Holes"],"picked":"Blur","floor":45},{"not_picked":["Acrobatics","Cloak And Dagger+1"],"picked":"Blur","floor":46},{"not_picked":["Prepared","Underhanded Strike"],"picked":"PiercingWail","floor":47},{"not_picked":["PiercingWail","Deflect"],"picked":"Accuracy+1","floor":48}],"player_experience":1200924,"relics_obtained":[{"floor":8,"key":"Mercury Hourglass"},{"floor":9,"key":"White Beast Statue"},{"floor":12,"key":"Whetstone"},{"floor":25,"key":"Omamori"},{"floor":26,"key":"Toy Ornithopter"},{"floor":40,"key":"HornCleat"},{"floor":42,"key":"MawBank"}],"event_choices":[{"damage_healed":0,"gold_gain":0,"player_choice":"Success","damage_taken":11,"relics_obtained":["Pantograph"],"max_hp_gain":0,"max_hp_loss":0,"event_name":"Scrap Ooze","floor":3,"gold_loss":0},{"cards_removed":["Strike_G"],"damage_healed":0,"gold_gain":0,"player_choice":"Card Removal","damage_taken":7,"max_hp_gain":0,"max_hp_loss":0,"event_name":"Golden Wing","floor":5,"gold_loss":0},{"damage_healed":0,"gold_gain":0,"player_choice":"Ignored","damage_taken":0,"max_hp_gain":0,"max_hp_loss":0,"event_name":"Liars Game","floor":7,"gold_loss":0},{"damage_healed":0,"gold_gain":50,"player_choice":"Stole From Cult","damage_taken":0,"max_hp_gain":0,"max_hp_loss":0,"event_name":"Nest","floor":24,"gold_loss":0},{"damage_healed":0,"gold_gain":0,"player_choice":"Bet on Murderer","damage_taken":0,"max_hp_gain":0,"max_hp_loss":0,"event_name":"The Joust","floor":29,"gold_loss":50},{"damage_healed":0,"gold_gain":0,"player_choice":"Got Potions","damage_taken":0,"max_hp_gain":0,"max_hp_loss":0,"event_name":"Lab","floor":38,"gold_loss":0}],"is_beta":false,"boss_relics":[{"not_picked":["Runic Dome","Sozu"],"picked":"Runic Pyramid"},{"not_picked":["SlaversCollar","Philosopher\u0027s Stone"],"picked":"SacredBark"}],"items_purged_floors":[20],"is_endless":false,"potions_floor_spawned":[1,2,11,12,13,14,16,18,19,21,22,25,27,31,33,35,36,39,40,42,45,46,47,48],"ascension_level":20}}