{"host":"2c1pg2m9wpz3w4c0","time":1610224102,"event":{"mods":["AchievementEnabler","Act Like it!","Aspiration","BaseMod","Better Note","BetterRewards","Curses Come First","Disable Question Mark Monsters","Halation","Hubris","Infinite Spire","Lotus Mark","Marisa????????","Minty Spire (QoL Compilation)","Replay The Spire","StSLib","SuperFastMode","The Clintock","The Jungle","The Marked","The Runesmith","Transform Curses"],"gold_per_floor":[111,111,186,151,163,163,181,181,181,194,16,16,30,30,30],"floor_reached":14,"playtime":322,"items_purged":[],"score":80,"play_id":"f80bb4f7-0312-4ede-a171-ba329a3ec7aa","local_time":"20210109132822","is_ascension_mode":false,"campfire_choices":[{"data":"Runesmith:Fortify","floor":6,"key":"SMITH"},{"data":"Runesmith:GoWithTheFlow","floor":8,"key":"SMITH"},{"data":"Runesmith:Attraction","floor":12,"key":"SMITH"}],"circlet_count":0,"master_deck":["Runesmith:Strike_RS","Runesmith:Strike_RS","Runesmith:Strike_RS","Runesmith:Strike_RS","Runesmith:Defend_RS","Runesmith:Defend_RS","Runesmith:Defend_RS","Runesmith:Defend_RS","Runesmith:CraftFirestone","Runesmith:Fortify+1","Runesmith:EarthShield","Runesmith:CraftProtectio","Runesmith:Terraform","Runesmith:PerfectChisel","Runesmith:GoWithTheFlow+1","Runesmith:Attraction+1","Runesmith:LithiumIon+1","Runesmith:Retool"],"relics":["Runesmith:BrokenRuby","aspiration:FetidBarrel","Frozen Egg 2","halation:EternalFortune","Runesmith:Nanobots","Membership Card"],"acts_visited":["Exordium"],"potions_floor_usage":[13,14],"damage_taken":[{"damage":0,"enemies":"Small Slimes","floor":1,"turns":3},{"damage":0,"enemies":"2 Louse","floor":5,"turns":4},{"damage":0,"enemies":"Jaw Worm","floor":7,"turns":4},{"damage":0,"enemies":"Red Slaver","floor":10,"turns":6},{"damage":0,"enemies":"Blue Slaver","floor":13,"turns":4},{"damage":87,"enemies":"Gremlin Nob","floor":14,"turns":6}],"seed_played":"6541188307671937949","potions_obtained":[{"floor":1,"key":"GamblersBrew"},{"floor":7,"key":"Doom Potion"}],"is_trial":false,"path_per_floor":["M","?","?","?","M","R","M","R","T","M","$","R","M","E"],"character_chosen":"RUNESMITH_CLASS","items_purchased":["aspiration:FetidBarrel","Runesmith:EarthShield","Frozen Egg 2","Runesmith:CraftProtectio","Membership Card","Runesmith:LithiumIon+1"],"campfire_rested":0,"item_purchase_floors":[0,0,0,0,11,11],"current_hp_per_floor":[50,53,42,60,60,60,63,63,63,63,63,63,63,0,0],"gold":30,"neow_bonus":"","is_daily":false,"chose_seed":false,"campfire_upgraded":3,"win_rate":0.0,"timestamp":1610224102,"path_taken":["M","?","?","?","M","R","?","R","T","M","?","R","M","E"],"items_purchased_type":["Relic","Card","Relic","Card","Relic","Card"],"build_version":"2020-12-22","purchased_purges":0,"victory":false,"max_hp_per_floor":[70,73,73,73,73,73,76,76,76,76,76,76,76,76,76],"card_choices":[{"not_picked":["Runesmith:Grindstone","Runesmith:HammerThrow"],"picked":"Runesmith:Terraform","floor":1},{"not_picked":["Runesmith:Grindstone","Runesmith:FrozenChisel"],"picked":"Runesmith:PerfectChisel","floor":5},{"not_picked":["Runesmith:RunicBlueprint","Runesmith:Terraform"],"picked":"Runesmith:GoWithTheFlow","floor":7},{"not_picked":["Runesmith:Repurpose","Runesmith:BackupBattery"],"picked":"Runesmith:Attraction","floor":10},{"not_picked":["Runesmith:NegativeSpace","Runesmith:GenerateForcefield"],"picked":"Runesmith:Retool","floor":13}],"player_experience":1152800,"relics_obtained":[{"floor":7,"key":"halation:EternalFortune"},{"floor":9,"key":"Runesmith:Nanobots"}],"event_choices":[{"damage_healed":0,"gold_gain":75,"player_choice":"Gather Gold","damage_taken":11,"max_hp_gain":0,"max_hp_loss":0,"event_name":"World of Goop","floor":3,"gold_loss":0},{"damage_healed":18,"gold_gain":0,"player_choice":"Healed","damage_taken":0,"max_hp_gain":0,"max_hp_loss":0,"event_name":"The Cleric","floor":4,"gold_loss":35}],"is_beta":false,"boss_relics":[],"items_purged_floors":[],"is_endless":false,"potions_floor_spawned":[1,7],"killed_by":"Gremlin Nob","ascension_level":0}}