{"host":"14y9n3v2xxmmniak","time":1610214113,"event":{"mods":["Bartender","BaseMod","Colored Map","Colored Powertips","Dark Map","Dio Mod","Hero for Fun","Minty Spire (QoL Compilation)","Pikachu Mod","Rare Cards Sparkle","Relic Stats","SIMod","StSLib","The IronCluck","The Saiyan","The Vixen","The Wild Card"],"gold_per_floor":[16,16,28,43,60,92,103,135,160,160,172,172,189,202,202,298,298,317,331,346,361,372,405,405,423,448,465,475,493,493,493,493,593,593,603,618,630,648,0,30,30,42,67,78,92,22,53,64,64,64],"floor_reached":51,"playtime":1006,"items_purged":[],"score":1280,"play_id":"e1bba5b3-bd86-4b39-81d6-e27677b97327","local_time":"20210109114153","is_ascension_mode":false,"campfire_choices":[{"data":"Consecutive_Normal_Punch","floor":10,"key":"SMITH"},{"data":"Normal_Punch","floor":12,"key":"SMITH"},{"data":"Hip_Strike","floor":15,"key":"SMITH"},{"data":"Serious_Punch","floor":24,"key":"SMITH"},{"data":"Consecutive_Normal_Punch","floor":32,"key":"SMITH"},{"data":"Terrifying_Presence","floor":41,"key":"SMITH"},{"data":"Terrifying_Presence","floor":49,"key":"SMITH"}],"circlet_count":0,"master_deck":["Strike_Y","Strike_Y","Strike_Y","Strike_Y+1","Strike_Y","Defend_Y","Defend_Y","Defend_Y","Defend_Y","Defend_Y","Wear_Disguise","Ignore","Yawn","Normal_Punch+1","Consecutive_Normal_Punch+1","Side_Hop","Side_Hop+1","Normal_Punch+1","Hop+1","Hip_Strike+1","Serious_Side_Hops+1","Do_Nothing+1","Toss_Stone+1","Hop+1","Ignore+1","Serious_Punch+1","Do_Nothing+1","Consecutive_Normal_Punch+1","Normal_Punch","Consecutive_Normal_Punch+1","Wear_Disguise+1","Get_Hopes_Up+1","Wear_Disguise+1","Consecutive_Normal_Punch","Terrifying_Presence+1","Wear_Disguise","Terrifying_Presence+1","Hop+1","Do_Nothing+1","Toss_Stone","Serious_Side_Hops+1","Normal_Punch","Hop+1"],"relics":["Cape","Bottled Tornado","Toxic Egg 2","Potion Belt","Coffee Dripper","Strawberry","Whetstone","MarkOfWind","Orichalcum","Runic Dome","Red Mask","Nunchaku","Lantern","InkBottle"],"acts_visited":["Exordium","TheCity","TheBeyond"],"potions_floor_usage":[],"damage_taken":[{"damage":0,"enemies":"Cultist","floor":1,"turns":1},{"damage":0,"enemies":"Jaw Worm","floor":3,"turns":1},{"damage":0,"enemies":"2 Louse","floor":4,"turns":2},{"damage":0,"enemies":"Exordium Thugs","floor":5,"turns":3},{"damage":0,"enemies":"Lagavulin","floor":6,"turns":1},{"damage":0,"enemies":"Blue Slaver","floor":7,"turns":1},{"damage":0,"enemies":"Gremlin Nob","floor":8,"turns":2},{"damage":0,"enemies":"Looter","floor":11,"turns":1},{"damage":0,"enemies":"Red Slaver","floor":13,"turns":1},{"damage":0,"enemies":"Gremlin Gang","floor":14,"turns":3},{"damage":0,"enemies":"Hexaghost","floor":16,"turns":1},{"damage":0,"enemies":"Shell Parasite","floor":18,"turns":1},{"damage":0,"enemies":"3 Byrds","floor":19,"turns":2},{"damage":0,"enemies":"Shelled Parasite and Fungi","floor":20,"turns":1},{"damage":0,"enemies":"Snake Plant","floor":21,"turns":1},{"damage":0,"enemies":"Cultist and Chosen","floor":22,"turns":1},{"damage":0,"enemies":"Slavers","floor":23,"turns":2},{"damage":0,"enemies":"Centurion and Healer","floor":25,"turns":2},{"damage":0,"enemies":"Snake Plant","floor":27,"turns":1},{"damage":0,"enemies":"Shelled Parasite and Fungi","floor":28,"turns":1},{"damage":0,"enemies":"Centurion and Healer","floor":29,"turns":1},{"damage":0,"enemies":"Champ","floor":33,"turns":2},{"damage":0,"enemies":"3 Shapes","floor":35,"turns":2},{"damage":0,"enemies":"Orb Walker","floor":36,"turns":1},{"damage":0,"enemies":"Jaw Worm Horde","floor":37,"turns":3},{"damage":0,"enemies":"Writhing Mass","floor":38,"turns":1},{"damage":0,"enemies":"Giant Head","floor":40,"turns":1},{"damage":0,"enemies":"Maw","floor":42,"turns":1},{"damage":0,"enemies":"4 Shapes","floor":44,"turns":2},{"damage":0,"enemies":"Spire Growth","floor":45,"turns":1},{"damage":0,"enemies":"Reptomancer","floor":47,"turns":1},{"damage":0,"enemies":"Writhing Mass","floor":48,"turns":1},{"damage":0,"enemies":"Awakened One","floor":50,"turns":16}],"seed_played":"9067089878021487773","potions_obtained":[{"floor":3,"key":"DuplicationPotion"},{"floor":5,"key":"Fire Potion"},{"floor":11,"key":"BlessingOfTheForge"},{"floor":13,"key":"Energy Potion"},{"floor":14,"key":"Fire Potion"}],"is_trial":false,"path_per_floor":["M","$","M","M","M","E","M","E","T","R","M","R","M","M","R","B",null,"M","M","M","M","M","E","R","M","T","M","M","M","?","T","R","B",null,"M","M","M","M","?","E","R","M","T","M","M","$","E","M","R","B",null],"character_chosen":"OPM","items_purchased":["Serious_Side_Hops+1"],"campfire_rested":0,"item_purchase_floors":[46],"current_hp_per_floor":[1098,1098,1098,1098,1098,1098,1098,1098,1098,1098,1098,1098,1098,1098,1098,1098,1098,1098,1098,1098,1098,1098,1105,1105,1105,1105,1105,1105,1105,1105,1105,1105,1105,1105,1105,1105,1105,1105,1105,1105,1105,1105,1105,1105,1105,1105,1105,1105,1105,1105],"gold":64,"neow_bonus":"TEN_PERCENT_HP_BONUS","is_daily":false,"chose_seed":false,"campfire_upgraded":7,"win_rate":0.0,"timestamp":1610214113,"path_taken":["M","$","M","M","M","E","M","E","T","R","M","R","M","M","R","BOSS","M","M","M","M","M","E","R","M","T","M","?","M","?","?","R","BOSS","M","M","M","M","?","E","R","M","T","M","M","$","E","M","R","BOSS"],"items_purchased_type":["Card"],"build_version":"2020-12-22","purchased_purges":0,"victory":true,"max_hp_per_floor":[1098,1098,1098,1098,1098,1098,1098,1098,1098,1098,1098,1098,1098,1098,1098,1098,1098,1098,1098,1098,1098,1098,1105,1105,1105,1105,1105,1105,1105,1105,1105,1105,1105,1105,1105,1105,1105,1105,1105,1105,1105,1105,1105,1105,1105,1105,1105,1105,1105,1105],"relic_stats":{"Nunchaku":[1],"counters":[33,62],"Whetstone":["Strike_Y","Normal_Punch"],"Orichalcum":[84],"obtain_stats":[{"Potion Belt":9,"Lantern":43,"Whetstone":26,"Cape":0,"Bottled Tornado":6,"Orichalcum":31,"Runic Dome":34,"Nunchaku":40,"Strawberry":23,"MarkOfWind":30,"Coffee Dripper":17,"Red Mask":39,"Toxic Egg 2":8,"InkBottle":47},{"Potion Belt":7,"Lantern":28,"Whetstone":18,"Cape":0,"Bottled Tornado":5,"Orichalcum":21,"Runic Dome":22,"Nunchaku":27,"Strawberry":17,"MarkOfWind":21,"Coffee Dripper":11,"Red Mask":26,"Toxic Egg 2":7,"InkBottle":31},{"Potion Belt":11,"Lantern":41,"Whetstone":27,"Cape":0,"Bottled Tornado":8,"Orichalcum":30,"Runic Dome":32,"Nunchaku":40,"Strawberry":25,"MarkOfWind":30,"Coffee Dripper":17,"Red Mask":39,"Toxic Egg 2":11,"InkBottle":45}],"InkBottle":[1]},"card_choices":[{"not_picked":["Ignore","Normal_Punch"],"picked":"Wear_Disguise","floor":1},{"not_picked":["Side_Hop","Hop"],"picked":"Ignore","floor":3},{"not_picked":["Slap","Hop"],"picked":"Yawn","floor":4},{"not_picked":["Ignore","Hop"],"picked":"Normal_Punch","floor":5},{"not_picked":["Side_Hop","Yawn"],"picked":"Consecutive_Normal_Punch","floor":6},{"not_picked":["Ignore","Yawn"],"picked":"Side_Hop","floor":7},{"not_picked":["Wear_Disguise","Ignore+1"],"picked":"Side_Hop+1","floor":8},{"not_picked":["Ignore+1","Side_Hop+1"],"picked":"Normal_Punch","floor":11},{"not_picked":["Slap","Normal_Punch"],"picked":"Hop+1","floor":13},{"not_picked":["Slap","Toss_Stone"],"picked":"Hip_Strike","floor":14},{"not_picked":["Hip_Strike","Terrifying_Presence"],"picked":"Serious_Side_Hops+1","floor":16},{"not_picked":["Ignore+1","Normal_Punch"],"picked":"Do_Nothing+1","floor":18},{"not_picked":["Normal_Punch","Slap+1"],"picked":"Toss_Stone+1","floor":19},{"not_picked":["Normal_Punch","Slap+1"],"picked":"Hop+1","floor":20},{"not_picked":["Hop+1","Side_Hop+1"],"picked":"Ignore+1","floor":21},{"not_picked":["Wear_Disguise","Hop+1"],"picked":"Serious_Punch","floor":22},{"not_picked":["Ignore+1","Wear_Disguise"],"picked":"Do_Nothing+1","floor":23},{"not_picked":["Ignore+1","Slap"],"picked":"Consecutive_Normal_Punch+1","floor":25},{"not_picked":["Yawn+1","Slap"],"picked":"Normal_Punch","floor":27},{"not_picked":["Hop+1","Side_Hop+1"],"picked":"Consecutive_Normal_Punch","floor":28},{"not_picked":["Consecutive_Normal_Punch","Yawn+1"],"picked":"Wear_Disguise+1","floor":29},{"not_picked":["Oh","Serious_Punch"],"picked":"Get_Hopes_Up+1","floor":33},{"not_picked":["Ignore+1","Hop+1"],"picked":"Wear_Disguise+1","floor":35},{"not_picked":["Normal_Punch+1","Slap"],"picked":"Consecutive_Normal_Punch","floor":36},{"not_picked":["Slap+1","Yawn+1"],"picked":"Terrifying_Presence","floor":37},{"not_picked":["Hop+1","Yawn+1"],"picked":"Wear_Disguise","floor":38},{"not_picked":["Side_Hop+1","Toss_Stone"],"picked":"Terrifying_Presence","floor":40},{"not_picked":["Side_Hop+1","Ignore+1"],"picked":"Hop+1","floor":42},{"not_picked":["Yawn+1","Toss_Stone"],"picked":"Do_Nothing+1","floor":44},{"not_picked":["Side_Hop+1","Wear_Disguise"],"picked":"Toss_Stone","floor":45},{"not_picked":["Slap","Do_Nothing+1"],"picked":"Normal_Punch","floor":47},{"not_picked":["Side_Hop+1","Yawn+1"],"picked":"Hop+1","floor":48}],"player_experience":12471,"relics_obtained":[{"floor":6,"key":"Bottled Tornado"},{"floor":8,"key":"Toxic Egg 2"},{"floor":9,"key":"Potion Belt"},{"floor":23,"key":"Strawberry"},{"floor":26,"key":"Whetstone"},{"floor":31,"key":"Orichalcum"},{"floor":40,"key":"Nunchaku"},{"floor":43,"key":"Lantern"},{"floor":47,"key":"InkBottle"}],"event_choices":[{"damage_healed":0,"gold_gain":0,"player_choice":"Paid","damage_taken":0,"relics_obtained":["Red Mask"],"max_hp_gain":0,"max_hp_loss":0,"event_name":"Tomb of Lord Red Mask","floor":39,"gold_loss":648}],"is_beta":false,"boss_relics":[{"not_picked":["SlaversCollar","Calling Bell"],"picked":"Coffee Dripper"},{"not_picked":["Philosopher\u0027s Stone","Sozu"],"picked":"Runic Dome"}],"items_purged_floors":[],"is_endless":false,"potions_floor_spawned":[3,5,11,13,14,18,21,23,25,28,33,37,44,45,47,48],"ascension_level":0}}