{"host":"7xbu8gt067z192g2","time":1610230487,"event":{"mods":["BaseMod","Better Note","Colored Map","Colored Powertips","Googly Eyes","Highlight Path","Minty Spire (QoL Compilation)","Rare Cards Sparkle","Replay The Spire","StSLib","The Bladedancer","The Cursed","The Hierophant","The Valiant","The Wild Card"],"gold_per_floor":[115,190,35,55,73,98,98,98,125,125,125,155,5,20,31,31,31,136,136,152,183,183,183,35,35,53,53,53,78,159,159,187,187,36,56,56,160,160,173,173,185,200,54,54,79,79,106,134,9,40,89,129,129,139,139,139,87,95,95],"floor_reached":58,"playtime":3311,"items_purged":["Strike_R","Shame","Pot Of Greed"],"score":1248,"play_id":"ac50566e-1786-4e67-b0be-d7f07835d61a","local_time":"20210109171447","is_ascension_mode":true,"campfire_choices":[{"data":"Evolve","floor":10.0,"key":"SMITH"},{"floor":17.0,"key":"REST"},{"floor":27.0,"key":"REST"},{"floor":31.0,"key":"REST"},{"floor":44.0,"key":"REST"},{"floor":46.0,"key":"RECALL"},{"floor":53.0,"key":"REST"},{"floor":56,"key":"REST"}],"circlet_count":0,"master_deck":["Strike_R","Strike_R+1","Strike_R","Strike_R","Defend_R+1","Defend_R","Defend_R","Defend_R","Bash","Evolve+1","Spot Weakness","Shrug It Off","Dropkick+1","Reckless Charge","Flame Barrier+1","Thunderclap","Disarm","Feed","Dual Wield","Pommel Strike","Fire Breathing","Bludgeon+1","Carnage+1","Uppercut+1","Corruption","CurseOfTheBell","Pot Of Greed","Pot Of Greed","ReplayTheSpireMod:Stacked+1","Feed","Pummel","Heavy Blade"],"relics":["ChewingGum","Brimstone","Kunai","Ornamental Fan","Replay:Bottled Steam","Juzu Bracelet","War Paint","Replay:Grab Bag","Fusion Hammer","Velvet Choker","Snecko Eye","Red Mask","Blue Doll","Nilry\u0027s Codex","Strawberry","Anchor","Replay:Baseball","Calling Bell","Grinning Jar","Snack Pack","Bird Faced Urn","FossilizedHelix","PreservedInsect","Whetstone","Replay:Bandana","Mirror"],"acts_visited":["Exordium","TheCity","TheBeyond","TheEnding"],"potions_floor_usage":[54,58],"damage_taken":[{"damage":3.0,"enemies":"Jaw Worm","floor":1.0,"turns":4.0},{"damage":3.0,"enemies":"Cultist","floor":4.0,"turns":3.0},{"damage":0.0,"enemies":"2 Louse","floor":5.0,"turns":2.0},{"damage":7.0,"enemies":"Replay:BlueRogue","floor":6.0,"turns":3.0},{"damage":18.0,"enemies":"Lagavulin","floor":9.0,"turns":5.0},{"damage":7.0,"enemies":"Gremlin Nob","floor":12.0,"turns":3.0},{"damage":14.0,"enemies":"Lots of Slimes","floor":14.0,"turns":4.0},{"damage":0.0,"enemies":"Large Slime","floor":15.0,"turns":3.0},{"damage":1.0,"enemies":"Slime Boss","floor":18.0,"turns":6.0},{"damage":20.0,"enemies":"Spheric Guardian","floor":20.0,"turns":4.0},{"damage":39.0,"enemies":"Masked Bandits","floor":21.0,"turns":4.0},{"damage":1.0,"enemies":"Chosen","floor":26.0,"turns":2.0},{"damage":38.0,"enemies":"Book of Stabbing","floor":29.0,"turns":4.0},{"damage":35.0,"enemies":"Gremlin Leader","floor":32.0,"turns":4.0},{"damage":0.0,"enemies":"Centurion and Healer","floor":35.0,"turns":3.0},{"damage":38.0,"enemies":"Automaton","floor":37.0,"turns":5.0},{"damage":32.0,"enemies":"3 Shapes","floor":39.0,"turns":3.0},{"damage":3.0,"enemies":"3 Darklings","floor":41.0,"turns":5.0},{"damage":10.0,"enemies":"Sphere and 2 Shapes","floor":42.0,"turns":4.0},{"damage":0.0,"enemies":"R_Hoarder","floor":45.0,"turns":4.0},{"damage":0.0,"enemies":"Spire Growth","floor":48.0,"turns":3.0},{"damage":25.0,"enemies":"3 Darklings","floor":50.0,"turns":4.0},{"damage":66.0,"enemies":"Reptomancer","floor":51.0,"turns":3.0},{"damage":0.0,"enemies":"Maw","floor":52.0,"turns":4.0},{"damage":69,"enemies":"Time Eater","floor":54,"turns":7},{"damage":154,"enemies":"Shield and Spear","floor":58,"turns":5}],"seed_played":"-4952097102807634041","potions_obtained":[{"floor":4.0,"key":"Elixir"},{"floor":6.0,"key":"Block Potion"},{"floor":14.0,"key":"Fruit Juice"},{"floor":18.0,"key":"Swift Potion"},{"floor":20.0,"key":"Strength Potion"},{"floor":37.0,"key":"ColorlessPotion"},{"floor":41.0,"key":"Elixir"},{"floor":42.0,"key":"Strength Potion"},{"floor":51.0,"key":"Adrenaline Potion"}],"is_trial":false,"path_per_floor":["M","?","$","M","M","E","PTL","PTL","E","R","T","E","$","M","M","?","R","B",null,"M","?","PTL","PTL","$","?","M","R","?","E","T","R","E","?","$","M","R_BF","B",null,"M","?","M","M","$","R","E","R","T","M","$","M","E","M","R","B",null,"R","$","E"],"character_chosen":"IRONCLAD","items_purchased":["Brimstone","Flame Barrier","Blue Doll","Explosive Potion","PreservedInsect","BloodPotion"],"campfire_rested":6,"item_purchase_floors":[3,13,24,34,43,57],"current_hp_per_floor":[77,69,69,66,66,59,59,59,41,41,41,34,34,25,25,7,32,31,85,68,32,32,32,32,32,34,62,46,15,15,45,10,10,10,13,44,6,104,81,81,86,85,85,110,110,110,110,110,110,92,33,43,77,16,116,116,116,0,0],"gold":95,"neow_bonus":"BOSS_RELIC","is_daily":false,"chose_seed":false,"campfire_upgraded":1,"win_rate":0.0,"timestamp":1610230487,"path_taken":["M","?","$","M","?","E","PTL","PTL","E","R","T","E","$","M","M","?","R","BOSS","M","?","PTL","PTL","$","?","M","R","?","E","T","R","E","?","$","M","R_BF","BOSS","M","?","M","M","?","R","E","R","T","M","$","M","E","M","R","BOSS","R","$","E"],"items_purchased_type":["Relic","Card","Relic","Potion","Relic","Potion"],"build_version":"2020-12-22","purchased_purges":3,"victory":false,"max_hp_per_floor":[80,80,80,80,80,80,80,80,80,80,80,80,80,85,85,85,85,85,85,88,91,91,91,91,91,94,94,94,101,101,101,101,101,101,104,104,104,104,107,107,107,110,110,110,110,110,110,110,110,113,116,116,116,116,116,116,116,116,116],"card_choices":[{"not_picked":["Havoc","Clash"],"picked":"Evolve","floor":1.0},{"not_picked":["Clothesline","Evolve"],"picked":"Spot Weakness","floor":4.0},{"not_picked":["Anger","ReplayTheSpireMod:Strike From Hell"],"picked":"Shrug It Off","floor":5.0},{"not_picked":["Clothesline","Juggernaut"],"picked":"Dropkick","floor":6.0},{"not_picked":["Disarm","Evolve"],"picked":"Reckless Charge","floor":9.0},{"not_picked":["Anger","Run Through","Replay:Undeath\u0027s Touch"],"picked":"SKIP","floor":12.0},{"not_picked":["Havoc","Pommel Strike"],"picked":"Thunderclap","floor":14.0},{"not_picked":["Inflame","Abandon"],"picked":"Disarm","floor":15.0},{"not_picked":["Eclipse","Demon Form"],"picked":"Feed","floor":18.0},{"not_picked":["True Grit","Warcry+1"],"picked":"Dual Wield","floor":20.0},{"not_picked":["Anger+1","True Grit+1"],"picked":"Pommel Strike","floor":21.0},{"not_picked":["Anger","ReplayTheSpireMod:LeadingStrike"],"picked":"Carnage+1","floor":26.0},{"not_picked":["Uppercut","Metallicize+1","Sword Boomerang"],"picked":"SKIP","floor":29.0},{"not_picked":["ReplayTheSpireMod:LeadingStrike","Sword Boomerang"],"picked":"Uppercut+1","floor":32.0},{"not_picked":["Run Through","Fire Breathing","Body Slam+1"],"picked":"SKIP","floor":35.0},{"not_picked":["Feed","Barricade"],"picked":"Corruption","floor":37.0},{"not_picked":["Havoc+1","Metallicize+1"],"picked":"ReplayTheSpireMod:Stacked+1","floor":39.0},{"not_picked":["Battle Trance","Wild Strike+1","Anger+1"],"picked":"SKIP","floor":41.0},{"not_picked":["True Grit+1","Replay:Undeath\u0027s Touch+1"],"picked":"Feed","floor":42.0},{"not_picked":["Spot Weakness+1","Anger+1"],"picked":"Pummel","floor":45.0},{"not_picked":["Flex+1","Wild Strike+1","ReplayReversal"],"picked":"SKIP","floor":48.0},{"not_picked":["Thunderclap+1","Wild Strike+1","Shockwave"],"picked":"SKIP","floor":50.0},{"not_picked":["Power Through","Rampage"],"picked":"Heavy Blade","floor":51.0},{"not_picked":["Body Slam+1","Feed","Dropkick+1"],"picked":"SKIP","floor":52.0}],"player_experience":160859,"relics_obtained":[{"floor":6.0,"key":"Kunai"},{"floor":9.0,"key":"Ornamental Fan"},{"floor":11.0,"key":"Replay:Bottled Steam"},{"floor":12.0,"key":"Juzu Bracelet"},{"floor":21.0,"key":"Red Mask"},{"floor":28.0,"key":"Nilry\u0027s Codex"},{"floor":29.0,"key":"Strawberry"},{"floor":32.0,"key":"Anchor"},{"floor":38.0,"key":"Grinning Jar"},{"floor":38.0,"key":"Snack Pack"},{"floor":38.0,"key":"Bird Faced Urn"},{"floor":45.0,"key":"Whetstone"},{"floor":47.0,"key":"Replay:Bandana"},{"floor":51.0,"key":"Mirror"}],"event_choices":[{"damage_healed":0.0,"max_hp_gain":0.0,"max_hp_loss":0.0,"gold_gain":75.0,"event_name":"FaceTrader","player_choice":"Touch","floor":2.0,"gold_loss":0.0,"damage_taken":8.0},{"damage_healed":0.0,"max_hp_gain":0.0,"max_hp_loss":0.0,"gold_gain":0.0,"event_name":"Scrap Ooze","player_choice":"Success","floor":16.0,"gold_loss":0.0,"damage_taken":18.0,"relics_obtained":["War Paint"]},{"damage_healed":0.0,"max_hp_gain":0.0,"max_hp_loss":0.0,"gold_gain":0.0,"event_name":"Masked Bandits","player_choice":"Fought Bandits","floor":21.0,"gold_loss":0.0,"damage_taken":0.0},{"damage_healed":0.0,"max_hp_gain":0.0,"max_hp_loss":0.0,"gold_gain":0.0,"event_name":"Match and Keep!","player_choice":"2 cards matched","floor":25.0,"gold_loss":0.0,"damage_taken":0.0,"cards_obtained":["Fire Breathing","Bludgeon"]},{"damage_healed":0.0,"max_hp_gain":0.0,"max_hp_loss":0.0,"gold_gain":0.0,"event_name":"Cursed Tome","player_choice":"Obtained Book","floor":28.0,"gold_loss":0.0,"damage_taken":16.0},{"damage_healed":0.0,"max_hp_gain":0.0,"max_hp_loss":0.0,"gold_gain":0.0,"event_name":"Addict","player_choice":"Stole Relic","floor":33.0,"gold_loss":0.0,"damage_taken":0.0,"relics_obtained":["Replay:Baseball"],"cards_obtained":["Shame"]},{"damage_healed":0.0,"max_hp_gain":0.0,"max_hp_loss":0.0,"gold_gain":0.0,"event_name":"WeMeetAgain","player_choice":"Gave Potion","floor":40.0,"gold_loss":0.0,"damage_taken":0.0,"relics_obtained":["FossilizedHelix"]}],"is_beta":false,"boss_relics":[{"not_picked":["Astrolabe","Cursed Key"],"picked":"Replay:Grab Bag"},{"not_picked":["Runic Dome","Replay:Bronze Core"],"picked":"Fusion Hammer"},{"not_picked":["Busted Crown","ReplayTheSpireMod:DimensionalGlitch"],"picked":"Velvet Choker"},{"not_picked":["Runic Cube","SlaversCollar"],"picked":"Snecko Eye"},{"not_picked":["Replay:Ancient Bell","Honey Jar"],"picked":"Calling Bell"}],"items_purged_floors":[13,34,49],"is_endless":false,"potions_floor_spawned":[4,6,14,18,20,35,37,41,42,45,51],"killed_by":"Shield and Spear","ascension_level":3}}