{"host":"50per11302020","time":1610180532,"event":{"mods":["AchievementEnabler","BaseMod","Colored Map","Minty Spire (QoL Compilation)","Relic Stats","StSLib"],"gold_per_floor":[116,116,128,139,154,154,181,181,233,248,273,273,283,302,302,399,399,414,403,421,432,432,432,36,68,120,120,140,150,150,185,185,282,282,296,296,310,310,310,310,237,270,348,348,203,203,229,239,239,239,239,239,13,38,38],"floor_reached":56,"playtime":3533,"items_purged":[],"score":1831,"play_id":"e2c791ea-64df-4653-a33f-dd09683a59d1","local_time":"20210109002212","is_ascension_mode":true,"campfire_choices":[{"floor":6.0,"key":"REST"},{"data":"Catalyst","floor":12.0,"key":"SMITH"},{"data":"Calculated Gamble","floor":15.0,"key":"SMITH"},{"data":"Crippling Poison","floor":23.0,"key":"SMITH"},{"floor":27.0,"key":"REST"},{"floor":30.0,"key":"REST"},{"data":"Calculated Gamble","floor":32.0,"key":"SMITH"},{"floor":40.0,"key":"RECALL"},{"floor":44.0,"key":"REST"},{"floor":46.0,"key":"REST"},{"floor":49.0,"key":"REST"},{"floor":52.0,"key":"REST"}],"circlet_count":0,"master_deck":["AscendersBane","Strike_G+1","Strike_G","Strike_G","Strike_G","Strike_G","Defend_G","Defend_G+1","Defend_G","Defend_G","Defend_G","Survivor","Neutralize","Bane","Bouncing Flask+1","PiercingWail","Backstab","Adrenaline","Deadly Poison","Catalyst+1","Calculated Gamble+1","Dodge and Roll","Night Terror","Bane+1","Crippling Poison+1","Bouncing Flask+1","Catalyst+1","Bandage Up","Leg Sweep","Venomology","Calculated Gamble+1","All Out Attack+1","Corpse Explosion","Master of Strategy","Bandage Up","Secret Technique","Noxious Fumes","Well Laid Plans","PiercingWail+1","Dodge and Roll+1","Blur+1","Crippling Poison+1","PiercingWail","Well Laid Plans+1","Noxious Fumes","Leg Sweep"],"relics":["Ring of the Snake","Question Card","Strawberry","Pen Nib","SlaversCollar","Oddly Smooth Stone","DollysMirror","Matryoshka","Regal Pillow","Dream Catcher","Du-Vu Doll","Fusion Hammer","HornCleat","Whetstone","Strange Spoon","Letter Opener","Bag of Preparation","Ornamental Fan"],"acts_visited":["Exordium","TheCity","TheBeyond","TheEnding"],"potions_floor_usage":[55],"damage_taken":[{"damage":4.0,"enemies":"Small Slimes","floor":1.0,"turns":4.0},{"damage":1.0,"enemies":"Cultist","floor":3.0,"turns":3.0},{"damage":0.0,"enemies":"2 Louse","floor":4.0,"turns":2.0},{"damage":0.0,"enemies":"2 Fungi Beasts","floor":5.0,"turns":3.0},{"damage":15.0,"enemies":"Lagavulin","floor":7.0,"turns":7.0},{"damage":0.0,"enemies":"3 Louse","floor":10.0,"turns":2.0},{"damage":9.0,"enemies":"3 Sentries","floor":11.0,"turns":7.0},{"damage":0.0,"enemies":"Looter","floor":13.0,"turns":3.0},{"damage":2.0,"enemies":"Large Slime","floor":14.0,"turns":4.0},{"damage":10.0,"enemies":"Hexaghost","floor":16.0,"turns":8.0},{"damage":0.0,"enemies":"Spheric Guardian","floor":18.0,"turns":3.0},{"damage":11.0,"enemies":"2 Thieves","floor":19.0,"turns":4.0},{"damage":15.0,"enemies":"Snecko","floor":20.0,"turns":4.0},{"damage":7.0,"enemies":"Shelled Parasite and Fungi","floor":21.0,"turns":6.0},{"damage":27.0,"enemies":"Book of Stabbing","floor":25.0,"turns":5.0},{"damage":18.0,"enemies":"Snake Plant","floor":28.0,"turns":5.0},{"damage":12.0,"enemies":"Sentry and Sphere","floor":29.0,"turns":5.0},{"damage":15.0,"enemies":"Gremlin Leader","floor":31.0,"turns":3.0},{"damage":22.0,"enemies":"Collector","floor":33.0,"turns":5.0},{"damage":0.0,"enemies":"3 Shapes","floor":35.0,"turns":4.0},{"damage":0.0,"enemies":"3 Darklings","floor":37.0,"turns":2.0},{"damage":27.0,"enemies":"Nemesis","floor":42.0,"turns":3.0},{"damage":2.0,"enemies":"Giant Head","floor":47.0,"turns":4.0},{"damage":0.0,"enemies":"Sphere and 2 Shapes","floor":48.0,"turns":4.0},{"damage":47.0,"enemies":"Time Eater","floor":50.0,"turns":5.0},{"damage":41.0,"enemies":"Shield and Spear","floor":54.0,"turns":5.0},{"damage":95,"enemies":"The Heart","floor":55,"turns":4}],"seed_played":"-46994578101420953","potions_obtained":[{"floor":1.0,"key":"Energy Potion"},{"floor":8.0,"key":"Ancient Potion"},{"floor":8.0,"key":"Strength Potion"},{"floor":10.0,"key":"DistilledChaos"},{"floor":11.0,"key":"EntropicBrew"},{"floor":13.0,"key":"Poison Potion"},{"floor":20.0,"key":"Strength Potion"},{"floor":21.0,"key":"FairyPotion"},{"floor":29.0,"key":"CultistPotion"}],"is_trial":false,"path_per_floor":["M","?","M","M","M","R","E","?","T","M","E","R","M","M","R","B",null,"M","M","M","M","$","R","$","E","T","R","M","M","R","E","R","B",null,"M","?","M","$","?","R","$","E","T","R","$","R","E","M","R","B",null,"R","$","E","B",null],"character_chosen":"THE_SILENT","items_purchased":["Oddly Smooth Stone","DollysMirror","Bandage Up","Noxious Fumes","Strange Spoon","Bag of Preparation","Noxious Fumes"],"campfire_rested":7,"item_purchase_floors":[24,24,24,41,45,53,53],"current_hp_per_floor":[59,45,44,44,44,65,50,50,57,57,48,48,48,46,46,36,67,67,56,55,48,48,48,48,25,25,63,49,41,77,62,62,44,69,69,69,73,73,63,63,63,40,40,77,77,77,75,77,77,34,66,77,77,44,23],"gold":38,"neow_bonus":"THREE_CARDS","is_daily":false,"chose_seed":false,"campfire_upgraded":4,"win_rate":0.0,"timestamp":1610180532,"path_taken":["M","?","M","M","M","R","E","?","T","M","E","R","M","M","R","BOSS","M","M","?","M","$","R","$","E","T","R","M","M","R","E","R","BOSS","M","?","M","$","?","R","$","E","T","R","$","R","E","M","R","BOSS","R","$","E","BOSS"],"items_purchased_type":["Relic","Relic","Card","Card","Relic","Relic","Card"],"build_version":"2020-12-18","purchased_purges":0,"victory":true,"max_hp_per_floor":[70,70,70,70,70,70,70,70,77,77,77,77,77,77,77,77,77,77,77,77,77,77,77,77,77,77,77,77,77,77,77,77,77,77,77,77,77,77,77,77,77,77,77,77,77,77,77,77,77,77,77,77,77,77,77],"relic_stats":{"Strange Spoon":[23],"Regal Pillow":42,"Dream Catcher":6,"counters":[27,114],"Ornamental Fan":[0],"Pen Nib":[8],"Bag of Preparation":[4],"Whetstone":["All Out Attack","Strike_G"],"Letter Opener":[75],"Question Card":29,"obtain_stats":[{"Regal Pillow":26,"Oddly Smooth Stone":24,"Pen Nib":11,"Bag of Preparation":53,"Whetstone":43,"Letter Opener":47,"Question Card":7,"Du-Vu Doll":31,"SlaversCollar":17,"Strange Spoon":45,"Dream Catcher":26,"Matryoshka":25,"HornCleat":42,"DollysMirror":24,"Ornamental Fan":54,"Strawberry":9,"Fusion Hammer":34,"Ring of the Snake":0},{"Regal Pillow":15,"Oddly Smooth Stone":14,"Pen Nib":7,"Bag of Preparation":25,"Whetstone":22,"Letter Opener":23,"Question Card":5,"Du-Vu Doll":18,"SlaversCollar":10,"Strange Spoon":22,"Dream Catcher":15,"Matryoshka":15,"HornCleat":22,"DollysMirror":14,"Ornamental Fan":26,"Strawberry":5,"Fusion Hammer":19,"Ring of the Snake":0},{"Regal Pillow":65,"Oddly Smooth Stone":60,"Pen Nib":28,"Bag of Preparation":105,"Whetstone":92,"Letter Opener":96,"Question Card":19,"Du-Vu Doll":78,"SlaversCollar":43,"Strange Spoon":92,"Dream Catcher":65,"Matryoshka":65,"HornCleat":92,"DollysMirror":60,"Ornamental Fan":110,"Strawberry":19,"Fusion Hammer":83,"Ring of the Snake":0}],"Ring of the Snake":[54]},"card_choices":[{"not_picked":["Quick Slash","Prepared"],"picked":"Bane","floor":0.0},{"not_picked":["Masterful Stab","Infinite Blades"],"picked":"Bouncing Flask","floor":1.0},{"not_picked":["Bane","Dagger Spray","Poisoned Stab"],"picked":"SKIP","floor":3.0},{"not_picked":["Eviscerate","Dodge and Roll"],"picked":"PiercingWail","floor":4.0},{"not_picked":["Blade Dance","Quick Slash"],"picked":"Backstab","floor":5.0},{"not_picked":["Poisoned Stab","Backstab"],"picked":"Adrenaline","floor":7.0},{"not_picked":["Accuracy","Underhanded Strike","Eviscerate"],"picked":"Deadly Poison","floor":10.0},{"not_picked":["Slice","Sucker Punch","Dagger Throw"],"picked":"Catalyst","floor":11.0},{"not_picked":["Dagger Spray","Reflex","PiercingWail"],"picked":"Calculated Gamble","floor":13.0},{"not_picked":["Crippling Poison","Sucker Punch","Poisoned Stab"],"picked":"Dodge and Roll","floor":14.0},{"not_picked":["Die Die Die","Burst","Glass Knife"],"picked":"Night Terror","floor":16.0},{"not_picked":["Blade Dance","Finisher","Quick Slash"],"picked":"Bane+1","floor":18.0},{"not_picked":["Sucker Punch","Caltrops","Escape Plan"],"picked":"Crippling Poison","floor":19.0},{"not_picked":["Riddle With Holes","Flying Knee","Concentrate","Deflect"],"picked":"SKIP","floor":20.0},{"not_picked":["Storm of Steel","Backflip","Flying Knee"],"picked":"Bouncing Flask+1","floor":21.0},{"not_picked":["Blade Dance","Deadly Poison","Outmaneuver"],"picked":"Leg Sweep","floor":25.0},{"not_picked":["Sucker Punch","Leg Sweep","Eviscerate"],"picked":"Venomology","floor":27.0},{"not_picked":["Outmaneuver+1","Concentrate","Distraction"],"picked":"Calculated Gamble","floor":28.0},{"not_picked":["Concentrate","Reflex","Deflect","Slice"],"picked":"SKIP","floor":29.0},{"not_picked":["Dagger Spray","Bane","Finisher"],"picked":"All Out Attack","floor":30.0},{"not_picked":["Deflect+1","Dagger Throw","Bane","Poisoned Stab"],"picked":"SKIP","floor":31.0},{"not_picked":["Tools of the Trade","Wraith Form v2","After Image"],"picked":"Corpse Explosion","floor":33.0},{"not_picked":["Blade Dance","Underhanded Strike","Flying Knee","Deflect"],"picked":"SKIP","floor":35.0},{"not_picked":["Outmaneuver+1","Prepared","Riddle With Holes","Flying Knee+1"],"picked":"SKIP","floor":37.0},{"not_picked":["Dramatic Entrance","Dark Shackles","The Bomb"],"picked":"Master of Strategy","floor":39.0},{"not_picked":["Purity","Trip","Transmutation"],"picked":"Bandage Up","floor":39.0},{"not_picked":["Purity","Dramatic Entrance","Master of Strategy"],"picked":"Secret Technique","floor":39.0},{"not_picked":["Dash","Dagger Spray","Sucker Punch+1"],"picked":"Well Laid Plans","floor":42.0},{"not_picked":["Predator","Cloak And Dagger","Expertise+1"],"picked":"PiercingWail+1","floor":44.0},{"not_picked":["Acrobatics","Deadly Poison","Poisoned Stab+1"],"picked":"Dodge and Roll+1","floor":46.0},{"not_picked":["Cloak And Dagger+1","Noxious Fumes","Predator"],"picked":"Blur+1","floor":47.0},{"not_picked":["Flying Knee","Reflex+1","Deadly Poison"],"picked":"Crippling Poison+1","floor":48.0},{"not_picked":["Quick Slash","Prepared","Noxious Fumes"],"picked":"PiercingWail","floor":49.0},{"not_picked":["Deflect+1","Tools of the Trade","Crippling Poison"],"picked":"Well Laid Plans+1","floor":52.0},{"not_picked":["Backflip","Skewer","Sucker Punch+1"],"picked":"Leg Sweep","floor":54.0}],"player_experience":130394,"relics_obtained":[{"floor":7.0,"key":"Question Card"},{"floor":9.0,"key":"Strawberry"},{"floor":11.0,"key":"Pen Nib"},{"floor":25.0,"key":"Matryoshka"},{"floor":26.0,"key":"Regal Pillow"},{"floor":26.0,"key":"Dream Catcher"},{"floor":31.0,"key":"Du-Vu Doll"},{"floor":42.0,"key":"HornCleat"},{"floor":43.0,"key":"Whetstone"},{"floor":47.0,"key":"Letter Opener"},{"floor":54.0,"key":"Ornamental Fan"}],"event_choices":[{"damage_healed":0.0,"max_hp_gain":0.0,"max_hp_loss":0.0,"gold_gain":0.0,"event_name":"Shining Light","player_choice":"Entered Light","floor":2.0,"gold_loss":0.0,"damage_taken":14.0,"cards_upgraded":["Defend_G","Bouncing Flask"]},{"damage_healed":0.0,"max_hp_gain":0.0,"max_hp_loss":0.0,"gold_gain":0.0,"event_name":"Lab","player_choice":"Got Potions","floor":8.0,"gold_loss":0.0,"damage_taken":0.0},{"damage_healed":0.0,"max_hp_gain":0.0,"max_hp_loss":0.0,"gold_gain":0.0,"event_name":"Tomb of Lord Red Mask","player_choice":"Ignored","floor":36.0,"gold_loss":0.0,"damage_taken":0.0},{"damage_healed":0.0,"max_hp_gain":0.0,"max_hp_loss":0.0,"gold_gain":0.0,"event_name":"SensoryStone","player_choice":"Memory 3","floor":39.0,"gold_loss":0.0,"damage_taken":10.0}],"is_beta":true,"boss_relics":[{"not_picked":["Coffee Dripper","Calling Bell"],"picked":"SlaversCollar"},{"not_picked":["Busted Crown","Runic Pyramid"],"picked":"Fusion Hammer"}],"items_purged_floors":[],"is_endless":false,"potions_floor_spawned":[1,10,11,13,20,21,25,29,42],"ascension_level":12}}