{"host":"uv231blk40vjdojr","time":1610219287,"event":{"mods":["AchievementEnabler","BaseMod","Bestiary","Minty Spire (QoL Compilation)","Relic Stats"],"gold_per_floor":[118,135,46,11,11,11,45,45,97,112,122,122,142,170,170,265,265,282,300,314,314,331,356,356,374,442,47,65,65,65,94,94,196,196,206,222,0,19,19,47,57,57,57,74,74,103,103,103,103,103],"floor_reached":51,"playtime":3128,"items_purged":["Normality"],"score":757,"play_id":"2b485530-9274-4985-965e-7212a1f275e1","local_time":"20210109200807","is_ascension_mode":false,"campfire_choices":[{"data":"Doom and Gloom","floor":6.0,"key":"SMITH"},{"data":"Static Discharge","floor":12.0,"key":"SMITH"},{"data":"Conserve Battery","floor":15.0,"key":"SMITH"},{"data":"Coolheaded","floor":24.0,"key":"SMITH"},{"data":"Glacier","floor":29.0,"key":"SMITH"},{"floor":32.0,"key":"REST"},{"floor":42,"key":"REST"},{"floor":45,"key":"REST"},{"floor":49,"key":"REST"}],"circlet_count":0,"master_deck":["Strike_B","Strike_B","Strike_B+1","Defend_B","Defend_B","Defend_B","Defend_B","Zap","Dualcast","Doom and Gloom+1","Conserve Battery+1","White Noise+1","Conserve Battery+1","Coolheaded+1","Static Discharge+1","Core Surge","Creative AI","Loop+1","Sunder+1","Glacier+1","Buffer+1","Force Field+1","Echo Form+1","Mayhem+1"],"relics":["Snecko Eye","Bag of Preparation","MealTicket","Boot","Cursed Key","Frozen Egg 2","Potion Belt","Molten Egg 2","Oddly Smooth Stone","Ancient Tea Set","Prayer Wheel","Fusion Hammer","Red Mask","Shuriken","StoneCalendar"],"acts_visited":["Exordium","TheCity","TheBeyond"],"potions_floor_usage":[50,50,50],"damage_taken":[{"damage":5.0,"enemies":"Small Slimes","floor":1.0,"turns":3.0},{"damage":12.0,"enemies":"2 Louse","floor":2.0,"turns":2.0},{"damage":21.0,"enemies":"Gremlin Nob","floor":7.0,"turns":4.0},{"damage":0.0,"enemies":"Cultist","floor":10.0,"turns":3.0},{"damage":0.0,"enemies":"Large Slime","floor":11.0,"turns":5.0},{"damage":0.0,"enemies":"Exordium Thugs","floor":13.0,"turns":3.0},{"damage":17.0,"enemies":"3 Sentries","floor":14.0,"turns":4.0},{"damage":11.0,"enemies":"Hexaghost","floor":16.0,"turns":9.0},{"damage":5.0,"enemies":"Shell Parasite","floor":18.0,"turns":8.0},{"damage":6.0,"enemies":"Spheric Guardian","floor":19.0,"turns":4.0},{"damage":1.0,"enemies":"Snake Plant","floor":20.0,"turns":3.0},{"damage":0.0,"enemies":"Centurion and Healer","floor":22.0,"turns":4.0},{"damage":12.0,"enemies":"Book of Stabbing","floor":23.0,"turns":5.0},{"damage":8.0,"enemies":"Sentry and Sphere","floor":25.0,"turns":4.0},{"damage":0.0,"enemies":"Snake Plant","floor":28.0,"turns":2.0},{"damage":0.0,"enemies":"Slavers","floor":31.0,"turns":4.0},{"damage":3.0,"enemies":"Automaton","floor":33.0,"turns":10.0},{"damage":0.0,"enemies":"Orb Walker","floor":35.0,"turns":4.0},{"damage":0.0,"enemies":"3 Shapes","floor":36.0,"turns":5.0},{"damage":5.0,"enemies":"Maw","floor":38.0,"turns":7.0},{"damage":68.0,"enemies":"Giant Head","floor":40.0,"turns":11.0},{"damage":0,"enemies":"Writhing Mass","floor":41,"turns":9},{"damage":0,"enemies":"3 Darklings","floor":44,"turns":5},{"damage":22,"enemies":"Reptomancer","floor":46,"turns":7},{"damage":11,"enemies":"Awakened One","floor":50,"turns":10}],"seed_played":"2614004743384992652","potions_obtained":[{"floor":11.0,"key":"SneckoOil"},{"floor":13.0,"key":"FocusPotion"},{"floor":19.0,"key":"Dexterity Potion"},{"floor":23.0,"key":"SkillPotion"},{"floor":28.0,"key":"FocusPotion"},{"floor":31.0,"key":"FocusPotion"},{"floor":41,"key":"Strength Potion"}],"is_trial":false,"path_per_floor":["M","M","$","?","?","R","E","?","T","M","M","R","M","E","R","B",null,"M","M","M","?","M","E","R","M","T","$","M","R","?","E","R","B",null,"M","M","?","M","?","E","M","R","T","M","R","E","?","?","R","B",null],"character_chosen":"DEFECT","items_purchased":["PowerPotion","White Noise","Oddly Smooth Stone","Ancient Tea Set","Sunder+1"],"campfire_rested":4,"item_purchase_floors":[3,3,27,27,27],"current_hp_per_floor":[70,58,58,75,60,60,39,39,39,39,39,39,39,22,22,11,75,70,64,63,63,63,51,51,43,43,58,58,58,44,44,68,65,80,80,80,80,75,75,7,7,29,29,29,51,29,29,29,51,40],"gold":103,"neow_bonus":"BOSS_RELIC","is_daily":false,"chose_seed":false,"campfire_upgraded":5,"win_rate":0.0,"timestamp":1610219287,"path_taken":["M","M","$","?","?","R","E","?","T","M","M","R","M","E","R","BOSS","M","M","M","?","M","E","R","M","T","$","M","R","?","E","R","BOSS","M","M","?","M","?","E","M","R","T","M","R","E","?","?","R","BOSS"],"items_purchased_type":["Potion","Card","Relic","Relic","Card"],"build_version":"2020-12-22","purchased_purges":1,"victory":true,"max_hp_per_floor":[75,75,75,75,75,75,75,75,75,75,75,75,75,75,75,75,75,75,75,75,75,75,75,75,75,75,75,75,75,80,80,80,80,80,80,80,80,80,76,76,76,76,76,76,76,76,76,76,76,76],"relic_stats":{"counters":[25,134],"Shuriken":[7],"Snecko Eye":[236,280,274,257],"MealTicket":15,"Prayer Wheel":5,"StoneCalendar":[52],"Bag of Preparation":[44],"Boot":[10],"Cursed Key":1,"obtain_stats":[{"Potion Belt":23,"Oddly Smooth Stone":27,"StoneCalendar":46,"Bag of Preparation":7,"Frozen Egg 2":21,"Boot":14,"Cursed Key":17,"Ancient Tea Set":27,"Shuriken":40,"Snecko Eye":0,"MealTicket":9,"Molten Egg 2":26,"Prayer Wheel":31,"Fusion Hammer":34,"Red Mask":37,"Cracked Core":0},{"Potion Belt":13,"Oddly Smooth Stone":14,"StoneCalendar":24,"Bag of Preparation":3,"Frozen Egg 2":11,"Boot":7,"Cursed Key":8,"Ancient Tea Set":14,"Shuriken":21,"Snecko Eye":0,"MealTicket":3,"Molten Egg 2":14,"Prayer Wheel":16,"Fusion Hammer":17,"Red Mask":19,"Cracked Core":0},{"Potion Belt":57,"Oddly Smooth Stone":61,"StoneCalendar":124,"Bag of Preparation":9,"Frozen Egg 2":48,"Boot":24,"Cursed Key":33,"Ancient Tea Set":61,"Shuriken":103,"Snecko Eye":0,"MealTicket":9,"Molten Egg 2":61,"Prayer Wheel":67,"Fusion Hammer":76,"Red Mask":85,"Cracked Core":0}]},"card_choices":[{"not_picked":["Ball Lightning","Defragment"],"picked":"Doom and Gloom","floor":1.0},{"not_picked":["Turbo","BootSequence"],"picked":"Conserve Battery","floor":2.0},{"not_picked":["Storm","Sweeping Beam"],"picked":"Conserve Battery","floor":7.0},{"not_picked":["Beam Cell","Redo"],"picked":"Coolheaded","floor":10.0},{"not_picked":["Barrage","Turbo"],"picked":"Static Discharge","floor":11.0},{"not_picked":["Hologram","Amplify","Go for the Eyes"],"picked":"SKIP","floor":13.0},{"not_picked":["Turbo","Ball Lightning"],"picked":"Core Surge","floor":14.0},{"not_picked":["Core Surge","Buffer"],"picked":"Creative AI","floor":16.0},{"not_picked":["Conserve Battery","Hologram","Coolheaded"],"picked":"SKIP","floor":18.0},{"not_picked":["Coolheaded","Compile Driver","Storm"],"picked":"SKIP","floor":19.0},{"not_picked":["Hologram","Conserve Battery","Scrape"],"picked":"SKIP","floor":20.0},{"not_picked":["Melter+1","Double Energy","Redo"],"picked":"SKIP","floor":22.0},{"not_picked":["Conserve Battery+1","Redo"],"picked":"Loop+1","floor":23.0},{"not_picked":["Go for the Eyes","Skim+1","Streamline"],"picked":"SKIP","floor":25.0},{"not_picked":["Core Surge+1","Beam Cell+1"],"picked":"Glacier","floor":28.0},{"not_picked":["Beam Cell+1","Recycle","Go for the Eyes+1"],"picked":"SKIP","floor":31.0},{"not_picked":["Fission","Core Surge+1"],"picked":"Buffer+1","floor":33.0},{"not_picked":["Ball Lightning+1","Genetic Algorithm+1"],"picked":"Force Field+1","floor":35.0},{"not_picked":["Sweeping Beam+1","Darkness","Streamline+1"],"picked":"SKIP","floor":35.0},{"not_picked":["Gash+1","Chill+1","Stack"],"picked":"SKIP","floor":36.0},{"not_picked":["Consume+1","Streamline+1","Chaos+1"],"picked":"SKIP","floor":36.0},{"not_picked":["Barrage+1","Steam+1","Steam Power"],"picked":"SKIP","floor":38.0},{"not_picked":["Beam Cell+1","Chill+1","Genetic Algorithm+1"],"picked":"SKIP","floor":38.0},{"not_picked":["Sunder+1","Sweeping Beam+1","Go for the Eyes+1"],"picked":"SKIP","floor":40.0},{"not_picked":["Force Field+1","Coolheaded","Redo+1"],"picked":"SKIP","floor":41},{"not_picked":["FTL+1","Redo","Go for the Eyes+1"],"picked":"SKIP","floor":41},{"not_picked":["Hello World+1","Go for the Eyes+1","White Noise"],"picked":"SKIP","floor":44},{"not_picked":["Redo","Turbo+1","Go for the Eyes+1"],"picked":"SKIP","floor":44},{"not_picked":["Hologram","Undo"],"picked":"Echo Form+1","floor":46},{"not_picked":["Secret Weapon","Flash of Steel+1"],"picked":"Mayhem+1","floor":47}],"player_experience":634039,"relics_obtained":[{"floor":7.0,"key":"Bag of Preparation"},{"floor":9.0,"key":"MealTicket"},{"floor":14.0,"key":"Boot"},{"floor":23.0,"key":"Potion Belt"},{"floor":26.0,"key":"Molten Egg 2"},{"floor":31.0,"key":"Prayer Wheel"},{"floor":40.0,"key":"Shuriken"},{"floor":46,"key":"StoneCalendar"}],"event_choices":[{"damage_healed":18.0,"max_hp_gain":0.0,"max_hp_loss":0.0,"gold_gain":0.0,"event_name":"The Cleric","player_choice":"Healed","floor":4.0,"gold_loss":35.0,"damage_taken":0.0},{"damage_healed":0.0,"max_hp_gain":0.0,"max_hp_loss":0.0,"gold_gain":0.0,"event_name":"Shining Light","player_choice":"Entered Light","floor":5.0,"gold_loss":0.0,"damage_taken":15.0,"cards_upgraded":["Strike_B","White Noise"]},{"damage_healed":0.0,"max_hp_gain":0.0,"max_hp_loss":0.0,"gold_gain":0.0,"event_name":"Living Wall","player_choice":"Grow","floor":8.0,"gold_loss":0.0,"damage_taken":0.0,"cards_upgraded":["Conserve Battery"]},{"damage_healed":0.0,"max_hp_gain":0.0,"max_hp_loss":0.0,"gold_gain":0.0,"event_name":"The Mausoleum","player_choice":"Opened","floor":21.0,"gold_loss":0.0,"damage_taken":0.0,"relics_obtained":["Frozen Egg 2"]},{"damage_healed":0.0,"max_hp_gain":5.0,"max_hp_loss":0.0,"gold_gain":0.0,"event_name":"Forgotten Altar","player_choice":"Shed Blood","floor":30.0,"gold_loss":0.0,"damage_taken":19.0},{"damage_healed":0.0,"max_hp_gain":0.0,"max_hp_loss":0.0,"gold_gain":0.0,"event_name":"Tomb of Lord Red Mask","player_choice":"Paid","floor":37.0,"gold_loss":222.0,"damage_taken":0.0,"relics_obtained":["Red Mask"]},{"damage_healed":0.0,"max_hp_gain":0.0,"max_hp_loss":4.0,"gold_gain":0.0,"event_name":"Winding Halls","player_choice":"Max HP","floor":39.0,"gold_loss":0.0,"damage_taken":0.0},{"damage_healed":0,"gold_gain":0,"player_choice":"Memory 1","damage_taken":0,"max_hp_gain":0,"max_hp_loss":0,"event_name":"SensoryStone","floor":47,"gold_loss":0},{"cards_removed":["Strike_B"],"damage_healed":0,"gold_gain":0,"player_choice":"Offered Basic","damage_taken":0,"max_hp_gain":0,"max_hp_loss":0,"event_name":"Bonfire Elementals","floor":48,"gold_loss":0}],"is_beta":false,"boss_relics":[{"not_picked":["Coffee Dripper","Black Star"],"picked":"Cursed Key"},{"not_picked":["Tiny House","Nuclear Battery"],"picked":"Fusion Hammer"}],"items_purged_floors":[27],"is_endless":false,"potions_floor_spawned":[11,13,14,19,20,23,28,31,41],"ascension_level":0}}