{"host":"anox4050deqdcqoh","time":1610234174,"event":{"mods":["BaseMod","Colored Map","Highlight Path","Minty Spire (QoL Compilation)","Quick Restart","Rare Cards Sparkle","everything is the same but u backflip on backflip"],"gold_per_floor":[118,118,129,129,54,54,89,101,101,135,155,155,175,186,186,284,284,274,289,135,151,151,151,180,199,199,199,131,131,131,131,131,236,236,250,270,287,337,347,347,382,382,382,382,382,161,172,187,187,187,187,187,12,43,43,43],"floor_reached":55,"playtime":5899,"items_purged":["Regret","Clothesline"],"score":797,"play_id":"446210b1-5dc3-4b93-a80d-a5648aa7117a","local_time":"20210109181614","is_ascension_mode":true,"campfire_choices":[{"data":"Rage","floor":6.0,"key":"SMITH"},{"floor":15.0,"key":"REST"},{"data":"Body Slam","floor":23,"key":"SMITH"},{"data":"Infernal Blade","floor":27,"key":"SMITH"},{"floor":32,"key":"REST"},{"data":"Uppercut","floor":40,"key":"SMITH"},{"floor":42,"key":"RECALL"},{"data":"Flame Barrier","floor":44,"key":"SMITH"},{"data":"Flame Barrier","floor":49,"key":"SMITH"},{"data":"Sword Boomerang","floor":52,"key":"SMITH"}],"circlet_count":0,"master_deck":["Defend_R","Defend_R","Defend_R","Rage+1","Flame Barrier+1","Iron Wave","Sword Boomerang+1","Body Slam+1","Iron Wave","Infernal Blade+1","CurseOfTheBell","Evolve+1","Barricade+1","Iron Wave+1","Feel No Pain+1","Bite","Bite","Bite","Bite","Bite","Berserk+1","Uppercut+1","Shrug It Off+1","Shrug It Off+1","Impervious+1","Flame Barrier+1","Body Slam+1","Entrench"],"relics":["Burning Blood","Gambling Chip","Bag of Marbles","Pear","Mummified Hand","Calling Bell","Strawberry","Frozen Egg 2","Torii","Nilry\u0027s Codex","Red Skull","Omamori","Cursed Key","TungstenRod","Kunai","Shuriken"],"acts_visited":["Exordium","TheCity","TheBeyond","TheEnding"],"potions_floor_usage":[21,24,33,36,50,50,55,55,55],"damage_taken":[{"damage":4.0,"enemies":"Small Slimes","floor":1.0,"turns":4.0},{"damage":4.0,"enemies":"Jaw Worm","floor":3.0,"turns":4.0},{"damage":14.0,"enemies":"3 Sentries","floor":7.0,"turns":13.0},{"damage":1.0,"enemies":"Cultist","floor":8.0,"turns":3.0},{"damage":20.0,"enemies":"Lagavulin","floor":10.0,"turns":9.0},{"damage":0.0,"enemies":"2 Fungi Beasts","floor":11.0,"turns":2.0},{"damage":47.0,"enemies":"Exordium Wildlife","floor":13.0,"turns":9.0},{"damage":4.0,"enemies":"Large Slime","floor":14.0,"turns":5.0},{"damage":80.0,"enemies":"Hexaghost","floor":16.0,"turns":15.0},{"damage":18,"enemies":"2 Thieves","floor":18,"turns":4},{"damage":10,"enemies":"Chosen","floor":19,"turns":6},{"damage":17,"enemies":"Snake Plant","floor":21,"turns":4},{"damage":61,"enemies":"Slavers","floor":24,"turns":8},{"damage":1,"enemies":"Chosen and Byrds","floor":25,"turns":5},{"damage":67,"enemies":"Collector","floor":33,"turns":14},{"damage":9,"enemies":"Orb Walker","floor":35,"turns":4},{"damage":23,"enemies":"3 Shapes","floor":36,"turns":19},{"damage":29,"enemies":"Jaw Worm Horde","floor":37,"turns":8},{"damage":0,"enemies":"Mind Bloom Boss Battle","floor":38,"turns":8},{"damage":31,"enemies":"3 Darklings","floor":39,"turns":11},{"damage":68,"enemies":"Reptomancer","floor":41,"turns":11},{"damage":20,"enemies":"Sphere and 2 Shapes","floor":47,"turns":11},{"damage":10,"enemies":"4 Shapes","floor":48,"turns":11},{"damage":50,"enemies":"Time Eater","floor":50,"turns":15},{"damage":43,"enemies":"Shield and Spear","floor":54,"turns":12},{"damage":42,"enemies":"The Heart","floor":55,"turns":3}],"seed_played":"2647140054467527219","potions_obtained":[{"floor":1.0,"key":"EntropicBrew"},{"floor":7.0,"key":"BloodPotion"},{"floor":10.0,"key":"FairyPotion"},{"floor":16.0,"key":"LiquidBronze"},{"floor":18,"key":"ColorlessPotion"},{"floor":24,"key":"FairyPotion"},{"floor":25,"key":"LiquidBronze"},{"floor":35,"key":"BlessingOfTheForge"},{"floor":41,"key":"SteroidPotion"}],"is_trial":false,"path_per_floor":["M","?","M","?","$","R","E","M","T","E","M","?","M","M","R","B",null,"M","M","$","M","?","R","E","M","T","R","$","?","?","?","R","B",null,"M","M","M","?","M","R","E","R","T","R","?","$","M","M","R","B",null,"R","$","E","B"],"character_chosen":"IRONCLAD","items_purchased":["Barricade+1","Feel No Pain+1","FearPotion","Regen Potion","CultistPotion","EssenceOfSteel"],"campfire_rested":2,"item_purchase_floors":[20,28,46,46,53,53],"current_hp_per_floor":[80,80,80,80,80,80,72,77,87,73,79,79,38,40,67,11,97,85,81,81,70,54,54,33,38,38,38,38,38,38,38,58,27,67,64,49,40,62,57,57,37,37,37,37,37,37,35,57,57,40,67,67,67,40,0,0],"gold":43,"neow_bonus":"TRANSFORM_CARD","is_daily":false,"chose_seed":false,"campfire_upgraded":7,"win_rate":0.0,"timestamp":1610234174,"path_taken":["M","?","M","?","$","R","E","M","T","E","M","?","M","M","R","BOSS","M","?","$","M","?","R","E","M","T","R","$","?","?","?","R","BOSS","M","M","M","?","M","R","E","R","T","R","?","$","?","M","R","BOSS","R","$","E","BOSS"],"items_purchased_type":["Card","Card","Potion","Potion","Potion","Potion"],"build_version":"2020-12-22","purchased_purges":2,"victory":false,"max_hp_per_floor":[80,80,80,80,80,80,80,80,90,90,90,90,90,90,90,90,97,97,97,97,97,97,97,97,97,97,97,97,97,67,67,67,67,67,67,67,67,67,67,67,67,67,67,67,67,67,67,67,67,67,67,67,67,67,67,67],"card_choices":[{"not_picked":["Sentinel","Ghostly Armor"],"picked":"Flame Barrier","floor":1.0},{"not_picked":["Sword Boomerang","Twin Strike"],"picked":"Iron Wave","floor":3.0},{"not_picked":["Twin Strike","Anger","Sever Soul"],"picked":"SKIP","floor":7.0},{"not_picked":["Wild Strike","Sentinel"],"picked":"Sword Boomerang","floor":8.0},{"not_picked":["Intimidate","Spot Weakness"],"picked":"Body Slam","floor":10.0},{"not_picked":["Spot Weakness","Twin Strike"],"picked":"Clothesline","floor":11.0},{"not_picked":["Thunderclap","Heavy Blade"],"picked":"Iron Wave","floor":13.0},{"not_picked":["Bloodletting","Dual Wield"],"picked":"Infernal Blade","floor":14.0},{"not_picked":["Havoc","Pommel Strike+1"],"picked":"Evolve+1","floor":18},{"not_picked":["Clash","Clothesline","Intimidate"],"picked":"SKIP","floor":19},{"not_picked":["Seeing Red","Battle Trance+1"],"picked":"Iron Wave+1","floor":21},{"not_picked":["Fiend Fire","Thunderclap+1","Blood for Blood"],"picked":"SKIP","floor":24},{"not_picked":["Armaments","Clash+1","Body Slam"],"picked":"SKIP","floor":25},{"not_picked":["Barricade+1","Corruption+1"],"picked":"Berserk+1","floor":33},{"not_picked":["Armaments+1","Searing Blow+1"],"picked":"Uppercut","floor":35},{"not_picked":["Intimidate","Shockwave+1"],"picked":"Shrug It Off+1","floor":36},{"not_picked":["Perfected Strike+1","Dual Wield+1","Headbutt"],"picked":"SKIP","floor":37},{"not_picked":["Flex","Twin Strike"],"picked":"Shrug It Off+1","floor":38},{"not_picked":["Armaments","Second Wind","Clothesline+1"],"picked":"SKIP","floor":39},{"not_picked":["Dropkick+1","Second Wind+1"],"picked":"Impervious","floor":41},{"not_picked":["Pommel Strike+1","Rupture+1"],"picked":"Flame Barrier","floor":47},{"not_picked":["Sentinel+1","Warcry"],"picked":"Body Slam+1","floor":48},{"not_picked":["Headbutt","True Grit"],"picked":"Entrench","floor":54}],"player_experience":315189,"relics_obtained":[{"floor":7.0,"key":"Bag of Marbles"},{"floor":9.0,"key":"Pear"},{"floor":10.0,"key":"Mummified Hand"},{"floor":17,"key":"Strawberry"},{"floor":17,"key":"Frozen Egg 2"},{"floor":17,"key":"Torii"},{"floor":22,"key":"Nilry\u0027s Codex"},{"floor":24,"key":"Red Skull"},{"floor":26,"key":"Omamori"},{"floor":38,"key":"TungstenRod"},{"floor":41,"key":"Kunai"},{"floor":54,"key":"Shuriken"}],"event_choices":[{"damage_healed":0.0,"max_hp_gain":0.0,"max_hp_loss":0.0,"gold_gain":0.0,"event_name":"Golden Wing","player_choice":"Ignored","floor":2.0,"gold_loss":0.0,"damage_taken":0.0},{"damage_healed":0.0,"max_hp_gain":0.0,"max_hp_loss":0.0,"gold_gain":0.0,"event_name":"Big Fish","player_choice":"Box","floor":4.0,"gold_loss":0.0,"damage_taken":0.0,"relics_obtained":["Gambling Chip"],"cards_obtained":["Regret"]},{"damage_healed":0.0,"max_hp_gain":0.0,"max_hp_loss":0.0,"gold_gain":0.0,"event_name":"Purifier","player_choice":"Ignored","floor":12.0,"gold_loss":0.0,"damage_taken":0.0},{"damage_healed":0,"gold_gain":0,"player_choice":"Obtained Book","damage_taken":16,"max_hp_gain":0,"max_hp_loss":0,"event_name":"Cursed Tome","floor":22,"gold_loss":0},{"damage_healed":0,"gold_gain":0,"player_choice":"Smashed Altar","damage_taken":0,"max_hp_gain":0,"max_hp_loss":0,"event_name":"Forgotten Altar","floor":29,"gold_loss":0,"cards_obtained":["Decay"]},{"damage_healed":0,"gold_gain":0,"player_choice":"Became a vampire","damage_taken":0,"max_hp_gain":0,"max_hp_loss":30,"event_name":"Vampires","floor":30,"gold_loss":0,"cards_obtained":["Bite","Bite","Bite","Bite","Bite"]},{"cards_removed":["Defend_R"],"damage_healed":0,"gold_gain":0,"player_choice":"Elegance","damage_taken":0,"max_hp_gain":0,"max_hp_loss":0,"event_name":"Back to Basics","floor":31,"gold_loss":0},{"damage_healed":0,"gold_gain":0,"player_choice":"Fight","damage_taken":0,"max_hp_gain":0,"max_hp_loss":0,"event_name":"MindBloom","floor":38,"gold_loss":0},{"damage_healed":0,"gold_gain":0,"player_choice":"Forge","damage_taken":0,"max_hp_gain":0,"max_hp_loss":0,"event_name":"Accursed Blacksmith","floor":45,"gold_loss":0,"cards_upgraded":["Impervious"]}],"is_beta":false,"boss_relics":[{"not_picked":["Velvet Choker","Pandora\u0027s Box"],"picked":"Calling Bell"},{"not_picked":["Runic Cube","Empty Cage"],"picked":"Cursed Key"}],"items_purged_floors":[5,46],"is_endless":false,"potions_floor_spawned":[1,7,10,16,18,24,25,35,41,48],"killed_by":"The Heart","ascension_level":2}}