{"host":"2se5dq1do2gp0x9k","time":1610213866,"event":{"mods":["AchievementEnabler","BaseMod","Block Reminder","Colored Map","Colored Powertips","Minty Spire (QoL Compilation)","Relic Stats","StSLib","SuperFastMode"],"gold_per_floor":[113,19,38,50,50,78,78,92,162,162,197,98,125,135,135,212,212,226,244,244,118,118,118,128,173,173,22,66,97,97,97,97,174,174,191,100,150,162,162,195,195,207,234,234,234],"floor_reached":44,"playtime":1705,"items_purged":["Defend_P","BattleHymn","BattleHymn"],"score":1033,"play_id":"ab8d0a8c-a1ba-40be-bdd9-673f1c1cbff8","local_time":"20210109093746","is_ascension_mode":true,"campfire_choices":[{"data":"MentalFortress","floor":7.0,"key":"SMITH"},{"data":"FlurryOfBlows","floor":10.0,"key":"SMITH"},{"data":"1","floor":15.0,"key":"LIFT"},{"floor":23.0,"key":"REST"},{"floor":32,"key":"REST"},{"data":"2","floor":41,"key":"LIFT"}],"circlet_count":0,"master_deck":["AscendersBane","Eruption","Vigilance+1","Tantrum","MentalFortress+1","Halt+1","Vengeance","EmptyFist","FlurryOfBlows+1","MentalFortress","Wallop","ClearTheMind","FlurryOfBlows+1","Meditate+1","Wish","Judgement","JustLucky","ThirdEye","EmptyFist","LessonLearned","FlurryOfBlows","Necronomicurse","ThirdEye+1","Tantrum+1","ReachHeaven+1","Crescendo","FlurryOfBlows","Omniscience"],"relics":["HolyWater","NeowsBlessing","CloakClasp","Happy Flower","Letter Opener","Girya","Bag of Preparation","Pandora\u0027s Box","Necronomicon","Matryoshka","Peace Pipe","Blood Vial","Damaru","Unceasing Top","Akabeko","Dream Catcher"],"acts_visited":["Exordium","TheCity","TheBeyond"],"potions_floor_usage":[40,40],"damage_taken":[{"damage":0.0,"enemies":"2 Louse","floor":1.0,"turns":1.0},{"damage":0.0,"enemies":"Cultist","floor":3.0,"turns":1.0},{"damage":0.0,"enemies":"Small Slimes","floor":4.0,"turns":1.0},{"damage":28.0,"enemies":"Gremlin Nob","floor":6.0,"turns":4.0},{"damage":8.0,"enemies":"Looter","floor":8.0,"turns":3.0},{"damage":2.0,"enemies":"3 Sentries","floor":11.0,"turns":4.0},{"damage":0.0,"enemies":"Lagavulin","floor":13.0,"turns":4.0},{"damage":0.0,"enemies":"Red Slaver","floor":14.0,"turns":2.0},{"damage":0.0,"enemies":"Slime Boss","floor":16.0,"turns":4.0},{"damage":11.0,"enemies":"2 Thieves","floor":18.0,"turns":2.0},{"damage":20.0,"enemies":"Shell Parasite","floor":19.0,"turns":4.0},{"damage":0.0,"enemies":"Snake Plant","floor":24.0,"turns":3.0},{"damage":0.0,"enemies":"Centurion and Healer","floor":25.0,"turns":3.0},{"damage":1.0,"enemies":"Chosen and Byrds","floor":28.0,"turns":5.0},{"damage":0.0,"enemies":"Book of Stabbing","floor":29.0,"turns":3.0},{"damage":10,"enemies":"Automaton","floor":33,"turns":4},{"damage":11,"enemies":"3 Shapes","floor":35,"turns":4},{"damage":0,"enemies":"Mind Bloom Boss Battle","floor":37,"turns":4},{"damage":1,"enemies":"Orb Walker","floor":38,"turns":3},{"damage":4,"enemies":"Reptomancer","floor":40,"turns":4},{"damage":30,"enemies":"Writhing Mass","floor":42,"turns":5},{"damage":33,"enemies":"Nemesis","floor":44,"turns":2}],"seed_played":"-353929594693147519","potions_obtained":[{"floor":3.0,"key":"Weak Potion"},{"floor":4.0,"key":"SkillPotion"},{"floor":11.0,"key":"FearPotion"},{"floor":14.0,"key":"SmokeBomb"},{"floor":16.0,"key":"BlessingOfTheForge"},{"floor":24.0,"key":"DistilledChaos"},{"floor":29.0,"key":"Weak Potion"},{"floor":40,"key":"LiquidBronze"}],"is_trial":false,"path_per_floor":["M","$","M","M","?","E","R","M","T","R","E","$","E","M","R","B",null,"M","M","?","$","?","R","M","M","T","$","M","E","?","T","R","B",null,"M","$","?","M","?","E","R","M","T","E"],"character_chosen":"WATCHER","items_purchased":["MentalFortress","Halt","ClearTheMind","ThirdEye","FlurryOfBlows","Finesse"],"campfire_rested":2,"item_purchase_floors":[2,2,12,21,27,36],"current_hp_per_floor":[61,61,61,61,61,33,33,25,25,25,23,23,23,23,23,23,57,46,26,5,5,5,25,25,25,25,25,24,24,24,24,44,36,60,51,51,53,54,54,52,52,24,24,0,0],"gold":234,"neow_bonus":"THREE_ENEMY_KILL","is_daily":false,"chose_seed":false,"campfire_upgraded":2,"win_rate":0.0,"timestamp":1610213866,"path_taken":["M","$","M","M","?","E","R","M","T","R","E","$","E","M","R","BOSS","M","?","?","$","?","R","?","M","T","$","M","E","?","?","R","BOSS","M","$","?","M","?","E","R","M","T","E"],"items_purchased_type":["Card","Card","Card","Card","Card","Card"],"build_version":"2020-12-22","purchased_purges":3,"victory":false,"max_hp_per_floor":[68,68,68,68,68,68,68,68,68,68,68,68,68,68,68,68,68,68,68,68,68,68,68,68,68,68,68,68,68,68,68,68,68,68,68,68,68,68,68,68,68,68,68,68,68],"relic_stats":{"Peace Pipe":0,"Blood Vial":14,"Dream Catcher":0,"Happy Flower":[21],"counters":[22,70],"Pandora\u0027s Box":["BattleHymn","BattleHymn","Judgement","JustLucky","ThirdEye","EmptyFist","LessonLearned"],"CloakClasp":[219],"Bag of Preparation":[30],"Necronomicon":[27],"Letter Opener":[30],"obtain_stats":[{"Girya":11,"NeowsBlessing":0,"Happy Flower":6,"Damaru":31,"CloakClasp":5,"Bag of Preparation":13,"Letter Opener":9,"Akabeko":40,"Peace Pipe":29,"Blood Vial":31,"Dream Catcher":43,"Matryoshka":26,"HolyWater":34,"Pandora\u0027s Box":17,"Necronomicon":20,"PureWater":0,"Unceasing Top":37},{"Girya":6,"NeowsBlessing":0,"Happy Flower":4,"Damaru":15,"CloakClasp":3,"Bag of Preparation":7,"Letter Opener":5,"Akabeko":20,"Peace Pipe":15,"Blood Vial":15,"Dream Catcher":21,"Matryoshka":13,"HolyWater":16,"Pandora\u0027s Box":9,"Necronomicon":11,"PureWater":0,"Unceasing Top":18},{"Girya":14,"NeowsBlessing":0,"Happy Flower":7,"Damaru":44,"CloakClasp":3,"Bag of Preparation":18,"Letter Opener":10,"Akabeko":63,"Peace Pipe":44,"Blood Vial":44,"Dream Catcher":68,"Matryoshka":36,"HolyWater":48,"Pandora\u0027s Box":24,"Necronomicon":30,"PureWater":0,"Unceasing Top":56}],"Unceasing Top":[0]},"card_choices":[{"not_picked":["Evaluate","EmptyFist"],"picked":"Tantrum","floor":1.0},{"not_picked":["Indignation","WindmillStrike"],"picked":"Vengeance","floor":3.0},{"not_picked":["LikeWater","FollowUp"],"picked":"EmptyFist","floor":4.0},{"not_picked":["MentalFortress","FlyingSleeves"],"picked":"FlurryOfBlows","floor":6.0},{"not_picked":["ForeignInfluence","ClearTheMind"],"picked":"MentalFortress","floor":8.0},{"not_picked":["FollowUp","Collect"],"picked":"Wallop","floor":11.0},{"not_picked":["JustLucky","FollowUp"],"picked":"FlurryOfBlows","floor":13.0},{"not_picked":["WheelKick","Wireheading"],"picked":"Meditate","floor":14.0},{"not_picked":["DeusExMachina","Omniscience"],"picked":"Wish","floor":16.0},{"not_picked":["SignatureMove","SashWhip","Evaluate"],"picked":"SKIP","floor":18.0},{"not_picked":["WheelKick","InnerPeace"],"picked":"FlurryOfBlows","floor":19.0},{"not_picked":["EmptyBody","Crescendo"],"picked":"ReachHeaven","floor":24.0},{"not_picked":["DeceiveReality+1","SashWhip"],"picked":"Crescendo","floor":25.0},{"not_picked":["Swivel","Fasting2","WreathOfFlame"],"picked":"SKIP","floor":28.0},{"not_picked":["MasterReality","Conclude","Weave"],"picked":"SKIP","floor":29.0},{"not_picked":["Blasphemy","SpiritShield"],"picked":"Omniscience","floor":33},{"not_picked":["Swivel","JustLucky","SignatureMove"],"picked":"SKIP","floor":35},{"not_picked":["Pray","PathToVictory+1","Sanctity"],"picked":"SKIP","floor":38},{"not_picked":["FlyingSleeves","Study+1","CarveReality"],"picked":"SKIP","floor":40},{"not_picked":["Prostrate","ReachHeaven","BowlingBash"],"picked":"SKIP","floor":42}],"player_experience":3815961,"relics_obtained":[{"floor":6.0,"key":"Happy Flower"},{"floor":9.0,"key":"Letter Opener"},{"floor":11.0,"key":"Girya"},{"floor":13.0,"key":"Bag of Preparation"},{"floor":20.0,"key":"Necronomicon"},{"floor":26.0,"key":"Matryoshka"},{"floor":29.0,"key":"Peace Pipe"},{"floor":31,"key":"Blood Vial"},{"floor":31,"key":"Damaru"},{"floor":37,"key":"Unceasing Top"},{"floor":40,"key":"Akabeko"},{"floor":43,"key":"Dream Catcher"}],"event_choices":[{"damage_healed":0.0,"max_hp_gain":0.0,"max_hp_loss":0.0,"gold_gain":0.0,"event_name":"WeMeetAgain","player_choice":"Gave Potion","floor":5.0,"gold_loss":0.0,"damage_taken":0.0,"relics_obtained":["CloakClasp"]},{"damage_healed":0.0,"max_hp_gain":0.0,"max_hp_loss":0.0,"gold_gain":0.0,"event_name":"Cursed Tome","player_choice":"Obtained Book","floor":20.0,"gold_loss":0.0,"damage_taken":21.0},{"damage_healed":0.0,"max_hp_gain":0.0,"max_hp_loss":0.0,"gold_gain":0.0,"event_name":"Duplicator","player_choice":"Copied","floor":22.0,"gold_loss":0.0,"damage_taken":0.0,"cards_obtained":["Tantrum"]},{"damage_healed":0,"gold_gain":0,"player_choice":"Ignored","damage_taken":0,"max_hp_gain":0,"max_hp_loss":0,"event_name":"Beggar","floor":30,"gold_loss":0},{"damage_healed":0,"gold_gain":0,"player_choice":"Fight","damage_taken":0,"max_hp_gain":0,"max_hp_loss":0,"event_name":"MindBloom","floor":37,"gold_loss":0},{"cards_removed":["Finesse"],"damage_healed":0,"gold_gain":0,"player_choice":"Removed Skill","damage_taken":0,"max_hp_gain":0,"max_hp_loss":0,"event_name":"Falling","floor":39,"gold_loss":0}],"is_beta":false,"boss_relics":[{"not_picked":["SlaversCollar","Fusion Hammer"],"picked":"Pandora\u0027s Box"},{"not_picked":["Black Star","Runic Dome"],"picked":"HolyWater"}],"items_purged_floors":[12,21,27],"is_endless":false,"potions_floor_spawned":[3,4,11,14,16,24,28,29,33,35,38,40],"killed_by":"Nemesis","ascension_level":15}}