{"host":"67b023zx83deun0a","time":1610228429,"event":{"mods":["BaseMod","Minty Spire (QoL Compilation)","Relic Stats","StSLib"],"gold_per_floor":[111,123,136,148,162,162,193,204,204,237,237,271,18,31,31,161,161,182,251,251,274,99,130,198,236,289,309,309,340,380,380,380,477,477,543,611,211,271,340,368,412,440,490,490,490,65,365,412,412,472,472,472,57,88,88,88],"floor_reached":55,"playtime":6934,"items_purged":["Strike_P","Strike_P","Strike_P"],"score":1156,"play_id":"535cbfc5-8bf9-43cb-af33-8268a3b12583","local_time":"20210109134029","is_ascension_mode":true,"campfire_choices":[{"data":"BattleHymn","floor":6.0,"key":"SMITH"},{"data":"Omniscience","floor":15.0,"key":"SMITH"},{"data":"Vault","floor":28.0,"key":"SMITH"},{"data":"Blasphemy","floor":32.0,"key":"SMITH"},{"data":"WaveOfTheHand","floor":45.0,"key":"SMITH"},{"floor":49.0,"key":"RECALL"},{"data":"Vault","floor":52.0,"key":"SMITH"}],"circlet_count":0,"master_deck":["Strike_P+1","Defend_P","Defend_P","Defend_P","Defend_P","Eruption+1","Vigilance","Omniscience+1","BattleHymn+1","CutThroughFate+1","DeceiveReality","WaveOfTheHand+1","Vengeance","Vault+1","ClearTheMind","Consecrate","EmptyMind+1","FlurryOfBlows","Wish+1","CrushJoints","Meditate","Evaluate","Meditate+1","Wallop","Blasphemy+1","Vault+1","Perseverance","LessonLearned","Prostrate+1","Meditate+1","Vault+1","MasterReality"],"relics":["PureWater","Bag of Preparation","Bloody Idol","InkBottle","TheAbacus","Sozu","Nloth\u0027s Gift","Whetstone","Incense Burner","Omamori","Damaru","Sundial","VioletLotus","Frozen Eye","Bottled Tornado","FossilizedHelix","Nunchaku","DollysMirror","PreservedInsect","TeardropLocket","OrangePellets","StrikeDummy"],"acts_visited":["Exordium","TheCity","TheBeyond","TheEnding"],"potions_floor_usage":[55,55],"damage_taken":[{"damage":3.0,"enemies":"2 Louse","floor":1.0,"turns":4.0},{"damage":2.0,"enemies":"Jaw Worm","floor":2.0,"turns":4.0},{"damage":0.0,"enemies":"Cultist","floor":3.0,"turns":3.0},{"damage":1.0,"enemies":"2 Fungi Beasts","floor":4.0,"turns":3.0},{"damage":0.0,"enemies":"Exordium Wildlife","floor":5.0,"turns":2.0},{"damage":2.0,"enemies":"3 Sentries","floor":7.0,"turns":5.0},{"damage":3.0,"enemies":"Looter","floor":8.0,"turns":5.0},{"damage":5.0,"enemies":"Lagavulin","floor":10.0,"turns":8.0},{"damage":7.0,"enemies":"3 Sentries","floor":12.0,"turns":5.0},{"damage":14.0,"enemies":"Gremlin Gang","floor":14.0,"turns":4.0},{"damage":2.0,"enemies":"The Guardian","floor":16.0,"turns":12.0},{"damage":6.0,"enemies":"2 Thieves","floor":18.0,"turns":5.0},{"damage":0.0,"enemies":"Spheric Guardian","floor":19.0,"turns":3.0},{"damage":3.0,"enemies":"Snake Plant","floor":21.0,"turns":5.0},{"damage":1.0,"enemies":"Book of Stabbing","floor":23.0,"turns":6.0},{"damage":0.0,"enemies":"3 Cultists","floor":24.0,"turns":4.0},{"damage":0.0,"enemies":"Gremlin Leader","floor":25.0,"turns":6.0},{"damage":2.0,"enemies":"Cultist and Chosen","floor":27.0,"turns":4.0},{"damage":0.0,"enemies":"Book of Stabbing","floor":29.0,"turns":5.0},{"damage":3.0,"enemies":"Centurion and Healer","floor":30.0,"turns":8.0},{"damage":19.0,"enemies":"Collector","floor":33.0,"turns":8.0},{"damage":0.0,"enemies":"Orb Walker","floor":35.0,"turns":3.0},{"damage":18.0,"enemies":"3 Shapes","floor":36.0,"turns":5.0},{"damage":0.0,"enemies":"Transient","floor":38.0,"turns":6.0},{"damage":2.0,"enemies":"Sphere and 2 Shapes","floor":39.0,"turns":8.0},{"damage":12.0,"enemies":"Reptomancer","floor":40.0,"turns":9.0},{"damage":0.0,"enemies":"Writhing Mass","floor":41.0,"turns":7.0},{"damage":28.0,"enemies":"Nemesis","floor":42.0,"turns":7.0},{"damage":0.0,"enemies":"Transient","floor":48.0,"turns":6.0},{"damage":14.0,"enemies":"Donu and Deca","floor":50.0,"turns":8.0},{"damage":0.0,"enemies":"Shield and Spear","floor":54.0,"turns":4.0},{"damage":74,"enemies":"The Heart","floor":55,"turns":11}],"seed_played":"7853017788914642645","potions_obtained":[{"floor":5.0,"key":"AttackPotion"},{"floor":7.0,"key":"Regen Potion"},{"floor":14.0,"key":"SpeedPotion"},{"floor":16.0,"key":"SpeedPotion"}],"is_trial":false,"path_per_floor":["M","M","M","M","M","R","E","M","T","E","?","E","$","M","R","B",null,"M","M","?","M","$","E","M","E","T","M","R","E","M","?","R","B",null,"M","M","$","M","M","E","M","E","T","?","R","$","?","M","R","B",null,"R","$","E","B"],"character_chosen":"WATCHER","items_purchased":["FlurryOfBlows","TheAbacus","Evaluate","Whetstone","Frozen Eye","LessonLearned","DollysMirror","PreservedInsect","TeardropLocket","OrangePellets"],"campfire_rested":0,"item_purchase_floors":[13,13,22,22,37,37,46,46,53,53],"current_hp_per_floor":[62,60,60,59,59,59,57,56,56,53,35,44,44,32,32,32,62,58,60,60,57,57,56,56,56,56,54,54,54,51,51,51,37,63,72,69,69,72,72,65,72,49,54,54,54,54,59,69,69,58,69,69,69,72,0,0],"gold":88,"neow_bonus":"ONE_RANDOM_RARE_CARD","is_daily":false,"chose_seed":false,"campfire_upgraded":6,"win_rate":0.0,"timestamp":1610228429,"path_taken":["M","M","M","M","M","R","E","M","T","E","?","E","$","M","R","BOSS","M","M","?","M","?","E","M","E","T","M","R","E","M","?","R","BOSS","M","M","$","M","M","E","M","E","T","?","R","$","?","M","R","BOSS","R","$","E","BOSS"],"items_purchased_type":["Card","Relic","Card","Relic","Relic","Card","Relic","Relic","Relic","Relic"],"build_version":"2020-12-22","purchased_purges":3,"victory":false,"max_hp_per_floor":[72,72,72,72,72,72,72,72,72,72,72,72,72,72,72,72,72,72,72,72,72,72,72,72,72,72,72,72,72,72,72,72,72,72,72,72,72,72,72,72,72,72,72,72,72,72,72,72,72,72,72,72,72,72,72,72],"relic_stats":{"counters":[32,183],"PreservedInsect":68,"Bag of Preparation":[48],"Whetstone":["Eruption","Strike_P"],"Sozu":8,"OrangePellets":[0],"Nunchaku":[7],"TheAbacus":[192],"Sundial":[12],"Bloody Idol":77,"VioletLotus":[37],"Nloth\u0027s Gift":4,"obtain_stats":[{"Golden Idol":11,"Damaru":26,"PreservedInsect":46,"Bag of Preparation":10,"Incense Burner":23,"Omamori":25,"Whetstone":22,"TeardropLocket":53,"Bottled Tornado":40,"Blood Vial":7,"Sozu":17,"Frozen Eye":37,"OrangePellets":53,"Nunchaku":43,"TheAbacus":13,"Sundial":29,"DollysMirror":46,"Bloody Idol":31,"VioletLotus":34,"Nloth\u0027s Gift":20,"PureWater":0,"StrikeDummy":54,"InkBottle":12,"FossilizedHelix":42},{"Golden Idol":8,"Damaru":17,"PreservedInsect":28,"Bag of Preparation":8,"Incense Burner":15,"Omamori":17,"Whetstone":14,"TeardropLocket":30,"Bottled Tornado":26,"Blood Vial":6,"Sozu":11,"Frozen Eye":23,"OrangePellets":30,"Nunchaku":28,"TheAbacus":9,"Sundial":19,"DollysMirror":28,"Bloody Idol":20,"VioletLotus":21,"Nloth\u0027s Gift":13,"PureWater":0,"StrikeDummy":31,"InkBottle":9,"FossilizedHelix":28},{"Golden Idol":34,"Damaru":84,"PreservedInsect":154,"Bag of Preparation":34,"Incense Burner":74,"Omamori":84,"Whetstone":68,"TeardropLocket":168,"Bottled Tornado":140,"Blood Vial":21,"Sozu":55,"Frozen Eye":117,"OrangePellets":168,"Nunchaku":154,"TheAbacus":39,"Sundial":93,"DollysMirror":154,"Bloody Idol":101,"VioletLotus":109,"Nloth\u0027s Gift":63,"PureWater":0,"StrikeDummy":172,"InkBottle":39,"FossilizedHelix":154}],"InkBottle":[69]},"card_choices":[{"not_picked":["ClearTheMind","JustLucky"],"picked":"BattleHymn","floor":1.0},{"not_picked":["SashWhip","Halt"],"picked":"CutThroughFate","floor":2.0},{"not_picked":["Protect","WreathOfFlame"],"picked":"DeceiveReality","floor":3.0},{"not_picked":["DeceiveReality","PathToVictory"],"picked":"WaveOfTheHand","floor":4.0},{"not_picked":["Swivel","ThirdEye"],"picked":"Vengeance","floor":5.0},{"not_picked":["ClearTheMind","JustLucky"],"picked":"Vault","floor":7.0},{"not_picked":["Halt","Collect"],"picked":"ClearTheMind","floor":8.0},{"not_picked":["ClearTheMind","PathToVictory"],"picked":"Consecrate","floor":10.0},{"not_picked":["Consecrate","Prostrate"],"picked":"EmptyMind","floor":12.0},{"not_picked":["SignatureMove","EmptyMind","Halt"],"picked":"SKIP","floor":14.0},{"not_picked":["DeusExMachina","ConjureBlade"],"picked":"Wish","floor":16.0},{"not_picked":["BowlingBash","CutThroughFate"],"picked":"CrushJoints","floor":18.0},{"not_picked":["CutThroughFate+1","Prostrate","ClearTheMind"],"picked":"SKIP","floor":19.0},{"not_picked":["Adaptation","SashWhip"],"picked":"Meditate","floor":21.0},{"not_picked":["DevaForm","CrushJoints+1"],"picked":"Wireheading","floor":23.0},{"not_picked":["SashWhip","ClearTheMind","CutThroughFate"],"picked":"SKIP","floor":24.0},{"not_picked":["Perseverance","Ragnarok","Wireheading"],"picked":"SKIP","floor":25.0},{"not_picked":["FollowUp","Indignation"],"picked":"Meditate+1","floor":27.0},{"not_picked":["PathToVictory","Swivel"],"picked":"Wallop","floor":29.0},{"not_picked":["FlyingSleeves","Halt"],"picked":"Blasphemy","floor":30.0},{"not_picked":["DeusExMachina","Ragnarok"],"picked":"Vault","floor":33.0},{"not_picked":["Meditate","SignatureMove"],"picked":"Perseverance","floor":35.0},{"not_picked":["Evaluate","WaveOfTheHand","CutThroughFate+1"],"picked":"SKIP","floor":36.0},{"not_picked":["JustLucky+1","Fasting2"],"picked":"Prostrate","floor":38.0},{"not_picked":["PathToVictory","Judgement","Halt+1"],"picked":"SKIP","floor":39.0},{"not_picked":["CutThroughFate+1","WaveOfTheHand+1"],"picked":"Meditate+1","floor":40.0},{"not_picked":["FlurryOfBlows+1","PathToVictory+1","EmptyFist"],"picked":"SKIP","floor":41.0},{"not_picked":["ThirdEye+1","LessonLearned","ReachHeaven"],"picked":"SKIP","floor":42.0},{"not_picked":["Indignation","FlurryOfBlows+1","EmptyMind"],"picked":"SKIP","floor":48.0},{"not_picked":["Consecrate+1","Prostrate"],"picked":"MasterReality","floor":54.0}],"player_experience":342963,"relics_obtained":[{"floor":7.0,"key":"Blood Vial"},{"floor":10.0,"key":"Bag of Preparation"},{"floor":12.0,"key":"InkBottle"},{"floor":23.0,"key":"Incense Burner"},{"floor":25.0,"key":"Omamori"},{"floor":26.0,"key":"Damaru"},{"floor":29.0,"key":"Sundial"},{"floor":40.0,"key":"Bottled Tornado"},{"floor":42.0,"key":"FossilizedHelix"},{"floor":43.0,"key":"Nunchaku"},{"floor":54.0,"key":"StrikeDummy"}],"event_choices":[{"damage_healed":0.0,"max_hp_gain":0.0,"max_hp_loss":0.0,"gold_gain":0.0,"event_name":"Golden Idol","player_choice":"Take Damage","floor":11.0,"gold_loss":0.0,"damage_taken":18.0,"relics_obtained":["Golden Idol"]},{"damage_healed":0.0,"max_hp_gain":0.0,"max_hp_loss":0.0,"gold_gain":0.0,"event_name":"N\u0027loth","player_choice":"Traded Relic","floor":20.0,"relics_lost":["Blood Vial"],"gold_loss":0.0,"damage_taken":0.0,"relics_obtained":["Nloth\u0027s Gift"]},{"damage_healed":0.0,"max_hp_gain":0.0,"max_hp_loss":0.0,"gold_gain":0.0,"event_name":"Forgotten Altar","player_choice":"Gave Idol","floor":31.0,"relics_lost":["Golden Idol"],"gold_loss":0.0,"damage_taken":0.0,"relics_obtained":["Bloody Idol"]},{"cards_removed":["Wireheading"],"damage_healed":0.0,"max_hp_gain":0.0,"max_hp_loss":0.0,"gold_gain":0.0,"event_name":"Falling","player_choice":"Removed Power","floor":44.0,"gold_loss":0.0,"damage_taken":0.0},{"damage_healed":0.0,"max_hp_gain":0.0,"max_hp_loss":0.0,"gold_gain":300.0,"event_name":"Wheel of Change","player_choice":"Gold","floor":47.0,"gold_loss":0.0,"damage_taken":0.0}],"is_beta":false,"boss_relics":[{"not_picked":["Tiny House","Pandora\u0027s Box"],"picked":"Sozu"},{"not_picked":["Velvet Choker","Busted Crown"],"picked":"VioletLotus"}],"items_purged_floors":[13,37,46],"is_endless":false,"potions_floor_spawned":[5,7,14,16,18,19,23,25,35,38,40,42,48],"killed_by":"The Heart","ascension_level":7}}