{"host":"3b5lda25ezqra65h","time":1610211535,"event":{"mods":["BaseMod","BetterRewards","Colored Map","Minty Spire (QoL Compilation)","The Disciple"],"gold_per_floor":[112,72,82,32,52,52,81,81,81,91,107,107,160,180,180,277,277,217,217,217,22,22,22,22,22,22,22,0,0,0,0,0,0,0],"floor_reached":33,"playtime":1428,"items_purged":[],"score":299,"play_id":"46fb9935-f752-48e0-963e-832703818e3d","local_time":"20210109175855","is_ascension_mode":true,"campfire_choices":[{"floor":6,"key":"RECALL"},{"floor":8,"key":"REST"},{"floor":15,"key":"REST"},{"floor":23,"key":"REST"},{"data":"Catalyst","floor":32,"key":"SMITH"}],"circlet_count":0,"master_deck":["Strike_G+1","Strike_G+1","Strike_G+1","Strike_G+1","Strike_G+1","Defend_G+1","Defend_G+1","Defend_G+1","Defend_G+1","Defend_G+1","Survivor","Neutralize","Catalyst+1","All Out Attack","After Image","Poisoned Stab","Poisoned Stab","Doppelganger","Cloak And Dagger+1","Blade Dance+1"],"relics":["Ring of the Snake","NeowsBlessing","Bag of Preparation","Ectoplasm","PreservedInsect","Regal Pillow","Tiny Chest"],"acts_visited":["Exordium","TheCity"],"potions_floor_usage":[7,16,16,24,33],"damage_taken":[{"damage":0,"enemies":"Jaw Worm","floor":1,"turns":1},{"damage":0,"enemies":"Small Slimes","floor":3,"turns":1},{"damage":0,"enemies":"2 Louse","floor":5,"turns":1},{"damage":61,"enemies":"Gremlin Nob","floor":7,"turns":6},{"damage":0,"enemies":"2 Fungi Beasts","floor":10,"turns":4},{"damage":7,"enemies":"Gremlin Gang","floor":11,"turns":3},{"damage":0,"enemies":"Looter","floor":14,"turns":3},{"damage":33,"enemies":"Hexaghost","floor":16,"turns":11},{"damage":18,"enemies":"2 Thieves","floor":18,"turns":4},{"damage":1,"enemies":"Chosen","floor":20,"turns":4},{"damage":15,"enemies":"Sentry and Sphere","floor":22,"turns":6},{"damage":14,"enemies":"Snake Plant","floor":24,"turns":5},{"damage":7,"enemies":"Centurion and Healer","floor":27,"turns":5},{"damage":0,"enemies":"Chosen and Byrds","floor":31,"turns":5},{"damage":76,"enemies":"Champ","floor":33,"turns":10}],"seed_played":"3497298774552943931","potions_obtained":[{"floor":5,"key":"Ancient Potion"},{"floor":14,"key":"Dexterity Potion"},{"floor":16,"key":"Block Potion"},{"floor":22,"key":"Explosive Potion"},{"floor":27,"key":"Dexterity Potion"}],"is_trial":false,"path_per_floor":["M","$","M","$","M","R","E","R","T","M","M","?","?","M","R","B",null,"M","?","M","$","M","R","M","?","T","M","?","?","T","M","R","B"],"character_chosen":"THE_SILENT","items_purchased":["Catalyst","SteroidPotion","PreservedInsect","Poison Potion"],"campfire_rested":3,"item_purchase_floors":[2,4,21,21],"current_hp_per_floor":[70,70,70,70,70,70,9,30,30,30,23,23,23,23,44,11,70,52,52,51,51,36,57,43,70,70,63,63,63,63,63,63,0,0],"gold":0,"neow_bonus":"THREE_ENEMY_KILL","is_daily":false,"chose_seed":false,"campfire_upgraded":1,"win_rate":0.0,"timestamp":1610211535,"path_taken":["M","$","M","$","M","R","E","R","T","M","M","?","?","M","R","BOSS","M","?","M","$","M","R","M","?","T","?","?","?","?","M","R","BOSS"],"items_purchased_type":["Card","Potion","Relic","Potion"],"build_version":"2020-12-22","purchased_purges":0,"victory":false,"max_hp_per_floor":[70,70,70,70,70,70,70,70,70,70,70,70,70,70,70,70,70,70,70,70,70,70,70,70,70,70,70,70,70,70,70,70,70,70],"card_choices":[{"not_picked":["Cloak And Dagger","Skewer","Dagger Throw"],"picked":"SKIP","floor":1},{"not_picked":["Escape Plan","Dagger Spray"],"picked":"All Out Attack","floor":3},{"not_picked":["Underhanded Strike","Dodge and Roll","PiercingWail"],"picked":"SKIP","floor":5},{"not_picked":["Acrobatics","Masterful Stab"],"picked":"After Image","floor":7},{"not_picked":["Dodge and Roll","Underhanded Strike"],"picked":"Poisoned Stab","floor":10},{"not_picked":["Endless Agony","Dagger Spray","Masterful Stab"],"picked":"SKIP","floor":11},{"not_picked":["Cloak And Dagger","Quick Slash"],"picked":"Poisoned Stab","floor":14},{"not_picked":["Bullet Time","Wraith Form v2"],"picked":"Doppelganger","floor":16},{"not_picked":["PiercingWail","Flying Knee"],"picked":"Cloak And Dagger+1","floor":18},{"not_picked":["PiercingWail","Acrobatics"],"picked":"Blade Dance+1","floor":20},{"not_picked":["Concentrate","Finisher","Dagger Throw"],"picked":"SKIP","floor":22},{"not_picked":["Leg Sweep+1","Slice"],"picked":"Terror","floor":24},{"not_picked":["Deadly Poison","Riddle With Holes","Tactician"],"picked":"SKIP","floor":27},{"not_picked":["Poisoned Stab","Backflip","Prepared"],"picked":"SKIP","floor":31}],"player_experience":229198,"relics_obtained":[{"floor":7,"key":"Bag of Preparation"},{"floor":26,"key":"Regal Pillow"},{"floor":30,"key":"Tiny Chest"}],"event_choices":[{"damage_healed":0,"gold_gain":0,"player_choice":"Ignored","damage_taken":0,"max_hp_gain":0,"max_hp_loss":0,"event_name":"Shining Light","floor":12,"gold_loss":0},{"damage_healed":0,"gold_gain":53,"player_choice":"Gained Gold","damage_taken":0,"max_hp_gain":0,"max_hp_loss":0,"event_name":"Golden Wing","floor":13,"gold_loss":0},{"damage_healed":0,"gold_gain":0,"player_choice":"Simplicity","damage_taken":0,"max_hp_gain":0,"max_hp_loss":0,"event_name":"Back to Basics","floor":19,"gold_loss":0,"cards_upgraded":["Strike_G","Strike_G","Strike_G","Strike_G","Strike_G","Defend_G","Defend_G","Defend_G","Defend_G","Defend_G"]},{"cards_removed":["Terror"],"damage_healed":27,"gold_gain":0,"player_choice":"Offered Uncommon","damage_taken":0,"max_hp_gain":0,"max_hp_loss":0,"event_name":"Bonfire Elementals","floor":25,"gold_loss":0},{"damage_healed":0,"gold_gain":0,"player_choice":"Paid Fearfully","damage_taken":0,"max_hp_gain":0,"max_hp_loss":0,"event_name":"Masked Bandits","floor":28,"gold_loss":22}],"is_beta":false,"boss_relics":[{"not_picked":["Coffee Dripper","Black Star"],"picked":"Ectoplasm"}],"items_purged_floors":[],"is_endless":false,"potions_floor_spawned":[5,14,16,22,27],"killed_by":"Champ","ascension_level":4}}