{"host":"0i8dz4ityulxi1rd","time":1610181809,"event":{"mods":["BaseMod","Colored Map","Colored Powertips","Custom Start","Highlight Path","Keyboard Shortcuts","Minty Spire (QoL Compilation)","StSLib","SuperFastMode"],"gold_per_floor":[114,39,55,55,55,89,104,139,139,139,152,171,171,188,188,188,188],"floor_reached":16,"playtime":467,"items_purged":["Defend_R"],"score":274,"play_id":"a45abc2a-ce18-4587-a938-d12ec85d20d9","local_time":"20210109174329","is_ascension_mode":true,"campfire_choices":[{"data":"Entrench","floor":10.0,"key":"SMITH"},{"data":"Body Slam","floor":13.0,"key":"SMITH"},{"data":"Flame Barrier","floor":15.0,"key":"SMITH"}],"circlet_count":0,"master_deck":["AscendersBane","Strike_R","Strike_R","Strike_R","Strike_R","Strike_R","Defend_R","Defend_R","Defend_R","Bash","Shrug It Off","Body Slam+1","Entrench+1","Headbutt","Flame Barrier+1"],"relics":["Burning Blood","NeowsBlessing","Paper Frog","Eternal Feather","TungstenRod","Pen Nib","The Courier"],"acts_visited":["Exordium"],"potions_floor_usage":[16],"damage_taken":[{"damage":0.0,"enemies":"Cultist","floor":1.0,"turns":1.0},{"damage":0.0,"enemies":"Jaw Worm","floor":3.0,"turns":1.0},{"damage":0.0,"enemies":"Lagavulin","floor":6.0,"turns":1.0},{"damage":8.0,"enemies":"Small Slimes","floor":7.0,"turns":4.0},{"damage":53.0,"enemies":"3 Sentries","floor":8.0,"turns":14.0},{"damage":28.0,"enemies":"Exordium Wildlife","floor":11.0,"turns":8.0},{"damage":0.0,"enemies":"Lots of Slimes","floor":12.0,"turns":6.0},{"damage":6.0,"enemies":"3 Louse","floor":14.0,"turns":4.0},{"damage":33,"enemies":"Hexaghost","floor":16,"turns":11}],"seed_played":"-6377482328478153869","potions_obtained":[{"floor":1.0,"key":"LiquidBronze"},{"floor":3.0,"key":"SteroidPotion"},{"floor":8.0,"key":"DuplicationPotion"},{"floor":11.0,"key":"HeartOfIron"}],"is_trial":false,"path_per_floor":["M","$","M","T","T","E","M","E","T","R","M","M","R","M","R","B"],"character_chosen":"IRONCLAD","items_purchased":[],"campfire_rested":0,"item_purchase_floors":[],"current_hp_per_floor":[74,74,75,75,75,75,73,26,26,32,10,16,25,25,34,1,1],"gold":188,"neow_bonus":"THREE_ENEMY_KILL","is_daily":false,"chose_seed":false,"campfire_upgraded":3,"win_rate":0.0,"timestamp":1610181809,"path_taken":["M","$","?","?","?","E","M","E","T","R","M","M","R","?","R","BOSS"],"items_purchased_type":[],"build_version":"2020-12-22","purchased_purges":1,"victory":false,"max_hp_per_floor":[75,75,75,75,75,75,75,75,75,75,75,75,75,75,75,75,75],"card_choices":[{"not_picked":["Havoc","Bloodletting"],"picked":"Shrug It Off","floor":1.0},{"not_picked":["Warcry","Dual Wield","Sentinel"],"picked":"SKIP","floor":3.0},{"not_picked":["Dropkick","Iron Wave"],"picked":"Body Slam","floor":6.0},{"not_picked":["Warcry","Intimidate"],"picked":"Entrench","floor":7.0},{"not_picked":["Whirlwind","Pommel Strike"],"picked":"Headbutt","floor":8.0},{"not_picked":["Cleave","Flex","Rampage"],"picked":"SKIP","floor":11.0},{"not_picked":["Sword Boomerang","Metallicize"],"picked":"Flame Barrier","floor":12.0},{"not_picked":["Warcry","Searing Blow","Sword Boomerang"],"picked":"SKIP","floor":14.0}],"player_experience":1314342,"relics_obtained":[{"floor":4.0,"key":"Paper Frog"},{"floor":5.0,"key":"Eternal Feather"},{"floor":6.0,"key":"TungstenRod"},{"floor":8.0,"key":"Pen Nib"},{"floor":9.0,"key":"The Courier"}],"event_choices":[],"is_beta":false,"boss_relics":[],"items_purged_floors":[2],"is_endless":false,"potions_floor_spawned":[1,3,8,11],"killed_by":"Hexaghost","ascension_level":20}}