{"host":"a5lz0e76zb3fcwkm","time":1610202946,"event":{"mods":["AchievementEnabler","BaseMod","Colored Map","Colored Powertips","Minty Spire (QoL Compilation)","StSLib","SuperFastMode"],"gold_per_floor":[118,8,28,38,48,48,61,87,112,141,141],"floor_reached":10,"playtime":164,"items_purged":[],"score":160,"play_id":"a5493783-9002-44dc-a7da-1fd3493ed53d","local_time":"20210109233546","is_ascension_mode":true,"campfire_choices":[{"data":"Anger","floor":6,"key":"SMITH"}],"circlet_count":0,"master_deck":["AscendersBane","Strike_R","Strike_R","Strike_R","Strike_R","Strike_R","Defend_R+1","Defend_R","Defend_R","Defend_R+1","Bash","Shrug It Off","Anger+1","Shockwave"],"relics":["Burning Blood","NeowsBlessing","War Paint","Potion Belt","Bronze Scales"],"acts_visited":["Exordium"],"potions_floor_usage":[8,8],"damage_taken":[{"damage":0,"enemies":"Cultist","floor":1,"turns":1},{"damage":0,"enemies":"Jaw Worm","floor":3,"turns":1},{"damage":0,"enemies":"2 Louse","floor":4,"turns":1},{"damage":13,"enemies":"Blue Slaver","floor":5,"turns":4},{"damage":3,"enemies":"Exordium Wildlife","floor":7,"turns":4},{"damage":24,"enemies":"3 Sentries","floor":8,"turns":7},{"damage":33,"enemies":"Lagavulin","floor":10,"turns":8}],"seed_played":"-3666167327008947887","potions_obtained":[{"floor":3,"key":"PowerPotion"},{"floor":4,"key":"Swift Potion"}],"is_trial":false,"path_per_floor":["M","?","M","M","M","R","M","E","T","E"],"character_chosen":"IRONCLAD","items_purchased":[],"campfire_rested":0,"item_purchase_floors":[],"current_hp_per_floor":[74,74,75,75,68,68,71,53,53,26,26],"gold":141,"neow_bonus":"THREE_ENEMY_KILL","is_daily":false,"chose_seed":false,"campfire_upgraded":1,"win_rate":0.0,"timestamp":1610202946,"path_taken":["M","?","M","?","M","R","M","E","T","E"],"items_purchased_type":[],"build_version":"2020-12-22","purchased_purges":0,"victory":false,"max_hp_per_floor":[75,75,75,75,75,75,75,75,75,75,75],"card_choices":[{"not_picked":["Iron Wave","Thunderclap","Armaments"],"picked":"SKIP","floor":1},{"not_picked":["Warcry","Flex"],"picked":"Shrug It Off","floor":3},{"not_picked":["Perfected Strike","Limit Break"],"picked":"Anger","floor":4},{"not_picked":["Thunderclap","True Grit","Heavy Blade"],"picked":"SKIP","floor":5},{"not_picked":["Clothesline","True Grit"],"picked":"Shockwave","floor":7},{"not_picked":["Bloodletting","Havoc","Perfected Strike"],"picked":"SKIP","floor":8}],"player_experience":1702221,"relics_obtained":[{"floor":8,"key":"Potion Belt"},{"floor":10,"key":"Bronze Scales"}],"event_choices":[{"damage_healed":0,"gold_gain":0,"player_choice":"Paid Gold","damage_taken":0,"relics_obtained":["War Paint"],"max_hp_gain":0,"max_hp_loss":0,"event_name":"WeMeetAgain","floor":2,"gold_loss":110}],"is_beta":false,"boss_relics":[],"items_purged_floors":[],"is_endless":false,"potions_floor_spawned":[3,4],"killed_by":"Lagavulin","ascension_level":20}}