{"host":"3l94tha3a4jgu0q4","time":1610186949,"event":{"mods":["2.2 Compatiblity","AchievementEnabler","BaseMod","Colored Map","Colored Powertips","Highlight Path","Minty Spire (QoL Compilation)","Permanent Neow","StSLib","SuperFastMode"],"gold_per_floor":[99,99,99,24,24,24,24,24,24,24,24,24,24,9,9,9,9],"floor_reached":16,"playtime":311,"items_purged":[],"score":187,"play_id":"5ddb2f71-e7a8-4fbe-ad0f-47e643ee2ce2","local_time":"20210109020909","is_ascension_mode":true,"campfire_choices":[{"data":"Eruption","floor":6,"key":"SMITH"},{"floor":8,"key":"REST"},{"data":"WheelKick","floor":11,"key":"SMITH"},{"data":"Evaluate","floor":15,"key":"SMITH"}],"circlet_count":0,"master_deck":["AscendersBane","Strike_P","Strike_P+1","Strike_P","Strike_P","Defend_P","Defend_P","Defend_P+1","Defend_P","Eruption+1","Vigilance","ClearTheMind","FlurryOfBlows","EmptyMind","WheelKick+1","Crescendo","EmptyFist","Evaluate+1","Indignation"],"relics":["Ectoplasm","Smiling Mask","MealTicket","Potion Belt"],"acts_visited":["Exordium"],"potions_floor_usage":[7,13],"damage_taken":[{"damage":0,"enemies":"Cultist","floor":1,"turns":3},{"damage":8,"enemies":"2 Louse","floor":2,"turns":3},{"damage":0,"enemies":"Small Slimes","floor":3,"turns":2},{"damage":34,"enemies":"3 Sentries","floor":7,"turns":9},{"damage":5,"enemies":"Gremlin Gang","floor":12,"turns":4},{"damage":15,"enemies":"Lagavulin","floor":13,"turns":5},{"damage":0,"enemies":"Looter","floor":14,"turns":2},{"damage":7,"enemies":"Slime Boss","floor":16,"turns":5}],"seed_played":"1113776570808496169","potions_obtained":[{"floor":3,"key":"SneckoOil"},{"floor":7,"key":"Dexterity Potion"}],"is_trial":false,"path_per_floor":["M","M","M","$","?","R","E","R","T","?","R","M","E","M","R","B"],"character_chosen":"WATCHER","items_purchased":["WheelKick"],"campfire_rested":1,"item_purchase_floors":[4],"current_hp_per_floor":[61,53,53,53,39,39,5,25,25,25,25,20,5,5,5,0,0],"gold":9,"neow_bonus":"BOSS_RELIC","is_daily":false,"chose_seed":false,"campfire_upgraded":3,"win_rate":0.0,"timestamp":1610186949,"path_taken":["M","M","?","$","?","R","E","R","T","?","R","M","E","?","R","BOSS"],"items_purchased_type":["Card"],"build_version":"2020-12-22","purchased_purges":0,"victory":false,"max_hp_per_floor":[68,68,68,68,68,68,68,68,68,68,68,68,68,68,68,68,68],"card_choices":[{"not_picked":["SashWhip","Fasting2"],"picked":"ClearTheMind","floor":1},{"not_picked":["Evaluate","FlyingSleeves"],"picked":"FlurryOfBlows","floor":2},{"not_picked":["Crescendo","ClearTheMind"],"picked":"EmptyMind","floor":3},{"not_picked":["CrushJoints","FlyingSleeves"],"picked":"Crescendo","floor":7},{"not_picked":["FlyingSleeves","Swivel"],"picked":"Evaluate","floor":12},{"not_picked":["MasterReality","Collect"],"picked":"Indignation","floor":13},{"not_picked":["Evaluate","CutThroughFate","ThirdEye"],"picked":"SKIP","floor":14}],"player_experience":1905702,"relics_obtained":[{"floor":7,"key":"Smiling Mask"},{"floor":9,"key":"MealTicket"},{"floor":13,"key":"Potion Belt"}],"event_choices":[{"damage_healed":0,"gold_gain":0,"player_choice":"Entered Light","damage_taken":14,"max_hp_gain":0,"max_hp_loss":0,"event_name":"Shining Light","floor":5,"gold_loss":0,"cards_upgraded":["Defend_P","Strike_P"]},{"damage_healed":0,"gold_gain":0,"player_choice":"1 cards matched","damage_taken":0,"max_hp_gain":0,"max_hp_loss":0,"event_name":"Match and Keep!","floor":10,"gold_loss":0,"cards_obtained":["EmptyFist"]}],"is_beta":false,"boss_relics":[],"items_purged_floors":[],"is_endless":false,"potions_floor_spawned":[3,7],"killed_by":"Slime Boss","ascension_level":14}}