{"host":"5wznv0010959mrmz","time":1610166174,"event":{"mods":["BaseMod","Highlight Path","Minty Spire (QoL Compilation)","Relic Stats"],"gold_per_floor":[99,99,99,49,49,49,49,49,49,49,49,49,49],"floor_reached":12,"playtime":325,"items_purged":[],"score":115,"play_id":"3caab4b6-1867-4745-92f6-1674560fa6af","local_time":"20210108222254","is_ascension_mode":true,"campfire_choices":[{"data":"Eruption","floor":6,"key":"SMITH"}],"circlet_count":0,"master_deck":["Strike_P","Strike_P","Strike_P","Strike_P","Defend_P","Defend_P","Defend_P","Eruption+1","Vigilance","SignatureMove","SashWhip","Halt","MentalFortress","Wallop","Vengeance","EmptyBody"],"relics":["Ectoplasm","Pantograph","InkBottle","Matryoshka"],"acts_visited":["Exordium"],"potions_floor_usage":[11],"damage_taken":[{"damage":0,"enemies":"Cultist","floor":1,"turns":4},{"damage":0,"enemies":"Small Slimes","floor":3,"turns":2},{"damage":6,"enemies":"2 Louse","floor":5,"turns":3},{"damage":0,"enemies":"2 Fungi Beasts","floor":7,"turns":2},{"damage":18,"enemies":"Lagavulin","floor":8,"turns":5},{"damage":8,"enemies":"3 Louse","floor":10,"turns":3},{"damage":10,"enemies":"Lots of Slimes","floor":11,"turns":3},{"damage":39,"enemies":"3 Sentries","floor":12,"turns":5}],"seed_played":"-1241406346464413764","potions_obtained":[{"floor":5,"key":"Ancient Potion"},{"floor":10,"key":"SkillPotion"}],"is_trial":false,"path_per_floor":["M","?","M","?","M","R","M","E","T","M","M","E"],"character_chosen":"WATCHER","items_purchased":[],"campfire_rested":0,"item_purchase_floors":[],"current_hp_per_floor":[65,62,62,62,56,56,56,38,38,30,20,0,0],"gold":49,"neow_bonus":"BOSS_RELIC","is_daily":false,"chose_seed":false,"campfire_upgraded":1,"win_rate":0.0,"timestamp":1610166174,"path_taken":["M","?","M","?","M","R","M","E","T","M","M","E"],"items_purchased_type":[],"build_version":"2020-12-22","purchased_purges":0,"victory":false,"max_hp_per_floor":[72,72,72,72,72,72,72,72,72,72,72,72,72],"relic_stats":{"counters":[8,27],"Pantograph":0,"Ectoplasm":122,"obtain_stats":[{"Matryoshka":9,"Pantograph":2,"Ectoplasm":0,"PureWater":0,"InkBottle":8},{"Matryoshka":5,"Pantograph":1,"Ectoplasm":0,"PureWater":0,"InkBottle":5},{"Matryoshka":16,"Pantograph":4,"Ectoplasm":0,"PureWater":0,"InkBottle":16}],"InkBottle":[2]},"card_choices":[{"not_picked":["Crescendo","Sanctity"],"picked":"SignatureMove","floor":1},{"not_picked":["CrushJoints","LikeWater"],"picked":"SashWhip","floor":3},{"not_picked":["ThirdEye","EmptyFist"],"picked":"Halt","floor":5},{"not_picked":["Meditate","InnerPeace"],"picked":"MentalFortress","floor":7},{"not_picked":["EmptyBody","EmptyFist"],"picked":"Wallop","floor":8},{"not_picked":["JustLucky","Crescendo"],"picked":"Vengeance","floor":10},{"not_picked":["Swivel","SashWhip"],"picked":"EmptyBody","floor":11}],"player_experience":421852,"relics_obtained":[{"floor":8,"key":"InkBottle"},{"floor":9,"key":"Matryoshka"}],"event_choices":[{"damage_healed":0,"gold_gain":0,"player_choice":"Success","damage_taken":3,"relics_obtained":["Pantograph"],"max_hp_gain":0,"max_hp_loss":0,"event_name":"Scrap Ooze","floor":2,"gold_loss":0},{"cards_removed":["Defend_P"],"damage_healed":0,"gold_gain":0,"player_choice":"Card Removal","damage_taken":0,"max_hp_gain":0,"max_hp_loss":0,"event_name":"The Cleric","floor":4,"gold_loss":50}],"is_beta":false,"boss_relics":[],"items_purged_floors":[],"is_endless":false,"potions_floor_spawned":[5,10],"killed_by":"3 Sentries","ascension_level":8}}