{"host":"qxeepl7ydvsgmfdb","time":1610171706,"event":{"mods":["AchievementEnabler","BaseMod","Colored Powertips","Minty Spire (QoL Compilation)","Quick Restart","slay the spire mod where everything is the same but ironclad has a cowboy hat"],"gold_per_floor":[112,287,362,6,26,56,6,6,6,26,26,26,41,41,41,138,138,156,156,156,169,187,187,87,87,165,194,75,92,105,20,20,116,116,136,136,136,136,152,152,165,183,231,106,158,187,206,224,224,224],"floor_reached":51,"playtime":1340,"items_purged":["Doubt","Strike_G","Strike_G"],"score":745,"play_id":"9a9736cc-a532-44eb-8188-01a5dac9a54d","local_time":"20210109005506","is_ascension_mode":false,"campfire_choices":[{"data":"Dramatic Entrance","floor":8.0,"key":"SMITH"},{"data":"Noxious Fumes","floor":15.0,"key":"SMITH"},{"data":"A Thousand Cuts","floor":23.0,"key":"SMITH"},{"floor":32.0,"key":"REST"},{"data":"After Image","floor":40.0,"key":"SMITH"},{"floor":49,"key":"REST"}],"circlet_count":0,"master_deck":["Strike_G","Strike_G","Defend_G+1","Defend_G","Defend_G","Defend_G+1","Defend_G","Survivor","Neutralize","Poisoned Stab+1","Dramatic Entrance+1","Blade Dance","Noxious Fumes+1","A Thousand Cuts+1","Neutralize","Noxious Fumes","Dagger Spray","Slice","Slice","Poisoned Stab","Slice+1","After Image+1","Dramatic Entrance+1","Blade Dance+1","Blade Dance+1"],"relics":["Ring of the Snake","NeowsBlessing","Lee\u0027s Waffle","War Paint","Ornamental Fan","Torii","HoveringKite","Darkstone Periapt","Bird Faced Urn","Ninja Scroll","WristBlade","Juzu Bracelet","Ancient Tea Set","Girya","MealTicket"],"acts_visited":["Exordium","TheCity","TheBeyond"],"potions_floor_usage":[50,50],"damage_taken":[{"damage":0.0,"enemies":"2 Louse","floor":1.0,"turns":1.0},{"damage":0.0,"enemies":"Small Slimes","floor":5.0,"turns":1.0},{"damage":0.0,"enemies":"3 Sentries","floor":6.0,"turns":1.0},{"damage":0.0,"enemies":"Jaw Worm","floor":10.0,"turns":2.0},{"damage":1.0,"enemies":"Looter","floor":13.0,"turns":3.0},{"damage":8.0,"enemies":"Slime Boss","floor":16.0,"turns":10.0},{"damage":19.0,"enemies":"Spheric Guardian","floor":18.0,"turns":6.0},{"damage":1.0,"enemies":"Shell Parasite","floor":21.0,"turns":5.0},{"damage":7.0,"enemies":"Snake Plant","floor":22.0,"turns":6.0},{"damage":21.0,"enemies":"Gremlin Leader","floor":27.0,"turns":7.0},{"damage":1.0,"enemies":"Centurion and Healer","floor":29.0,"turns":5.0},{"damage":11.0,"enemies":"Chosen and Byrds","floor":30.0,"turns":5.0},{"damage":40.0,"enemies":"Collector","floor":33.0,"turns":8.0},{"damage":15.0,"enemies":"3 Shapes","floor":35.0,"turns":2.0},{"damage":0.0,"enemies":"3 Darklings","floor":39.0,"turns":3.0},{"damage":23.0,"enemies":"Maw","floor":41.0,"turns":8.0},{"damage":12.0,"enemies":"Spire Growth","floor":42.0,"turns":4.0},{"damage":11.0,"enemies":"2 Orb Walkers","floor":45.0,"turns":4.0},{"damage":11,"enemies":"Reptomancer","floor":46,"turns":6},{"damage":0,"enemies":"4 Shapes","floor":47,"turns":1},{"damage":7,"enemies":"Transient","floor":48,"turns":5},{"damage":44,"enemies":"Donu and Deca","floor":50,"turns":8}],"seed_played":"-7071563352941337877","potions_obtained":[{"floor":5.0,"key":"SneckoOil"},{"floor":6.0,"key":"SneckoOil"},{"floor":13.0,"key":"Strength Potion"},{"floor":16.0,"key":"Poison Potion"},{"floor":27.0,"key":"ColorlessPotion"},{"floor":29.0,"key":"Strength Potion"},{"floor":33.0,"key":"SteroidPotion"},{"floor":42.0,"key":"Fire Potion"},{"floor":45.0,"key":"Weak Potion"}],"is_trial":false,"path_per_floor":["M","?","?","$","M","E","?","R","T","M","T","?","M","$","R","B",null,"M","?","?","M","M","R","$","?","T","E","$","M","M","?","R","B",null,"M","?","?","$","M","R","M","M","T","$","?","E","M","M","R","B",null],"character_chosen":"THE_SILENT","items_purchased":["Poisoned Stab","Dramatic Entrance","Lee\u0027s Waffle","Slice","GhostInAJar"],"campfire_rested":2,"item_purchase_floors":[4,4,4,28,28],"current_hp_per_floor":[70,70,59,77,77,77,77,77,77,77,77,77,76,76,76,68,77,58,58,58,57,50,50,50,34,34,13,13,20,15,15,38,4,77,64,64,64,64,66,66,51,45,45,45,38,33,35,30,53,17],"gold":224,"neow_bonus":"THREE_ENEMY_KILL","is_daily":false,"chose_seed":false,"campfire_upgraded":4,"win_rate":0.0,"timestamp":1610171706,"path_taken":["M","?","?","$","M","E","?","R","T","M","?","?","M","$","R","BOSS","M","?","?","M","?","R","$","?","T","E","?","M","M","?","R","BOSS","M","?","?","?","M","R","M","M","T","$","?","E","M","M","R","BOSS"],"items_purchased_type":["Card","Card","Relic","Card","Potion"],"build_version":"2020-12-22","purchased_purges":3,"victory":true,"max_hp_per_floor":[70,70,70,77,77,77,77,77,77,77,77,77,77,77,77,77,77,77,77,77,77,77,77,77,77,77,77,77,77,77,77,77,77,77,77,77,77,77,77,77,77,77,77,77,77,77,77,77,77,77],"card_choices":[{"not_picked":["Quick Slash","Outmaneuver","Underhanded Strike"],"picked":"SKIP","floor":1.0},{"not_picked":["Dodge and Roll","Unload","Deflect"],"picked":"SKIP","floor":5.0},{"not_picked":["Predator","Bouncing Flask","Crippling Poison"],"picked":"SKIP","floor":6.0},{"not_picked":["Expertise","Outmaneuver"],"picked":"Blade Dance","floor":10.0},{"not_picked":["Blade Dance","Prepared"],"picked":"Noxious Fumes","floor":13.0},{"not_picked":["Adrenaline","Doppelganger"],"picked":"A Thousand Cuts","floor":16.0},{"not_picked":["Expertise","Terror+1","Deflect"],"picked":"SKIP","floor":18.0},{"not_picked":["Bane+1","Expertise+1"],"picked":"Noxious Fumes","floor":21.0},{"not_picked":["Underhanded Strike+1","Slice"],"picked":"Dagger Spray","floor":22.0},{"not_picked":["Outmaneuver+1","Well Laid Plans+1"],"picked":"Slice","floor":27.0},{"not_picked":["Setup","Blade Dance"],"picked":"Poisoned Stab","floor":29.0},{"not_picked":["Underhanded Strike+1","Dagger Throw+1"],"picked":"Slice+1","floor":30.0},{"not_picked":["A Thousand Cuts","Unload"],"picked":"After Image","floor":33.0},{"not_picked":["Underhanded Strike+1","Prepared+1","Heel Hook"],"picked":"SKIP","floor":35.0},{"not_picked":["Bouncing Flask+1","Riddle With Holes+1","Noxious Fumes+1"],"picked":"SKIP","floor":39.0},{"not_picked":["Bane","Concentrate","Dagger Throw+1"],"picked":"SKIP","floor":41.0},{"not_picked":["Outmaneuver+1","Malaise","Quick Slash"],"picked":"SKIP","floor":42.0},{"not_picked":["Predator+1","Eviscerate","Backflip"],"picked":"SKIP","floor":46},{"not_picked":["Poisoned Stab","Cloak And Dagger+1"],"picked":"Blade Dance+1","floor":47},{"not_picked":["Leg Sweep+1","Well Laid Plans+1"],"picked":"Blade Dance+1","floor":48}],"player_experience":152394,"relics_obtained":[{"floor":6.0,"key":"War Paint"},{"floor":9.0,"key":"Ornamental Fan"},{"floor":11.0,"key":"Torii"},{"floor":26.0,"key":"Darkstone Periapt"},{"floor":27.0,"key":"Bird Faced Urn"},{"floor":43.0,"key":"Ancient Tea Set"},{"floor":45.0,"key":"Girya"},{"floor":46,"key":"MealTicket"}],"event_choices":[{"damage_healed":0.0,"max_hp_gain":0.0,"max_hp_loss":0.0,"gold_gain":175.0,"event_name":"Liars Game","player_choice":"AGREE","floor":2.0,"gold_loss":0.0,"damage_taken":0.0,"cards_obtained":["Doubt"]},{"damage_healed":0.0,"max_hp_gain":0.0,"max_hp_loss":0.0,"gold_gain":75.0,"event_name":"World of Goop","player_choice":"Gather Gold","floor":3.0,"gold_loss":0.0,"damage_taken":11.0},{"cards_removed":["Strike_G"],"damage_healed":0.0,"max_hp_gain":0.0,"max_hp_loss":0.0,"gold_gain":0.0,"event_name":"The Cleric","player_choice":"Card Removal","floor":7.0,"gold_loss":50.0,"damage_taken":0.0},{"damage_healed":0.0,"max_hp_gain":0.0,"max_hp_loss":0.0,"gold_gain":0.0,"event_name":"Accursed Blacksmith","player_choice":"Forge","floor":12.0,"gold_loss":0.0,"damage_taken":0.0,"cards_upgraded":["Poisoned Stab"]},{"damage_healed":0.0,"max_hp_gain":0.0,"max_hp_loss":0.0,"gold_gain":0.0,"event_name":"Vampires","player_choice":"Ignored","floor":19.0,"gold_loss":0.0,"damage_taken":0.0},{"damage_healed":0.0,"max_hp_gain":0.0,"max_hp_loss":0.0,"gold_gain":0.0,"event_name":"Match and Keep!","player_choice":"1 cards matched","floor":20.0,"gold_loss":0.0,"damage_taken":0.0,"cards_obtained":["Neutralize"]},{"damage_healed":0.0,"max_hp_gain":0.0,"max_hp_loss":0.0,"gold_gain":0.0,"event_name":"Cursed Tome","player_choice":"Obtained Book","floor":25.0,"gold_loss":0.0,"damage_taken":16.0},{"damage_healed":0.0,"max_hp_gain":0.0,"max_hp_loss":0.0,"gold_gain":0.0,"event_name":"Addict","player_choice":"Obtained Relic","floor":31.0,"gold_loss":85.0,"damage_taken":0.0,"relics_obtained":["Ninja Scroll"]},{"damage_healed":0.0,"max_hp_gain":0.0,"max_hp_loss":0.0,"gold_gain":0.0,"event_name":"WeMeetAgain","player_choice":"Gave Potion","floor":36.0,"gold_loss":0.0,"damage_taken":0.0,"relics_obtained":["Juzu Bracelet"]},{"damage_healed":0.0,"max_hp_gain":0.0,"max_hp_loss":0.0,"gold_gain":0.0,"event_name":"Duplicator","player_choice":"Copied","floor":37.0,"gold_loss":0.0,"damage_taken":0.0,"cards_obtained":["Dramatic Entrance"]},{"damage_healed":0.0,"max_hp_gain":0.0,"max_hp_loss":0.0,"gold_gain":0.0,"event_name":"Mysterious Sphere","player_choice":"Fight","floor":45.0,"gold_loss":0.0,"damage_taken":0.0}],"is_beta":false,"boss_relics":[{"not_picked":["Busted Crown","Ring of the Serpent"],"picked":"HoveringKite"},{"not_picked":["Sozu","Coffee Dripper"],"picked":"WristBlade"}],"items_purged_floors":[4,24,44],"is_endless":false,"potions_floor_spawned":[5,6,13,16,27,29,33,42,45,48],"ascension_level":0}}