{"host":"2yqfi47fogfu1ic4","time":1610152375,"event":{"mods":["AchievementEnabler","BaseMod","Colored Map","Colored Powertips","Highlight Path","Minty Spire (QoL Compilation)","Permanent Neow","Relic Stats","StSLib"],"gold_per_floor":[118,137,137,149,122,122,139,139,210,210,242,262,288,304,304,377,377,395,320,320,336,0,0,26,39,62,78,78,98,127,143,143,217,217,231,248,261,276,276,276,294,322,322,87,87,113,133,152,152,152,152,152,152,7,39,39,39],"floor_reached":56,"playtime":19490,"items_purged":["Deadly Poison","Backstab+1"],"score":2130,"play_id":"8f3f3176-1f85-4ddd-9f4f-3d1e264aef8b","local_time":"20210109013255","is_ascension_mode":true,"campfire_choices":[{"data":"Dagger Spray","floor":6.0,"key":"SMITH"},{"data":"Dagger Spray","floor":10.0,"key":"SMITH"},{"data":"Footwork","floor":15.0,"key":"SMITH"},{"data":"Well Laid Plans","floor":23.0,"key":"SMITH"},{"data":"Burst","floor":28.0,"key":"SMITH"},{"data":"A Thousand Cuts","floor":32.0,"key":"SMITH"},{"floor":40.0,"key":"RECALL"},{"data":"Accuracy","floor":49.0,"key":"SMITH"},{"data":"Night Terror","floor":53.0,"key":"SMITH"}],"circlet_count":0,"master_deck":["AscendersBane","Survivor","Neutralize","Dagger Spray+1","Dagger Spray+1","Dagger Throw","Burst+1","Footwork+1","Well Laid Plans+1","Night Terror","Masterful Stab","Dodge and Roll","Sucker Punch+1","Escape Plan","Venomology","Dash","A Thousand Cuts+1","Finisher","Backflip","Blur","PiercingWail","Backflip","Terror","Blade Dance","Backflip","Backflip","Night Terror+1","Blade Dance","Blur","Leg Sweep","Accuracy+1","PiercingWail","PiercingWail","Acrobatics","Blade Dance","Noxious Fumes+1","Catalyst"],"relics":["Coffee Dripper","CultistMask","Pantograph","Thread and Needle","Toy Ornithopter","Pandora\u0027s Box","Bag of Preparation","Art of War","Tiny Chest","Bag of Marbles","Whetstone","Philosopher\u0027s Stone","Lantern","The Courier","Anchor","Sundial"],"acts_visited":["Exordium","TheCity","TheBeyond","TheEnding"],"potions_floor_usage":[55,56,56],"damage_taken":[{"damage":8.0,"enemies":"Small Slimes","floor":1.0,"turns":5.0},{"damage":11.0,"enemies":"Cultist","floor":2.0,"turns":4.0},{"damage":1.0,"enemies":"2 Louse","floor":4.0,"turns":3.0},{"damage":1.0,"enemies":"Exordium Thugs","floor":5.0,"turns":4.0},{"damage":0.0,"enemies":"Exordium Wildlife","floor":7.0,"turns":1.0},{"damage":9.0,"enemies":"3 Sentries","floor":11.0,"turns":4.0},{"damage":0.0,"enemies":"Red Slaver","floor":12.0,"turns":2.0},{"damage":15.0,"enemies":"Gremlin Nob","floor":13.0,"turns":4.0},{"damage":0.0,"enemies":"Gremlin Gang","floor":14.0,"turns":1.0},{"damage":0.0,"enemies":"The Guardian","floor":16.0,"turns":16.0},{"damage":0.0,"enemies":"Spheric Guardian","floor":18.0,"turns":1.0},{"damage":9.0,"enemies":"Chosen","floor":21.0,"turns":5.0},{"damage":0.0,"enemies":"Slavers","floor":24.0,"turns":6.0},{"damage":0.0,"enemies":"Snecko","floor":25.0,"turns":5.0},{"damage":0.0,"enemies":"Centurion and Healer","floor":27.0,"turns":6.0},{"damage":0.0,"enemies":"Sentry and Sphere","floor":29.0,"turns":2.0},{"damage":0.0,"enemies":"Book of Stabbing","floor":30.0,"turns":4.0},{"damage":0.0,"enemies":"Snake Plant","floor":31.0,"turns":1.0},{"damage":3.0,"enemies":"Champ","floor":33.0,"turns":23.0},{"damage":0.0,"enemies":"3 Darklings","floor":35.0,"turns":2.0},{"damage":0.0,"enemies":"3 Shapes","floor":36.0,"turns":2.0},{"damage":0.0,"enemies":"Jaw Worm Horde","floor":37.0,"turns":4.0},{"damage":0.0,"enemies":"Sphere and 2 Shapes","floor":38.0,"turns":5.0},{"damage":6.0,"enemies":"Transient","floor":41.0,"turns":6.0},{"damage":54.0,"enemies":"Giant Head","floor":42.0,"turns":9.0},{"damage":5.0,"enemies":"Reptomancer","floor":46.0,"turns":8.0},{"damage":8.0,"enemies":"Spire Growth","floor":47.0,"turns":7.0},{"damage":0.0,"enemies":"Writhing Mass","floor":48.0,"turns":9.0},{"damage":30.0,"enemies":"Donu and Deca","floor":50.0,"turns":16.0},{"damage":80.0,"enemies":"Time Eater","floor":51.0,"turns":21.0},{"damage":11,"enemies":"Shield and Spear","floor":55,"turns":12},{"damage":93,"enemies":"The Heart","floor":56,"turns":3}],"seed_played":"8791020386001851246","potions_obtained":[{"floor":1.0,"key":"PowerPotion"},{"floor":5.0,"key":"BlessingOfTheForge"},{"floor":7.0,"key":"Explosive Potion"},{"floor":12.0,"key":"SpeedPotion"},{"floor":14.0,"key":"Explosive Potion"},{"floor":18.0,"key":"Block Potion"},{"floor":21.0,"key":"EssenceOfSteel"},{"floor":24.0,"key":"Swift Potion"},{"floor":41.0,"key":"Poison Potion"},{"floor":42.0,"key":"Regen Potion"},{"floor":55,"key":"Energy Potion"}],"is_trial":false,"path_per_floor":["M","M","?","M","M","R","M","?","T","R","E","M","E","M","R","B",null,"M","?","T","M","$","R","E","M","T","M","R","M","E","M","R","B",null,"M","M","M","M","$","R","M","E","T","$","?","E","M","M","R","B","B",null,"R","$","E","B"],"character_chosen":"THE_SILENT","items_purchased":["Bag of Preparation","Art of War","Leg Sweep","Accuracy","PiercingWail","PiercingWail","DuplicationPotion"],"campfire_rested":0,"item_purchase_floors":[22,22,44,44,44,44,54],"current_hp_per_floor":[51,40,40,39,38,38,38,66,66,66,57,57,42,42,42,66,66,66,66,66,57,57,57,62,66,66,66,66,66,66,66,66,63,65,66,66,66,66,66,66,65,17,17,17,17,56,53,58,58,41,21,55,55,55,49,0,0],"gold":39,"neow_bonus":"BOSS_RELIC","is_daily":false,"chose_seed":false,"campfire_upgraded":8,"win_rate":0.0,"timestamp":1610152375,"path_taken":["M","M","?","M","M","R","?","?","T","R","E","M","E","M","R","BOSS","M","?","?","M","$","R","E","M","T","?","R","M","E","M","R","BOSS","M","M","?","M","$","R","M","E","T","$","?","E","M","M","R","BOSS","BOSS","R","$","E","BOSS"],"items_purchased_type":["Relic","Relic","Card","Card","Card","Card","Potion"],"build_version":"2020-12-22","purchased_purges":2,"victory":false,"max_hp_per_floor":[66,66,66,66,66,66,66,66,66,66,66,66,66,66,66,66,66,66,66,66,66,66,66,66,66,66,66,66,66,66,66,66,66,66,66,66,66,66,66,66,66,66,66,66,66,66,66,66,66,66,66,66,66,66,66,66,66],"relic_stats":{"counters":[32,201],"Sundial":[0],"Pantograph":74,"Pandora\u0027s Box":["Masterful Stab","Dodge and Roll","Sucker Punch","Riddle With Holes","Escape Plan","Venomology","Deadly Poison","Dash","A Thousand Cuts","Finisher"],"Tiny Chest":0,"Bag of Preparation":[40],"Art of War":[31],"Whetstone":["Backstab","Sucker Punch"],"obtain_stats":[{"Lantern":42,"Thread and Needle":11,"The Courier":43,"Bag of Preparation":22,"Whetstone":30,"Anchor":46,"Sundial":55,"Pantograph":9,"Pandora\u0027s Box":17,"Tiny Chest":24,"Philosopher\u0027s Stone":34,"CultistMask":3,"Coffee Dripper":0,"Art of War":22,"Bag of Marbles":26,"Toy Ornithopter":13,"Ring of the Snake":0},{"Lantern":25,"Thread and Needle":6,"The Courier":25,"Bag of Preparation":12,"Whetstone":17,"Anchor":26,"Sundial":31,"Pantograph":5,"Pandora\u0027s Box":10,"Tiny Chest":13,"Philosopher\u0027s Stone":19,"CultistMask":2,"Coffee Dripper":0,"Art of War":12,"Bag of Marbles":14,"Toy Ornithopter":8,"Ring of the Snake":0},{"Lantern":125,"Thread and Needle":21,"The Courier":125,"Bag of Preparation":50,"Whetstone":73,"Anchor":133,"Sundial":198,"Pantograph":17,"Pandora\u0027s Box":44,"Tiny Chest":56,"Philosopher\u0027s Stone":97,"CultistMask":9,"Coffee Dripper":0,"Art of War":50,"Bag of Marbles":61,"Toy Ornithopter":27,"Ring of the Snake":0}],"Toy Ornithopter":81},"card_choices":[{"not_picked":["Reflex","Bane"],"picked":"Finisher","floor":1.0},{"not_picked":["Outmaneuver","Caltrops"],"picked":"Backstab","floor":2.0},{"not_picked":["Slice","Flying Knee"],"picked":"Dagger Spray","floor":4.0},{"not_picked":["PiercingWail","Setup"],"picked":"Dagger Spray","floor":5.0},{"not_picked":["Deflect","Sucker Punch"],"picked":"Dagger Throw","floor":7.0},{"not_picked":["Infinite Blades","Expertise"],"picked":"Burst","floor":11.0},{"not_picked":["Deadly Poison","Underhanded Strike","Sucker Punch"],"picked":"SKIP","floor":12.0},{"not_picked":["PiercingWail","Tactician"],"picked":"Footwork","floor":13.0},{"not_picked":["Sucker Punch","Dagger Throw"],"picked":"Well Laid Plans","floor":14.0},{"not_picked":["After Image","Grand Finale"],"picked":"Night Terror","floor":16.0},{"not_picked":["Flechettes+1","Quick Slash"],"picked":"Backflip","floor":18.0},{"not_picked":["Expertise","Escape Plan+1"],"picked":"Blur","floor":21.0},{"not_picked":["Unload","Slice"],"picked":"PiercingWail","floor":24.0},{"not_picked":["Flying Knee","Distraction"],"picked":"Backflip","floor":25.0},{"not_picked":["Slice","Backstab"],"picked":"Terror","floor":27.0},{"not_picked":["Terror","Slice"],"picked":"Blade Dance","floor":29.0},{"not_picked":["Outmaneuver+1","Setup"],"picked":"Backflip","floor":30.0},{"not_picked":["Reflex","Dagger Throw+1"],"picked":"Backflip","floor":31.0},{"not_picked":["Die Die Die","Grand Finale"],"picked":"Night Terror","floor":33.0},{"not_picked":["Dodge and Roll","Distraction","Bane"],"picked":"SKIP","floor":35.0},{"not_picked":["Sucker Punch","Poisoned Stab+1","Dagger Spray+1"],"picked":"SKIP","floor":36.0},{"not_picked":["Finisher","Dagger Throw","Riddle With Holes+1"],"picked":"SKIP","floor":37.0},{"not_picked":["Poisoned Stab","Underhanded Strike","Dagger Spray"],"picked":"SKIP","floor":38.0},{"not_picked":["Quick Slash+1","Cloak And Dagger"],"picked":"Blade Dance","floor":41.0},{"not_picked":["Doppelganger","Prepared"],"picked":"Blur","floor":42.0},{"not_picked":["Bane","Poisoned Stab"],"picked":"Acrobatics","floor":46.0},{"not_picked":["Backflip","Outmaneuver"],"picked":"Blade Dance","floor":47.0},{"not_picked":["Slice+1","Sucker Punch"],"picked":"Noxious Fumes+1","floor":48.0},{"not_picked":["Quick Slash+1","Underhanded Strike"],"picked":"Catalyst","floor":55}],"player_experience":2108321,"relics_obtained":[{"floor":9.0,"key":"Pantograph"},{"floor":11.0,"key":"Thread and Needle"},{"floor":13.0,"key":"Toy Ornithopter"},{"floor":24.0,"key":"Tiny Chest"},{"floor":26.0,"key":"Bag of Marbles"},{"floor":30.0,"key":"Whetstone"},{"floor":42.0,"key":"Lantern"},{"floor":43.0,"key":"The Courier"},{"floor":46.0,"key":"Anchor"},{"floor":55,"key":"Sundial"}],"event_choices":[{"damage_healed":0.0,"max_hp_gain":0.0,"max_hp_loss":0.0,"gold_gain":0.0,"event_name":"FaceTrader","player_choice":"Trade","floor":3.0,"gold_loss":0.0,"damage_taken":0.0,"relics_obtained":["CultistMask"]},{"cards_removed":["Finisher"],"damage_healed":28.0,"max_hp_gain":0.0,"max_hp_loss":0.0,"gold_gain":0.0,"event_name":"Bonfire Elementals","player_choice":"Offered Uncommon","floor":8.0,"gold_loss":0.0,"damage_taken":0.0},{"cards_removed":["Riddle With Holes"],"damage_healed":0.0,"max_hp_gain":0.0,"max_hp_loss":0.0,"gold_gain":0.0,"event_name":"Beggar","player_choice":"Gave Gold","floor":19.0,"gold_loss":75.0,"damage_taken":0.0},{"damage_healed":0.0,"max_hp_gain":0.0,"max_hp_loss":0.0,"gold_gain":0.0,"event_name":"The Moai Head","player_choice":"Ignored","floor":45.0,"gold_loss":0.0,"damage_taken":0.0}],"is_beta":false,"boss_relics":[{"not_picked":["WristBlade","Fusion Hammer"],"picked":"Pandora\u0027s Box"},{"not_picked":["Sozu","Busted Crown"],"picked":"Philosopher\u0027s Stone"}],"items_purged_floors":[44,54],"is_endless":false,"potions_floor_spawned":[1,5,7,12,14,18,21,24,29,33,36,41,42,55],"killed_by":"The Heart","ascension_level":20}}