{"host":"5x08nt64u3vxxcfi","time":1610175460,"event":{"mods":["BaseMod","Minty Spire (QoL Compilation)","StSLib","SuperFastMode"],"gold_per_floor":[118,133,144,35,46,71,71,36,62,88,88,115,115,115,115],"floor_reached":14,"playtime":287,"items_purged":[],"score":140,"play_id":"eadc2603-d549-4bd6-b73a-b0bda76dd398","local_time":"20210109155740","is_ascension_mode":true,"campfire_choices":[{"data":"Neutralize","floor":7,"key":"SMITH"},{"data":"Night Terror","floor":11,"key":"SMITH"}],"circlet_count":0,"master_deck":["Strike_G","Strike_G","Strike_G","Strike_G","Strike_G","Defend_G","Defend_G","Defend_G","Defend_G","Defend_G","Survivor","Neutralize+1","Corpse Explosion","Blade Dance","Backflip","Concentrate","Finisher","Sucker Punch","Poisoned Stab","Night Terror+1","Adrenaline"],"relics":["Ring of the Snake","Bronze Scales","Smiling Mask","Anchor","Mercury Hourglass"],"acts_visited":["Exordium"],"potions_floor_usage":[14,14],"damage_taken":[{"damage":4,"enemies":"Cultist","floor":1,"turns":5},{"damage":0,"enemies":"Jaw Worm","floor":2,"turns":4},{"damage":5,"enemies":"2 Louse","floor":3,"turns":2},{"damage":5,"enemies":"Exordium Wildlife","floor":5,"turns":2},{"damage":14,"enemies":"3 Sentries","floor":6,"turns":4},{"damage":19,"enemies":"Gremlin Nob","floor":10,"turns":4},{"damage":15,"enemies":"3 Sentries","floor":12,"turns":3},{"damage":17,"enemies":"Gremlin Nob","floor":14,"turns":3}],"seed_played":"-1878481140629151261","potions_obtained":[{"floor":10,"key":"DuplicationPotion"},{"floor":12,"key":"Explosive Potion"}],"is_trial":false,"path_per_floor":["M","M","M","$","M","E","R","?","T","E","R","E","?","E"],"character_chosen":"THE_SILENT","items_purchased":["Concentrate","Finisher"],"campfire_rested":0,"item_purchase_floors":[4,4],"current_hp_per_floor":[59,59,54,54,49,35,35,52,52,33,33,18,11,0,0],"gold":115,"neow_bonus":"THREE_RARE_CARDS","is_daily":false,"chose_seed":false,"campfire_upgraded":2,"win_rate":0.0,"timestamp":1610175460,"path_taken":["M","M","?","$","M","E","R","?","T","E","R","E","?","E"],"items_purchased_type":["Card","Card"],"build_version":"2020-12-22","purchased_purges":0,"victory":false,"max_hp_per_floor":[70,70,70,70,70,70,70,70,70,70,70,70,70,70,70],"card_choices":[{"not_picked":["Burst","Envenom"],"picked":"Corpse Explosion","floor":0},{"not_picked":["Deadly Poison","Blur"],"picked":"Blade Dance","floor":1},{"not_picked":["Outmaneuver","Deadly Poison"],"picked":"Backflip","floor":2},{"not_picked":["Caltrops","Predator","Setup"],"picked":"SKIP","floor":3},{"not_picked":["Backflip","Caltrops"],"picked":"Sucker Punch","floor":5},{"not_picked":["Outmaneuver","Cloak And Dagger"],"picked":"Poisoned Stab","floor":6},{"not_picked":["Caltrops","Blade Dance"],"picked":"Night Terror","floor":10},{"not_picked":["Malaise","All Out Attack"],"picked":"Adrenaline","floor":12}],"player_experience":71277,"relics_obtained":[{"floor":6,"key":"Bronze Scales"},{"floor":9,"key":"Smiling Mask"},{"floor":10,"key":"Anchor"},{"floor":12,"key":"Mercury Hourglass"}],"event_choices":[{"damage_healed":17,"gold_gain":0,"player_choice":"Healed","damage_taken":0,"max_hp_gain":0,"max_hp_loss":0,"event_name":"The Cleric","floor":8,"gold_loss":35},{"cards_removed":["Doubt"],"damage_healed":0,"gold_gain":0,"player_choice":"Card Removal","damage_taken":7,"max_hp_gain":0,"max_hp_loss":0,"event_name":"Golden Wing","floor":13,"gold_loss":0}],"is_beta":false,"boss_relics":[],"items_purged_floors":[],"is_endless":false,"potions_floor_spawned":[10,12],"killed_by":"Gremlin Nob","ascension_level":6}}