{"host":"9tzam4717zt8ei1o","time":1610209425,"event":{"mods":["BaseMod","Colored Map","Keyboard Shortcuts","Minty Spire (QoL Compilation)","Quick Restart","StSLib","SuperFastMode"],"gold_per_floor":[119,119,119,135,34,34,67,67,114,114,140,89,103,103,103,177,177,187,205,218,4,23,57,57,57,57,37,37,57,75,75,75,75,75],"floor_reached":33,"playtime":644,"items_purged":["Strike_G","Strike_G"],"score":546,"play_id":"2b3c8c46-cff6-49cc-b0f3-bc391f2727a6","local_time":"20210110012345","is_ascension_mode":true,"campfire_choices":[{"data":"Dagger Throw","floor":6.0,"key":"SMITH"},{"data":"Prepared","floor":8.0,"key":"SMITH"},{"data":"Tactician","floor":10.0,"key":"SMITH"},{"data":"Acrobatics","floor":15.0,"key":"SMITH"},{"data":"Calculated Gamble","floor":24.0,"key":"SMITH"},{"floor":28.0,"key":"REST"},{"data":"Acrobatics","floor":32.0,"key":"SMITH"}],"circlet_count":0,"master_deck":["AscendersBane","Defend_G","Defend_G","Defend_G","Defend_G","Defend_G","Survivor","Neutralize","Tactician+1","Dagger Throw+1","Underhanded Strike","Prepared+1","Acrobatics+1","Underhanded Strike","Grand Finale","Calculated Gamble+1","PiercingWail","Acrobatics+1","Adrenaline+1"],"relics":["Ring of the Snake","Lantern","Meat on the Bone","Gambling Chip","Happy Flower","Paper Crane","HoveringKite","Membership Card","Molten Egg 2","HornCleat"],"acts_visited":["Exordium","TheCity"],"potions_floor_usage":[33,33],"damage_taken":[{"damage":2.0,"enemies":"Jaw Worm","floor":1.0,"turns":6.0},{"damage":3.0,"enemies":"2 Louse","floor":4.0,"turns":3.0},{"damage":38.0,"enemies":"Lagavulin","floor":7.0,"turns":8.0},{"damage":8.0,"enemies":"Gremlin Nob","floor":11.0,"turns":3.0},{"damage":0.0,"enemies":"Small Slimes","floor":13.0,"turns":3.0},{"damage":45.0,"enemies":"Slime Boss","floor":16.0,"turns":12.0},{"damage":6.0,"enemies":"Shell Parasite","floor":18.0,"turns":2.0},{"damage":0.0,"enemies":"3 Byrds","floor":19.0,"turns":1.0},{"damage":0.0,"enemies":"Cultist and Chosen","floor":20.0,"turns":3.0},{"damage":6.0,"enemies":"Snake Plant","floor":22.0,"turns":3.0},{"damage":38.0,"enemies":"Gremlin Leader","floor":23.0,"turns":6.0},{"damage":0.0,"enemies":"Snecko","floor":29.0,"turns":1.0},{"damage":0.0,"enemies":"Shelled Parasite and Fungi","floor":30.0,"turns":1.0},{"damage":36,"enemies":"Automaton","floor":33,"turns":6}],"seed_played":"-8930979825138637651","potions_obtained":[{"floor":1.0,"key":"EssenceOfSteel"},{"floor":7.0,"key":"GamblersBrew"},{"floor":20.0,"key":"Dexterity Potion"},{"floor":27.0,"key":"SpeedPotion"},{"floor":30.0,"key":"Energy Potion"}],"is_trial":false,"path_per_floor":["M","?","?","M","$","R","E","R","T","R","E","$","M","?","R","B",null,"M","M","M","$","M","E","R","?","T","?","R","M","M","?","R","B"],"character_chosen":"THE_SILENT","items_purchased":["Underhanded Strike","Underhanded Strike","Membership Card"],"campfire_rested":1,"item_purchase_floors":[5,12,21],"current_hp_per_floor":[57,57,31,40,40,40,14,14,14,14,18,18,30,52,52,19,54,48,48,48,48,42,16,16,16,16,16,35,35,35,35,35,0,0],"gold":75,"neow_bonus":"RANDOM_COMMON_RELIC","is_daily":false,"chose_seed":false,"campfire_upgraded":6,"win_rate":0.0,"timestamp":1610209425,"path_taken":["M","?","?","M","$","R","E","R","T","R","E","$","M","?","R","BOSS","M","M","M","$","M","E","R","?","T","?","R","?","M","?","R","BOSS"],"items_purchased_type":["Card","Card","Relic"],"build_version":"2020-12-22","purchased_purges":2,"victory":false,"max_hp_per_floor":[66,66,66,66,66,66,66,66,66,66,66,66,66,66,66,66,66,66,66,66,66,66,66,66,66,66,66,66,66,66,66,66,66,66],"card_choices":[{"not_picked":["Caltrops","Slice"],"picked":"Tactician","floor":1.0},{"not_picked":["Tactician","Underhanded Strike"],"picked":"Dagger Throw","floor":4.0},{"not_picked":["Dagger Spray","Deflect"],"picked":"Prepared","floor":7.0},{"not_picked":["Choke","Backstab"],"picked":"Acrobatics","floor":11.0},{"not_picked":["Dodge and Roll","Slice","Setup"],"picked":"SKIP","floor":13.0},{"not_picked":["Envenom","Burst"],"picked":"Grand Finale","floor":16.0},{"not_picked":["Blade Dance","Deadly Poison","Endless Agony"],"picked":"SKIP","floor":18.0},{"not_picked":["Crippling Poison","Finisher","Tactician"],"picked":"SKIP","floor":19.0},{"not_picked":["Flying Knee","Deadly Poison"],"picked":"Calculated Gamble","floor":20.0},{"not_picked":["Choke","PiercingWail","Flying Knee"],"picked":"SKIP","floor":22.0},{"not_picked":["Flying Knee+1","Dodge and Roll+1"],"picked":"PiercingWail","floor":23.0},{"not_picked":["Choke+1","Underhanded Strike+1","Deflect"],"picked":"SKIP","floor":29.0},{"not_picked":["Outmaneuver","Prepared","Sucker Punch+1"],"picked":"SKIP","floor":30.0}],"player_experience":172610,"relics_obtained":[{"floor":7.0,"key":"Gambling Chip"},{"floor":9.0,"key":"Happy Flower"},{"floor":11.0,"key":"Paper Crane"},{"floor":23.0,"key":"Molten Egg 2"},{"floor":26.0,"key":"HornCleat"}],"event_choices":[{"cards_removed":["Strike_G"],"damage_healed":0.0,"max_hp_gain":0.0,"max_hp_loss":0.0,"gold_gain":0.0,"event_name":"Living Wall","player_choice":"Forget","floor":2.0,"gold_loss":0.0,"damage_taken":0.0},{"damage_healed":0.0,"max_hp_gain":0.0,"max_hp_loss":0.0,"gold_gain":0.0,"event_name":"Scrap Ooze","player_choice":"Success","floor":3.0,"gold_loss":0.0,"damage_taken":26.0,"relics_obtained":["Meat on the Bone"]},{"damage_healed":22.0,"max_hp_gain":0.0,"max_hp_loss":0.0,"gold_gain":0.0,"event_name":"Big Fish","player_choice":"Banana","floor":14.0,"gold_loss":0.0,"damage_taken":0.0},{"damage_healed":0.0,"max_hp_gain":0.0,"max_hp_loss":0.0,"gold_gain":0.0,"cards_transformed":["Strike_G","Strike_G"],"event_name":"Drug Dealer","player_choice":"Became Test Subject","floor":25.0,"gold_loss":0.0,"damage_taken":0.0,"cards_obtained":["Acrobatics","Adrenaline"]},{"damage_healed":0.0,"max_hp_gain":0.0,"max_hp_loss":0.0,"gold_gain":0.0,"event_name":"The Woman in Blue","player_choice":"Bought 1 Potion","floor":27.0,"gold_loss":0.0,"damage_taken":0.0},{"damage_healed":0.0,"max_hp_gain":0.0,"max_hp_loss":0.0,"gold_gain":0.0,"event_name":"Accursed Blacksmith","player_choice":"Forge","floor":31.0,"gold_loss":0.0,"damage_taken":0.0,"cards_upgraded":["Adrenaline"]}],"is_beta":false,"boss_relics":[{"not_picked":["Black Star","Ring of the Serpent"],"picked":"HoveringKite"}],"items_purged_floors":[5,21],"is_endless":false,"potions_floor_spawned":[1,7,20,30],"killed_by":"Automaton","ascension_level":20}}