{"host":"bpkhhmvsfrvlto2l","time":1610169551,"event":{"mods":["2.2 Compatiblity","AchievementEnabler","Act Like it!","AlwaysNeverKeys","Aspiration","BaseMod","Better Silent Start","Challenge The Spire","Colored Map","Colored Powertips","Custom Start","Downfall","Energized Spire","Friendly Minions","GifTheSpireLib","Halation","Hubris","Infinite Spire","Ironclad Rager","Mimic Mod","Minty Spire (QoL Compilation)","Permanent Neow","Quick Restart","Random Character Button","Relic Sorter","Replay The Spire","Spikes Relics","StSLib","Stuff the Spire","Swap Starting Deck Mod","Trackpad"],"gold_per_floor":[216,234,253,265,139,164,184,184,233,233,246,246,246,266,266,363,363,363,363],"floor_reached":18,"playtime":534,"items_purged":[],"score":205,"play_id":"f27d38f0-d060-4dd1-9289-fa7633e2a777","local_time":"20210109001911","is_ascension_mode":true,"campfire_choices":[{"data":"Chaos","floor":8,"key":"SMITH"},{"floor":12,"key":"REST"},{"floor":15,"key":"REST"}],"circlet_count":0,"master_deck":["Strike_B","Strike_B","Strike_B","Strike_B","Defend_B","Defend_B","Defend_B","Defend_B","Zap","Dualcast","Chaos+1","White Noise","Cold Snap","Loop","Ball Lightning","Redo","ReplayTheSpireMod:Splinters","Replay:Hysterical Blindness","infinitespire:Oblivion","StuffTheSpire:CleanHardDrive","Rainbow"],"relics":["Cracked Core","Pet Ghost","Art of War","aspiration:BursterCore"],"acts_visited":["Exordium","TheCity"],"potions_floor_usage":[6,11,11],"damage_taken":[{"damage":9,"enemies":"infinitespire:Voidling","floor":1,"turns":3},{"damage":15,"enemies":"Small Slimes","floor":2,"turns":4},{"damage":8,"enemies":"2 Louse","floor":3,"turns":3},{"damage":11,"enemies":"Blue Slaver","floor":4,"turns":5},{"damage":9,"enemies":"Replay:BlueRogue","floor":6,"turns":8},{"damage":13,"enemies":"2 Fungi Beasts","floor":7,"turns":3},{"damage":1,"enemies":"Exordium Wildlife","floor":11,"turns":2},{"damage":8,"enemies":"Blue Slaver","floor":14,"turns":2},{"damage":38,"enemies":"Fading Forest","floor":16,"turns":11},{"damage":0,"enemies":"3 Byrds","floor":18,"turns":1}],"seed_played":"-5226890973298796845","potions_obtained":[{"floor":4,"key":"Dexterity Potion"},{"floor":6,"key":"Swift Potion"},{"floor":7,"key":"Explosive Potion"}],"is_trial":false,"path_per_floor":["M","M","M","M","$","E","M","R","T","?","M","R","?","M","R","B",null,"M"],"character_chosen":"DEFECT","items_purchased":["Cold Snap","Loop"],"campfire_rested":2,"item_purchase_floors":[5,5],"current_hp_per_floor":[71,56,48,37,37,28,15,15,15,15,14,36,36,28,50,12,59,59,59],"gold":363,"neow_bonus":"HUNDRED_GOLD","is_daily":false,"chose_seed":false,"campfire_upgraded":1,"win_rate":0.0,"timestamp":1610169551,"path_taken":["M","M","?","M","$","E","M","R","T","?","M","R","?","M","R","BOSS","M"],"items_purchased_type":["Card","Card"],"build_version":"2020-12-22","purchased_purges":0,"victory":false,"max_hp_per_floor":[75,75,75,75,75,75,75,75,75,75,75,75,75,75,75,75,75,75,75],"card_choices":[{"not_picked":["Self Repair","Rebound"],"picked":"Chaos","floor":1},{"not_picked":["Barrage","Coolheaded","StuffTheSpire:Plugnplay"],"picked":"SKIP","floor":2},{"not_picked":["BootSequence","Redo"],"picked":"White Noise","floor":3},{"not_picked":["StuffTheSpire:LoadUp","Conserve Battery"],"picked":"Ball Lightning","floor":6},{"not_picked":["hubris:PowerSurge","Steam"],"picked":"Redo","floor":7},{"not_picked":["infinitespire:NeuralNetwork","infinitespire:FutureSight"],"picked":"infinitespire:Oblivion","floor":10},{"not_picked":["Ball Lightning","Beam Cell"],"picked":"StuffTheSpire:CleanHardDrive","floor":11},{"not_picked":["StuffTheSpire:Purify","Amplify"],"picked":"Rainbow","floor":16}],"player_experience":50292,"relics_obtained":[{"floor":6,"key":"Pet Ghost"},{"floor":9,"key":"Art of War"}],"event_choices":[{"damage_healed":0,"gold_gain":0,"player_choice":"Fled","damage_taken":0,"max_hp_gain":0,"max_hp_loss":0,"event_name":"Scrap Ooze","floor":13,"gold_loss":0}],"is_beta":false,"boss_relics":[{"not_picked":["energizedSpire:DeadBattery","halation:LoveArrow"],"picked":"aspiration:BursterCore"}],"items_purged_floors":[],"is_endless":false,"potions_floor_spawned":[4,6,7],"killed_by":"3 Byrds","ascension_level":5}}