{"host":"fjaupvxe7fzqrf4j","time":1610187956,"event":{"mods":["ATMod(°¢èªMod)","BaseMod","Minty Spire (QoL Compilation)","StSLib"],"gold_per_floor":[116,128,128,128,128,128,154,189,189,214,244,279,304,334,334,412,412,427,427,25,25,62,87,130,130,130,163,196,223,255,285,285,359,359,376,598,598,284,302,343,70,99,147,178,205,237,268,268,268,393,418,418,418,20,101,126],"floor_reached":57,"playtime":994,"items_purged":["Acrobatics","Acrobatics"],"score":4895,"play_id":"cddabdc1-670d-4d49-8cd5-76c3cbfa2f8b","local_time":"20210109182556","daily_mods":["SealedDeck","Heirloom","Time Dilation","Flight","Elite Swarm"],"is_ascension_mode":true,"campfire_choices":[{"data":"Tactician","floor":6,"key":"SMITH"},{"data":"Underhanded Strike","floor":15,"key":"PURGE"},{"data":"AT_Desolate","floor":32,"key":"SMITH"},{"floor":49,"key":"RECALL"},{"data":"Adrenaline","floor":53,"key":"SMITH"}],"circlet_count":0,"master_deck":["AscendersBane","Prepared","Backflip+1","Tactician+1","AT_Desolate+1","Expertise+1","AT_KingSlayer+1","Adrenaline+1","After Image","Calculated Gamble+1","Grand Finale+1","Acrobatics+1"],"relics":["Ring of the Snake","AT_ATBox","Ice Cream","Bird Faced Urn","FossilizedHelix","Blue Candle","AT_Manta","Molten Egg 2","Mummified Hand","Peace Pipe","Toxic Egg 2","Nunchaku","Philosopher\u0027s Stone","Whetstone","AT_BellDemon","Red Mask","CeramicFish","AT_RedTearstoneRing","Bottled Flame","AT_DeathDance","MealTicket","Art of War","AT_BellowingDragoncrestRing","Matryoshka","Letter Opener","Calipers","Gremlin Horn","Anchor","Ornamental Fan","PreservedInsect","Happy Flower","Lizard Tail","Black Star","AT_GoldPhoenixTree","Kunai","White Beast Statue","Meat on the Bone","AT_SilvercatRing","Bag of Marbles","Paper Crane","Blood Vial","Darkstone Periapt","AT_BladeRuinedKing","Thread and Needle","TungstenRod","AT_Kusabimaru","The Specimen","Centennial Puzzle","AT_ForceNature","Oddly Smooth Stone","AT_GuinsooRageblade","AT_MibuBalloonWealth","Singing Bowl","Shuriken","OrangePellets","Gambling Chip","Bag of Preparation","Akabeko"],"acts_visited":["Exordium","TheCity","TheBeyond","TheEnding"],"potions_floor_usage":[37,45],"damage_taken":[{"damage":0,"enemies":"Cultist","floor":1,"turns":1},{"damage":10,"enemies":"Small Slimes","floor":2,"turns":2},{"damage":0,"enemies":"3 Sentries","floor":7,"turns":1},{"damage":0,"enemies":"Gremlin Nob","floor":8,"turns":1},{"damage":0,"enemies":"Lagavulin","floor":10,"turns":1},{"damage":0,"enemies":"Gremlin Nob","floor":11,"turns":1},{"damage":0,"enemies":"Lagavulin","floor":12,"turns":1},{"damage":0,"enemies":"Gremlin Nob","floor":13,"turns":1},{"damage":0,"enemies":"Lagavulin","floor":14,"turns":1},{"damage":0,"enemies":"Hexaghost","floor":16,"turns":1},{"damage":0,"enemies":"2 Thieves","floor":18,"turns":1},{"damage":0,"enemies":"Masked Bandits","floor":22,"turns":1},{"damage":0,"enemies":"Book of Stabbing","floor":23,"turns":1},{"damage":0,"enemies":"Slavers","floor":24,"turns":1},{"damage":0,"enemies":"Gremlin Leader","floor":27,"turns":1},{"damage":0,"enemies":"Book of Stabbing","floor":28,"turns":1},{"damage":0,"enemies":"Gremlin Leader","floor":29,"turns":1},{"damage":0,"enemies":"Book of Stabbing","floor":30,"turns":1},{"damage":0,"enemies":"Slavers","floor":31,"turns":1},{"damage":0,"enemies":"Collector","floor":33,"turns":1},{"damage":0,"enemies":"3 Darklings","floor":35,"turns":1},{"damage":0,"enemies":"3 Shapes","floor":39,"turns":1},{"damage":0,"enemies":"Reptomancer","floor":40,"turns":1},{"damage":0,"enemies":"Nemesis","floor":42,"turns":1},{"damage":0,"enemies":"Giant Head","floor":44,"turns":1},{"damage":0,"enemies":"Reptomancer","floor":45,"turns":1},{"damage":0,"enemies":"Giant Head","floor":46,"turns":1},{"damage":0,"enemies":"Nemesis","floor":47,"turns":1},{"damage":0,"enemies":"Awakened One","floor":50,"turns":2},{"damage":0,"enemies":"Time Eater","floor":51,"turns":1},{"damage":0,"enemies":"Shield and Spear","floor":55,"turns":1},{"damage":0,"enemies":"The Heart","floor":56,"turns":4}],"seed_played":"4175375547216763942","potions_obtained":[{"floor":7,"key":"Strength Potion"},{"floor":12,"key":"FearPotion"},{"floor":16,"key":"DistilledChaos"},{"floor":37,"key":"Fruit Juice"},{"floor":37,"key":"Ancient Potion"},{"floor":45,"key":"Fruit Juice"},{"floor":47,"key":"LiquidBronze"}],"is_trial":true,"path_per_floor":["M","M","?","$","?","R","E","E","T","E","E","E","E","E","R","B",null,"M","?","$","?","?","E","E","?","T","E","E","E","E","E","R","B",null,"M","?","?","$","M","E","$","E","T","E","E","E","E","?","R","B","B",null,"R","$","E","B",null],"character_chosen":"THE_SILENT","items_purchased":["Whetstone","AT_BellDemon","AT_GoldPhoenixTree","AT_SilvercatRing","OrangePellets","Acrobatics+1","LiquidMemories"],"campfire_rested":0,"item_purchase_floors":[20,20,38,41,54,54,54],"current_hp_per_floor":[59,49,49,49,38,38,40,42,42,44,46,48,50,52,52,54,63,66,66,66,66,66,66,66,66,66,66,66,66,66,66,66,66,66,66,66,71,71,71,71,71,71,71,71,76,76,78,78,78,78,78,78,78,78,80,80],"gold":126,"neow_bonus":"","is_daily":false,"chose_seed":true,"campfire_upgraded":3,"win_rate":0.0,"timestamp":1610187956,"path_taken":["M","?","?","?","?","R","E","E","T","E","E","E","E","E","R","BOSS","M","?","$","?","?","E","E","?","T","E","E","E","E","E","R","BOSS","M","?","?","$","?","E","$","E","T","E","E","E","E","?","R","BOSS","BOSS","R","$","E","BOSS"],"items_purchased_type":["Relic","Relic","Relic","Relic","Relic","Card","Potion"],"build_version":"2020-12-22","purchased_purges":2,"victory":true,"max_hp_per_floor":[66,66,66,66,66,66,66,66,66,66,66,66,66,66,66,66,66,66,66,66,66,66,66,66,66,66,66,66,66,66,66,66,66,66,66,66,71,71,71,71,71,71,71,71,76,76,78,78,78,78,78,78,78,78,80,80],"card_choices":[{"not_picked":["Bane","Deadly Poison","Slice"],"picked":"SKIP","floor":1},{"not_picked":["Quick Slash","Distraction","Sucker Punch"],"picked":"SKIP","floor":2},{"not_picked":["Wraith Form v2","Adrenaline"],"picked":"AT_KingSlayer","floor":7},{"not_picked":["After Image","Die Die Die"],"picked":"Adrenaline","floor":8},{"not_picked":["Corpse Explosion","AT_EssenceShift","Envenom"],"picked":"SKIP","floor":10},{"not_picked":["Burst","Bullet Time","Doppelganger"],"picked":"SKIP","floor":11},{"not_picked":["Bullet Time","Die Die Die+1","Malaise"],"picked":"SKIP","floor":12},{"not_picked":["AT_MyraUnstableElement+1","Adrenaline+1"],"picked":"After Image","floor":13},{"not_picked":["Unload+1","Doppelganger+1","Burst+1"],"picked":"SKIP","floor":14},{"not_picked":["Heel Hook+1","Cloak And Dagger+1","AT_TinkerSharpsword+1"],"picked":"SKIP","floor":18},{"not_picked":["Sucker Punch+1","Flying Knee+1"],"picked":"Calculated Gamble+1","floor":22},{"not_picked":["AT_KingSlayer+1","Phantasmal Killer+1","Malaise+1"],"picked":"SKIP","floor":23},{"not_picked":["Storm of Steel+1","Bullet Time+1"],"picked":"Grand Finale+1","floor":24},{"not_picked":["Glass Knife+1","AT_MyraUnstableElement+1","AT_EssenceShift"],"picked":"SKIP","floor":27},{"not_picked":["Venomology+1","A Thousand Cuts","Wraith Form v2"],"picked":"SKIP","floor":28},{"not_picked":["Night Terror+1","Glass Knife+1","Phantasmal Killer+1"],"picked":"SKIP","floor":29},{"not_picked":["After Image","Phantasmal Killer+1","Wraith Form v2"],"picked":"SKIP","floor":30},{"not_picked":["Wraith Form v2","Night Terror+1","AT_MyraUnstableElement+1"],"picked":"SKIP","floor":31},{"not_picked":["Skewer+1","Dagger Throw+1","PiercingWail+1"],"picked":"SKIP","floor":35},{"not_picked":["Slice+1","Poisoned Stab+1","Acrobatics+1"],"picked":"SKIP","floor":39},{"not_picked":["AT_EssenceShift","Adrenaline+1"],"picked":"Doppelganger+1","floor":40},{"not_picked":["Wraith Form v2","Grand Finale+1","Glass Knife+1"],"picked":"SKIP","floor":42},{"not_picked":["Venomology+1","Malaise+1","Storm of Steel+1"],"picked":"SKIP","floor":44},{"not_picked":["Venomology+1","Unload+1","Doppelganger+1"],"picked":"SKIP","floor":45},{"not_picked":["AT_EssenceShift","Burst+1","Bullet Time+1"],"picked":"SKIP","floor":46},{"not_picked":["Grand Finale+1","Die Die Die+1","Malaise+1"],"picked":"Singing Bowl","floor":47},{"not_picked":["Corpse Explosion+1","A Thousand Cuts","Grand Finale+1"],"picked":"Singing Bowl","floor":55}],"player_experience":373800,"relics_obtained":[{"floor":7,"key":"FossilizedHelix"},{"floor":8,"key":"Blue Candle"},{"floor":9,"key":"AT_Manta"},{"floor":10,"key":"Molten Egg 2"},{"floor":11,"key":"Mummified Hand"},{"floor":12,"key":"Peace Pipe"},{"floor":13,"key":"Toxic Egg 2"},{"floor":14,"key":"Nunchaku"},{"floor":22,"key":"Red Mask"},{"floor":22,"key":"CeramicFish"},{"floor":23,"key":"AT_RedTearstoneRing"},{"floor":23,"key":"Bottled Flame"},{"floor":24,"key":"AT_DeathDance"},{"floor":24,"key":"MealTicket"},{"floor":27,"key":"Art of War"},{"floor":27,"key":"AT_BellowingDragoncrestRing"},{"floor":28,"key":"Matryoshka"},{"floor":28,"key":"Letter Opener"},{"floor":29,"key":"Calipers"},{"floor":29,"key":"Gremlin Horn"},{"floor":30,"key":"Anchor"},{"floor":30,"key":"Ornamental Fan"},{"floor":31,"key":"PreservedInsect"},{"floor":31,"key":"Happy Flower"},{"floor":33,"key":"Lizard Tail"},{"floor":39,"key":"Kunai"},{"floor":40,"key":"White Beast Statue"},{"floor":40,"key":"Meat on the Bone"},{"floor":42,"key":"Bag of Marbles"},{"floor":42,"key":"Paper Crane"},{"floor":42,"key":"Blood Vial"},{"floor":43,"key":"Darkstone Periapt"},{"floor":43,"key":"AT_BladeRuinedKing"},{"floor":44,"key":"Thread and Needle"},{"floor":44,"key":"TungstenRod"},{"floor":45,"key":"AT_Kusabimaru"},{"floor":45,"key":"The Specimen"},{"floor":45,"key":"Centennial Puzzle"},{"floor":46,"key":"AT_ForceNature"},{"floor":46,"key":"Oddly Smooth Stone"},{"floor":46,"key":"AT_GuinsooRageblade"},{"floor":47,"key":"AT_MibuBalloonWealth"},{"floor":47,"key":"Singing Bowl"},{"floor":47,"key":"Shuriken"},{"floor":55,"key":"Gambling Chip"},{"floor":55,"key":"Bag of Preparation"},{"floor":55,"key":"Akabeko"}],"event_choices":[{"damage_healed":0,"gold_gain":0,"cards_transformed":["Flying Knee"],"player_choice":"Transformed","damage_taken":0,"max_hp_gain":0,"max_hp_loss":0,"event_name":"Transmorgrifier","floor":3,"gold_loss":0,"cards_obtained":["AT_TinkerSharpsword"]},{"damage_healed":0,"gold_gain":0,"player_choice":"Success","damage_taken":11,"relics_obtained":["Bird Faced Urn"],"max_hp_gain":0,"max_hp_loss":0,"event_name":"Scrap Ooze","floor":5,"gold_loss":0},{"damage_healed":0,"gold_gain":0,"player_choice":"Ignored","damage_taken":0,"max_hp_gain":0,"max_hp_loss":0,"event_name":"Vampires","floor":19,"gold_loss":0},{"cards_removed":["AT_TinkerSharpsword"],"damage_healed":0,"gold_gain":0,"player_choice":"Elegance","damage_taken":0,"max_hp_gain":0,"max_hp_loss":0,"event_name":"Back to Basics","floor":21,"gold_loss":0},{"damage_healed":0,"gold_gain":0,"player_choice":"Fought Bandits","damage_taken":0,"max_hp_gain":0,"max_hp_loss":0,"event_name":"Masked Bandits","floor":22,"gold_loss":0},{"cards_removed":["Underhanded Strike"],"damage_healed":0,"gold_gain":0,"player_choice":"Purged","damage_taken":0,"max_hp_gain":0,"max_hp_loss":0,"event_name":"Purifier","floor":25,"gold_loss":0},{"damage_healed":0,"gold_gain":222,"player_choice":"Wore Mask","damage_taken":0,"max_hp_gain":0,"max_hp_loss":0,"event_name":"Tomb of Lord Red Mask","floor":36,"gold_loss":0},{"damage_healed":0,"gold_gain":0,"player_choice":"Got Potions","damage_taken":0,"max_hp_gain":0,"max_hp_loss":0,"event_name":"Lab","floor":37,"gold_loss":0},{"cards_removed":["Doppelganger"],"damage_healed":0,"gold_gain":0,"player_choice":"Removed Skill","damage_taken":0,"max_hp_gain":0,"max_hp_loss":0,"event_name":"Falling","floor":48,"gold_loss":0}],"is_beta":false,"boss_relics":[{"not_picked":["Cursed Key","Tiny House"],"picked":"Philosopher\u0027s Stone"},{"not_picked":["SlaversCollar","AT_MortalBlade"],"picked":"Black Star"}],"items_purged_floors":[20,54],"is_endless":false,"potions_floor_spawned":[7,8,12,16,22,23,30,31,33,39,42,44,45,46,47,55],"ascension_level":20}}