{"host":"ekyl8r8j8fco3zlk","time":1610180919,"event":{"mods":["ATMod(∞¢Ë™Mod)","Act Like it!","Arknights The Spire","BaseMod","CapriCore","Decade(Õı–°√˜)","Friendly Minions","Gensokyo","Hallownest","Lobotomy","LobotomyExtend","Luminous","Marisa£®ÏF”Í°°ƒß¿Ì…≥£©","Minty Spire (QoL Compilation)","READ ME - Guardian Mod","Rare Cards Sparkle","Reimu£®≤©¿ˆ¡È√Œ£©","StSLib","The Alterego","The Bug Knight","The Immortal","The Jungle","Waifu the Spire","WarShipGirlsR/’ΩΩ¢…Ÿ≈ÆR mod","°æ“≈ŒÔø®≈∆°øREMEMod"],"gold_per_floor":[111,125,125,136,154,154,188,188,188,188,188,220,220,240,240,335,335,350,362,373,391,408,408,440,440,467,107,118,118,217,246,246,349,349,360,373,373,423,441,469,486,506,506,506,521,551,551,579,579,579,579],"floor_reached":50,"playtime":1799,"items_purged":["Power Through+1"],"score":709,"play_id":"0bf8f075-1ba1-4ac3-8d55-9bed0d0eebb0","local_time":"20210109162839","is_ascension_mode":false,"campfire_choices":[{"data":"AT_IchimonjiDouble","floor":6,"key":"SMITH"},{"data":"Berserk","floor":8,"key":"SMITH"},{"data":"Dropkick","floor":10,"key":"SMITH"},{"data":"Seeing Red","floor":15,"key":"SMITH"},{"data":"Barricade","floor":23,"key":"SMITH"},{"data":"REME_Cut","floor":25,"key":"SMITH"},{"data":"Perfected Strike","floor":29,"key":"SMITH"},{"floor":32,"key":"REST"},{"data":"AT_Dispersion","floor":44,"key":"SMITH"},{"data":"Shrug It Off","floor":47,"key":"SMITH"},{"data":"Shrug It Off","floor":49,"key":"SMITH"}],"circlet_count":0,"master_deck":["Strike_R","Strike_R","Strike_R","Strike_R","Strike_R","Defend_R","Defend_R","Defend_R","Defend_R","Bash","AT_BodySlamDance","Offering+1","Dropkick+1","Shrug It Off+1","AT_IchimonjiDouble+1","Berserk+1","Pommel Strike","Seeing Red+1","Barricade+1","Flex+1","REME_Cut+1","Shrug It Off+1","Perfected Strike+1","Feed","Cleave","Uppercut+1","AT_Dispersion+1","Hemokinesis","Demon Form","Spot Weakness+1","Carnage+1","Burning Pact+1","Second Wind+1","Entrench+1"],"relics":["Burning Blood","AT_ATBox","REME_ComplimentaryCards","LetterFromLob","MagicBullet_r","Darkstone Periapt","Blue Candle","Pear","REME_DuelDisc","CaptainsWheel","AT_ChloranthyRing","AT_RedTearstoneRing","Bag of Marbles","REME_ChargedStone","StoneCalendar","Happy Flower","Red Skull","Ancient Tea Set","REME_PuzzleBoxRelic"],"acts_visited":["Exordium","TheCity","TheBeyond"],"potions_floor_usage":[2,16,20,33,33,50,50,50],"damage_taken":[{"damage":6,"enemies":"Cultist","floor":1,"turns":3},{"damage":6,"enemies":"Jaw Worm","floor":2,"turns":2},{"damage":6,"enemies":"Small Slimes","floor":4,"turns":2},{"damage":11,"enemies":"3 Louse","floor":5,"turns":2},{"damage":33,"enemies":"3 Sentries","floor":7,"turns":6},{"damage":6,"enemies":"Lagavulin","floor":12,"turns":3},{"damage":0,"enemies":"2 Fungi Beasts","floor":14,"turns":1},{"damage":55,"enemies":"The Guardian","floor":16,"turns":7},{"damage":31,"enemies":"Shell Parasite","floor":18,"turns":2},{"damage":8,"enemies":"Chosen","floor":19,"turns":3},{"damage":7,"enemies":"Snake Plant","floor":20,"turns":3},{"damage":6,"enemies":"3 Cultists","floor":21,"turns":4},{"damage":16,"enemies":"Shelled Parasite and Fungi","floor":22,"turns":2},{"damage":36,"enemies":"Book of Stabbing","floor":24,"turns":5},{"damage":6,"enemies":"Snake Plant","floor":28,"turns":1},{"damage":20,"enemies":"Gremlin Leader","floor":31,"turns":3},{"damage":16,"enemies":"Champ","floor":33,"turns":3},{"damage":16,"enemies":"Orb Walker","floor":35,"turns":3},{"damage":13,"enemies":"3 Darklings","floor":36,"turns":2},{"damage":14,"enemies":"Mind Bloom Boss Battle","floor":38,"turns":4},{"damage":8,"enemies":"Transient","floor":39,"turns":5},{"damage":26,"enemies":"Nemesis","floor":40,"turns":3},{"damage":27,"enemies":"Sphere and 2 Shapes","floor":41,"turns":4},{"damage":15,"enemies":"Writhing Mass","floor":42,"turns":2},{"damage":8,"enemies":"Transient","floor":45,"turns":5},{"damage":2,"enemies":"Giant Head","floor":46,"turns":4},{"damage":0,"enemies":"Reptomancer","floor":48,"turns":2},{"damage":34,"enemies":"Time Eater","floor":50,"turns":2}],"seed_played":"3408843950697351087","potions_obtained":[{"floor":2,"key":"REME_GoldPotion"},{"floor":14,"key":"PowerPotion"},{"floor":16,"key":"Fire Potion"},{"floor":19,"key":"LiquidBronze"},{"floor":22,"key":"DuplicationPotion"},{"floor":28,"key":"GrandPatriotsElixir:ReiMu"},{"floor":33,"key":"SpeedPotion"},{"floor":40,"key":"LiquidBronze"},{"floor":42,"key":"Strength Potion"}],"is_trial":false,"path_per_floor":["M","M","?","M","M","R","E","R","T","R","M","E","?","M","R","B",null,"M","M","M","M","M","R","E","R","T","$","M","R","?","E","R","B",null,"M","M","?","?","M","E","M","M","T","R","M","E","R","E","R","B"],"character_chosen":"IRONCLAD","items_purchased":["AT_RedTearstoneRing","Feed"],"campfire_rested":1,"item_purchase_floors":[27,27],"current_hp_per_floor":[80,80,80,80,75,75,48,48,48,48,48,58,58,64,64,15,90,65,63,62,62,52,52,22,22,22,22,22,22,22,8,35,28,93,83,76,76,71,69,49,31,22,22,22,20,24,24,33,33,0,0],"gold":579,"neow_bonus":"UPGRADE_CARD","is_daily":false,"chose_seed":false,"campfire_upgraded":10,"win_rate":0.0,"timestamp":1610180919,"path_taken":["M","M","?","M","M","R","E","R","T","R","M","E","?","M","R","BOSS","M","M","M","M","M","R","E","R","T","?","M","R","?","E","R","BOSS","M","M","?","?","M","E","M","M","T","R","M","E","R","E","R","BOSS"],"items_purchased_type":["Relic","Card"],"build_version":"2020-12-22","purchased_purges":1,"victory":false,"max_hp_per_floor":[80,80,80,80,80,80,80,80,80,80,80,90,90,90,90,90,90,90,90,90,90,90,90,90,90,90,90,90,90,90,90,90,93,93,93,93,93,96,96,96,99,99,99,99,99,99,99,102,102,102,102],"card_choices":[{"not_picked":["Dark Embrace","Evolve"],"picked":"Dropkick","floor":1},{"not_picked":["Dark Embrace","Body Slam"],"picked":"Warcry","floor":2},{"not_picked":["Dropkick","Anger"],"picked":"Shrug It Off","floor":4},{"not_picked":["Hemokinesis","Entrench"],"picked":"AT_IchimonjiDouble","floor":5},{"not_picked":["Sever Soul","Pommel Strike"],"picked":"Berserk","floor":7},{"not_picked":["Metallicize","Twin Strike"],"picked":"Pommel Strike","floor":12},{"not_picked":["Clash","Anger","Shrug It Off"],"picked":"SKIP","floor":14},{"not_picked":["REME_ACTH","Exhume"],"picked":"Barricade","floor":16},{"not_picked":["Clash","Intimidate"],"picked":"Flex+1","floor":18},{"not_picked":["Sentinel+1","Perfected Strike"],"picked":"REME_Cut","floor":19},{"not_picked":["Body Slam","AT_BodySlamDance"],"picked":"Shrug It Off","floor":20},{"not_picked":["AT_IchimonjiDouble","Ghostly Armor"],"picked":"Perfected Strike","floor":21},{"not_picked":["Twin Strike","Anger"],"picked":"Power Through+1","floor":22},{"not_picked":["Armaments","Clash","Heavy Blade"],"picked":"SKIP","floor":24},{"not_picked":["Feed","Anger+1"],"picked":"Cleave","floor":28},{"not_picked":["Pummel","Body Slam"],"picked":"Uppercut+1","floor":31},{"not_picked":["Corruption","Exhume"],"picked":"AT_Dispersion","floor":33},{"not_picked":["Entrench","Pommel Strike","Infernal Blade"],"picked":"SKIP","floor":35},{"not_picked":["AT_BodySlamDance+1","Sentinel"],"picked":"Hemokinesis","floor":36},{"not_picked":[],"picked":"Demon Form","floor":37},{"not_picked":["Sword Boomerang","AT_DrawKnifeCut"],"picked":"Spot Weakness+1","floor":38},{"not_picked":["Clash","Twin Strike"],"picked":"Carnage+1","floor":39},{"not_picked":["Pummel","Shrug It Off+1"],"picked":"Burning Pact+1","floor":40},{"not_picked":["Clothesline","Pommel Strike","REME_SingleHolding"],"picked":"SKIP","floor":41},{"not_picked":["Anger","Barricade"],"picked":"Second Wind+1","floor":42},{"not_picked":["Body Slam+1","Ghostly Armor","AT_GerminateFire"],"picked":"SKIP","floor":45},{"not_picked":["Fire Breathing","Warcry+1"],"picked":"Entrench+1","floor":46},{"not_picked":["Twin Strike","Entrench+1","Pommel Strike+1"],"picked":"SKIP","floor":48}],"player_experience":684545,"relics_obtained":[{"floor":1,"key":"LetterFromLob"},{"floor":7,"key":"Darkstone Periapt"},{"floor":9,"key":"Blue Candle"},{"floor":12,"key":"Pear"},{"floor":24,"key":"CaptainsWheel"},{"floor":26,"key":"AT_ChloranthyRing"},{"floor":31,"key":"Bag of Marbles"},{"floor":38,"key":"StoneCalendar"},{"floor":40,"key":"Happy Flower"},{"floor":43,"key":"Red Skull"},{"floor":46,"key":"Ancient Tea Set"},{"floor":48,"key":"REME_PuzzleBoxRelic"}],"event_choices":[{"cards_removed":["Warcry"],"damage_healed":0,"gold_gain":0,"player_choice":"Took Card","damage_taken":0,"max_hp_gain":0,"max_hp_loss":0,"event_name":"NoteForYourself","floor":13,"gold_loss":0,"cards_obtained":["Seeing Red"]},{"damage_healed":0,"gold_gain":99,"player_choice":"Stole From Cult","damage_taken":0,"max_hp_gain":0,"max_hp_loss":0,"event_name":"Nest","floor":30,"gold_loss":0},{"damage_healed":0,"gold_gain":0,"player_choice":"Fight","damage_taken":0,"max_hp_gain":0,"max_hp_loss":0,"event_name":"MindBloom","floor":38,"gold_loss":0}],"is_beta":false,"boss_relics":[{"not_picked":["Runic Pyramid","Astrolabe"],"picked":"REME_DuelDisc"},{"not_picked":["Philosopher\u0027s Stone","Velvet Choker"],"picked":"REME_ChargedStone"}],"items_purged_floors":[27],"is_endless":false,"potions_floor_spawned":[2,14,16,19,22,28,33,40,42,45,46,48],"killed_by":"Time Eater","ascension_level":0}}