{"host":"lg1piimdyocafd6j","time":1610206291,"event":{"mods":["AchievementEnabler","BaseMod","Better Third Choice","BetterRewards","Colored Map","Colored Powertips","Downfall","Minty Spire (QoL Compilation)","Quick Restart","Rare Cards Sparkle","Remove Card Discount Mod","Shop Mod","StSLib","SuperFastMode"],"gold_per_floor":[117,134,144,160,172,200,200,230,230,143,143,154,169,179,179,277,277,295,59,72,72,141,151,151,221,221,75,85,135,86,136,136,240,240,258,354,371,421,471,395,410,480,530,332,332,351,351,401,401,401,401,401,196,224,224],"floor_reached":56,"playtime":2581,"items_purged":["Strike_G","Strike_G","Strike_G","Defend_G","Defend_G","Defend_G","Defend_G","Strike_G","Catalyst","Poisoned Stab","Strike_G","Defend_G","Acrobatics","Flying Knee","Flying Knee","Neutralize+1","Backflip","Dodge and Roll","Infinite Blades+1","A Thousand Cuts+1","Storm of Steel","Blade Dance"],"score":1413,"play_id":"d3bdfeee-04bc-434d-b74e-b1fdc4d8f557","local_time":"20210109163131","is_ascension_mode":false,"campfire_choices":[{"floor":15,"key":"REST"},{"floor":24,"key":"RECALL"},{"floor":32,"key":"REST"},{"floor":45,"key":"REST"},{"floor":47,"key":"DIG"},{"floor":49,"key":"DIG"},{"floor":52,"key":"DIG"}],"circlet_count":0,"master_deck":["Survivor","Blade Dance+1","Accuracy+1","Cloak And Dagger","Outmaneuver","Cloak And Dagger","Accuracy+1","Blade Dance","Accuracy+1","Cloak And Dagger","Blade Dance","Cloak And Dagger+1","Footwork+1","Blade Dance+1"],"relics":["Ring of the Snake","Frozen Egg 2","InkBottle","Centennial Puzzle","Fusion Hammer","Membership Card","PreservedInsect","SsserpentHead","MawBank","Incense Burner","Vajra","MutagenicStrength","SlaversCollar","Shovel","Ancient Tea Set","Nunchaku","Regal Pillow","Whetstone","Singing Bowl","Strawberry","Tingsha","Pear","HornCleat","Blood Vial","Sundial"],"acts_visited":["Exordium","TheCity","TheBeyond","TheEnding"],"potions_floor_usage":[55],"damage_taken":[{"damage":0,"enemies":"2 Louse","floor":1,"turns":3},{"damage":0,"enemies":"Small Slimes","floor":2,"turns":2},{"damage":0,"enemies":"Cultist","floor":3,"turns":3},{"damage":2,"enemies":"Gremlin Gang","floor":4,"turns":5},{"damage":0,"enemies":"Looter","floor":5,"turns":3},{"damage":22,"enemies":"3 Sentries","floor":6,"turns":5},{"damage":3,"enemies":"Gremlin Nob","floor":8,"turns":3},{"damage":4,"enemies":"Exordium Thugs","floor":12,"turns":3},{"damage":0,"enemies":"3 Louse","floor":13,"turns":1},{"damage":1,"enemies":"2 Fungi Beasts","floor":14,"turns":2},{"damage":0,"enemies":"Slime Boss","floor":16,"turns":3},{"damage":0,"enemies":"Shell Parasite","floor":18,"turns":1},{"damage":0,"enemies":"Chosen","floor":20,"turns":2},{"damage":0,"enemies":"Snecko","floor":22,"turns":2},{"damage":0,"enemies":"Cultist and Chosen","floor":23,"turns":2},{"damage":0,"enemies":"3 Cultists","floor":25,"turns":3},{"damage":0,"enemies":"Centurion and Healer","floor":28,"turns":2},{"damage":2,"enemies":"Automaton","floor":33,"turns":3},{"damage":0,"enemies":"Orb Walker","floor":35,"turns":1},{"damage":13,"enemies":"2 Orb Walkers","floor":36,"turns":2},{"damage":2,"enemies":"3 Darklings","floor":37,"turns":2},{"damage":2,"enemies":"Jaw Worm Horde","floor":41,"turns":2},{"damage":10,"enemies":"Spire Growth","floor":42,"turns":2},{"damage":0,"enemies":"Sphere and 2 Shapes","floor":46,"turns":1},{"damage":8,"enemies":"Donu and Deca","floor":50,"turns":3},{"damage":0,"enemies":"Shield and Spear","floor":54,"turns":3},{"damage":67,"enemies":"The Heart","floor":55,"turns":6}],"seed_played":"-5827081779668885435","potions_obtained":[{"floor":3,"key":"Poison Potion"},{"floor":4,"key":"Ancient Potion"},{"floor":5,"key":"hexamod:EctoCoolerPotion"},{"floor":8,"key":"DuplicationPotion"},{"floor":20,"key":"FairyPotion"},{"floor":29,"key":"PowerPotion"},{"floor":29,"key":"BlessingOfTheForge"}],"is_trial":false,"path_per_floor":["M","M","M","M","M","E","?","E","T","$","?","M","M","M","R","B",null,"M","$","M","?","M","M","R","M","T","$","M","?","$","?","R","B",null,"M","?","M","?","T","$","M","M","T","$","R","M","R","?","R","B",null,"R","$","E","B",null],"character_chosen":"THE_SILENT","items_purchased":["Blade Dance","Catalyst","Dodge and Roll","Backflip","Frozen Egg 2","Accuracy+1","Cloak And Dagger","Accuracy+1","Membership Card","PreservedInsect","Incense Burner","Blade Dance","Vajra","Nunchaku","Whetstone","Singing Bowl","HornCleat","Blood Vial"],"campfire_rested":3,"item_purchase_floors":[0,0,0,0,0,0,0,10,19,19,27,30,30,40,44,44,53,53],"current_hp_per_floor":[70,70,70,68,68,46,69,66,66,66,52,48,48,47,68,68,70,70,70,70,70,70,70,70,70,70,70,70,70,70,70,70,68,70,70,57,55,55,55,55,53,43,43,43,70,70,77,79,79,71,79,89,89,91,24],"gold":224,"neow_bonus":"","is_daily":false,"chose_seed":false,"campfire_upgraded":0,"win_rate":0.0,"timestamp":1610206291,"path_taken":["M","M","M","M","M","E","?","E","T","$","?","M","M","M","R","BOSS","M","$","M","?","?","M","R","?","T","$","M","?","?","?","R","BOSS","M","?","M","?","?","$","M","?","T","$","R","M","R","?","R","BOSS","R","$","E","BOSS"],"items_purchased_type":["Card","Card","Card","Card","Relic","Card","Card","Card","Relic","Relic","Relic","Card","Relic","Relic","Relic","Relic","Relic","Relic"],"build_version":"2020-12-22","purchased_purges":22,"victory":true,"max_hp_per_floor":[70,70,70,70,70,70,70,70,70,70,70,70,70,70,70,70,70,70,70,70,70,70,70,70,70,70,70,70,70,70,70,70,70,70,70,70,70,70,70,70,70,70,70,70,70,70,77,79,79,79,79,89,89,91,91],"card_choices":[{"not_picked":["Flying Knee","Outmaneuver"],"picked":"Poisoned Stab","floor":1},{"not_picked":["Bouncing Flask","Concentrate"],"picked":"Outmaneuver","floor":2},{"not_picked":["Underhanded Strike","Quick Slash"],"picked":"Flying Knee","floor":3},{"not_picked":["PiercingWail","Distraction"],"picked":"Infinite Blades+1","floor":4},{"not_picked":["Acrobatics","Underhanded Strike","Unload"],"picked":"SKIP","floor":5},{"not_picked":["Poisoned Stab","Dagger Spray"],"picked":"Flying Knee","floor":6},{"not_picked":["Dagger Throw","Burst"],"picked":"Cloak And Dagger","floor":8},{"not_picked":["Quick Slash","Dodge and Roll"],"picked":"Blade Dance","floor":12},{"not_picked":["Concentrate","Catalyst"],"picked":"Accuracy+1","floor":13},{"not_picked":["Noxious Fumes+1","Masterful Stab","Acrobatics"],"picked":"SKIP","floor":14},{"not_picked":["Wraith Form v2+1","A Thousand Cuts+1"],"picked":"Storm of Steel","floor":16},{"not_picked":["Dagger Spray+1","Deadly Poison","Deflect+1"],"picked":"SKIP","floor":18},{"not_picked":["Blur","Quick Slash+1","Sucker Punch"],"picked":"SKIP","floor":20},{"not_picked":["Venomology","Tactician"],"picked":"Cloak And Dagger","floor":22},{"not_picked":["All Out Attack","Predator","Flying Knee"],"picked":"SKIP","floor":23},{"not_picked":["Noxious Fumes+1","Endless Agony+1","Escape Plan"],"picked":"SKIP","floor":25},{"not_picked":["Poisoned Stab+1","Tactician"],"picked":"Blade Dance","floor":28},{"not_picked":["Tools of the Trade+1","Glass Knife"],"picked":"A Thousand Cuts+1","floor":33},{"not_picked":["Calculated Gamble","Bane"],"picked":"Cloak And Dagger+1","floor":35},{"not_picked":["Dagger Throw+1","Outmaneuver+1"],"picked":"Footwork+1","floor":37},{"not_picked":["Underhanded Strike","Flechettes+1","Choke+1"],"picked":"SKIP","floor":41},{"not_picked":["Blur","Bane+1","Masterful Stab"],"picked":"SKIP","floor":42},{"not_picked":["Footwork+1","Corpse Explosion"],"picked":"Blade Dance+1","floor":46},{"not_picked":["Purity","expansioncontent:FaceSlap","expansioncontent:TimeRipple"],"picked":"Singing Bowl","floor":48},{"not_picked":["Quick Slash+1","Dagger Throw","Underhanded Strike+1"],"picked":"Singing Bowl","floor":54}],"player_experience":119702,"relics_obtained":[{"floor":6,"key":"InkBottle"},{"floor":8,"key":"Centennial Puzzle"},{"floor":26,"key":"MawBank"},{"floor":36,"key":"Shovel"},{"floor":39,"key":"Ancient Tea Set"},{"floor":43,"key":"Regal Pillow"},{"floor":47,"key":"Strawberry"},{"floor":49,"key":"Tingsha"},{"floor":52,"key":"Pear"},{"floor":54,"key":"Sundial"}],"event_choices":[{"damage_healed":23,"gold_gain":0,"player_choice":"Banana","damage_taken":0,"max_hp_gain":0,"max_hp_loss":0,"event_name":"Big Fish","floor":7,"gold_loss":0},{"damage_healed":66,"gold_gain":0,"player_choice":"Upgrade","damage_taken":14,"max_hp_gain":0,"max_hp_loss":70,"event_name":"betterThird:BetterShining","floor":11,"gold_loss":0,"cards_upgraded":["Neutralize","Blade Dance"]},{"damage_healed":0,"gold_gain":0,"player_choice":"Trade","damage_taken":0,"relics_obtained":["SsserpentHead"],"max_hp_gain":0,"max_hp_loss":0,"event_name":"FaceTrader","floor":21,"gold_loss":0},{"damage_healed":0,"gold_gain":0,"player_choice":"Got Potions","damage_taken":0,"max_hp_gain":0,"max_hp_loss":0,"event_name":"Lab","floor":29,"gold_loss":0},{"damage_healed":0,"gold_gain":0,"player_choice":"Inject Mutagens","damage_taken":0,"relics_obtained":["MutagenicStrength"],"max_hp_gain":0,"max_hp_loss":0,"event_name":"Drug Dealer","floor":31,"gold_loss":0},{"damage_healed":0,"gold_gain":0,"player_choice":"Fight","damage_taken":0,"max_hp_gain":0,"max_hp_loss":0,"event_name":"Mysterious Sphere","floor":36,"gold_loss":0},{"damage_healed":0,"gold_gain":0,"player_choice":"Ignored","damage_taken":0,"max_hp_gain":0,"max_hp_loss":0,"event_name":"Tomb of Lord Red Mask","floor":38,"gold_loss":0},{"damage_healed":0,"gold_gain":0,"player_choice":"Memory 1","damage_taken":0,"max_hp_gain":0,"max_hp_loss":0,"event_name":"SensoryStone","floor":48,"gold_loss":0}],"is_beta":false,"boss_relics":[{"not_picked":["Velvet Choker","Philosopher\u0027s Stone"],"picked":"Fusion Hammer"},{"not_picked":["Pandora\u0027s Box","Runic Dome"],"picked":"SlaversCollar"}],"items_purged_floors":[0,0,0,0,0,0,0,0,10,10,10,10,19,19,19,19,27,27,40,40,53,53],"is_endless":false,"potions_floor_spawned":[3,4,5,8,12,20,22,25,36,46,54],"ascension_level":0}}