{"host":"684z1xpuwaoqmmh1","time":1610206181,"event":{"mods":["BaseMod","Downfall","Hermit","Jorbs\u0027s Wanderer Trilogy","Marisa????????","Minty Spire (QoL Compilation)","StSLib","The Hierophant","The Mystic"],"gold_per_floor":[117,117,50,50,125,163,183,183,183,206,242,242,277,297,297,297,297],"floor_reached":16,"playtime":493,"items_purged":[],"score":261,"play_id":"5470ea1d-0bdc-471a-8dec-ea483b572e81","local_time":"20210109172941","is_ascension_mode":true,"campfire_choices":[{"data":"hermit:FromBeyond","floor":8,"key":"SMITH"},{"data":"hermit:FlashPowder","floor":12,"key":"SMITH"},{"data":"hermit:Dissolve","floor":15,"key":"SMITH"}],"circlet_count":0,"master_deck":["AscendersBane","hermit:Strike_Hermit","hermit:Strike_Hermit+1","hermit:Strike_Hermit","hermit:Strike_Hermit","hermit:Defend_Hermit","hermit:Defend_Hermit","hermit:Defend_Hermit","hermit:Defend_Hermit","hermit:Snapshot","hermit:Covet+1","hermit:FlashPowder+1","Injury","hermit:Dissolve+1","hermit:FromBeyond+1","hermit:BodyArmor","hermit:Headshot","hermit:WideOpen+1","hermit:Enervate+1","hermit:Quickdraw+1"],"relics":["hermit:Momento","NeowsBlessing","Golden Idol","Akabeko","HornCleat","Molten Egg 2","Odd Mushroom"],"acts_visited":["Exordium"],"potions_floor_usage":[13,16],"damage_taken":[{"damage":0,"enemies":"Small Slimes","floor":1,"turns":1},{"damage":0,"enemies":"3 Sentries","floor":6,"turns":2},{"damage":0,"enemies":"2 Louse","floor":7,"turns":1},{"damage":0,"enemies":"Cultist","floor":10,"turns":3},{"damage":0,"enemies":"Lagavulin","floor":11,"turns":5},{"damage":0,"enemies":"The Mushroom Lair","floor":13,"turns":4},{"damage":0,"enemies":"3 Louse","floor":14,"turns":2},{"damage":43,"enemies":"Slime Boss","floor":16,"turns":10}],"seed_played":"-261378528402671517","potions_obtained":[{"floor":1,"key":"SteroidPotion"},{"floor":6,"key":"Fire Potion"},{"floor":13,"key":"Strength Potion"}],"is_trial":false,"path_per_floor":["M","?","$","?","?","E","M","R","T","M","E","R","?","M","R","B"],"character_chosen":"HERMIT","items_purchased":["hermit:Dissolve"],"campfire_rested":0,"item_purchase_floors":[3],"current_hp_per_floor":[68,68,68,53,46,46,46,46,46,46,46,46,46,46,46,3,3],"gold":297,"neow_bonus":"THREE_ENEMY_KILL","is_daily":false,"chose_seed":false,"campfire_upgraded":3,"win_rate":0.0,"timestamp":1610206181,"path_taken":["M","?","$","?","?","E","M","R","T","?","E","R","?","M","R","BOSS"],"items_purchased_type":["Card"],"build_version":"2020-12-22","purchased_purges":0,"victory":false,"max_hp_per_floor":[75,75,75,75,75,75,75,75,75,75,75,75,75,75,75,75,75],"card_choices":[{"not_picked":["hermit:Cheat","hermit:Vantage"],"picked":"hermit:FlashPowder","floor":1},{"not_picked":["hermit:Spite","hermit:Coalescence"],"picked":"hermit:FromBeyond","floor":6},{"not_picked":["hermit:Vantage","hermit:HoleUp"],"picked":"hermit:BodyArmor","floor":7},{"not_picked":["hermit:NoHoldsBarred","hermit:PistolWhip"],"picked":"hermit:Headshot","floor":10},{"not_picked":["hermit:HoleUp","hermit:Misfire+1"],"picked":"hermit:WideOpen+1","floor":11},{"not_picked":["hermit:Glare","hermit:EternalForm"],"picked":"hermit:Enervate+1","floor":13},{"not_picked":["hermit:Malice+1","hermit:Snipe"],"picked":"hermit:Quickdraw+1","floor":14}],"player_experience":2439596,"relics_obtained":[{"floor":6,"key":"Akabeko"},{"floor":9,"key":"HornCleat"},{"floor":11,"key":"Molten Egg 2"},{"floor":13,"key":"Odd Mushroom"}],"event_choices":[{"damage_healed":0,"gold_gain":0,"player_choice":"Take Wound","damage_taken":0,"relics_obtained":["Golden Idol"],"max_hp_gain":0,"max_hp_loss":0,"event_name":"Golden Idol","floor":2,"gold_loss":0,"cards_obtained":["Injury"]},{"damage_healed":0,"gold_gain":0,"player_choice":"Entered Light","damage_taken":15,"max_hp_gain":0,"max_hp_loss":0,"event_name":"Shining Light","floor":4,"gold_loss":0,"cards_upgraded":["hermit:Strike_Hermit","hermit:Covet"]},{"damage_healed":0,"gold_gain":75,"player_choice":"Touch","damage_taken":7,"max_hp_gain":0,"max_hp_loss":0,"event_name":"FaceTrader","floor":5,"gold_loss":0},{"damage_healed":0,"gold_gain":0,"player_choice":"Fought Mushrooms","damage_taken":0,"max_hp_gain":0,"max_hp_loss":0,"event_name":"Mushrooms","floor":13,"gold_loss":0}],"is_beta":false,"boss_relics":[],"items_purged_floors":[],"is_endless":false,"potions_floor_spawned":[1,6,10,13],"killed_by":"Slime Boss","ascension_level":13}}