{"host":"fxh4234sf5pb3xr6","time":1610171986,"event":{"mods":["AchievementEnabler","BaseMod","Colored Map","Colored Powertips","Minty Spire (QoL Compilation)","Rare Cards Sparkle","StSLib"],"gold_per_floor":[116,116,291,81,31,56,56,87,99,111,139,171,183,195,207,322,334,357,369,399,50,78,112,112,112,112,128,128,145,177,195,195,294,294,309,309,309,65,79,79,108,18,93,124,171,185,185,235,235,235],"floor_reached":51,"playtime":3899,"items_purged":["Doubt","Defend_G"],"score":1015,"play_id":"18f41b22-3f93-4e5c-9e20-ad966d370f0a","local_time":"20210109005945","is_ascension_mode":true,"campfire_choices":[{"data":"Discovery","floor":10,"key":"SMITH"},{"floor":13,"key":"REST"},{"data":"Burst","floor":15,"key":"SMITH"},{"floor":25,"key":"REST"},{"data":"Envenom","floor":28,"key":"SMITH"},{"data":"Cloak And Dagger","floor":32,"key":"SMITH"},{"data":"Cloak And Dagger","floor":40,"key":"SMITH"},{"floor":47,"key":"REST"},{"floor":49,"key":"REST"}],"circlet_count":0,"master_deck":["Strike_G","Defend_G","Defend_G","Defend_G","Survivor","Neutralize+1","Burst+1","Discovery+1","Cloak And Dagger+1","Cloak And Dagger+1","Dodge and Roll","Outmaneuver","Envenom+1","Predator+1","Cloak And Dagger+1","Dash+1","Footwork+1","Phantasmal Killer+1","Noxious Fumes+1","Blur+1","Escape Plan+1","Finesse+1","Accuracy","Terror+1"],"relics":["Ring of the Snake","Bronze Scales","MawBank","Kunai","Question Card","Astrolabe","Toxic Egg 2","Red Mask","Ancient Tea Set","Eternal Feather","InkBottle","Matryoshka","WristBlade","Ornamental Fan","Tough Bandages","Akabeko","White Beast Statue","Sundial","Dead Branch","Gambling Chip"],"acts_visited":["Exordium","TheCity","TheBeyond"],"potions_floor_usage":[41,41,50,50,50],"damage_taken":[{"damage":0,"enemies":"Small Slimes","floor":1,"turns":4},{"damage":12,"enemies":"Lagavulin","floor":6,"turns":6},{"damage":28,"enemies":"Gremlin Nob","floor":8,"turns":5},{"damage":0,"enemies":"2 Louse","floor":11,"turns":2},{"damage":0,"enemies":"Jaw Worm","floor":12,"turns":4},{"damage":29,"enemies":"Hexaghost","floor":16,"turns":14},{"damage":12,"enemies":"Chosen","floor":18,"turns":6},{"damage":5,"enemies":"Spheric Guardian","floor":20,"turns":7},{"damage":7,"enemies":"Masked Bandits","floor":22,"turns":5},{"damage":31,"enemies":"Slavers","floor":23,"turns":9},{"damage":3,"enemies":"Cultist and Chosen","floor":27,"turns":5},{"damage":5,"enemies":"Sentry and Sphere","floor":29,"turns":4},{"damage":14,"enemies":"Book of Stabbing","floor":30,"turns":5},{"damage":8,"enemies":"Centurion and Healer","floor":31,"turns":7},{"damage":22,"enemies":"Champ","floor":33,"turns":13},{"damage":0,"enemies":"Orb Walker","floor":35,"turns":4},{"damage":19,"enemies":"3 Darklings","floor":39,"turns":5},{"damage":11,"enemies":"Reptomancer","floor":41,"turns":6},{"damage":8,"enemies":"Giant Head","floor":44,"turns":6},{"damage":20,"enemies":"2 Orb Walkers","floor":45,"turns":5},{"damage":0,"enemies":"Maw","floor":46,"turns":7},{"damage":0,"enemies":"Mind Bloom Boss Battle","floor":48,"turns":4},{"damage":0,"enemies":"Awakened One","floor":50,"turns":7}],"seed_played":"7653226952590505715","potions_obtained":[{"floor":1,"key":"SneckoOil"},{"floor":16,"key":"ColorlessPotion"},{"floor":27,"key":"SneckoOil"},{"floor":29,"key":"Block Potion"},{"floor":33,"key":"DistilledChaos"},{"floor":41,"key":"GhostInAJar"},{"floor":44,"key":"CultistPotion"},{"floor":45,"key":"CunningPotion"},{"floor":46,"key":"DistilledChaos"}],"is_trial":false,"path_per_floor":["M","?","?","$","?","E","$","E","T","R","M","M","R","T","R","B",null,"M","?","M","$","?","E","T","R","T","M","R","M","E","M","R","B",null,"M","?","?","$","M","R","E","$","T","E","?","M","R","?","R","B",null],"character_chosen":"THE_SILENT","items_purchased":["Discovery","Cloak And Dagger","Toxic Egg 2","Ornamental Fan","Finesse+1"],"campfire_rested":4,"item_purchase_floors":[4,4,21,38,42],"current_hp_per_floor":[70,70,70,70,70,58,58,30,30,30,30,30,51,51,51,22,58,46,69,64,64,57,26,26,56,56,53,65,60,46,38,50,28,60,60,60,60,60,41,53,42,42,42,34,14,14,47,47,70,70],"gold":235,"neow_bonus":"UPGRADE_CARD","is_daily":false,"chose_seed":false,"campfire_upgraded":5,"win_rate":0.0,"timestamp":1610171985,"path_taken":["M","?","?","$","?","E","$","E","T","R","?","M","R","?","R","BOSS","M","?","M","$","?","E","?","R","T","?","R","M","E","M","R","BOSS","M","?","?","$","?","R","E","?","T","E","?","M","R","?","R","BOSS"],"items_purchased_type":["Card","Card","Relic","Relic","Card"],"build_version":"2020-12-22","purchased_purges":2,"victory":true,"max_hp_per_floor":[70,70,70,70,70,70,70,70,70,70,70,70,70,70,70,70,70,70,70,70,70,70,70,70,70,70,70,70,70,70,70,70,70,70,70,70,70,70,70,70,70,70,70,70,70,70,70,70,70,70],"card_choices":[{"not_picked":["Skewer","Acrobatics"],"picked":"Quick Slash","floor":1},{"not_picked":["Flying Knee","Dodge and Roll"],"picked":"Cloak And Dagger","floor":6},{"not_picked":["Acrobatics","Storm of Steel"],"picked":"Dodge and Roll","floor":8},{"not_picked":["Tactician","Backflip"],"picked":"Outmaneuver","floor":11},{"not_picked":["Setup","Outmaneuver","Prepared"],"picked":"SKIP","floor":12},{"not_picked":["Glass Knife","After Image","Bullet Time"],"picked":"Envenom","floor":16},{"not_picked":["Prepared","Outmaneuver","Cloak And Dagger","Acrobatics"],"picked":"SKIP","floor":18},{"not_picked":["Eviscerate","Flying Knee","Dagger Spray","Slice"],"picked":"SKIP","floor":20},{"not_picked":["Slice","Underhanded Strike+1","Dagger Spray"],"picked":"Footwork+1","floor":22},{"not_picked":["Caltrops","Dagger Throw","Deflect+1"],"picked":"Phantasmal Killer+1","floor":23},{"not_picked":["Flying Knee","Heel Hook","Poisoned Stab+1"],"picked":"Noxious Fumes+1","floor":27},{"not_picked":["Leg Sweep+1","PiercingWail+1","Prepared+1","Poisoned Stab"],"picked":"SKIP","floor":29},{"not_picked":["Deflect+1","Prepared+1","Calculated Gamble+1","Acrobatics+1"],"picked":"SKIP","floor":30},{"not_picked":["Underhanded Strike+1","Dodge and Roll+1","A Thousand Cuts"],"picked":"Blur+1","floor":31},{"not_picked":["Masterful Stab+1","Underhanded Strike","Prepared+1"],"picked":"Escape Plan+1","floor":35},{"not_picked":["Concentrate+1","Backflip+1","Eviscerate+1","Flying Knee"],"picked":"SKIP","floor":39},{"not_picked":["Quick Slash+1","Tactician+1","Poisoned Stab+1","Choke"],"picked":"SKIP","floor":41},{"not_picked":["Poisoned Stab","Bouncing Flask+1","Deflect+1","Well Laid Plans+1"],"picked":"SKIP","floor":44},{"not_picked":["Dodge and Roll+1","Heel Hook","Escape Plan+1"],"picked":"Accuracy","floor":45},{"not_picked":["Venomology+1","Acrobatics+1","Caltrops","Dagger Throw"],"picked":"SKIP","floor":46},{"not_picked":["Noxious Fumes","Prepared+1","Poisoned Stab"],"picked":"Terror+1","floor":48}],"player_experience":337609,"relics_obtained":[{"floor":6,"key":"Bronze Scales"},{"floor":8,"key":"MawBank"},{"floor":9,"key":"Kunai"},{"floor":14,"key":"Question Card"},{"floor":22,"key":"Red Mask"},{"floor":23,"key":"Ancient Tea Set"},{"floor":24,"key":"Eternal Feather"},{"floor":26,"key":"InkBottle"},{"floor":30,"key":"Matryoshka"},{"floor":41,"key":"Tough Bandages"},{"floor":43,"key":"Akabeko"},{"floor":43,"key":"White Beast Statue"},{"floor":44,"key":"Sundial"},{"floor":45,"key":"Dead Branch"},{"floor":48,"key":"Gambling Chip"}],"event_choices":[{"damage_healed":0,"gold_gain":0,"cards_transformed":["Defend_G"],"player_choice":"Change","damage_taken":0,"max_hp_gain":0,"max_hp_loss":0,"event_name":"Living Wall","floor":2,"gold_loss":0,"cards_obtained":["Burst"]},{"damage_healed":0,"gold_gain":175,"player_choice":"AGREE","damage_taken":0,"max_hp_gain":0,"max_hp_loss":0,"event_name":"Liars Game","floor":3,"gold_loss":0,"cards_obtained":["Doubt"]},{"cards_removed":["Strike_G"],"damage_healed":0,"gold_gain":0,"player_choice":"Card Removal","damage_taken":0,"max_hp_gain":0,"max_hp_loss":0,"event_name":"The Cleric","floor":5,"gold_loss":50},{"damage_healed":23,"gold_gain":0,"player_choice":"Heal","damage_taken":0,"max_hp_gain":0,"max_hp_loss":0,"event_name":"The Library","floor":19,"gold_loss":0},{"damage_healed":0,"gold_gain":0,"player_choice":"Fought Bandits","damage_taken":0,"max_hp_gain":0,"max_hp_loss":0,"event_name":"Masked Bandits","floor":22,"gold_loss":0},{"cards_removed":["Quick Slash"],"damage_healed":0,"gold_gain":0,"player_choice":"Removed Attack","damage_taken":0,"max_hp_gain":0,"max_hp_loss":0,"event_name":"Falling","floor":36,"gold_loss":0},{"damage_healed":0,"gold_gain":0,"player_choice":"Ignored","damage_taken":0,"max_hp_gain":0,"max_hp_loss":0,"event_name":"SecretPortal","floor":37,"gold_loss":0},{"damage_healed":0,"gold_gain":0,"player_choice":"Fight","damage_taken":0,"max_hp_gain":0,"max_hp_loss":0,"event_name":"Mysterious Sphere","floor":45,"gold_loss":0},{"damage_healed":0,"gold_gain":0,"player_choice":"Fight","damage_taken":0,"max_hp_gain":0,"max_hp_loss":0,"event_name":"MindBloom","floor":48,"gold_loss":0}],"is_beta":false,"boss_relics":[{"not_picked":["Fusion Hammer","Cursed Key"],"picked":"Astrolabe"},{"not_picked":["Philosopher\u0027s Stone","Runic Dome"],"picked":"WristBlade"}],"items_purged_floors":[4,21],"is_endless":false,"potions_floor_spawned":[1,16,27,29,30,33,41,44,45,46,48],"ascension_level":5}}