{"host":"oy4pyvr762z5n0bb","time":1610177692,"event":{"mods":["AchievementEnabler","BaseMod","Colored Map","Colored Powertips","Googly Eyes","Key Reminder","Minty Spire (QoL Compilation)","Quick Restart","Relic Sorter","Slay the Relics Exporter","StSLib","SuperFastMode","Unceasing Turn Reminder","slay the spire mod where everything is the same but ironclad has a cowboy hat"],"gold_per_floor":[114,128,30,41,41,41,66,66,145,145,145],"floor_reached":10,"playtime":260,"items_purged":["Strike_G"],"score":92,"play_id":"f91cc661-ef64-43f7-bb0e-dc7fc8b693d3","local_time":"20210108233452","is_ascension_mode":true,"campfire_choices":[{"data":"Footwork","floor":6,"key":"SMITH"}],"circlet_count":0,"master_deck":["Strike_G","Strike_G","Strike_G","Strike_G","Defend_G+1","Defend_G","Defend_G","Defend_G","Defend_G","Survivor","Neutralize","Sucker Punch","Acrobatics","Dagger Spray+1","Footwork+1"],"relics":["Ring of the Snake","Smiling Mask","Oddly Smooth Stone","Pear"],"acts_visited":["Exordium"],"potions_floor_usage":[],"damage_taken":[{"damage":0,"enemies":"Jaw Worm","floor":1,"turns":5},{"damage":0,"enemies":"Small Slimes","floor":2,"turns":3},{"damage":0,"enemies":"2 Louse","floor":4,"turns":2},{"damage":42,"enemies":"Gremlin Nob","floor":7,"turns":7},{"damage":20,"enemies":"Lagavulin","floor":10,"turns":12}],"seed_played":"1879329110419817041","potions_obtained":[{"floor":7,"key":"CunningPotion"}],"is_trial":false,"path_per_floor":["M","M","$","M","?","R","E","?","T","E"],"character_chosen":"THE_SILENT","items_purchased":["Dagger Spray"],"campfire_rested":0,"item_purchase_floors":[3],"current_hp_per_floor":[63,63,63,63,49,49,7,7,17,0,0],"gold":145,"neow_bonus":"RANDOM_COMMON_RELIC","is_daily":false,"chose_seed":false,"campfire_upgraded":1,"win_rate":0.0,"timestamp":1610177692,"path_taken":["M","M","$","M","?","R","E","?","T","E"],"items_purchased_type":["Card"],"build_version":"2020-12-22","purchased_purges":1,"victory":false,"max_hp_per_floor":[70,70,70,70,70,70,70,70,80,80,80],"card_choices":[{"not_picked":["Dodge and Roll","Underhanded Strike"],"picked":"Sucker Punch","floor":1},{"not_picked":["Tactician","Prepared"],"picked":"Acrobatics","floor":2},{"not_picked":["Night Terror","Concentrate"],"picked":"Footwork","floor":4},{"not_picked":["A Thousand Cuts","Underhanded Strike","Cloak And Dagger"],"picked":"SKIP","floor":7}],"player_experience":727388,"relics_obtained":[{"floor":7,"key":"Oddly Smooth Stone"},{"floor":9,"key":"Pear"}],"event_choices":[{"damage_healed":0,"gold_gain":0,"player_choice":"Entered Light","damage_taken":14,"max_hp_gain":0,"max_hp_loss":0,"event_name":"Shining Light","floor":5,"gold_loss":0,"cards_upgraded":["Defend_G","Dagger Spray"]},{"damage_healed":0,"gold_gain":0,"player_choice":"Ignored","damage_taken":0,"max_hp_gain":0,"max_hp_loss":0,"event_name":"Golden Wing","floor":8,"gold_loss":0}],"is_beta":false,"boss_relics":[],"items_purged_floors":[3],"is_endless":false,"potions_floor_spawned":[7],"killed_by":"Lagavulin","ascension_level":8}}