{"host":"rolltorest","time":1610184181,"event":{"mods":["BaseMod","Minty Spire (QoL Compilation)","Relic Stats","Robot Space Explorer","Slay the Relics Exporter","StSLib"],"gold_per_floor":[117,117,92,115,115,140,140,173,173,203,203,238,256,274,274,348,348,360,108,124,135,135,135,164,164,164,195,95,95,121,135,135,135,135],"floor_reached":33,"playtime":935,"items_purged":["RobotSpaceExplorer:Strike","RobotSpaceExplorer:Strike"],"score":958,"play_id":"39d142eb-2fd3-40c8-9228-9ff43cce615e","local_time":"20210109012301","is_ascension_mode":true,"campfire_choices":[{"data":"RobotSpaceExplorer:Comet","floor":7,"key":"SMITH"},{"data":"RobotSpaceExplorer:DoubleFind","floor":11,"key":"SMITH"},{"data":"RobotSpaceExplorer:Asteroid","floor":15,"key":"SMITH"},{"data":"RobotSpaceExplorer:HighVoltage","floor":23,"key":"SMITH"},{"data":"RobotSpaceExplorer:Explosion","floor":25,"key":"SMITH"},{"data":"RobotSpaceExplorer:Fix","floor":32,"key":"SMITH"}],"circlet_count":0,"master_deck":["AscendersBane","RobotSpaceExplorer:Strike","RobotSpaceExplorer:Strike","RobotSpaceExplorer:Defend","RobotSpaceExplorer:Defend","RobotSpaceExplorer:Defend","RobotSpaceExplorer:Defend","RobotSpaceExplorer:Scan","RobotSpaceExplorer:MiniLasers","RobotSpaceExplorer:MetalStrike","RobotSpaceExplorer:Comet+1","RobotSpaceExplorer:DoubleFind+1","RobotSpaceExplorer:FrostMissile","RobotSpaceExplorer:Electropulse","RobotSpaceExplorer:Asteroid+1","RobotSpaceExplorer:HighVoltage+1","RobotSpaceExplorer:Explosion+1","RobotSpaceExplorer:Fix+1"],"relics":["RobotSpaceExplorer:RoboCore","NeowsBlessing","WingedGreaves","Nunchaku","Mercury Hourglass","FossilizedHelix","CaptainsWheel","HornCleat","Vajra","Busted Crown","Art of War","Orichalcum","Singing Bowl","Strawberry"],"acts_visited":["Exordium","TheCity"],"potions_floor_usage":[21,33],"damage_taken":[{"damage":0,"enemies":"Small Slimes","floor":1,"turns":1},{"damage":0,"enemies":"Gremlin Nob","floor":6,"turns":1},{"damage":0,"enemies":"3 Sentries","floor":8,"turns":1},{"damage":0,"enemies":"Lagavulin","floor":10,"turns":5},{"damage":0,"enemies":"3 Sentries","floor":12,"turns":5},{"damage":0,"enemies":"Cultist","floor":13,"turns":3},{"damage":0,"enemies":"Jaw Worm","floor":14,"turns":2},{"damage":0,"enemies":"Slime Boss","floor":16,"turns":4},{"damage":0,"enemies":"2 Thieves","floor":18,"turns":2},{"damage":0,"enemies":"3 Byrds","floor":20,"turns":3},{"damage":0,"enemies":"Snake Plant","floor":21,"turns":3},{"damage":21,"enemies":"Book of Stabbing","floor":24,"turns":5},{"damage":7,"enemies":"Slavers","floor":27,"turns":3},{"damage":0,"enemies":"Gremlin Leader","floor":30,"turns":4},{"damage":0,"enemies":"3 Cultists","floor":31,"turns":2},{"damage":84,"enemies":"Champ","floor":33,"turns":8}],"seed_played":"-5020153036744737660","potions_obtained":[{"floor":6,"key":"Ancient Potion"},{"floor":10,"key":"Block Potion"},{"floor":30,"key":"BlessingOfTheForge"},{"floor":31,"key":"FearPotion"}],"is_trial":false,"path_per_floor":["M","?","$","T","?","E","R","E","T","E","R","E","M","M","R","B",null,"M","$","M","M","?","R","E","R","T","E","$","?","E","M","R","B"],"character_chosen":"RobotSpaceExplorer","items_purchased":["RobotSpaceExplorer:MetalStrike","RobotSpaceExplorer:Explosion"],"campfire_rested":0,"item_purchase_floors":[3,19],"current_hp_per_floor":[64,64,64,64,64,64,64,64,64,64,64,64,64,64,64,64,69,69,69,69,69,69,69,48,48,48,43,43,43,56,62,62,0,0],"gold":135,"neow_bonus":"THREE_ENEMY_KILL","is_daily":false,"chose_seed":false,"campfire_upgraded":6,"win_rate":0.0,"timestamp":1610184181,"path_taken":["M","?","$","?","?","E","R","E","T","E","R","E","?","M","R","BOSS","M","$","M","M","?","R","E","R","T","E","$","?","E","M","R","BOSS"],"items_purchased_type":["Card","Card"],"build_version":"2020-12-18","purchased_purges":2,"victory":false,"max_hp_per_floor":[71,71,71,71,71,71,71,71,71,71,71,71,71,71,71,71,71,71,71,71,71,71,71,71,71,71,73,73,73,82,84,84,84,84],"relic_stats":{"Nunchaku":[12],"Busted Crown":14,"Singing Bowl":6,"counters":[16,51],"Art of War":[0],"Orichalcum":[36],"obtain_stats":[{"NeowsBlessing":0,"Singing Bowl":27,"Vajra":12,"RobotSpaceExplorer:RoboCore":0,"Orichalcum":26,"Mercury Hourglass":6,"Nunchaku":4,"CaptainsWheel":9,"HornCleat":10,"Busted Crown":17,"Strawberry":30,"WingedGreaves":2,"Art of War":24,"FossilizedHelix":8},{"NeowsBlessing":0,"Singing Bowl":13,"Vajra":5,"RobotSpaceExplorer:RoboCore":0,"Orichalcum":12,"Mercury Hourglass":2,"Nunchaku":1,"CaptainsWheel":3,"HornCleat":4,"Busted Crown":8,"Strawberry":14,"WingedGreaves":1,"Art of War":12,"FossilizedHelix":3},{"NeowsBlessing":0,"Singing Bowl":37,"Vajra":13,"RobotSpaceExplorer:RoboCore":0,"Orichalcum":34,"Mercury Hourglass":2,"Nunchaku":1,"CaptainsWheel":3,"HornCleat":8,"Busted Crown":21,"Strawberry":41,"WingedGreaves":1,"Art of War":34,"FossilizedHelix":3}],"Mercury Hourglass":[229]},"card_choices":[{"not_picked":["RobotSpaceExplorer:MiniBoosters","RobotSpaceExplorer:DoubleFind"],"picked":"RobotSpaceExplorer:ShovelStrike","floor":1},{"not_picked":["RobotSpaceExplorer:DualCore","RobotSpaceExplorer:ScrapShield","RobotSpaceExplorer:FranticSearch"],"picked":"SKIP","floor":6},{"not_picked":["RobotSpaceExplorer:MetalStrike","RobotSpaceExplorer:FreezeRay"],"picked":"RobotSpaceExplorer:DoubleFind","floor":8},{"not_picked":["RobotSpaceExplorer:FranticSearch","RobotSpaceExplorer:Ammunition"],"picked":"RobotSpaceExplorer:FrostMissile","floor":10},{"not_picked":["RobotSpaceExplorer:LuckyStrike","RobotSpaceExplorer:SelfCleaning"],"picked":"RobotSpaceExplorer:Electropulse","floor":12},{"not_picked":["RobotSpaceExplorer:SurgingShield","RobotSpaceExplorer:DualCore"],"picked":"RobotSpaceExplorer:Asteroid","floor":13},{"not_picked":["RobotSpaceExplorer:FranticSearch","RobotSpaceExplorer:MakeshiftVolley","RobotSpaceExplorer:ShockKick"],"picked":"SKIP","floor":14},{"not_picked":["RobotSpaceExplorer:Arsenal","RobotSpaceExplorer:Multitool"],"picked":"RobotSpaceExplorer:HighVoltage","floor":16},{"not_picked":["RobotSpaceExplorer:ImprovisedAttack"],"picked":"SKIP","floor":18},{"not_picked":["RobotSpaceExplorer:SurgingShield"],"picked":"SKIP","floor":20},{"not_picked":["RobotSpaceExplorer:ScrapMissile"],"picked":"SKIP","floor":21},{"not_picked":["RobotSpaceExplorer:MetalStrike"],"picked":"SKIP","floor":24},{"not_picked":["RobotSpaceExplorer:Pulsar"],"picked":"Singing Bowl","floor":27},{"not_picked":["RobotSpaceExplorer:Reload"],"picked":"Singing Bowl","floor":30},{"not_picked":["RobotSpaceExplorer:ImprovisedAttack"],"picked":"Singing Bowl","floor":31}],"player_experience":1817611,"relics_obtained":[{"floor":4,"key":"Nunchaku"},{"floor":6,"key":"Mercury Hourglass"},{"floor":8,"key":"FossilizedHelix"},{"floor":9,"key":"CaptainsWheel"},{"floor":10,"key":"HornCleat"},{"floor":12,"key":"Vajra"},{"floor":24,"key":"Art of War"},{"floor":26,"key":"Orichalcum"},{"floor":27,"key":"Singing Bowl"},{"floor":30,"key":"Strawberry"}],"event_choices":[{"cards_removed":["RobotSpaceExplorer:ShovelStrike"],"damage_healed":0,"gold_gain":0,"player_choice":"Gave Card","damage_taken":0,"relics_obtained":["WingedGreaves"],"max_hp_gain":0,"max_hp_loss":0,"event_name":"WeMeetAgain","floor":2,"gold_loss":0},{"damage_healed":0,"gold_gain":0,"player_choice":"1 cards matched","damage_taken":0,"max_hp_gain":0,"max_hp_loss":0,"event_name":"Match and Keep!","floor":5,"gold_loss":0,"cards_obtained":["RobotSpaceExplorer:Comet"]},{"damage_healed":0,"gold_gain":0,"player_choice":"Ignored","damage_taken":0,"max_hp_gain":0,"max_hp_loss":0,"event_name":"The Mausoleum","floor":22,"gold_loss":0},{"damage_healed":0,"gold_gain":0,"player_choice":"Read","damage_taken":0,"max_hp_gain":0,"max_hp_loss":0,"event_name":"The Library","floor":29,"gold_loss":0,"cards_obtained":["RobotSpaceExplorer:Fix"]}],"is_beta":true,"boss_relics":[{"not_picked":["Tiny House","Fusion Hammer"],"picked":"Busted Crown"}],"items_purged_floors":[19,28],"is_endless":false,"potions_floor_spawned":[6,10,12,14,30,31],"killed_by":"Champ","ascension_level":18}}