{"host":"e52c7hvho6xny3hd","time":1610180342,"event":{"mods":["AchievementEnabler","BaseMod","Colored Map","DeckTracker","Minty Spire (QoL Compilation)","Permanent Neow","StSLib"],"gold_per_floor":[113,133,149,164,175,175,350,350,419,419,429,429,429],"floor_reached":12,"playtime":509,"items_purged":[],"score":104,"play_id":"ca4868c6-f297-46a3-a98a-b8727a4c5554","local_time":"20210109171902","is_ascension_mode":true,"campfire_choices":[{"data":"Eruption","floor":6,"key":"SMITH"},{"data":"Tantrum","floor":8,"key":"SMITH"},{"data":"TalkToTheHand","floor":10,"key":"SMITH"}],"circlet_count":0,"master_deck":["Strike_P","Strike_P","Strike_P","Strike_P","Defend_P","Defend_P","Defend_P","Defend_P","Eruption+1","Vigilance","TalkToTheHand+1","MentalFortress","Meditate","Tantrum+1","Consecrate","Doubt","LessonLearned"],"relics":["PureWater","Frozen Egg 2"],"acts_visited":["Exordium"],"potions_floor_usage":[],"damage_taken":[{"damage":0,"enemies":"Small Slimes","floor":1,"turns":2},{"damage":0,"enemies":"2 Louse","floor":2,"turns":3},{"damage":3,"enemies":"Jaw Worm","floor":3,"turns":5},{"damage":8,"enemies":"Blue Slaver","floor":4,"turns":4},{"damage":10,"enemies":"3 Louse","floor":5,"turns":5},{"damage":7,"enemies":"Lots of Slimes","floor":11,"turns":3},{"damage":0,"enemies":"Gremlin Nob","floor":12,"turns":2}],"seed_played":"-8649227444241066361","potions_obtained":[{"floor":2,"key":"Energy Potion"},{"floor":3,"key":"SneckoOil"},{"floor":4,"key":"AttackPotion"}],"is_trial":false,"path_per_floor":["M","M","M","M","M","R","?","R","T","R","M","E"],"character_chosen":"WATCHER","items_purchased":[],"campfire_rested":0,"item_purchase_floors":[],"current_hp_per_floor":[72,72,69,61,51,51,51,51,51,51,44,44,44],"gold":429,"neow_bonus":"TEN_PERCENT_HP_BONUS","is_daily":false,"chose_seed":false,"campfire_upgraded":3,"win_rate":0.0,"timestamp":1610180342,"path_taken":["M","M","M","M","M","R","?","R","T","R","M","E"],"items_purchased_type":[],"build_version":"2020-12-22","purchased_purges":0,"victory":false,"max_hp_per_floor":[79,79,79,79,79,79,79,79,79,79,79,79,79],"card_choices":[{"not_picked":["Consecrate","Wireheading"],"picked":"TalkToTheHand","floor":1},{"not_picked":["Fasting2","Tantrum"],"picked":"MentalFortress","floor":2},{"not_picked":["JustLucky","Pray"],"picked":"Meditate","floor":3},{"not_picked":["Worship","Protect"],"picked":"Tantrum","floor":4},{"not_picked":["Protect","Evaluate"],"picked":"Consecrate","floor":5},{"not_picked":["Prostrate","Tantrum"],"picked":"LessonLearned","floor":11}],"player_experience":649161,"relics_obtained":[{"floor":9,"key":"Frozen Egg 2"}],"event_choices":[{"damage_healed":0,"gold_gain":175,"player_choice":"AGREE","damage_taken":0,"max_hp_gain":0,"max_hp_loss":0,"event_name":"Liars Game","floor":7,"gold_loss":0,"cards_obtained":["Doubt"]}],"is_beta":false,"boss_relics":[],"items_purged_floors":[],"is_endless":false,"potions_floor_spawned":[2,3,4],"killed_by":"Gremlin Nob","ascension_level":9}}