{"host":"qbnk2vkaq38efxaz","time":1610229045,"event":{"mods":["BaseMod","Minty Spire (QoL Compilation)","Relic Stats"],"gold_per_floor":[119,129,129,141,141,141,169,185,232,265,277,301,329,353,365,476,488,511,542,574,586,609,621,621],"floor_reached":23,"playtime":2101,"items_purged":[],"score":238,"play_id":"79e99f6b-2e64-453f-827c-0460e6748734","local_time":"20210109135045","is_ascension_mode":true,"campfire_choices":[{"data":"Bash","floor":6.0,"key":"SMITH"},{"data":"Berserk","floor":11.0,"key":"SMITH"},{"data":"Burning Pact","floor":15,"key":"SMITH"}],"circlet_count":0,"master_deck":["Strike_R+1","Strike_R","Strike_R","Strike_R","Strike_R+1","Defend_R","Defend_R","Defend_R","Defend_R","Bash+1","Flame Barrier+1","Wild Strike","Anger","Offering","Berserk+1","Burning Pact+1","Inflame","Dark Embrace","Demon Form","Ghostly Armor","Sever Soul"],"relics":["Burning Blood","Ornamental Fan","Orichalcum","MawBank","Runic Pyramid"],"acts_visited":["Exordium","TheCity"],"potions_floor_usage":[16,16,23,23],"damage_taken":[{"damage":3.0,"enemies":"Jaw Worm","floor":1.0,"turns":5.0},{"damage":2.0,"enemies":"Small Slimes","floor":2.0,"turns":5.0},{"damage":0.0,"enemies":"Cultist","floor":4.0,"turns":3.0},{"damage":35.0,"enemies":"3 Sentries","floor":7.0,"turns":8.0},{"damage":6.0,"enemies":"Exordium Thugs","floor":8.0,"turns":5.0},{"damage":12.0,"enemies":"Gremlin Nob","floor":10.0,"turns":3.0},{"damage":12.0,"enemies":"Gremlin Gang","floor":12.0,"turns":4.0},{"damage":14.0,"enemies":"Large Slime","floor":13.0,"turns":5.0},{"damage":0,"enemies":"3 Louse","floor":14,"turns":2},{"damage":32,"enemies":"The Guardian","floor":16,"turns":14},{"damage":33,"enemies":"Shell Parasite","floor":18,"turns":7},{"damage":9,"enemies":"Spheric Guardian","floor":19,"turns":5},{"damage":8,"enemies":"Snecko","floor":20,"turns":4},{"damage":36,"enemies":"Snake Plant","floor":22,"turns":4},{"damage":26,"enemies":"Slavers","floor":23,"turns":4}],"seed_played":"6808088443086665395","potions_obtained":[{"floor":1.0,"key":"DistilledChaos"},{"floor":2.0,"key":"Explosive Potion"},{"floor":13,"key":"Explosive Potion"},{"floor":19,"key":"SmokeBomb"},{"floor":20,"key":"SpeedPotion"},{"floor":21,"key":"HeartOfIron"},{"floor":21,"key":"Dexterity Potion"},{"floor":21,"key":"Ancient Potion"},{"floor":22,"key":"LiquidBronze"}],"is_trial":false,"path_per_floor":["M","M","?","M","?","R","E","M","T","E","R","M","M","M","R","B",null,"M","M","M","?","M","E"],"character_chosen":"IRONCLAD","items_purchased":[],"campfire_rested":0,"item_purchase_floors":[],"current_hp_per_floor":[88,88,70,76,76,76,47,47,47,41,41,35,27,33,33,7,88,61,58,56,56,26,0,0],"gold":621,"neow_bonus":"TEN_PERCENT_HP_BONUS","is_daily":false,"chose_seed":false,"campfire_upgraded":3,"win_rate":0.0,"timestamp":1610229045,"path_taken":["M","M","?","M","?","R","E","M","T","E","R","M","M","M","R","BOSS","M","M","?","?","?","E"],"items_purchased_type":[],"build_version":"2020-12-22","purchased_purges":0,"victory":false,"max_hp_per_floor":[88,88,88,88,88,88,88,88,88,88,88,88,88,88,88,88,88,88,88,88,88,88,88,88],"relic_stats":{"counters":[7,40],"Ornamental Fan":[36],"Orichalcum":[42],"MawBank":120,"obtain_stats":[{"Ornamental Fan":0,"Orichalcum":0,"MawBank":0,"Burning Blood":0,"Runic Pyramid":17},{"Ornamental Fan":0,"Orichalcum":0,"MawBank":0,"Burning Blood":0,"Runic Pyramid":2},{"Ornamental Fan":0,"Orichalcum":0,"MawBank":0,"Burning Blood":0,"Runic Pyramid":16}],"Burning Blood":36},"card_choices":[{"not_picked":["Anger","Infernal Blade"],"picked":"Flame Barrier","floor":1.0},{"not_picked":["Twin Strike","Headbutt"],"picked":"Wild Strike","floor":2.0},{"not_picked":["Headbutt","Armaments","Twin Strike"],"picked":"SKIP","floor":4.0},{"not_picked":["Inflame","Pommel Strike"],"picked":"Anger","floor":7.0},{"not_picked":["Shrug It Off","Inflame"],"picked":"Offering","floor":8.0},{"not_picked":["Sentinel","Flame Barrier"],"picked":"Berserk","floor":10.0},{"not_picked":["Twin Strike","Dark Embrace"],"picked":"Burning Pact","floor":12.0},{"not_picked":["Rage","Warcry"],"picked":"Inflame","floor":13},{"not_picked":["Headbutt","Anger"],"picked":"Dark Embrace","floor":14},{"not_picked":["Brutality","Double Tap"],"picked":"Demon Form","floor":16},{"not_picked":["Iron Wave+1","Havoc"],"picked":"Ghostly Armor","floor":18},{"not_picked":["Warcry","Pommel Strike"],"picked":"Sever Soul","floor":19},{"not_picked":["Evolve+1","Body Slam","Perfected Strike"],"picked":"SKIP","floor":20},{"not_picked":["Havoc","Pommel Strike","Flex"],"picked":"SKIP","floor":22}],"player_experience":121263,"relics_obtained":[{"floor":7.0,"key":"Ornamental Fan"},{"floor":9.0,"key":"Orichalcum"},{"floor":10.0,"key":"MawBank"}],"event_choices":[{"damage_healed":0.0,"max_hp_gain":0.0,"max_hp_loss":0.0,"gold_gain":0.0,"event_name":"Shining Light","player_choice":"Entered Light","floor":3.0,"gold_loss":0.0,"damage_taken":18.0,"cards_upgraded":["Strike_R","Strike_R"]},{"damage_healed":0.0,"max_hp_gain":0.0,"max_hp_loss":0.0,"gold_gain":0.0,"event_name":"Upgrade Shrine","player_choice":"Upgraded","floor":5.0,"gold_loss":0.0,"damage_taken":0.0,"cards_upgraded":["Flame Barrier"]},{"damage_healed":0,"gold_gain":0,"player_choice":"Got Potions","damage_taken":0,"max_hp_gain":0,"max_hp_loss":0,"event_name":"Lab","floor":21,"gold_loss":0}],"is_beta":false,"boss_relics":[{"not_picked":["Black Blood","Coffee Dripper"],"picked":"Runic Pyramid"}],"items_purged_floors":[],"is_endless":false,"potions_floor_spawned":[1,2,13,19,20,22],"killed_by":"Slavers","ascension_level":3}}