{"host":"4rvakrj1idbgia3f","time":1610202431,"event":{"mods":["BaseMod","Colored Map","Colored Powertips","DeckTracker","Highlight Path","Minty Spire (QoL Compilation)","Random Character Button","StSLib"],"gold_per_floor":[114,114,129,147,159,159,189,189,257,332,348,348,348,348],"floor_reached":13,"playtime":398,"items_purged":[],"score":170,"play_id":"3d3834ca-2f30-467d-bd62-d65c2c0cffe4","local_time":"20210109232711","is_ascension_mode":true,"campfire_choices":[{"data":"Tempest","floor":6,"key":"SMITH"},{"data":"Zap","floor":8,"key":"SMITH"}],"circlet_count":0,"master_deck":["AscendersBane","Strike_B","Strike_B","Strike_B","Defend_B","Defend_B","Defend_B","Zap+1","Dualcast","Tempest+1","Darkness","Turbo","Conserve Battery","Coolheaded","Conserve Battery+1"],"relics":["Cracked Core","CaptainsWheel","Toxic Egg 2"],"acts_visited":["Exordium"],"potions_floor_usage":[5,7],"damage_taken":[{"damage":2,"enemies":"2 Louse","floor":1,"turns":3},{"damage":0,"enemies":"Cultist","floor":3,"turns":3},{"damage":0,"enemies":"Small Slimes","floor":4,"turns":2},{"damage":1,"enemies":"2 Fungi Beasts","floor":5,"turns":2},{"damage":40,"enemies":"3 Sentries","floor":7,"turns":6},{"damage":0,"enemies":"Large Slime","floor":11,"turns":3},{"damage":20,"enemies":"Lagavulin","floor":13,"turns":4}],"seed_played":"-367931577364045673","potions_obtained":[{"floor":0,"key":"SteroidPotion"},{"floor":0,"key":"Regen Potion"},{"floor":0,"key":"SteroidPotion"},{"floor":3,"key":"EssenceOfDarkness"},{"floor":4,"key":"DuplicationPotion"}],"is_trial":false,"path_per_floor":["M","?","M","M","M","R","E","R","T","?","M","?","E"],"character_chosen":"DEFECT","items_purchased":[],"campfire_rested":0,"item_purchase_floors":[],"current_hp_per_floor":[62,62,62,62,61,61,21,21,21,10,10,3,0,0],"gold":348,"neow_bonus":"THREE_SMALL_POTIONS","is_daily":false,"chose_seed":false,"campfire_upgraded":2,"win_rate":0.0,"timestamp":1610202431,"path_taken":["M","?","M","M","?","R","E","R","T","?","M","?","E"],"items_purchased_type":[],"build_version":"2020-12-22","purchased_purges":0,"victory":false,"max_hp_per_floor":[71,71,71,71,71,71,71,71,71,71,71,71,71,71],"card_choices":[{"not_picked":["Recycle","Beam Cell"],"picked":"Tempest","floor":1},{"not_picked":["Fusion","Genetic Algorithm"],"picked":"Darkness","floor":3},{"not_picked":["Sunder","Leap"],"picked":"Turbo","floor":4},{"not_picked":["Hologram","Steam"],"picked":"Conserve Battery","floor":5},{"not_picked":["Static Discharge","Compile Driver"],"picked":"Coolheaded","floor":7},{"not_picked":["Gash","Force Field+1"],"picked":"Conserve Battery+1","floor":11}],"player_experience":1985256,"relics_obtained":[{"floor":7,"key":"CaptainsWheel"},{"floor":9,"key":"Toxic Egg 2"}],"event_choices":[{"cards_removed":["Defend_B"],"damage_healed":0,"gold_gain":0,"player_choice":"Offered Basic","damage_taken":0,"max_hp_gain":0,"max_hp_loss":0,"event_name":"Bonfire Elementals","floor":2,"gold_loss":0},{"damage_healed":0,"gold_gain":75,"player_choice":"Gather Gold","damage_taken":11,"max_hp_gain":0,"max_hp_loss":0,"event_name":"World of Goop","floor":10,"gold_loss":0},{"cards_removed":["Strike_B"],"damage_healed":0,"gold_gain":0,"player_choice":"Card Removal","damage_taken":7,"max_hp_gain":0,"max_hp_loss":0,"event_name":"Golden Wing","floor":12,"gold_loss":0}],"is_beta":false,"boss_relics":[],"items_purged_floors":[],"is_endless":false,"potions_floor_spawned":[3,4],"killed_by":"Lagavulin","ascension_level":20}}