{"host":"ELF","time":1610210104,"event":{"mods":["BaseMod","Minty Spire (QoL Compilation)"],"gold_per_floor":[109,34,46,46,46,46,79,95,95,106,106,106,116,129,129,207,207,225,244,22,40,40,67,67,97,97,114,114,131,162,162,162],"floor_reached":31,"playtime":1000,"items_purged":[],"score":628,"play_id":"599214e2-93bd-43d9-b221-8d5f7d545556","local_time":"20210109103504","is_ascension_mode":true,"campfire_choices":[{"floor":6,"key":"REST"},{"floor":12,"key":"REST"},{"floor":15,"key":"REST"},{"data":"Strike_B","floor":24,"key":"PURGE"},{"floor":28,"key":"REST"}],"circlet_count":0,"master_deck":["AscendersBane","Strike_B+1","Defend_B","Defend_B","Defend_B","Defend_B","Zap","Dualcast","Ball Lightning","Cold Snap+1","Gash+1","Redo","Loop+1","Hyperbeam+1","Ball Lightning+1","Electrodynamics+1","CurseOfTheBell","Compile Driver+1","Go for the Eyes+1","Leap","Doom and Gloom+1","Shame","Heatsinks+1","Steam+1","Capacitor+1","Buffer+1","Capacitor+1"],"relics":["Sozu","Molten Egg 2","Mercury Hourglass","Frozen Egg 2","Calling Bell","Lantern","Sundial","Peace Pipe","Lee\u0027s Waffle","Bag of Preparation","Centennial Puzzle","Eternal Feather","MealTicket","Ice Cream"],"acts_visited":["Exordium","TheCity"],"potions_floor_usage":[],"damage_taken":[{"damage":4,"enemies":"Small Slimes","floor":1,"turns":4},{"damage":7,"enemies":"2 Louse","floor":3,"turns":2},{"damage":44,"enemies":"Lagavulin","floor":7,"turns":7},{"damage":0,"enemies":"Jaw Worm","floor":8,"turns":3},{"damage":0,"enemies":"3 Louse","floor":10,"turns":2},{"damage":5,"enemies":"Exordium Wildlife","floor":13,"turns":3},{"damage":14,"enemies":"Exordium Thugs","floor":14,"turns":2},{"damage":22,"enemies":"Hexaghost","floor":16,"turns":8},{"damage":19,"enemies":"Spheric Guardian","floor":18,"turns":4},{"damage":12,"enemies":"2 Thieves","floor":19,"turns":3},{"damage":26,"enemies":"Snecko","floor":21,"turns":5},{"damage":0,"enemies":"Gremlin Leader","floor":23,"turns":6},{"damage":18,"enemies":"Slavers","floor":25,"turns":3},{"damage":14,"enemies":"Centurion and Healer","floor":27,"turns":4},{"damage":5,"enemies":"3 Cultists","floor":29,"turns":3},{"damage":31,"enemies":"Gremlin Leader","floor":30,"turns":6},{"damage":23,"enemies":"Cultist and Chosen","floor":31,"turns":3}],"seed_played":"5101786270875934738","potions_obtained":[],"is_trial":false,"path_per_floor":["M","?","M","?","?","R","E","M","T","M","?","R","M","M","R","B",null,"M","M","$","M","?","E","R","E","T","M","R","M","E","M"],"character_chosen":"DEFECT","items_purchased":["Lee\u0027s Waffle","Leap"],"campfire_rested":4,"item_purchase_floors":[20,20],"current_hp_per_floor":[60,60,53,53,48,69,25,25,25,25,4,25,20,6,27,5,55,36,24,78,52,52,52,52,34,34,20,58,53,22,0,0],"gold":162,"neow_bonus":"BOSS_RELIC","is_daily":false,"chose_seed":false,"campfire_upgraded":0,"win_rate":0.0,"timestamp":1610210104,"path_taken":["M","?","M","?","?","R","E","M","T","M","?","R","M","?","R","BOSS","M","M","$","M","?","E","R","E","T","M","R","M","E","M"],"items_purchased_type":["Relic","Card"],"build_version":"2020-12-18","purchased_purges":0,"victory":false,"max_hp_per_floor":[71,71,71,71,71,71,71,71,71,71,71,71,71,71,71,71,71,71,71,78,78,78,78,78,78,78,78,78,78,78,78,78],"card_choices":[{"not_picked":["Scrape","Heatsinks"],"picked":"Ball Lightning","floor":1},{"not_picked":["Streamline","Turbo"],"picked":"Cold Snap","floor":3},{"not_picked":["Hologram","Storm"],"picked":"Gash+1","floor":7},{"not_picked":["Self Repair","Steam Power"],"picked":"Redo","floor":8},{"not_picked":["Auto Shields","Beam Cell+1"],"picked":"Loop+1","floor":10},{"not_picked":["Leap","Stack"],"picked":"Hyperbeam+1","floor":13},{"not_picked":["Redo","BootSequence"],"picked":"Ball Lightning+1","floor":14},{"not_picked":["Thunder Strike+1","Rainbow"],"picked":"Electrodynamics+1","floor":16},{"not_picked":["Hologram","Sweeping Beam+1"],"picked":"Compile Driver+1","floor":18},{"not_picked":["Ball Lightning+1","Tempest"],"picked":"Go for the Eyes+1","floor":19},{"not_picked":["Recycle","Blizzard+1"],"picked":"Doom and Gloom+1","floor":21},{"not_picked":["Steam","Conserve Battery"],"picked":"Heatsinks+1","floor":23},{"not_picked":["Chaos","Auto Shields"],"picked":"Steam+1","floor":25},{"not_picked":["Coolheaded","Hello World+1"],"picked":"Capacitor+1","floor":27},{"not_picked":["Stack","Hello World+1"],"picked":"Buffer+1","floor":29},{"not_picked":["Consume","Streamline+1"],"picked":"Capacitor+1","floor":30}],"player_experience":3157389,"relics_obtained":[{"floor":7,"key":"Mercury Hourglass"},{"floor":9,"key":"Frozen Egg 2"},{"floor":17,"key":"Lantern"},{"floor":17,"key":"Sundial"},{"floor":17,"key":"Peace Pipe"},{"floor":23,"key":"Centennial Puzzle"},{"floor":25,"key":"Eternal Feather"},{"floor":26,"key":"MealTicket"},{"floor":30,"key":"Ice Cream"}],"event_choices":[{"cards_removed":["Strike_B"],"damage_healed":0,"gold_gain":0,"player_choice":"Card Removal","damage_taken":0,"max_hp_gain":0,"max_hp_loss":0,"event_name":"The Cleric","floor":2,"gold_loss":75},{"cards_removed":["Strike_B"],"damage_healed":0,"gold_gain":0,"player_choice":"Forget","damage_taken":0,"max_hp_gain":0,"max_hp_loss":0,"event_name":"Living Wall","floor":4,"gold_loss":0},{"damage_healed":0,"gold_gain":0,"player_choice":"Success","damage_taken":5,"relics_obtained":["Molten Egg 2"],"max_hp_gain":0,"max_hp_loss":0,"event_name":"Scrap Ooze","floor":5,"gold_loss":0},{"damage_healed":0,"gold_gain":0,"player_choice":"Entered Light","damage_taken":21,"max_hp_gain":0,"max_hp_loss":0,"event_name":"Shining Light","floor":11,"gold_loss":0,"cards_upgraded":["Strike_B","Cold Snap"]},{"damage_healed":0,"gold_gain":0,"player_choice":"Stole Relic","damage_taken":0,"relics_obtained":["Bag of Preparation"],"max_hp_gain":0,"max_hp_loss":0,"event_name":"Addict","floor":22,"gold_loss":0,"cards_obtained":["Shame"]}],"is_beta":true,"boss_relics":[{"not_picked":["Empty Cage","Runic Pyramid"],"picked":"Calling Bell"}],"items_purged_floors":[],"is_endless":false,"potions_floor_spawned":[1,3,8,18,21,27],"killed_by":"Cultist and Chosen","ascension_level":19}}