{"host":"z9811rt50ti81n54","time":1610212809,"event":{"mods":["BaseMod","Better Altar","Better Match","Better Note","Better Sensory Stone","Better Skull","Better Third Choice","Minty Spire (QoL Compilation)","StSLib","SuperFastMode"],"gold_per_floor":[12,12,12,32,46,46,46,46,46,61,61,21,21,37,37,165,165,184,209,66,66,80,80,100,124,150,170,189,189,189,207,207,326,326,347,365,365,698,713,713,117,117,144,194,4,4,20,31,31,31],"floor_reached":51,"playtime":2782,"items_purged":["SashWhip+1"],"score":739,"play_id":"c22b7c05-8403-4449-aef3-eae1840dc082","local_time":"20210110022009","is_ascension_mode":false,"campfire_choices":[{"data":"Eruption","floor":6.0,"key":"SMITH"},{"data":"Wallop","floor":8.0,"key":"SMITH"},{"data":"Study","floor":13.0,"key":"SMITH"},{"data":"Collect","floor":15.0,"key":"SMITH"},{"data":"DevaForm","floor":23.0,"key":"SMITH"},{"data":"Turbo","floor":30.0,"key":"SMITH"},{"data":"ClearTheMind","floor":32.0,"key":"SMITH"},{"data":"Omniscience","floor":40,"key":"SMITH"},{"data":"Apotheosis","floor":46,"key":"SMITH"},{"data":"Buffer","floor":49,"key":"SMITH"}],"circlet_count":0,"master_deck":["Defend_P","Defend_P","Defend_P","Defend_P","Eruption+1","Vigilance","Wallop+1","Apotheosis+1","Study+1","Collect+1","ClearTheMind+1","DevaForm+1","InnerPeace+1","FearNoEvil+1","ThirdEye+1","Corruption+1","Discovery+1","Turbo+1","True Grit+1","Omniscience+1","Burning Pact+1","Body Slam+1","Apotheosis+1","Buffer+1"],"relics":["PureWater","Dead Branch","Question Card","Astrolabe","Anchor","PrismaticShard","Bag of Marbles","Empty Cage","Vajra","Lantern","Toolbox","Omamori","CloakClasp"],"acts_visited":["Exordium","TheCity","TheBeyond"],"potions_floor_usage":[50,50,50],"damage_taken":[{"damage":2.0,"enemies":"Small Slimes","floor":1.0,"turns":3.0},{"damage":0.0,"enemies":"2 Louse","floor":4.0,"turns":1.0},{"damage":0.0,"enemies":"Jaw Worm","floor":5.0,"turns":3.0},{"damage":0.0,"enemies":"Red Slaver","floor":10.0,"turns":3.0},{"damage":0.0,"enemies":"Looter","floor":14.0,"turns":1.0},{"damage":15.0,"enemies":"The Guardian","floor":16.0,"turns":6.0},{"damage":1.0,"enemies":"3 Byrds","floor":18.0,"turns":3.0},{"damage":0.0,"enemies":"Chosen","floor":22.0,"turns":4.0},{"damage":0.0,"enemies":"Snecko","floor":24.0,"turns":2.0},{"damage":0.0,"enemies":"Shelled Parasite and Fungi","floor":25.0,"turns":3.0},{"damage":16.0,"enemies":"Centurion and Healer","floor":27.0,"turns":5.0},{"damage":0.0,"enemies":"3 Cultists","floor":28.0,"turns":3.0},{"damage":0.0,"enemies":"Snecko","floor":31.0,"turns":5.0},{"damage":35.0,"enemies":"Automaton","floor":33.0,"turns":9.0},{"damage":0.0,"enemies":"3 Shapes","floor":35.0,"turns":1.0},{"damage":9.0,"enemies":"Orb Walker","floor":36.0,"turns":3.0},{"damage":0,"enemies":"Jaw Worm Horde","floor":39,"turns":2},{"damage":0,"enemies":"Mind Bloom Boss Battle","floor":44,"turns":3},{"damage":0,"enemies":"Transient","floor":47,"turns":5},{"damage":0,"enemies":"4 Shapes","floor":48,"turns":3},{"damage":0,"enemies":"Time Eater","floor":50,"turns":8}],"seed_played":"6067970191567062445","potions_obtained":[{"floor":1.0,"key":"GamblersBrew"},{"floor":10.0,"key":"Ancient Potion"},{"floor":16.0,"key":"Regen Potion"}],"is_trial":false,"path_per_floor":["M","?","?","M","M","R","?","R","T","M","$","$","R","M","R","B",null,"M","T","$","?","M","R","M","M","T","M","M","?","R","M","R","B",null,"M","M","?","?","M","R","$","?","T","?","$","R","M","M","R","B",null],"character_chosen":"WATCHER","items_purchased":["Collect","PrismaticShard","Vajra","Lantern","Toolbox","DistilledChaos","Apotheosis"],"campfire_rested":0,"item_purchase_floors":[12,20,41,41,41,41,45],"current_hp_per_floor":[70,63,63,63,63,63,63,63,63,63,63,63,63,63,63,48,67,66,66,66,66,66,66,66,66,66,50,50,77,77,77,77,42,77,77,68,68,68,68,68,68,68,68,68,68,68,68,68,68,77],"gold":31,"neow_bonus":"ONE_RARE_RELIC","is_daily":false,"chose_seed":false,"campfire_upgraded":10,"win_rate":0.0,"timestamp":1610212809,"path_taken":["M","?","?","M","M","R","?","R","T","M","?","$","R","M","R","BOSS","M","?","$","?","M","R","M","M","T","M","M","?","R","M","R","BOSS","M","M","?","?","M","R","$","?","T","?","$","R","M","M","R","BOSS"],"items_purchased_type":["Card","Relic","Relic","Relic","Relic","Potion","Card"],"build_version":"2020-12-22","purchased_purges":1,"victory":true,"max_hp_per_floor":[72,72,72,72,72,72,67,67,67,67,67,67,67,67,67,67,67,67,67,67,67,67,67,67,67,67,67,67,77,77,77,77,77,77,77,77,77,77,77,77,77,77,77,77,77,77,77,77,77,77],"card_choices":[{"not_picked":["Vengeance","CutThroughFate"],"picked":"Wallop","floor":1.0},{"not_picked":["WindmillStrike","Protect"],"picked":"BowlingBash","floor":4.0},{"not_picked":["Wireheading","SashWhip"],"picked":"CutThroughFate","floor":5.0},{"not_picked":["JustLucky","Protect","CutThroughFate"],"picked":"Study","floor":10.0},{"not_picked":["Consecrate","FlyingSleeves","Evaluate"],"picked":"ClearTheMind","floor":14.0},{"not_picked":["SpiritShield","Judgement","LessonLearned"],"picked":"DevaForm","floor":16.0},{"not_picked":["LikeWater","Study+1","Perseverance"],"picked":"ThirdEye+1","floor":18.0},{"not_picked":["Headbutt","Redo","Halt","Crescendo"],"picked":"SKIP","floor":22.0},{"not_picked":["BowlingBash","EmptyBody","Combust","Anger"],"picked":"SKIP","floor":24.0},{"not_picked":["Glacier","Perseverance+1","TalkToTheHand+1"],"picked":"Demon Form","floor":25.0},{"not_picked":["JustLucky","Capacitor","Prepared"],"picked":"Discovery+1","floor":27.0},{"not_picked":["Backflip","FlyingSleeves","Heavy Blade"],"picked":"Turbo","floor":28.0},{"not_picked":["Lockon","EmptyBody","CutThroughFate"],"picked":"True Grit+1","floor":31.0},{"not_picked":["After Image","Metamorphosis","Doppelganger"],"picked":"Omniscience","floor":33.0},{"not_picked":["Infernal Blade+1","PathToVictory","Go for the Eyes","Rupture+1"],"picked":"SKIP","floor":35.0},{"not_picked":["Impatience+1","Beam Cell+1","Turbo+1","CrushJoints"],"picked":"SKIP","floor":36.0},{"not_picked":["Hologram","Uppercut","Rebound"],"picked":"Burning Pact+1","floor":39},{"not_picked":["Stack+1","ThirdEye","Havoc+1"],"picked":"Body Slam+1","floor":44},{"not_picked":["PiercingWail","WaveOfTheHand","Finisher","Metallicize"],"picked":"SKIP","floor":47},{"not_picked":["Entrench","Melter","SashWhip+1"],"picked":"Buffer","floor":48}],"player_experience":345798,"relics_obtained":[{"floor":9.0,"key":"Question Card"},{"floor":19.0,"key":"Anchor"},{"floor":26.0,"key":"Bag of Marbles"},{"floor":43,"key":"Omamori"},{"floor":44,"key":"CloakClasp"}],"event_choices":[{"cards_removed":["Strike_P"],"damage_healed":0.0,"max_hp_gain":0.0,"max_hp_loss":0.0,"gold_gain":0.0,"event_name":"Golden Wing","player_choice":"Card Removal","floor":2.0,"gold_loss":0.0,"damage_taken":7.0},{"damage_healed":63.0,"max_hp_gain":0.0,"max_hp_loss":72.0,"gold_gain":0.0,"event_name":"betterThird:BetterShining","player_choice":"Embrace","floor":3.0,"gold_loss":0.0,"damage_taken":0.0},{"damage_healed":0.0,"max_hp_gain":0.0,"max_hp_loss":5.0,"gold_gain":0.0,"event_name":"Golden Idol","player_choice":"Lose Max HP","floor":7.0,"gold_loss":0.0,"damage_taken":0.0,"relics_obtained":["Golden Idol"]},{"cards_removed":["Apotheosis"],"damage_healed":0.0,"max_hp_gain":0.0,"max_hp_loss":0.0,"gold_gain":0.0,"event_name":"betterNote:BetterNote","player_choice":"Take \u0026 Give","floor":21.0,"gold_loss":0.0,"damage_taken":0.0,"cards_obtained":["Corruption"]},{"cards_removed":["Demon Form"],"damage_healed":17.0,"max_hp_gain":10.0,"max_hp_loss":0.0,"gold_gain":0.0,"event_name":"Bonfire Elementals","player_choice":"Offered Rare","floor":29.0,"gold_loss":0.0,"damage_taken":0.0},{"damage_healed":0.0,"max_hp_gain":0.0,"max_hp_loss":0.0,"gold_gain":0.0,"event_name":"Tomb of Lord Red Mask","player_choice":"Ignored","floor":37.0,"gold_loss":0.0,"damage_taken":0.0},{"damage_healed":0.0,"max_hp_gain":0.0,"max_hp_loss":0.0,"gold_gain":333.0,"event_name":"The Moai Head","player_choice":"Gave Idol","floor":38.0,"relics_lost":["Golden Idol"],"gold_loss":0.0,"damage_taken":0.0},{"damage_healed":0,"gold_gain":0,"player_choice":"Ignored","damage_taken":0,"max_hp_gain":0,"max_hp_loss":0,"event_name":"Mysterious Sphere","floor":42,"gold_loss":0},{"damage_healed":0,"gold_gain":0,"player_choice":"Fight","damage_taken":0,"max_hp_gain":0,"max_hp_loss":0,"event_name":"MindBloom","floor":44,"gold_loss":0}],"is_beta":false,"boss_relics":[{"not_picked":["Sozu","Coffee Dripper"],"picked":"Astrolabe"},{"not_picked":["Tiny House","VioletLotus"],"picked":"Empty Cage"}],"items_purged_floors":[41],"is_endless":false,"potions_floor_spawned":[1,10,16,25,31,35,39],"ascension_level":0}}