{"host":"6pgtslebjnyv5xmi","time":1610173261,"event":{"mods":["AchievementEnabler","BaseMod","Colored Map","Minty Spire (QoL Compilation)","Rare Cards Sparkle","StSLib","SuperFastMode","The Hierophant","everything is the same but u backflip on backflip"],"gold_per_floor":[364,364,70,84,159,192,41,41,41,41,41,56,76,89,89,89,89],"floor_reached":16,"playtime":553,"items_purged":[],"score":170,"play_id":"eaf80c85-7c3b-4589-a216-222ed054b230","local_time":"20210109152101","is_ascension_mode":true,"campfire_choices":[{"floor":8,"key":"DIG"},{"floor":10,"key":"DIG"},{"floor":15,"key":"REST"}],"circlet_count":0,"master_deck":["AscendersBane","Strike_R","Strike_R","Strike_R","Strike_R","Defend_R","Defend_R","Defend_R","Defend_R","Bash","Sword Boomerang","Rupture","Offering","Fire Breathing","Reckless Charge","Seeing Red","Feel No Pain","Limit Break","Dark Embrace"],"relics":["Burning Blood","Shovel","WingedGreaves","Toy Ornithopter","Centennial Puzzle"],"acts_visited":["Exordium"],"potions_floor_usage":[6,16],"damage_taken":[{"damage":4,"enemies":"Jaw Worm","floor":1,"turns":4},{"damage":9,"enemies":"2 Louse","floor":4,"turns":4},{"damage":57,"enemies":"Gremlin Nob","floor":6,"turns":5},{"damage":6,"enemies":"Small Slimes","floor":12,"turns":2},{"damage":8,"enemies":"Blue Slaver","floor":13,"turns":3},{"damage":19,"enemies":"Exordium Thugs","floor":14,"turns":4},{"damage":69,"enemies":"Hexaghost","floor":16,"turns":9}],"seed_played":"7536638906460884665","potions_obtained":[{"floor":1,"key":"FairyPotion"},{"floor":4,"key":"GamblersBrew"},{"floor":14,"key":"Ancient Potion"}],"is_trial":false,"path_per_floor":["M","?","$","M","?","E","$","R","T","R","?","M","M","M","R","B"],"character_chosen":"IRONCLAD","items_purchased":["Offering","Fire Breathing","Reckless Charge","Feel No Pain","Limit Break"],"campfire_rested":1,"item_purchase_floors":[3,3,3,7,7],"current_hp_per_floor":[52,52,52,49,38,28,28,28,28,28,53,53,51,38,60,0,0],"gold":89,"neow_bonus":"TWO_FIFTY_GOLD","is_daily":false,"chose_seed":false,"campfire_upgraded":0,"win_rate":0.0,"timestamp":1610173261,"path_taken":["M","?","$","M","?","E","$","R","T","R","?","?","M","M","R","BOSS"],"items_purchased_type":["Card","Card","Card","Card","Card"],"build_version":"2020-12-22","purchased_purges":0,"victory":false,"max_hp_per_floor":[75,75,75,75,75,75,75,75,75,75,75,75,75,75,75,75,75],"card_choices":[{"not_picked":["Hemokinesis","Headbutt"],"picked":"Sword Boomerang","floor":1},{"not_picked":["Clash","Perfected Strike"],"picked":"Seeing Red","floor":4},{"not_picked":["Rupture","Headbutt","Anger"],"picked":"SKIP","floor":6},{"not_picked":["True Grit","Pummel","Pommel Strike"],"picked":"SKIP","floor":12},{"not_picked":["Infernal Blade","Pommel Strike","Dropkick"],"picked":"SKIP","floor":13},{"not_picked":["Anger","Thunderclap"],"picked":"Dark Embrace","floor":14}],"player_experience":914096,"relics_obtained":[{"floor":6,"key":"Shovel"},{"floor":8,"key":"WingedGreaves"},{"floor":9,"key":"Toy Ornithopter"},{"floor":10,"key":"Centennial Puzzle"}],"event_choices":[{"damage_healed":0,"gold_gain":0,"cards_transformed":["Strike_R"],"player_choice":"Change","damage_taken":0,"max_hp_gain":0,"max_hp_loss":0,"event_name":"Living Wall","floor":2,"gold_loss":0,"cards_obtained":["Rupture"]},{"damage_healed":0,"gold_gain":75,"player_choice":"Gather Gold","damage_taken":11,"max_hp_gain":0,"max_hp_loss":0,"event_name":"World of Goop","floor":5,"gold_loss":0},{"damage_healed":25,"gold_gain":0,"player_choice":"Banana","damage_taken":0,"max_hp_gain":0,"max_hp_loss":0,"event_name":"Big Fish","floor":11,"gold_loss":0}],"is_beta":false,"boss_relics":[],"items_purged_floors":[],"is_endless":false,"potions_floor_spawned":[1,4,14],"killed_by":"Hexaghost","ascension_level":14}}