{"host":"fxh4234sf5pb3xr6","time":1610168053,"event":{"mods":["AchievementEnabler","BaseMod","Colored Map","Colored Powertips","Minty Spire (QoL Compilation)","Rare Cards Sparkle","StSLib"],"gold_per_floor":[115,65,65,65,65,97,97,126,150,169,184,209,270,172,172,172,172],"floor_reached":16,"playtime":827,"items_purged":["Strike_G"],"score":145,"play_id":"6129e494-d7a8-4b59-9eef-048da2f16301","local_time":"20210108235413","is_ascension_mode":true,"campfire_choices":[{"floor":7,"key":"REST"},{"floor":15,"key":"REST"}],"circlet_count":0,"master_deck":["Strike_G","Strike_G","Strike_G","Defend_G","Defend_G","Defend_G","Defend_G","Survivor","Neutralize","Noxious Fumes+1","Poisoned Stab","Footwork","Dodge and Roll"],"relics":["Ring of the Snake","Shuriken","Dream Catcher","Smiling Mask","Pen Nib","Shovel"],"acts_visited":["Exordium"],"potions_floor_usage":[16],"damage_taken":[{"damage":4,"enemies":"Jaw Worm","floor":1,"turns":6},{"damage":18,"enemies":"Lagavulin","floor":6,"turns":9},{"damage":30,"enemies":"Gremlin Nob","floor":8,"turns":5},{"damage":1,"enemies":"Small Slimes","floor":10,"turns":4},{"damage":0,"enemies":"2 Louse","floor":11,"turns":3},{"damage":1,"enemies":"Lagavulin","floor":12,"turns":8},{"damage":25,"enemies":"3 Sentries","floor":13,"turns":8},{"damage":44,"enemies":"Slime Boss","floor":16,"turns":8}],"seed_played":"-448220257873239691","potions_obtained":[{"floor":8,"key":"Energy Potion"},{"floor":11,"key":"Dexterity Potion"}],"is_trial":false,"path_per_floor":["M","?","?","?","$","E","R","E","T","M","M","E","?","$","R","B"],"character_chosen":"THE_SILENT","items_purchased":["Dodge and Roll"],"campfire_rested":2,"item_purchase_floors":[14],"current_hp_per_floor":[73,73,66,66,66,48,71,41,41,40,40,39,14,14,37,0,0],"gold":172,"neow_bonus":"TEN_PERCENT_HP_BONUS","is_daily":false,"chose_seed":false,"campfire_upgraded":0,"win_rate":0.0,"timestamp":1610168053,"path_taken":["M","?","?","?","$","E","R","E","T","M","?","E","?","?","R","BOSS"],"items_purchased_type":["Card"],"build_version":"2020-12-22","purchased_purges":1,"victory":false,"max_hp_per_floor":[77,77,77,77,77,77,77,77,77,77,77,77,77,77,77,77,77],"card_choices":[{"not_picked":["Blade Dance","Riddle With Holes"],"picked":"Noxious Fumes","floor":1},{"not_picked":["PiercingWail","Expertise"],"picked":"Poisoned Stab","floor":6},{"not_picked":["Endless Agony","Deflect"],"picked":"Footwork","floor":8},{"not_picked":["PiercingWail","Backflip","Blur"],"picked":"SKIP","floor":10},{"not_picked":["Flying Knee","Predator","Dash"],"picked":"SKIP","floor":11},{"not_picked":["Leg Sweep","Unload","Bane"],"picked":"SKIP","floor":12}],"player_experience":336782,"relics_obtained":[{"floor":6,"key":"Shuriken"},{"floor":8,"key":"Dream Catcher"},{"floor":9,"key":"Smiling Mask"},{"floor":12,"key":"Pen Nib"},{"floor":13,"key":"Shovel"}],"event_choices":[{"cards_removed":["Defend_G"],"damage_healed":0,"gold_gain":0,"player_choice":"Card Removal","damage_taken":0,"max_hp_gain":0,"max_hp_loss":0,"event_name":"The Cleric","floor":2,"gold_loss":50},{"cards_removed":["Strike_G"],"damage_healed":0,"gold_gain":0,"player_choice":"Card Removal","damage_taken":7,"max_hp_gain":0,"max_hp_loss":0,"event_name":"Golden Wing","floor":3,"gold_loss":0},{"damage_healed":0,"gold_gain":0,"player_choice":"Forge","damage_taken":0,"max_hp_gain":0,"max_hp_loss":0,"event_name":"Accursed Blacksmith","floor":4,"gold_loss":0,"cards_upgraded":["Noxious Fumes"]},{"damage_healed":0,"gold_gain":0,"player_choice":"Searched \u00272\u0027 times","damage_taken":0,"max_hp_gain":0,"max_hp_loss":0,"event_name":"Dead Adventurer","floor":13,"gold_loss":0}],"is_beta":false,"boss_relics":[],"items_purged_floors":[14],"is_endless":false,"potions_floor_spawned":[8,11],"killed_by":"Slime Boss","ascension_level":5}}