{"host":"9c5kazgg71l3jb6l","time":1610168283,"event":{"mods":["BaseMod","Hermit","Minty Spire (QoL Compilation)","StSLib","Waifu the Spire"],"gold_per_floor":[116,116,77,86,107,149,149,149,149,192,203,243,263,285,285,397,397,436,180,201,126,126,126,155,155,205,254,292,328,328,368,368,368,368],"floor_reached":33,"playtime":1451,"items_purged":["Regret"],"score":377,"play_id":"8486d8ee-cad6-42b8-b8d2-d10d58e8e3aa","local_time":"20210109125803","is_ascension_mode":true,"campfire_choices":[{"data":"hermit:Dive","floor":7.0,"key":"SMITH"},{"floor":15.0,"key":"REST"},{"data":"hermit:Brawl","floor":23.0,"key":"SMITH"},{"data":"hermit:Quickdraw","floor":25,"key":"SMITH"},{"floor":32,"key":"REST"}],"circlet_count":0,"master_deck":["hermit:Strike_Hermit","hermit:Strike_Hermit","hermit:Defend_Hermit","hermit:Defend_Hermit","hermit:Defend_Hermit","hermit:Defend_Hermit","hermit:Snapshot","hermit:Covet+1","hermit:PistolWhip+1","hermit:Brawl+1","hermit:Horror","hermit:Dive+1","hermit:Grudge","hermit:Quickdraw+1","hermit:Deadeye","hermit:Vantage","hermit:DeadOrAlive","hermit:Enervate","hermit:LoneWolf","hermit:Grudge","hermit:BigShot+1","hermit:GoldenBullet+1","hermit:RoundhouseKick","hermit:GhostlyPresence"],"relics":["hermit:Momento","NeowsBlessing","Happy Flower","CeramicFish","Nunchaku","Bag of Preparation","Lantern","White Beast Statue","Runic Dome","PreservedInsect","Oddly Smooth Stone","Potion Belt","Red Mask","Dream Catcher","Pen Nib"],"acts_visited":["Exordium","TheCity"],"potions_floor_usage":[24,27,31,33],"damage_taken":[{"damage":0.0,"enemies":"Small Slimes","floor":1.0,"turns":1.0},{"damage":0.0,"enemies":"Jaw Worm","floor":5.0,"turns":1.0},{"damage":0.0,"enemies":"Lagavulin","floor":6.0,"turns":1.0},{"damage":27.0,"enemies":"3 Sentries","floor":10.0,"turns":8.0},{"damage":0.0,"enemies":"2 Louse","floor":11.0,"turns":2.0},{"damage":13.0,"enemies":"Gremlin Nob","floor":12.0,"turns":3.0},{"damage":0.0,"enemies":"Looter","floor":13.0,"turns":2.0},{"damage":0.0,"enemies":"Exordium Wildlife","floor":14.0,"turns":2.0},{"damage":23.0,"enemies":"The Guardian","floor":16.0,"turns":10.0},{"damage":0.0,"enemies":"2 Thieves","floor":18.0,"turns":2.0},{"damage":3.0,"enemies":"Chosen","floor":20.0,"turns":3.0},{"damage":21,"enemies":"Book of Stabbing","floor":24,"turns":3},{"damage":0,"enemies":"Masked Bandits","floor":27,"turns":2},{"damage":3,"enemies":"Centurion and Healer","floor":28,"turns":4},{"damage":4,"enemies":"Snake Plant","floor":29,"turns":2},{"damage":40,"enemies":"Gremlin Leader","floor":31,"turns":5},{"damage":42,"enemies":"Champ","floor":33,"turns":7}],"seed_played":"4569849665612122519","potions_obtained":[{"floor":1.0,"key":"ColorlessPotion"},{"floor":5.0,"key":"BlessingOfTheForge"},{"floor":6.0,"key":"SpeedPotion"},{"floor":11.0,"key":"SmokeBomb"},{"floor":13.0,"key":"ColorlessPotion"},{"floor":14.0,"key":"Fire Potion"},{"floor":16.0,"key":"PowerPotion"},{"floor":18.0,"key":"SmokeBomb"},{"floor":20.0,"key":"SteroidPotion"},{"floor":24,"key":"FearPotion"},{"floor":27,"key":"Swift Potion"},{"floor":28,"key":"Explosive Potion"},{"floor":29,"key":"Fire Potion"},{"floor":31,"key":"GamblersBrew"}],"is_trial":false,"path_per_floor":["M","?","$","?","M","E","R","?","T","E","M","E","M","M","R","B",null,"M","$","M","?","?","R","E","R","T","?","M","M","?","E","R","B"],"character_chosen":"HERMIT","items_purchased":["hermit:Brawl","PreservedInsect","hermit:LoneWolf"],"campfire_rested":2,"item_purchase_floors":[3,19,19],"current_hp_per_floor":[75,72,72,72,72,72,72,57,57,30,30,17,17,17,39,16,75,75,75,72,72,72,72,51,51,51,51,48,44,44,4,26,0,0],"gold":368,"neow_bonus":"THREE_ENEMY_KILL","is_daily":false,"chose_seed":false,"campfire_upgraded":3,"win_rate":0.0,"timestamp":1610168283,"path_taken":["M","?","$","?","M","E","R","?","T","E","M","E","M","M","R","BOSS","M","$","M","?","?","R","E","R","T","?","M","M","?","E","R","BOSS"],"items_purchased_type":["Card","Relic","Card"],"build_version":"2020-12-22","purchased_purges":1,"victory":false,"max_hp_per_floor":[75,75,75,75,75,75,75,75,75,75,75,75,75,75,75,75,75,75,75,75,75,75,75,75,75,75,75,75,75,75,75,75,75,75],"card_choices":[{"not_picked":["hermit:Desperado","hermit:Snipe"],"picked":"hermit:PistolWhip","floor":1.0},{"not_picked":["hermit:Headshot","hermit:Quickdraw"],"picked":"hermit:Horror","floor":5.0},{"not_picked":["hermit:TrackingShot","hermit:CursedWeapon"],"picked":"hermit:Dive","floor":6.0},{"not_picked":["hermit:Roulette","hermit:HoleUp"],"picked":"hermit:Grudge","floor":10.0},{"not_picked":["hermit:HighCaliber","hermit:HoleUp","hermit:LowProfile"],"picked":"SKIP","floor":11.0},{"not_picked":["hermit:Feint","hermit:Desperado"],"picked":"hermit:Quickdraw","floor":12.0},{"not_picked":["hermit:HoleUp","hermit:Combo"],"picked":"hermit:Deadeye","floor":13.0},{"not_picked":["hermit:Headshot","hermit:Desperado"],"picked":"hermit:Vantage","floor":14.0},{"not_picked":["hermit:OverwhelmingPower","hermit:HighNoon"],"picked":"hermit:DeadOrAlive","floor":16.0},{"not_picked":["hermit:GoldenBullet","hermit:HighCaliber"],"picked":"hermit:Enervate","floor":18.0},{"not_picked":["hermit:Ricochet+1","hermit:TrackingShot+1"],"picked":"hermit:Grudge","floor":20.0},{"not_picked":["hermit:LowProfile","hermit:Manifest","hermit:BodyArmor"],"picked":"SKIP","floor":24},{"not_picked":["hermit:Shortfuse","hermit:CursedWeapon"],"picked":"hermit:BigShot+1","floor":27},{"not_picked":["hermit:Roulette","hermit:Vantage"],"picked":"hermit:GoldenBullet+1","floor":28},{"not_picked":["hermit:LowProfile","hermit:Horror"],"picked":"hermit:RoundhouseKick","floor":29},{"not_picked":["hermit:GoldenBullet","hermit:Misfire+1"],"picked":"hermit:GhostlyPresence","floor":31}],"player_experience":1299946,"relics_obtained":[{"floor":6.0,"key":"Nunchaku"},{"floor":9.0,"key":"Bag of Preparation"},{"floor":10.0,"key":"Lantern"},{"floor":12.0,"key":"White Beast Statue"},{"floor":24,"key":"Oddly Smooth Stone"},{"floor":26,"key":"Potion Belt"},{"floor":27,"key":"Red Mask"},{"floor":31,"key":"Pen Nib"}],"event_choices":[{"damage_healed":0.0,"max_hp_gain":0.0,"max_hp_loss":0.0,"gold_gain":0.0,"event_name":"Scrap Ooze","player_choice":"Success","floor":2.0,"gold_loss":0.0,"damage_taken":3.0,"relics_obtained":["Happy Flower"]},{"damage_healed":0.0,"max_hp_gain":0.0,"max_hp_loss":0.0,"gold_gain":0.0,"event_name":"Big Fish","player_choice":"Box","floor":4.0,"gold_loss":0.0,"damage_taken":0.0,"relics_obtained":["CeramicFish"],"cards_obtained":["Regret"]},{"damage_healed":0.0,"max_hp_gain":0.0,"max_hp_loss":0.0,"gold_gain":0.0,"event_name":"Shining Light","player_choice":"Entered Light","floor":8.0,"gold_loss":0.0,"damage_taken":15.0,"cards_upgraded":["hermit:Covet","hermit:PistolWhip"]},{"cards_removed":["hermit:Strike_Hermit"],"damage_healed":0.0,"max_hp_gain":0.0,"max_hp_loss":0.0,"gold_gain":0.0,"event_name":"Beggar","player_choice":"Gave Gold","floor":21.0,"gold_loss":75.0,"damage_taken":0.0},{"cards_removed":["hermit:Strike_Hermit"],"damage_healed":0.0,"max_hp_gain":0.0,"max_hp_loss":0.0,"gold_gain":0.0,"event_name":"Back to Basics","player_choice":"Elegance","floor":22.0,"gold_loss":0.0,"damage_taken":0.0},{"damage_healed":0,"gold_gain":0,"player_choice":"Fought Bandits","damage_taken":0,"max_hp_gain":0,"max_hp_loss":0,"event_name":"Masked Bandits","floor":27,"gold_loss":0},{"damage_healed":0,"gold_gain":0,"player_choice":"Opened","damage_taken":0,"relics_obtained":["Dream Catcher"],"max_hp_gain":0,"max_hp_loss":0,"event_name":"The Mausoleum","floor":30,"gold_loss":0}],"is_beta":false,"boss_relics":[{"not_picked":["Coffee Dripper","Tiny House"],"picked":"Runic Dome"}],"items_purged_floors":[19],"is_endless":false,"potions_floor_spawned":[1,5,6,11,13,14,16,18,20,24,27,28,29,31],"killed_by":"Champ","ascension_level":3}}