{"host":"7i2b4pyo6x2376bs","time":1610235638,"event":{"mods":["BaseMod","Better Note","Colored Map","Highlight Path","Minty Spire (QoL Compilation)","Quick Restart","Rare Cards Sparkle","Shop Mod","StSLib","The Jungle"],"gold_per_floor":[116,134,134,153,168,168,198,214,214,245,320,320,320,333,333,428,428,445,445,131,56,56,56,84,84,84,183,198,198,198],"floor_reached":29,"playtime":1887,"items_purged":["Defend_G"],"score":304,"play_id":"7079f27c-f858-417b-ab95-8c7deeec56f6","local_time":"20210109154038","is_ascension_mode":true,"campfire_choices":[{"floor":6,"key":"RECALL"},{"floor":13,"key":"REST"},{"data":"Phantasmal Killer","floor":15,"key":"SMITH"},{"data":"Noxious Fumes","floor":23,"key":"SMITH"}],"circlet_count":0,"master_deck":["Strike_G","Strike_G","Strike_G","Defend_G","Defend_G","Survivor","Neutralize","Poisoned Stab+1","Slice","Bane","Phantasmal Killer+1","Burst","Bane","Phantasmal Killer+1","Bullet Time","Phantasmal Killer+1","Noxious Fumes+1","Mayhem","Poisoned Stab+1","All Out Attack+1","Doppelganger","Flying Knee+1"],"relics":["Ring of the Snake","Juzu Bracelet","Anchor","Velvet Choker","Membership Card","Molten Egg 2","Pantograph"],"acts_visited":["Exordium","TheCity"],"potions_floor_usage":[10,10,16],"damage_taken":[{"damage":0,"enemies":"Cultist","floor":1,"turns":4},{"damage":0,"enemies":"2 Louse","floor":2,"turns":3},{"damage":0,"enemies":"Small Slimes","floor":4,"turns":3},{"damage":7,"enemies":"2 Fungi Beasts","floor":5,"turns":4},{"damage":16,"enemies":"Lagavulin","floor":7,"turns":6},{"damage":0,"enemies":"Red Slaver","floor":8,"turns":2},{"damage":0,"enemies":"Gremlin Nob","floor":10,"turns":2},{"damage":0,"enemies":"Exordium Wildlife","floor":14,"turns":4},{"damage":33,"enemies":"The Guardian","floor":16,"turns":10},{"damage":12,"enemies":"Shell Parasite","floor":18,"turns":4},{"damage":48,"enemies":"Gremlin Leader","floor":24,"turns":6},{"damage":9,"enemies":"2 Thieves","floor":28,"turns":2},{"damage":10,"enemies":"Slavers","floor":29,"turns":1}],"seed_played":"-4051215124697326820","potions_obtained":[{"floor":4,"key":"Swift Potion"},{"floor":5,"key":"Dexterity Potion"},{"floor":8,"key":"FearPotion"}],"is_trial":false,"path_per_floor":["M","M","?","M","M","R","E","M","T","E","?","?","R","M","R","B",null,"M","?","$","?","?","R","E","?","T","?","M","E"],"character_chosen":"THE_SILENT","items_purchased":["Membership Card","Noxious Fumes","Mayhem"],"campfire_rested":1,"item_purchase_floors":[20,20,20],"current_hp_per_floor":[77,77,77,77,70,70,54,54,54,54,43,43,66,66,66,33,77,65,65,65,65,65,65,17,17,17,17,8,0,0],"gold":198,"neow_bonus":"TEN_PERCENT_HP_BONUS","is_daily":false,"chose_seed":false,"campfire_upgraded":2,"win_rate":0.0,"timestamp":1610235638,"path_taken":["M","M","?","?","M","R","E","M","T","E","?","?","R","M","R","BOSS","M","?","$","?","?","R","E","?","T","?","M","E"],"items_purchased_type":["Relic","Card","Card"],"build_version":"2020-12-22","purchased_purges":1,"victory":false,"max_hp_per_floor":[77,77,77,77,77,77,77,77,77,77,77,77,77,77,77,77,77,77,77,77,77,77,77,77,77,77,77,77,77,77],"card_choices":[{"not_picked":["Dagger Spray","Caltrops"],"picked":"Poisoned Stab","floor":1},{"not_picked":["Prepared","Skewer"],"picked":"Slice","floor":2},{"not_picked":["Eviscerate","Dash"],"picked":"Bane","floor":4},{"not_picked":["Bane","PiercingWail"],"picked":"Phantasmal Killer","floor":5},{"not_picked":["Sucker Punch","Distraction"],"picked":"Burst","floor":7},{"not_picked":["Deflect","Riddle With Holes"],"picked":"Bane","floor":8},{"not_picked":["Storm of Steel","Finisher"],"picked":"Phantasmal Killer","floor":10},{"not_picked":["Reflex","Quick Slash","Blade Dance"],"picked":"SKIP","floor":14},{"not_picked":["Malaise","Unload"],"picked":"Bullet Time","floor":16},{"not_picked":["Acrobatics","Quick Slash","Deflect"],"picked":"SKIP","floor":18},{"not_picked":["Setup","Underhanded Strike+1"],"picked":"Poisoned Stab+1","floor":24},{"not_picked":["Underhanded Strike+1","PiercingWail"],"picked":"Flying Knee+1","floor":28}],"player_experience":720582,"relics_obtained":[{"floor":7,"key":"Juzu Bracelet"},{"floor":10,"key":"Anchor"},{"floor":24,"key":"Molten Egg 2"},{"floor":26,"key":"Pantograph"}],"event_choices":[{"damage_healed":0,"gold_gain":0,"player_choice":"Upgraded","damage_taken":0,"max_hp_gain":0,"max_hp_loss":0,"event_name":"Upgrade Shrine","floor":3,"gold_loss":0,"cards_upgraded":["Poisoned Stab"]},{"damage_healed":0,"gold_gain":75,"player_choice":"Gather Gold","damage_taken":11,"max_hp_gain":0,"max_hp_loss":0,"event_name":"World of Goop","floor":11,"gold_loss":0},{"damage_healed":0,"gold_gain":0,"player_choice":"Grow","damage_taken":0,"max_hp_gain":0,"max_hp_loss":0,"event_name":"Living Wall","floor":12,"gold_loss":0,"cards_upgraded":["Phantasmal Killer"]},{"damage_healed":0,"gold_gain":0,"player_choice":"Copied","damage_taken":0,"max_hp_gain":0,"max_hp_loss":0,"event_name":"Duplicator","floor":19,"gold_loss":0,"cards_obtained":["Phantasmal Killer"]},{"cards_removed":["Strike_G"],"damage_healed":0,"gold_gain":0,"player_choice":"Gave Gold","damage_taken":0,"max_hp_gain":0,"max_hp_loss":0,"event_name":"Beggar","floor":21,"gold_loss":75},{"cards_removed":["Defend_G"],"damage_healed":0,"gold_gain":0,"player_choice":"Purged","damage_taken":0,"max_hp_gain":0,"max_hp_loss":0,"event_name":"Purifier","floor":22,"gold_loss":0},{"damage_healed":0,"gold_gain":0,"cards_transformed":["Strike_G","Defend_G"],"player_choice":"Became Test Subject","damage_taken":0,"max_hp_gain":0,"max_hp_loss":0,"event_name":"Drug Dealer","floor":25,"gold_loss":0,"cards_obtained":["All Out Attack","Doppelganger"]},{"damage_healed":0,"gold_gain":99,"player_choice":"Stole From Cult","damage_taken":0,"max_hp_gain":0,"max_hp_loss":0,"event_name":"Nest","floor":27,"gold_loss":0}],"is_beta":false,"boss_relics":[{"not_picked":["Runic Pyramid","Empty Cage"],"picked":"Velvet Choker"}],"items_purged_floors":[20],"is_endless":false,"potions_floor_spawned":[4,5,8],"killed_by":"Slavers","ascension_level":2}}