{"host":"94qggqh0xz0sp6ai","time":1610168890,"event":{"mods":["Abigail Mod","Act Like it!","BaseMod","CapriCore","Downfall","Friendly Minions","Gensokyo","Hermit","Jorbs\u0027s Wanderer Trilogy","Koishi","Marisa（霧雨　魔理沙）","Minty Spire (QoL Compilation)","Permanent Neow","Reimu（博??梦）","StSLib","The Alterego","The Construct","The Cursed","The Hierophant","The Immortal","The Marked","The Servant 0.9.4","TheBandit","Waifu the Spire"],"gold_per_floor":[121,148,148,157,180,224,224,224,224],"floor_reached":8,"playtime":331,"items_purged":[],"score":98,"play_id":"ca74d8f8-7030-42cf-890f-9b80b975aa4f","local_time":"20210108230810","is_ascension_mode":true,"campfire_choices":[{"floor":7,"key":"REST"}],"circlet_count":0,"master_deck":["AscendersBane","Strike_Lin:ReiMu","Strike_Lin:ReiMu","Strike_Lin:ReiMu","Defend_Lin:ReiMu","Defend_Lin:ReiMu","Defend_Lin:ReiMu","Defend_Lin:ReiMu","NB:ReiMu","Stagnation:ReiMu","AirManeuver:ReiMu","OctopathBindingBorder2:ReiMu","Injury","TightArray:ReiMu","UpKicking:ReiMu"],"relics":["FlyPower:ReiMu","CeramicFish","Golden Idol","Blue Candle"],"acts_visited":["Exordium"],"potions_floor_usage":[8],"damage_taken":[{"damage":12,"enemies":"Cultist","floor":1,"turns":5},{"damage":1,"enemies":"Jaw Worm","floor":2,"turns":10},{"damage":4,"enemies":"Small Slimes","floor":5,"turns":6},{"damage":12,"enemies":"Lagavulin","floor":6,"turns":8},{"damage":36,"enemies":"3 Sentries","floor":8,"turns":7}],"seed_played":"-443219399188634057","potions_obtained":[{"floor":1,"key":"SkillPotion"}],"is_trial":false,"path_per_floor":["M","M","?","?","M","E","R","E"],"character_chosen":"REIMU","items_purchased":[],"campfire_rested":1,"item_purchase_floors":[],"current_hp_per_floor":[42,41,34,34,30,18,36,0,0],"gold":224,"neow_bonus":"RANDOM_COMMON_RELIC","is_daily":false,"chose_seed":false,"campfire_upgraded":0,"win_rate":0.0,"timestamp":1610168890,"path_taken":["M","?","?","?","M","E","R","E"],"items_purchased_type":[],"build_version":"2020-12-22","purchased_purges":0,"victory":false,"max_hp_per_floor":[60,60,60,60,60,60,60,60,60],"card_choices":[{"not_picked":["UniversalSpiritual:ReiMu","SubcavityInstant:ReiMu"],"picked":"AirManeuver:ReiMu","floor":1},{"not_picked":["OrbThrow:ReiMu","FoulBorder2:ReiMu"],"picked":"OctopathBindingBorder2:ReiMu","floor":2},{"not_picked":["Conquer:ReiMu","Crusade:ReiMu"],"picked":"TightArray:ReiMu","floor":5},{"not_picked":["PassingAway:ReiMu","OctopathBindingBorder2:ReiMu"],"picked":"UpKicking:ReiMu","floor":6}],"player_experience":1363006,"relics_obtained":[{"floor":6,"key":"Blue Candle"}],"event_choices":[{"cards_removed":["Strike_Lin:ReiMu"],"damage_healed":0,"gold_gain":0,"player_choice":"Card Removal","damage_taken":7,"max_hp_gain":0,"max_hp_loss":0,"event_name":"Golden Wing","floor":3,"gold_loss":0},{"damage_healed":0,"gold_gain":0,"player_choice":"Take Wound","damage_taken":0,"relics_obtained":["Golden Idol"],"max_hp_gain":0,"max_hp_loss":0,"event_name":"Golden Idol","floor":4,"gold_loss":0,"cards_obtained":["Injury"]}],"is_beta":false,"boss_relics":[],"items_purged_floors":[],"is_endless":false,"potions_floor_spawned":[1],"killed_by":"3 Sentries","ascension_level":15}}