{"host":"uonldg9uriwfhjjx","time":1610167847,"event":{"mods":["AchievementEnabler","BaseMod","Minty Spire (QoL Compilation)","Relic Stats"],"gold_per_floor":[111,40,115,43,60,60,78,78,105,105,116,147,147,147,147],"floor_reached":14,"playtime":294,"items_purged":[],"score":192,"play_id":"36e4394f-dfea-41c5-8b7f-3288d2520495","local_time":"20210108235047","is_ascension_mode":true,"campfire_choices":[{"data":"Loop","floor":6,"key":"SMITH"},{"floor":13,"key":"REST"}],"circlet_count":0,"master_deck":["AscendersBane","Strike_B","Strike_B","Strike_B","Strike_B","Defend_B","Defend_B+1","Defend_B","Defend_B+1","Zap","Dualcast","CurseOfTheBell","Conserve Battery","Storm","Loop+1","Force Field","Static Discharge","Coolheaded"],"relics":["Calling Bell","Bag of Marbles","InkBottle","Ice Cream","Ornamental Fan","Regal Pillow","Peace Pipe","War Paint"],"acts_visited":["Exordium"],"potions_floor_usage":[12],"damage_taken":[{"damage":7,"enemies":"2 Louse","floor":1,"turns":4},{"damage":7,"enemies":"Jaw Worm","floor":5,"turns":5},{"damage":3,"enemies":"Cultist","floor":7,"turns":5},{"damage":15,"enemies":"Exordium Thugs","floor":11,"turns":5},{"damage":0,"enemies":"Lagavulin","floor":12,"turns":7},{"damage":54,"enemies":"Gremlin Nob","floor":14,"turns":5}],"seed_played":"7686552666537023680","potions_obtained":[{"floor":1,"key":"SpeedPotion"},{"floor":7,"key":"SpeedPotion"}],"is_trial":false,"path_per_floor":["M","$","?","$","M","R","M","?","T","?","M","E","R","E"],"character_chosen":"DEFECT","items_purchased":["Storm","Loop"],"campfire_rested":1,"item_purchase_floors":[2,4],"current_hp_per_floor":[57,57,46,46,39,39,36,18,18,18,3,3,39,0,0],"gold":147,"neow_bonus":"BOSS_RELIC","is_daily":false,"chose_seed":false,"campfire_upgraded":1,"win_rate":0.0,"timestamp":1610167847,"path_taken":["M","$","?","$","M","R","M","?","T","?","M","E","R","E"],"items_purchased_type":["Card","Card"],"build_version":"2020-12-22","purchased_purges":0,"victory":false,"max_hp_per_floor":[71,71,71,71,71,71,71,71,71,71,71,71,71,71,71],"relic_stats":{"Peace Pipe":0,"Regal Pillow":15,"counters":[6,30],"Ornamental Fan":[8],"War Paint":["Defend_B","Defend_B"],"obtain_stats":[{"Calling Bell":0,"Ice Cream":0,"Peace Pipe":10,"Regal Pillow":9,"Ornamental Fan":8,"Bag of Marbles":0,"War Paint":12,"Cracked Core":0,"InkBottle":0},{"Calling Bell":0,"Ice Cream":0,"Peace Pipe":3,"Regal Pillow":3,"Ornamental Fan":3,"Bag of Marbles":0,"War Paint":5,"Cracked Core":0,"InkBottle":0},{"Calling Bell":0,"Ice Cream":0,"Peace Pipe":14,"Regal Pillow":14,"Ornamental Fan":14,"Bag of Marbles":0,"War Paint":25,"Cracked Core":0,"InkBottle":0}],"InkBottle":[8]},"card_choices":[{"not_picked":["Steam","Beam Cell"],"picked":"Conserve Battery","floor":1},{"not_picked":["Redo","Skim"],"picked":"Force Field","floor":5},{"not_picked":["Go for the Eyes","Gash","Darkness"],"picked":"SKIP","floor":7},{"not_picked":["Cold Snap","Thunder Strike"],"picked":"Static Discharge","floor":11},{"not_picked":["Leap","Steam"],"picked":"Coolheaded","floor":12}],"player_experience":748221,"relics_obtained":[{"floor":0,"key":"Bag of Marbles"},{"floor":0,"key":"InkBottle"},{"floor":0,"key":"Ice Cream"},{"floor":9,"key":"Regal Pillow"},{"floor":12,"key":"War Paint"}],"event_choices":[{"damage_healed":0,"gold_gain":75,"player_choice":"Gather Gold","damage_taken":11,"max_hp_gain":0,"max_hp_loss":0,"event_name":"World of Goop","floor":3,"gold_loss":0},{"damage_healed":0,"gold_gain":0,"player_choice":"Success","damage_taken":18,"relics_obtained":["Ornamental Fan"],"max_hp_gain":0,"max_hp_loss":0,"event_name":"Scrap Ooze","floor":8,"gold_loss":0},{"damage_healed":0,"gold_gain":0,"player_choice":"Gave Potion","damage_taken":0,"relics_obtained":["Peace Pipe"],"max_hp_gain":0,"max_hp_loss":0,"event_name":"WeMeetAgain","floor":10,"gold_loss":0}],"is_beta":false,"boss_relics":[],"items_purged_floors":[],"is_endless":false,"potions_floor_spawned":[1,7],"killed_by":"Gremlin Nob","ascension_level":14}}