{"host":"ulqe8df9nuf7bye0","time":1610169552,"event":{"mods":["BaseMod","Better Note","BetterRewards","Colored Powertips","Minty Spire (QoL Compilation)","Quick Restart","StSLib"],"gold_per_floor":[113,288,288,288,298,298,311,311,311,311,345,44,44,70,70,167,167,183,199,199,199,209,239,239,130,153,163,198,198,46,62,62,160,160,177,177,29,48,48,48,80,98,98,98,98,5,25,79,79,79,79,79,7,32,32,32],"floor_reached":55,"playtime":3942,"items_purged":[],"score":804,"play_id":"122db186-586c-4a60-99a1-04bb816d7b57","local_time":"20210108211912","is_ascension_mode":false,"campfire_choices":[{"floor":6,"key":"REST"},{"floor":8,"key":"RECALL"},{"data":"Chill","floor":10,"key":"SMITH"},{"floor":15,"key":"REST"},{"floor":24,"key":"REST"},{"data":"Multi-Cast","floor":29,"key":"SMITH"},{"data":"Reinforced Body","floor":32,"key":"SMITH"},{"data":"Secret Technique","floor":40,"key":"SMITH"},{"floor":49,"key":"REST"},{"data":"Lockon","floor":52,"key":"SMITH"}],"circlet_count":0,"master_deck":["Strike_B","Strike_B","Strike_B+1","Strike_B","Defend_B","Defend_B","Defend_B","Defend_B","Dualcast","Beam Cell+1","Storm+1","Chill+1","Leap","Conserve Battery+1","Reinforced Body+1","Storm+1","Conserve Battery+1","Multi-Cast+1","Cold Snap+1","Ball Lightning+1","Pain","Glacier+1","Decay","Capacitor+1","Sunder+1","Loop+1","Chill","Loop+1","Machine Learning+1","Double Energy","Capacitor+1","Auto Shields","Secret Technique+1","Deep Breath","Tempest+1","Loop+1","Lockon+1","Aggregate","Hologram","Defragment+1"],"relics":["Cracked Core","Runic Capacitor","Frozen Egg 2","Regal Pillow","Oddly Smooth Stone","Ginger","Blue Candle","DataDisk","PreservedInsect","Cursed Key","WarpedTongs","Whetstone","Toy Ornithopter","MealTicket","Runic Dome","Membership Card","Singing Bowl","TungstenRod","Chemical X","Sundial"],"acts_visited":["Exordium","TheCity","TheBeyond","TheEnding"],"potions_floor_usage":[16,16,23,28,31,33,42],"damage_taken":[{"damage":0,"enemies":"Jaw Worm","floor":1,"turns":5},{"damage":10,"enemies":"2 Louse","floor":5,"turns":3},{"damage":0,"enemies":"Cultist","floor":7,"turns":4},{"damage":9,"enemies":"3 Sentries","floor":11,"turns":11},{"damage":0,"enemies":"Slime Boss","floor":16,"turns":8},{"damage":1,"enemies":"Spheric Guardian","floor":18,"turns":4},{"damage":1,"enemies":"3 Byrds","floor":19,"turns":7},{"damage":7,"enemies":"Shelled Parasite and Fungi","floor":22,"turns":7},{"damage":31,"enemies":"Slavers","floor":23,"turns":7},{"damage":12,"enemies":"Centurion and Healer","floor":27,"turns":6},{"damage":2,"enemies":"Book of Stabbing","floor":28,"turns":4},{"damage":6,"enemies":"Cultist and Chosen","floor":31,"turns":5},{"damage":39,"enemies":"Champ","floor":33,"turns":8},{"damage":6,"enemies":"Orb Walker","floor":35,"turns":3},{"damage":11,"enemies":"3 Darklings","floor":38,"turns":4},{"damage":48,"enemies":"Nemesis","floor":41,"turns":5},{"damage":13,"enemies":"Writhing Mass","floor":42,"turns":4},{"damage":2,"enemies":"Jaw Worm Horde","floor":47,"turns":3},{"damage":31,"enemies":"2 Orb Walkers","floor":48,"turns":5},{"damage":49,"enemies":"Time Eater","floor":50,"turns":9},{"damage":43,"enemies":"Shield and Spear","floor":54,"turns":5},{"damage":51,"enemies":"The Heart","floor":55,"turns":3}],"seed_played":"-5810251085222184371","potions_obtained":[{"floor":1,"key":"Swift Potion"},{"floor":11,"key":"FocusPotion"},{"floor":16,"key":"EssenceOfDarkness"},{"floor":22,"key":"FearPotion"},{"floor":23,"key":"ColorlessPotion"},{"floor":31,"key":"Fruit Juice"},{"floor":33,"key":"Weak Potion"},{"floor":35,"key":"BlessingOfTheForge"}],"is_trial":false,"path_per_floor":["M","?","?","?","M","R","M","R","T","R","E","$","?","T","R","B",null,"M","M","?","?","M","E","R","?","T","M","E","R","$","M","R","B",null,"M","?","$","M","?","R","E","M","T","?","?","$","M","?","R","B",null,"R","$","E","B"],"character_chosen":"DEFECT","items_purchased":["Runic Capacitor","Frozen Egg 2","Regal Pillow","Beam Cell","Storm+1","Oddly Smooth Stone","Steam","Storm+1","DataDisk","PowerPotion","Conserve Battery","Loop+1","Chill","Membership Card","Loop+1","Lockon","Aggregate","Chemical X"],"campfire_rested":4,"item_purchase_floors":[0,0,0,0,0,0,0,12,12,12,12,30,30,37,46,46,46,53],"current_hp_per_floor":[40,40,45,38,28,67,67,67,67,67,58,58,42,42,80,80,80,79,78,78,78,71,40,79,79,79,67,70,70,80,84,84,49,85,79,79,85,74,69,69,23,15,15,76,76,76,74,43,76,27,76,76,76,35,0,0],"gold":32,"neow_bonus":"","is_daily":false,"chose_seed":false,"campfire_upgraded":5,"win_rate":0.0,"timestamp":1610169552,"path_taken":["M","?","?","?","?","R","M","R","T","R","E","?","?","?","R","BOSS","M","M","?","?","M","E","R","?","T","M","E","R","?","M","R","BOSS","M","?","$","?","?","R","E","M","T","?","?","?","M","?","R","BOSS","R","$","E","BOSS"],"items_purchased_type":["Relic","Relic","Relic","Card","Card","Relic","Card","Card","Relic","Potion","Card","Card","Card","Relic","Card","Card","Card","Relic"],"build_version":"2020-12-22","purchased_purges":0,"victory":false,"max_hp_per_floor":[75,75,80,80,80,80,80,80,80,80,80,80,80,80,80,80,80,80,80,80,80,80,80,80,80,80,80,80,80,80,85,85,85,85,85,85,85,85,85,85,87,87,87,76,76,76,76,76,76,76,76,76,76,78,78,78],"card_choices":[{"not_picked":["Heatsinks+1","Tempest"],"picked":"Chill","floor":1},{"not_picked":["Turbo","Force Field"],"picked":"Leap","floor":5},{"not_picked":["Meteor Strike","Compile Driver"],"picked":"Conserve Battery","floor":7},{"not_picked":["Rainbow","Go for the Eyes"],"picked":"Reinforced Body","floor":11},{"not_picked":["Hyperbeam","Biased Cognition+1"],"picked":"Multi-Cast","floor":16},{"not_picked":["Turbo","Redo"],"picked":"Cold Snap+1","floor":18},{"not_picked":["Stack","Gash"],"picked":"Ball Lightning+1","floor":19},{"not_picked":["Cold Snap","Sweeping Beam+1"],"picked":"Glacier+1","floor":22},{"not_picked":["Compile Driver","Conserve Battery","Beam Cell"],"picked":"SKIP","floor":23},{"not_picked":["Reinforced Body","Cold Snap"],"picked":"Capacitor+1","floor":27},{"not_picked":["Ball Lightning","Leap"],"picked":"Sunder+1","floor":28},{"not_picked":["Coolheaded+1","Compile Driver"],"picked":"Loop+1","floor":31},{"not_picked":["Hyperbeam","Amplify"],"picked":"Machine Learning+1","floor":33},{"not_picked":["BootSequence","Beam Cell+1"],"picked":"Double Energy","floor":35},{"not_picked":["Leap+1","Gash"],"picked":"Auto Shields","floor":38},{"not_picked":["Madness","Bandage Up"],"picked":"Secret Technique","floor":39},{"not_picked":["Madness","Apotheosis"],"picked":"Deep Breath","floor":39},{"not_picked":["Darkness","Hello World+1","Turbo"],"picked":"Singing Bowl","floor":41},{"not_picked":["Beam Cell+1","Doom and Gloom"],"picked":"Tempest+1","floor":42},{"not_picked":["Undo+1","Gash+1"],"picked":"Hologram","floor":47},{"not_picked":["Rebound+1","Force Field+1"],"picked":"Defragment+1","floor":48},{"not_picked":["Doom and Gloom","Ball Lightning","Stack"],"picked":"Singing Bowl","floor":54}],"player_experience":179176,"relics_obtained":[{"floor":9,"key":"Ginger"},{"floor":11,"key":"Blue Candle"},{"floor":14,"key":"PreservedInsect"},{"floor":23,"key":"Whetstone"},{"floor":28,"key":"MealTicket"},{"floor":41,"key":"Singing Bowl"},{"floor":48,"key":"TungstenRod"},{"floor":54,"key":"Sundial"}],"event_choices":[{"damage_healed":0,"gold_gain":175,"player_choice":"AGREE","damage_taken":0,"max_hp_gain":0,"max_hp_loss":0,"event_name":"Liars Game","floor":2,"gold_loss":0,"cards_obtained":["Doubt"]},{"damage_healed":0,"gold_gain":0,"player_choice":"Donut","damage_taken":0,"max_hp_gain":5,"max_hp_loss":0,"event_name":"Big Fish","floor":3,"gold_loss":0},{"cards_removed":["Doubt"],"damage_healed":0,"gold_gain":0,"player_choice":"Card Removal","damage_taken":7,"max_hp_gain":0,"max_hp_loss":0,"event_name":"Golden Wing","floor":4,"gold_loss":0},{"damage_healed":0,"gold_gain":0,"player_choice":"Entered Light","damage_taken":16,"max_hp_gain":0,"max_hp_loss":0,"event_name":"Shining Light","floor":13,"gold_loss":0,"cards_upgraded":["Conserve Battery","Conserve Battery"]},{"damage_healed":0,"gold_gain":0,"player_choice":"Rummage","damage_taken":0,"relics_obtained":["WarpedTongs"],"max_hp_gain":0,"max_hp_loss":0,"event_name":"Accursed Blacksmith","floor":20,"gold_loss":0,"cards_obtained":["Pain"]},{"cards_removed":["Steam"],"damage_healed":0,"gold_gain":0,"player_choice":"Purged","damage_taken":0,"max_hp_gain":0,"max_hp_loss":0,"event_name":"Purifier","floor":21,"gold_loss":0},{"damage_healed":0,"gold_gain":0,"player_choice":"Paid Gold","damage_taken":0,"relics_obtained":["Toy Ornithopter"],"max_hp_gain":0,"max_hp_loss":0,"event_name":"WeMeetAgain","floor":25,"gold_loss":109},{"damage_healed":0,"gold_gain":0,"player_choice":"Copied","damage_taken":0,"max_hp_gain":0,"max_hp_loss":0,"event_name":"Duplicator","floor":36,"gold_loss":0,"cards_obtained":["Capacitor"]},{"damage_healed":0,"gold_gain":0,"player_choice":"Memory 2","damage_taken":5,"max_hp_gain":0,"max_hp_loss":0,"event_name":"SensoryStone","floor":39,"gold_loss":0},{"damage_healed":76,"gold_gain":0,"player_choice":"Heal","damage_taken":0,"max_hp_gain":0,"max_hp_loss":11,"event_name":"The Moai Head","floor":44,"gold_loss":0},{"cards_removed":["Zap"],"damage_healed":0,"gold_gain":0,"player_choice":"Removed Skill","damage_taken":0,"max_hp_gain":0,"max_hp_loss":0,"event_name":"Falling","floor":45,"gold_loss":0},{"damage_healed":0,"gold_gain":0,"player_choice":"Fight","damage_taken":0,"max_hp_gain":0,"max_hp_loss":0,"event_name":"Mysterious Sphere","floor":48,"gold_loss":0}],"is_beta":false,"boss_relics":[{"not_picked":["Busted Crown","Tiny House"],"picked":"Cursed Key"},{"not_picked":["Snecko Eye","Philosopher\u0027s Stone"],"picked":"Runic Dome"}],"items_purged_floors":[],"is_endless":false,"potions_floor_spawned":[1,11,16,22,23,31,33,35,41,54],"killed_by":"The Heart","ascension_level":0}}