{"host":"cu","time":1610204716,"event":{"mods":["BaseMod","Colored Map","Gremlin Mod","Infinite Spire","Minty Spire (QoL Compilation)","Replay The Spire","StSLib","The Cursed"],"gold_per_floor":[117,136,152,172,188,188,208,208,208,220,235,253,282,299,299,396,396,412,423,440,440,460,490,490,239,239,255,255,288,304,323,323,323,323],"floor_reached":33,"playtime":1412,"items_purged":[],"score":324,"play_id":"76fe4350-3c7e-49f6-b042-35f181de6531","local_time":"20210109120516","is_ascension_mode":false,"campfire_choices":[{"data":"infinitespire:OneForAll","floor":6,"key":"SMITH"},{"floor":8,"key":"REST"},{"floor":15,"key":"REST"},{"floor":24,"key":"REST"},{"floor":28,"key":"REST"},{"floor":32,"key":"REST"}],"circlet_count":0,"master_deck":["Strike_R","Strike_R","Strike_R","Strike_R","Strike_R","Defend_R","Defend_R","Defend_R","Defend_R","Bash","Armaments","infinitespire:OneForAll+1","Armaments","Armaments","Rage","Seeing Red","Clothesline","Burning Pact","Run Through","Hemokinesis","Corruption+1","Feel No Pain","Shrug It Off","Warcry","Flex","Eclipse","Flame Barrier","True Grit","Flex","Ghostly Armor","Warcry","Defy Death"],"relics":["Burning Blood","NeowsBlessing","infinitespire:Bottled Soul","Replay:Rubber Ducky","Ring of Chaos","Bottled Flame","Happy Flower","Bottled Lightning","Self Forming Clay"],"acts_visited":["Exordium","TheCity"],"potions_floor_usage":[33,33,33],"damage_taken":[{"damage":0,"enemies":"Cultist","floor":1,"turns":1},{"damage":0,"enemies":"2 Louse","floor":2,"turns":1},{"damage":0,"enemies":"Jaw Worm","floor":3,"turns":1},{"damage":12,"enemies":"3 Louse","floor":4,"turns":4},{"damage":25,"enemies":"Exordium Thugs","floor":5,"turns":7},{"damage":11,"enemies":"2 Fungi Beasts","floor":7,"turns":4},{"damage":5,"enemies":"Looter","floor":10,"turns":5},{"damage":7,"enemies":"Red Slaver","floor":11,"turns":2},{"damage":10,"enemies":"2 Fungi Beasts","floor":12,"turns":3},{"damage":12,"enemies":"Replay:BlueRogue","floor":13,"turns":5},{"damage":6,"enemies":"Gremlin Gang","floor":14,"turns":5},{"damage":51,"enemies":"The Guardian","floor":16,"turns":13},{"damage":43,"enemies":"3 Byrds","floor":18,"turns":7},{"damage":2,"enemies":"Spheric Guardian","floor":19,"turns":4},{"damage":11,"enemies":"Cultist and Chosen","floor":20,"turns":7},{"damage":6,"enemies":"Snecko","floor":22,"turns":6},{"damage":21,"enemies":"Gremlin Leader","floor":23,"turns":5},{"damage":0,"enemies":"Snake Plant","floor":27,"turns":1},{"damage":24,"enemies":"Slavers","floor":29,"turns":7},{"damage":13,"enemies":"3 Cultists","floor":30,"turns":9},{"damage":0,"enemies":"Centurion and Healer","floor":31,"turns":4},{"damage":78,"enemies":"Collector","floor":33,"turns":7}],"seed_played":"8525752662899905549","potions_obtained":[{"floor":4,"key":"ElixirPotion"},{"floor":10,"key":"Strength Potion"},{"floor":11,"key":"Dexterity Potion"}],"is_trial":false,"path_per_floor":["M","M","M","M","M","R","M","R","T","M","M","M","E","M","R","B",null,"M","M","M","?","M","E","R","$","T","M","R","E","M","M","R","B"],"character_chosen":"IRONCLAD","items_purchased":["Flame Barrier","Happy Flower","True Grit"],"campfire_rested":5,"item_purchase_floors":[25,25,25],"current_hp_per_floor":[80,80,80,74,55,55,50,74,74,75,74,70,64,64,80,35,80,43,47,42,42,42,27,51,51,51,57,80,62,55,61,80,2,2],"gold":323,"neow_bonus":"THREE_ENEMY_KILL","is_daily":false,"chose_seed":false,"campfire_upgraded":1,"win_rate":0.0,"timestamp":1610204716,"path_taken":["M","M","M","M","M","R","M","R","T","M","?","M","E","M","R","BOSS","M","M","M","?","M","E","R","$","T","M","R","E","M","M","R","BOSS"],"items_purchased_type":["Card","Relic","Card"],"build_version":"2020-11-17","purchased_purges":0,"victory":false,"max_hp_per_floor":[80,80,80,80,80,80,80,80,80,80,80,80,80,80,80,80,80,80,80,80,80,80,80,80,80,80,80,80,80,80,80,80,80,80],"card_choices":[{"not_picked":["Heavy Blade","Cleave"],"picked":"Armaments","floor":1},{"not_picked":["Anger","Abandon"],"picked":"infinitespire:OneForAll","floor":2},{"not_picked":["Perfected Strike","Cleave","ReplayTheSpireMod:Limb From Limb"],"picked":"SKIP","floor":3},{"not_picked":["Thunderclap","Dropkick"],"picked":"Armaments","floor":4},{"not_picked":["Sword Boomerang","ReplayTheSpireMod:Limb From Limb"],"picked":"Armaments","floor":5},{"not_picked":["ReplayTheSpireMod:Stacked","ReplayTheSpireMod:Strike From Hell"],"picked":"Rage","floor":7},{"not_picked":["Clash","True Grit"],"picked":"Seeing Red","floor":10},{"not_picked":["Bludgeon","Sword Boomerang"],"picked":"Clothesline","floor":11},{"not_picked":["Rage","ReplayTheSpireMod:Muscle Training"],"picked":"Burning Pact","floor":12},{"not_picked":["Heavy Blade","Perfected Strike"],"picked":"Run Through","floor":13},{"not_picked":["Flex","Replay:Undeath\u0027s Touch"],"picked":"Hemokinesis","floor":14},{"not_picked":["Berserk","Impervious"],"picked":"Corruption","floor":16},{"not_picked":["Thunderclap","Warcry"],"picked":"Feel No Pain","floor":18},{"not_picked":["Heavy Blade","Seeing Red+1"],"picked":"Shrug It Off","floor":19},{"not_picked":["Twin Strike","ReplayTheSpireMod:Strike From Hell"],"picked":"Warcry","floor":20},{"not_picked":["Sword Boomerang+1","Heavy Blade"],"picked":"Flex","floor":22},{"not_picked":["Pommel Strike","Anger"],"picked":"Eclipse","floor":23},{"not_picked":["Searing Blow+1","True Grit"],"picked":"Flex","floor":27},{"not_picked":["Armaments","Clash"],"picked":"Ghostly Armor","floor":29},{"not_picked":["Heavy Blade","Bludgeon"],"picked":"Warcry","floor":30},{"not_picked":["Pummel+1","Rampage"],"picked":"Defy Death","floor":31}],"player_experience":10332,"relics_obtained":[{"floor":9,"key":"infinitespire:Bottled Soul"},{"floor":13,"key":"Replay:Rubber Ducky"},{"floor":23,"key":"Bottled Flame"},{"floor":26,"key":"Bottled Lightning"},{"floor":29,"key":"Self Forming Clay"}],"event_choices":[{"damage_healed":0,"gold_gain":0,"player_choice":"Upgraded","damage_taken":0,"max_hp_gain":0,"max_hp_loss":0,"event_name":"Upgrade Shrine","floor":21,"gold_loss":0,"cards_upgraded":["Corruption"]}],"is_beta":true,"boss_relics":[{"not_picked":["ReplayTheSpireMod:DimensionalGlitch","Electric Blood"],"picked":"Ring of Chaos"}],"items_purged_floors":[],"is_endless":false,"potions_floor_spawned":[4,10,11,13,14,22,29,31],"killed_by":"Collector","ascension_level":0}}