{"host":"ha6p5pdchuduffeg","time":1610173232,"event":{"mods":["Act Like it!","BaseMod","Gensokyo","KinomotoSakuraMod(ƒæ÷Æ±æ”£)","Koishi","Marisa£®ÏF”Í°°ƒß¿Ì…≥£©","Minty Spire (QoL Compilation)","Reimu£®≤©¿ˆ¡È√Œ£©","Remilia£®¿Ÿ√◊¿Ú—«£©","Replay The Spire","StSLib","The Servant 0.9.4","Youmu£®ªÍ∆«—˝√Œ£©"],"gold_per_floor":[215,215,228,74,74,74,113,128,173,173,188,213,89,103,103,231,231,252,252,252,252,268,268,299,299,299,316,316,335,335,354,354,354,354],"floor_reached":33,"playtime":968,"items_purged":["Injury"],"score":320,"play_id":"0d7528ca-cdcd-4733-bbdc-5e99d1b8b3bc","local_time":"20210109142032","is_ascension_mode":true,"campfire_choices":[{"floor":6.0,"key":"RECALL"},{"floor":10.0,"key":"REST"},{"floor":15.0,"key":"REST"},{"floor":23.0,"key":"REST"},{"floor":30,"key":"REST"},{"floor":32,"key":"REST"}],"circlet_count":0,"master_deck":["Strike_R","Strike_R","Strike_R","Strike_R","Strike_R","Defend_R","Defend_R","Defend_R","Defend_R","Bash+1","Replay:Undeath\u0027s Touch","Rampage","Flex","Rampage","Exhume","Shockwave+1","Blood for Blood"],"relics":["Burning Blood","Bloody Idol","Sling","ReplayTheSpireMod:Spearhead","Orichalcum","Mark of Pain","Nilry\u0027s Codex","Gremlin Horn"],"acts_visited":["Exordium","TheCity"],"potions_floor_usage":[],"damage_taken":[{"damage":0.0,"enemies":"Small Slimes","floor":1.0,"turns":3.0},{"damage":2.0,"enemies":"2 Louse","floor":3.0,"turns":2.0},{"damage":40.0,"enemies":"Lagavulin","floor":7.0,"turns":6.0},{"damage":5.0,"enemies":"Cultist","floor":8.0,"turns":4.0},{"damage":14.0,"enemies":"2 Fungi Beasts","floor":11.0,"turns":4.0},{"damage":0.0,"enemies":"Gremlin Gang","floor":12.0,"turns":5.0},{"damage":19.0,"enemies":"3 Louse","floor":14.0,"turns":4.0},{"damage":63.0,"enemies":"The Guardian","floor":16.0,"turns":10.0},{"damage":35.0,"enemies":"Shell Parasite","floor":18.0,"turns":6.0},{"damage":29.0,"enemies":"2 Thieves","floor":22.0,"turns":5.0},{"damage":39.0,"enemies":"Slavers","floor":24.0,"turns":8.0},{"damage":4,"enemies":"Centurion and Healer","floor":27,"turns":5},{"damage":30,"enemies":"Snake Plant","floor":29,"turns":5},{"damage":18,"enemies":"Shelled Parasite and Fungi","floor":31,"turns":4},{"damage":61,"enemies":"Champ","floor":33,"turns":9}],"seed_played":"3240314664983876719","potions_obtained":[{"floor":1.0,"key":"Dexterity Potion"},{"floor":7.0,"key":"LiquidMemories"},{"floor":12.0,"key":"Dexterity Potion"},{"floor":14.0,"key":"ElixirPotion"},{"floor":29,"key":"SteroidPotion"}],"is_trial":false,"path_per_floor":["M","?","M","$","?","R","E","M","T","R","M","M","$","M","R","B",null,"M","?","?","?","M","R","E","?","T","M","?","M","R","M","R","B"],"character_chosen":"IRONCLAD","items_purchased":["Sling","Flex"],"campfire_rested":5,"item_purchase_floors":[4,13],"current_hp_per_floor":[80,80,80,80,80,80,46,47,47,71,63,69,69,56,80,23,80,51,35,35,61,48,72,44,44,44,51,51,32,56,49,73,12,12],"gold":354,"neow_bonus":"HUNDRED_GOLD","is_daily":false,"chose_seed":false,"campfire_upgraded":0,"win_rate":0.0,"timestamp":1610173232,"path_taken":["M","?","M","$","?","R","E","M","T","R","M","M","$","M","R","BOSS","M","?","?","?","M","R","E","?","T","?","?","M","R","M","R","BOSS"],"items_purchased_type":["Relic","Card"],"build_version":"2020-12-22","purchased_purges":1,"victory":false,"max_hp_per_floor":[80,80,80,80,80,80,80,80,80,80,80,80,80,80,80,80,80,80,80,80,80,80,80,80,80,80,80,80,80,80,80,80,80,80],"card_choices":[{"not_picked":["ReplayTheSpireMod:LeadingStrike","Run Through","Wild Strike"],"picked":"SKIP","floor":1.0},{"not_picked":["Combust","ReplayTheSpireMod:LeadingStrike"],"picked":"Replay:Undeath\u0027s Touch","floor":3.0},{"not_picked":["Perfected Strike","Ghostly Armor","Carnage"],"picked":"SKIP","floor":7.0},{"not_picked":["Flame Barrier","Body Slam","Abandon"],"picked":"SKIP","floor":8.0},{"not_picked":["Hemokinesis","ReplayReversal"],"picked":"Rampage","floor":11.0},{"not_picked":["Perfected Strike","Pommel Strike","Combust"],"picked":"SKIP","floor":12.0},{"not_picked":["Iron Wave","Battle Trance"],"picked":"Rampage","floor":14.0},{"not_picked":["Impervious","Double Tap"],"picked":"Exhume","floor":16.0},{"not_picked":["Burning Pact","Sword Boomerang+1","Massacre+1"],"picked":"SKIP","floor":18.0},{"not_picked":["Run Through","Wild Strike","Clash"],"picked":"SKIP","floor":22.0},{"not_picked":["ReplayTheSpireMod:Strike From Hell+1","Life Link"],"picked":"Shockwave+1","floor":24.0},{"not_picked":["Pommel Strike","Clothesline"],"picked":"Blood for Blood","floor":27},{"not_picked":["Clothesline","True Grit","Second Wind+1"],"picked":"SKIP","floor":29},{"not_picked":["Anger","Clash","ReplayReversal+1"],"picked":"SKIP","floor":31}],"player_experience":27133,"relics_obtained":[{"floor":7.0,"key":"ReplayTheSpireMod:Spearhead"},{"floor":9.0,"key":"Orichalcum"},{"floor":19.0,"key":"Nilry\u0027s Codex"},{"floor":26,"key":"Gremlin Horn"}],"event_choices":[{"damage_healed":0.0,"max_hp_gain":0.0,"max_hp_loss":0.0,"gold_gain":0.0,"event_name":"Golden Idol","player_choice":"Take Wound","floor":2.0,"gold_loss":0.0,"damage_taken":0.0,"relics_obtained":["Golden Idol"],"cards_obtained":["Injury"]},{"damage_healed":0.0,"max_hp_gain":0.0,"max_hp_loss":0.0,"gold_gain":0.0,"event_name":"Upgrade Shrine","player_choice":"Upgraded","floor":5.0,"gold_loss":0.0,"damage_taken":0.0,"cards_upgraded":["Bash"]},{"damage_healed":0.0,"max_hp_gain":0.0,"max_hp_loss":0.0,"gold_gain":0.0,"event_name":"Cursed Tome","player_choice":"Obtained Book","floor":19.0,"gold_loss":0.0,"damage_taken":16.0},{"damage_healed":0.0,"max_hp_gain":0.0,"max_hp_loss":0.0,"gold_gain":0.0,"event_name":"Forgotten Altar","player_choice":"Gave Idol","floor":20.0,"relics_lost":["Golden Idol"],"gold_loss":0.0,"damage_taken":0.0,"relics_obtained":["Bloody Idol"]},{"damage_healed":26.0,"max_hp_gain":0.0,"max_hp_loss":0.0,"gold_gain":0.0,"event_name":"The Library","player_choice":"Heal","floor":21.0,"gold_loss":0.0,"damage_taken":0.0},{"damage_healed":0,"gold_gain":0,"player_choice":"0 cards matched","damage_taken":0,"max_hp_gain":0,"max_hp_loss":0,"event_name":"Match and Keep!","floor":25,"gold_loss":0,"cards_obtained":[]},{"damage_healed":0,"gold_gain":0,"player_choice":"Ignored","damage_taken":0,"max_hp_gain":0,"max_hp_loss":0,"event_name":"Vampires","floor":28,"gold_loss":0}],"is_beta":false,"boss_relics":[{"not_picked":["Abe\u0027s Treasure","Electric Blood"],"picked":"Mark of Pain"}],"items_purged_floors":[13],"is_endless":false,"potions_floor_spawned":[1,7,12,14,16,24,29,31],"killed_by":"Champ","ascension_level":4}}