{"host":"ldbx2jhnvtia1ouf","time":1610215243,"event":{"mods":["BaseMod","Better Note","Better Sensory Stone","Better Skull","Better Third Choice","Block Reminder","Colored Map","Colored Powertips","Curses Come First","Highlight Path","Minty Spire (QoL Compilation)","Permanent Neow","Spicy Shops","StSLib","Transform Curses","Unceasing Turn Reminder"],"gold_per_floor":[112,112,112,62,62,62,83,83,110,146,146,3,82,105,105,233,233,248,248,266,11,31,31,45,45,98,98,98,132,155,155,155,283,283,298,361,385,37,60,60,104,104,186,186,199,239,572,586,586,586,586],"floor_reached":50,"playtime":3185,"items_purged":["Strike_R","Defend_R"],"score":616,"play_id":"3db6c560-af86-45d0-8d96-01092aa1d35a","local_time":"20210110040043","is_ascension_mode":false,"campfire_choices":[{"data":"Discovery","floor":6,"key":"SMITH"},{"floor":11,"key":"REST"},{"data":"1","floor":15,"key":"LIFT"},{"floor":23,"key":"REST"},{"data":"2","floor":25,"key":"LIFT"},{"data":"3","floor":28,"key":"LIFT"},{"floor":32,"key":"RECALL"},{"data":"Parasite","floor":40,"key":"PURGE"},{"data":"Dual Wield","floor":42,"key":"SMITH"},{"data":"Defend_R","floor":44,"key":"PURGE"},{"data":"Strike_R","floor":49,"key":"PURGE"}],"circlet_count":0,"master_deck":["Strike_R","Strike_R","Defend_R+1","Defend_R+1","Bash","Iron Wave","Discovery+1","Twin Strike","Rampage","Dual Wield+1","Juggernaut","Feed","CurseOfTheBell","Metallicize+1","Body Slam+1","Iron Wave","Shrug It Off+1","Twin Strike+1","Berserk+1","Berserk+1","Feel No Pain+1","Feed+1","Heavy Blade+1","Warcry+1","Iron Wave+1","Inflame+1","Spot Weakness+1","Clothesline+1","Shockwave+1","Iron Wave+1","Body Slam+1"],"relics":["Burning Blood","Thread and Needle","Girya","War Paint","Unceasing Top","Smiling Mask","Calling Bell","Lantern","Pantograph","Prayer Wheel","Frozen Egg 2","Juzu Bracelet","Eternal Feather","Molten Egg 2","Sozu","Peace Pipe","Mango","Calipers","Meat on the Bone","Letter Opener"],"acts_visited":["Exordium","TheCity","TheBeyond"],"potions_floor_usage":[16,18,20,24,29],"damage_taken":[{"damage":2,"enemies":"2 Louse","floor":1,"turns":3},{"damage":1,"enemies":"Small Slimes","floor":7,"turns":3},{"damage":25,"enemies":"Gremlin Nob","floor":10,"turns":4},{"damage":15,"enemies":"Gremlin Nob","floor":13,"turns":5},{"damage":0,"enemies":"Jaw Worm","floor":14,"turns":4},{"damage":15,"enemies":"Hexaghost","floor":16,"turns":9},{"damage":25,"enemies":"2 Thieves","floor":18,"turns":4},{"damage":1,"enemies":"Shell Parasite","floor":20,"turns":5},{"damage":21,"enemies":"Centurion and Healer","floor":22,"turns":6},{"damage":2,"enemies":"3 Cultists","floor":24,"turns":6},{"damage":9,"enemies":"Book of Stabbing","floor":29,"turns":5},{"damage":7,"enemies":"Snecko","floor":30,"turns":5},{"damage":75,"enemies":"Collector","floor":33,"turns":10},{"damage":0,"enemies":"Orb Walker","floor":35,"turns":2},{"damage":0,"enemies":"Mind Bloom Boss Battle","floor":36,"turns":5},{"damage":17,"enemies":"3 Shapes","floor":37,"turns":4},{"damage":15,"enemies":"Writhing Mass","floor":39,"turns":5},{"damage":48,"enemies":"Reptomancer","floor":41,"turns":6},{"damage":7,"enemies":"Transient","floor":45,"turns":5},{"damage":8,"enemies":"Giant Head","floor":46,"turns":7},{"damage":17,"enemies":"3 Darklings","floor":48,"turns":4},{"damage":116,"enemies":"Donu and Deca","floor":50,"turns":8}],"seed_played":"-5791661500325132470","potions_obtained":[{"floor":13,"key":"GamblersBrew"},{"floor":14,"key":"LiquidMemories"},{"floor":18,"key":"DistilledChaos"},{"floor":20,"key":"ColorlessPotion"},{"floor":22,"key":"DistilledChaos"}],"is_trial":false,"path_per_floor":["M","?","?","?","?","R","M","T","T","E","R","$","?","M","R","B",null,"M","?","M","$","M","R","M","R","T","?","R","E","M","?","R","B",null,"M","?","M","$","M","R","E","R","T","R","M","E","?","M","R","B"],"character_chosen":"IRONCLAD","items_purchased":["Unceasing Top","Frozen Egg 2","Mango"],"campfire_rested":2,"item_purchase_floors":[12,21,38],"current_hp_per_floor":[72,54,54,54,54,54,59,59,59,40,61,61,52,58,58,49,72,53,53,61,61,49,72,79,79,79,79,79,76,75,75,81,12,81,85,92,84,98,89,106,68,86,86,104,103,101,101,90,108,0,0],"gold":586,"neow_bonus":"ONE_RARE_RELIC","is_daily":false,"chose_seed":false,"campfire_upgraded":2,"win_rate":0.0,"timestamp":1610215243,"path_taken":["M","?","?","?","?","R","M","?","T","E","R","$","?","M","R","BOSS","M","?","M","$","M","R","M","R","T","?","R","E","M","?","R","BOSS","M","?","M","$","M","R","E","R","T","R","M","E","?","M","R","BOSS"],"items_purchased_type":["Relic","Relic","Relic"],"build_version":"2020-12-22","purchased_purges":2,"victory":false,"max_hp_per_floor":[72,72,72,72,72,72,72,72,72,72,72,72,72,72,72,72,72,72,72,75,75,78,78,81,81,81,81,81,81,81,81,81,81,81,85,92,95,109,109,106,110,110,110,110,110,110,110,110,110,110,110],"card_choices":[{"not_picked":["Warcry","Hemokinesis"],"picked":"Iron Wave","floor":1},{"not_picked":["Thinking Ahead","Blind"],"picked":"Discovery","floor":5},{"not_picked":["Wild Strike","Sword Boomerang"],"picked":"Twin Strike","floor":7},{"not_picked":["Twin Strike","Headbutt"],"picked":"Rampage","floor":10},{"not_picked":["Wild Strike","Bloodletting"],"picked":"Dual Wield","floor":13},{"not_picked":["Iron Wave","Flame Barrier"],"picked":"Juggernaut","floor":14},{"not_picked":["Impervious","Berserk"],"picked":"Feed","floor":16},{"not_picked":["Twin Strike","Iron Wave+1"],"picked":"Metallicize+1","floor":18},{"not_picked":["Thunderclap","Clash","Twin Strike"],"picked":"SKIP","floor":18},{"not_picked":["Thunderclap","Clash","Twin Strike"],"picked":"SKIP","floor":18},{"not_picked":["True Grit+1","Flex"],"picked":"Body Slam+1","floor":20},{"not_picked":["True Grit+1","Wild Strike"],"picked":"Iron Wave","floor":20},{"not_picked":["Reckless Charge","Cleave+1"],"picked":"Shrug It Off+1","floor":22},{"not_picked":["Wild Strike+1","Bloodletting+1"],"picked":"Twin Strike+1","floor":22},{"not_picked":["Seeing Red","Iron Wave"],"picked":"Berserk+1","floor":24},{"not_picked":["Bloodletting","Wild Strike","Searing Blow+1"],"picked":"SKIP","floor":24},{"not_picked":["Perfected Strike+1","Uppercut","Flame Barrier"],"picked":"SKIP","floor":29},{"not_picked":["Heavy Blade","Spot Weakness"],"picked":"Feel No Pain+1","floor":30},{"not_picked":["Perfected Strike","Wild Strike","Pommel Strike"],"picked":"SKIP","floor":30},{"not_picked":["Bludgeon+1","Fiend Fire+1"],"picked":"Feed+1","floor":33},{"not_picked":["Perfected Strike+1","Anger+1"],"picked":"Heavy Blade+1","floor":35},{"not_picked":["Anger+1","Hemokinesis+1"],"picked":"Warcry+1","floor":35},{"not_picked":["Sword Boomerang+1","Flex+1"],"picked":"Iron Wave+1","floor":36},{"not_picked":["Wild Strike+1","Flex+1","Armaments"],"picked":"SKIP","floor":37},{"not_picked":["Clash+1","Iron Wave+1","Seeing Red"],"picked":"SKIP","floor":37},{"not_picked":["Offering","Dropkick+1"],"picked":"Inflame+1","floor":39},{"not_picked":["Body Slam+1","Cleave+1"],"picked":"Spot Weakness+1","floor":39},{"not_picked":["Thunderclap+1","Disarm"],"picked":"Clothesline+1","floor":41},{"not_picked":["Cleave+1","Twin Strike+1"],"picked":"Shockwave+1","floor":45},{"not_picked":["Reckless Charge+1","Evolve+1","Pommel Strike+1"],"picked":"SKIP","floor":45},{"not_picked":["Feel No Pain+1","Flex+1"],"picked":"Iron Wave+1","floor":46},{"not_picked":["Feel No Pain+1","Perfected Strike+1"],"picked":"Body Slam+1","floor":48},{"not_picked":["Cleave+1","Bloodletting+1","Thunderclap+1"],"picked":"SKIP","floor":48}],"player_experience":83880,"relics_obtained":[{"floor":8,"key":"Girya"},{"floor":10,"key":"War Paint"},{"floor":17,"key":"Lantern"},{"floor":17,"key":"Pantograph"},{"floor":17,"key":"Prayer Wheel"},{"floor":26,"key":"Juzu Bracelet"},{"floor":29,"key":"Eternal Feather"},{"floor":36,"key":"Peace Pipe"},{"floor":41,"key":"Calipers"},{"floor":43,"key":"Meat on the Bone"},{"floor":46,"key":"Letter Opener"}],"event_choices":[{"damage_healed":0,"gold_gain":0,"player_choice":"Take Damage","damage_taken":18,"relics_obtained":["Golden Idol"],"max_hp_gain":0,"max_hp_loss":0,"event_name":"Golden Idol","floor":2,"gold_loss":0},{"damage_healed":0,"gold_gain":0,"cards_transformed":["Strike_R"],"player_choice":"Change","damage_taken":0,"max_hp_gain":0,"max_hp_loss":0,"event_name":"Living Wall","floor":3,"gold_loss":0,"cards_obtained":["Searing Blow"]},{"cards_removed":["Searing Blow"],"damage_healed":0,"gold_gain":0,"player_choice":"Card Removal","damage_taken":0,"max_hp_gain":0,"max_hp_loss":0,"event_name":"The Cleric","floor":4,"gold_loss":50},{"damage_healed":0,"gold_gain":1,"player_choice":"1","damage_taken":0,"max_hp_gain":0,"max_hp_loss":0,"event_name":"betterStone:BetterStone","floor":5,"gold_loss":0},{"damage_healed":0,"gold_gain":0,"player_choice":"Searched \u00272\u0027 times","damage_taken":0,"relics_obtained":["Smiling Mask"],"max_hp_gain":0,"max_hp_loss":0,"event_name":"Dead Adventurer","floor":13,"gold_loss":0},{"damage_healed":0,"gold_gain":0,"player_choice":"Bought 0 Potions","damage_taken":0,"max_hp_gain":0,"max_hp_loss":0,"event_name":"The Woman in Blue","floor":19,"gold_loss":0},{"cards_removed":["Berserk"],"damage_healed":0,"gold_gain":0,"player_choice":"Take \u0026 Give","damage_taken":0,"max_hp_gain":0,"max_hp_loss":0,"event_name":"betterNote:BetterNote","floor":27,"gold_loss":0,"cards_obtained":["Berserk"]},{"damage_healed":0,"gold_gain":0,"player_choice":"Opened","damage_taken":0,"relics_obtained":["Molten Egg 2"],"max_hp_gain":0,"max_hp_loss":0,"event_name":"The Mausoleum","floor":31,"gold_loss":0},{"damage_healed":0,"gold_gain":0,"player_choice":"Fight","damage_taken":0,"max_hp_gain":0,"max_hp_loss":0,"event_name":"MindBloom","floor":36,"gold_loss":0},{"damage_healed":0,"gold_gain":333,"player_choice":"Gave Idol","damage_taken":0,"max_hp_gain":0,"max_hp_loss":0,"event_name":"The Moai Head","floor":47,"relics_lost":["Golden Idol"],"gold_loss":0}],"is_beta":false,"boss_relics":[{"not_picked":["SlaversCollar","Velvet Choker"],"picked":"Calling Bell"},{"not_picked":["Pandora\u0027s Box","Empty Cage"],"picked":"Sozu"}],"items_purged_floors":[12,38],"is_endless":false,"potions_floor_spawned":[13,14,18,20,22,36,37,41],"killed_by":"Donu and Deca","ascension_level":0}}