{"host":"6jrnojxwearbrjzo","time":1610224027,"event":{"mods":["BaseMod","Colored Map","Conspire","Downfall","Highlight Path","Marisa£®ÏF”Í°°ƒß¿Ì…≥£©","Minty Spire (QoL Compilation)","Quick Restart","Replay The Spire","Shop Mod","Spicy Shops","StSLib","SuperFastMode","TestMod","The Construct","The Cursed","The Servant 0.9.4","Yuyuko","vexMod"],"gold_per_floor":[113,36,36,78,96,130,21,21,71,91,91,122,122,141,141,240,240,267,267,467,493,514,514,536,536,617,617,46,81,81,81,81,207,207,228,228,228,228,248,288,288,307,307,307,307,307,344,407,407,427,427],"floor_reached":50,"playtime":1524,"items_purged":["Strike_G"],"score":747,"play_id":"b55ca74d-e27d-4791-b5f1-1aa906e7dd28","local_time":"20210110042707","is_ascension_mode":false,"campfire_choices":[{"data":"ReplayTheSpireMod:Scrap Shanks","floor":8,"key":"SMITH"},{"data":"Regret","floor":15,"key":"PURGE"},{"data":"Acrobatics","floor":23,"key":"SMITH"},{"data":"Terror","floor":27,"key":"SMITH"},{"data":"Phantasmal Killer","floor":30,"key":"SMITH"},{"data":"Calculated Gamble","floor":32,"key":"SMITH"},{"data":"testmod-RepeatForm","floor":41,"key":"SMITH"},{"data":"ReplayTheSpireMod:Shiv Toss","floor":44,"key":"SMITH"},{"data":"Neutralize","floor":49,"key":"SMITH"}],"circlet_count":0,"master_deck":["Strike_G","Strike_G","Strike_G","Defend_G","Defend_G","Survivor","Neutralize+1","ReplayTheSpireMod:Scrap Shanks+1","ReplayTheSpireMod:From All Sides+1","Acrobatics+1","Terror+1","Phantasmal Killer+1","Calculated Gamble+1","ReplayTheSpireMod:Shiv Toss+1","testmod-RepeatForm+1","Tactician+1"],"relics":["testmod-TestBox","testmod-ThousandKnives","testmod-Temperance","conspire:DecoderRing","conspire:DeflatedDodgeball","Membership Card","Lantern","ReplayTheSpireMod:Ring of Collecting","Ring of Panic","testmod-IndustrialRevolution","vexMod:ScavengeHelm","testmod-DeterminationOfClimber","ReplayTheSpireMod:Ring of Challenge","Darkstone Periapt","Ring of Fury","Divine Protection","Juzu Bracelet","conspire:TreasureMap","Incense Burner","testmod-BouquetWithThorns","testmod-OneHitWonder","Enchiridion","construct:WeddingRing","Tiny Chest","Ring of Hypnosis","Mummified Hand","ReplayTheSpireMod:Ring of Exchange","Replay:Rubber Ducky","Art of War","Basket Of Snakes"],"acts_visited":["Exordium","TheCity","TheBeyond"],"potions_floor_usage":[14,16,16],"damage_taken":[{"damage":0,"enemies":"2 Louse","floor":1,"turns":3},{"damage":3,"enemies":"conspire:MimicChest","floor":4,"turns":6},{"damage":0,"enemies":"Small Slimes","floor":5,"turns":2},{"damage":15,"enemies":"Gremlin Nob","floor":6,"turns":4},{"damage":0,"enemies":"Cultist","floor":10,"turns":3},{"damage":8,"enemies":"Replay:BlueRogue","floor":12,"turns":5},{"damage":7,"enemies":"Large Slime","floor":14,"turns":2},{"damage":7,"enemies":"Hexaghost","floor":16,"turns":4},{"damage":0,"enemies":"Shell Parasite","floor":18,"turns":2},{"damage":0,"enemies":"Spheric Guardian","floor":21,"turns":1},{"damage":0,"enemies":"Cultist and Chosen","floor":22,"turns":2},{"damage":0,"enemies":"Snecko","floor":24,"turns":2},{"damage":0,"enemies":"Gremlin Leader","floor":29,"turns":1},{"damage":12,"enemies":"Automaton","floor":33,"turns":5},{"damage":0,"enemies":"Orb Walker","floor":35,"turns":1},{"damage":0,"enemies":"3 Darklings","floor":39,"turns":1},{"damage":0,"enemies":"Giant Head","floor":40,"turns":2},{"damage":0,"enemies":"Jaw Worm Horde","floor":42,"turns":1},{"damage":0,"enemies":"R_Hoarder","floor":47,"turns":2},{"damage":0,"enemies":"Mind Bloom Boss Battle","floor":48,"turns":2},{"damage":85,"enemies":"conspire:OrnateMirror","floor":50,"turns":1}],"seed_played":"4603319377324177437","potions_obtained":[{"floor":4,"key":"Fire Potion"},{"floor":6,"key":"Poison Potion"},{"floor":14,"key":"Strength Potion"},{"floor":16,"key":"BlessingOfTheForge"},{"floor":18,"key":"FearPotion"},{"floor":22,"key":"champ:CounterPotion"},{"floor":47,"key":"LiquidMemories"},{"floor":48,"key":"Adrenaline Potion"}],"is_trial":false,"path_per_floor":["M","$","?","?","M","E","$","R","T","M","?","E","?","M","R_BF","B",null,"M","?","?","M","M","R","M","T","T","R","$","E","R","?","R","B",null,"M","?","?","?","M","E","R","M","T","R","?","T","E","?","R","B"],"character_chosen":"THE_SILENT","items_purchased":["ReplayTheSpireMod:Scrap Shanks","Membership Card","Juzu Bracelet","conspire:TreasureMap","Incense Burner","testmod-BouquetWithThorns","CunningPotion","EssenceOfSteel"],"campfire_rested":0,"item_purchase_floors":[2,7,28,28,28,28,28,28],"current_hp_per_floor":[70,70,70,67,67,52,52,52,52,52,52,44,44,37,37,30,70,70,57,57,63,73,73,75,75,75,75,75,75,75,59,59,63,75,75,81,81,81,81,81,81,81,81,81,81,81,81,81,81,0,0],"gold":427,"neow_bonus":"BOSS_RELIC","is_daily":false,"chose_seed":false,"campfire_upgraded":8,"win_rate":0.0,"timestamp":1610224027,"path_taken":["M","$","?","?","?","E","$","R","T","M","?","E","?","M","R_BF","BOSS","M","?","?","M","?","R","M","?","T","R","$","E","R","?","R","BOSS","M","?","?","?","M","E","R","M","T","R","?","?","E","?","R","BOSS"],"items_purchased_type":["Card","Relic","Relic","Relic","Relic","Relic","Potion","Potion"],"build_version":"2020-12-22","purchased_purges":1,"victory":false,"max_hp_per_floor":[70,70,70,70,70,70,70,70,70,70,70,70,70,70,70,70,70,70,75,75,75,75,75,75,75,75,75,75,75,75,75,75,75,75,75,81,81,81,81,81,81,81,81,81,81,81,81,81,81,81,81],"card_choices":[{"not_picked":["Hidden Blade","Predator","Heel Hook"],"picked":"SKIP","floor":1},{"not_picked":["PiercingWail","Quick Slash"],"picked":"Acrobatics","floor":5},{"not_picked":["Backflip","Skewer","Dodge and Roll"],"picked":"SKIP","floor":6},{"not_picked":["Setup","Deflect"],"picked":"Terror","floor":10},{"not_picked":["Caltrops","ReplayTheSpireMod:Necrosis","Leg Sweep"],"picked":"SKIP","floor":12},{"not_picked":["Leg Sweep","Sucker Punch","Cloak And Dagger"],"picked":"SKIP","floor":14},{"not_picked":["Tools of the Trade","ReplayTheSpireMod:Necrosis"],"picked":"Phantasmal Killer","floor":16},{"not_picked":["Bane","Outmaneuver"],"picked":"Calculated Gamble","floor":18},{"not_picked":["Distraction+1","Draining Mist","Sneak Up+1"],"picked":"SKIP","floor":21},{"not_picked":["Sucker Punch+1","ReplayTheSpireMod:The Works"],"picked":"ReplayTheSpireMod:Shiv Toss","floor":22},{"not_picked":["Acrobatics","Poisoned Stab+1","Dagger Spray"],"picked":"SKIP","floor":24},{"not_picked":["Bane","Sucker Punch","Dagger Spray"],"picked":"SKIP","floor":29},{"not_picked":["Blade Dance+1","Hidden Blade+1","Slice+1"],"picked":"SKIP","floor":35},{"not_picked":["expansioncontent:QuickStudy","Replay:SS_fish_1"],"picked":"testmod-RepeatForm","floor":37},{"not_picked":["Bane","Poisoned Stab","Quick Slash"],"picked":"SKIP","floor":39},{"not_picked":["Infinite Blades","ReplayTheSpireMod:Tripwire"],"picked":"Choke+1","floor":40},{"not_picked":["Caltrops","Flying Knee","ReplayTheSpireMod:The Works"],"picked":"SKIP","floor":42},{"not_picked":["Infinite Blades","Slice"],"picked":"Tactician+1","floor":47}],"player_experience":50209,"relics_obtained":[{"floor":4,"key":"conspire:DecoderRing"},{"floor":6,"key":"conspire:DeflatedDodgeball"},{"floor":9,"key":"Lantern"},{"floor":11,"key":"ReplayTheSpireMod:Ring of Collecting"},{"floor":11,"key":"Ring of Panic"},{"floor":12,"key":"testmod-IndustrialRevolution"},{"floor":25,"key":"ReplayTheSpireMod:Ring of Challenge"},{"floor":25,"key":"Darkstone Periapt"},{"floor":26,"key":"Ring of Fury"},{"floor":26,"key":"Divine Protection"},{"floor":29,"key":"testmod-OneHitWonder"},{"floor":31,"key":"Enchiridion"},{"floor":40,"key":"Tiny Chest"},{"floor":43,"key":"Ring of Hypnosis"},{"floor":43,"key":"Mummified Hand"},{"floor":46,"key":"ReplayTheSpireMod:Ring of Exchange"},{"floor":46,"key":"Replay:Rubber Ducky"},{"floor":47,"key":"Art of War"},{"floor":48,"key":"Basket Of Snakes"}],"event_choices":[{"damage_healed":0,"gold_gain":0,"player_choice":"Box","damage_taken":0,"relics_obtained":["vexMod:ScavengeHelm"],"max_hp_gain":0,"max_hp_loss":0,"event_name":"Big Fish","floor":13,"gold_loss":0,"cards_obtained":["Regret"]},{"damage_healed":0,"gold_gain":0,"player_choice":"Shed Blood","damage_taken":18,"max_hp_gain":5,"max_hp_loss":0,"event_name":"Forgotten Altar","floor":19,"gold_loss":0},{"damage_healed":0,"gold_gain":250,"player_choice":"Bet on Owner","damage_taken":0,"max_hp_gain":0,"max_hp_loss":0,"event_name":"The Joust","floor":20,"gold_loss":50},{"damage_healed":0,"gold_gain":0,"player_choice":"Obtained Book","damage_taken":16,"max_hp_gain":0,"max_hp_loss":0,"event_name":"Cursed Tome","floor":31,"gold_loss":0},{"damage_healed":0,"gold_gain":0,"player_choice":"Ignored","damage_taken":0,"max_hp_gain":0,"max_hp_loss":0,"event_name":"OrinTheCat","floor":36,"gold_loss":0},{"damage_healed":0,"gold_gain":0,"player_choice":"Memory 1","damage_taken":0,"max_hp_gain":0,"max_hp_loss":0,"event_name":"SensoryStone","floor":37,"gold_loss":0},{"damage_healed":0,"gold_gain":0,"player_choice":"Ignored","damage_taken":0,"max_hp_gain":0,"max_hp_loss":0,"event_name":"NoteForYourself","floor":38,"gold_loss":0},{"cards_removed":["Choke"],"damage_healed":0,"gold_gain":0,"player_choice":"Removed Attack","damage_taken":0,"max_hp_gain":0,"max_hp_loss":0,"event_name":"Falling","floor":45,"gold_loss":0},{"damage_healed":0,"gold_gain":0,"player_choice":"Fight","damage_taken":0,"max_hp_gain":0,"max_hp_loss":0,"event_name":"MindBloom","floor":48,"gold_loss":0}],"is_beta":false,"boss_relics":[{"not_picked":["vexMod:EndlessSickness","testmod-DreamHouse"],"picked":"testmod-DeterminationOfClimber"},{"not_picked":["testmod-StringDisintegrator","conspire:SlowCooker"],"picked":"construct:WeddingRing"}],"items_purged_floors":[7],"is_endless":false,"potions_floor_spawned":[4,6,14,16,18,22,24,29,40,47,48],"killed_by":"conspire:OrnateMirror","ascension_level":0}}