{"host":"t9vqxmgmtrdkt9v9","time":1610176871,"event":{"mods":["AchievementEnabler","BaseMod","Colored Map","Minty Spire (QoL Compilation)","Permanent Neow","Relic Stats","StSLib"],"gold_per_floor":[110,126,142,162,172,201,201,233,233,245,274,286,318,330,330],"floor_reached":14,"playtime":729,"items_purged":[],"score":192,"play_id":"86f6b2ae-b064-4feb-90b6-6d208d6dc01d","local_time":"20210109172111","is_ascension_mode":true,"campfire_choices":[{"data":"Bash","floor":7,"key":"SMITH"},{"data":"Brutality","floor":10,"key":"SMITH"}],"circlet_count":0,"master_deck":["AscendersBane","Strike_R","Strike_R","Strike_R","Strike_R","Strike_R","Defend_R","Defend_R","Defend_R","Defend_R","Bash+1","Clothesline","Flame Barrier","Anger","Shrug It Off","Flame Barrier","Brutality+1","Pommel Strike"],"relics":["Burning Blood","Nunchaku","Red Skull","Vajra","MawBank"],"acts_visited":["Exordium"],"potions_floor_usage":[6,8,13,13],"damage_taken":[{"damage":18,"enemies":"Cultist","floor":1,"turns":5},{"damage":4,"enemies":"Jaw Worm","floor":2,"turns":4},{"damage":6,"enemies":"2 Louse","floor":3,"turns":4},{"damage":3,"enemies":"Looter","floor":4,"turns":4},{"damage":12,"enemies":"Exordium Wildlife","floor":5,"turns":6},{"damage":15,"enemies":"Lagavulin","floor":6,"turns":5},{"damage":15,"enemies":"3 Sentries","floor":8,"turns":9},{"damage":4,"enemies":"Exordium Thugs","floor":11,"turns":4},{"damage":24,"enemies":"Gremlin Gang","floor":13,"turns":4},{"damage":26,"enemies":"Gremlin Nob","floor":14,"turns":3}],"seed_played":"8267191401729473015","potions_obtained":[{"floor":2,"key":"FearPotion"},{"floor":3,"key":"ColorlessPotion"},{"floor":6,"key":"AttackPotion"},{"floor":8,"key":"ColorlessPotion"}],"is_trial":false,"path_per_floor":["M","M","M","M","M","E","R","E","T","R","M","?","M","E"],"character_chosen":"IRONCLAD","items_purchased":[],"campfire_rested":0,"item_purchase_floors":[],"current_hp_per_floor":[56,58,58,61,55,46,46,37,37,37,39,39,21,0,0],"gold":330,"neow_bonus":"RANDOM_COMMON_RELIC","is_daily":false,"chose_seed":false,"campfire_upgraded":2,"win_rate":0.0,"timestamp":1610176871,"path_taken":["M","M","?","M","M","E","R","E","T","R","M","?","M","E"],"items_purchased_type":[],"build_version":"2020-12-22","purchased_purges":0,"victory":false,"max_hp_per_floor":[75,75,75,75,75,75,75,75,75,75,75,75,75,75,75],"relic_stats":{"Nunchaku":[8],"counters":[10,48],"MawBank":60,"obtain_stats":[{"Nunchaku":0,"Vajra":8,"MawBank":9,"Burning Blood":0,"Red Skull":6},{"Nunchaku":0,"Vajra":7,"MawBank":7,"Burning Blood":0,"Red Skull":6},{"Nunchaku":0,"Vajra":37,"MawBank":37,"Burning Blood":0,"Red Skull":28}],"Burning Blood":54},"card_choices":[{"not_picked":["True Grit","Flame Barrier"],"picked":"Clothesline","floor":1},{"not_picked":["Sever Soul","Power Through","Dual Wield"],"picked":"SKIP","floor":2},{"not_picked":["Wild Strike","Pummel"],"picked":"Flame Barrier","floor":3},{"not_picked":["True Grit","Clothesline"],"picked":"Anger","floor":4},{"not_picked":["Headbutt","Pummel"],"picked":"Shrug It Off","floor":5},{"not_picked":["Warcry","Pommel Strike"],"picked":"Flame Barrier","floor":6},{"not_picked":["Entrench","Seeing Red"],"picked":"Brutality","floor":8},{"not_picked":["Perfected Strike","Reckless Charge","Body Slam"],"picked":"SKIP","floor":11},{"not_picked":["Rage","Heavy Blade"],"picked":"Pommel Strike","floor":13}],"player_experience":393841,"relics_obtained":[{"floor":6,"key":"Red Skull"},{"floor":8,"key":"Vajra"},{"floor":9,"key":"MawBank"}],"event_choices":[{"damage_healed":0,"gold_gain":0,"player_choice":"Ignored","damage_taken":0,"max_hp_gain":0,"max_hp_loss":0,"event_name":"Shining Light","floor":12,"gold_loss":0}],"is_beta":false,"boss_relics":[],"items_purged_floors":[],"is_endless":false,"potions_floor_spawned":[2,3,6,8],"killed_by":"Gremlin Nob","ascension_level":17}}