{"host":"o7j6aatxjwpw1421","time":1610190815,"event":{"mods":["2.2 Compatiblity","AchievementEnabler","BaseMod","Colored Map","DeckTracker","Highlight Path","Keyboard Shortcuts","Minty Spire (QoL Compilation)","Permanent Neow","Quick Restart","StSLib","SuperFastMode","everything is the same but u backflip on backflip"],"gold_per_floor":[359,359,375,25,25,25,40,40,66,66,81,81,99,109,109,185,185,185,185],"floor_reached":18,"playtime":787,"items_purged":["Strike_G"],"score":289,"play_id":"fe52196c-df31-4f1b-94ff-33cf413439b7","local_time":"20210109201335","is_ascension_mode":true,"campfire_choices":[{"data":"Neutralize","floor":6.0,"key":"SMITH"},{"data":"Accuracy","floor":8.0,"key":"SMITH"},{"data":"Accuracy","floor":12.0,"key":"SMITH"},{"data":"Cloak And Dagger","floor":15,"key":"SMITH"}],"circlet_count":0,"master_deck":["AscendersBane","Strike_G","Strike_G","Strike_G","Defend_G","Defend_G","Defend_G","Survivor","Neutralize+1","Finisher+1","Accuracy+1","Accuracy+1","Cloak And Dagger+1","Burst"],"relics":["Ring of the Snake","Singing Bowl","Juzu Bracelet","Empty Cage"],"acts_visited":["Exordium","TheCity"],"potions_floor_usage":[18],"damage_taken":[{"damage":2.0,"enemies":"Cultist","floor":1.0,"turns":4.0},{"damage":2.0,"enemies":"Small Slimes","floor":3.0,"turns":3.0},{"damage":0.0,"enemies":"Jaw Worm","floor":7.0,"turns":3.0},{"damage":13.0,"enemies":"Large Slime","floor":11.0,"turns":7.0},{"damage":4.0,"enemies":"3 Louse","floor":13.0,"turns":5.0},{"damage":3,"enemies":"Exordium Wildlife","floor":14,"turns":3},{"damage":31,"enemies":"The Guardian","floor":16,"turns":15},{"damage":0,"enemies":"3 Byrds","floor":18,"turns":1}],"seed_played":"-8919964533199369101","potions_obtained":[{"floor":11.0,"key":"Weak Potion"},{"floor":16,"key":"ColorlessPotion"}],"is_trial":false,"path_per_floor":["M","?","M","$","?","R","M","R","T","$","M","R","M","M","R","B",null,"M"],"character_chosen":"THE_SILENT","items_purchased":["Singing Bowl"],"campfire_rested":0,"item_purchase_floors":[4],"current_hp_per_floor":[57,57,55,55,48,48,48,48,48,48,37,37,33,32,32,1,48,48,48],"gold":185,"neow_bonus":"TWO_FIFTY_GOLD","is_daily":false,"chose_seed":false,"campfire_upgraded":4,"win_rate":0.0,"timestamp":1610190815,"path_taken":["M","?","?","$","?","R","M","R","T","$","M","R","M","M","R","BOSS","M"],"items_purchased_type":["Relic"],"build_version":"2020-12-22","purchased_purges":1,"victory":false,"max_hp_per_floor":[60,60,60,60,60,60,60,60,60,60,62,62,62,64,64,64,64,64,64],"card_choices":[{"not_picked":["Cloak And Dagger","Bane"],"picked":"Finisher","floor":1.0},{"not_picked":["Caltrops","Sucker Punch"],"picked":"Accuracy","floor":3.0},{"not_picked":["Acrobatics","Well Laid Plans"],"picked":"Accuracy","floor":7.0},{"not_picked":["Bane","Heel Hook","Concentrate"],"picked":"Singing Bowl","floor":11.0},{"not_picked":["Bane","Dagger Spray"],"picked":"Cloak And Dagger","floor":13.0},{"not_picked":["Deflect","Leg Sweep","Prepared"],"picked":"Singing Bowl","floor":14},{"not_picked":["Phantasmal Killer","Envenom"],"picked":"Burst","floor":16}],"player_experience":452550,"relics_obtained":[{"floor":9.0,"key":"Juzu Bracelet"}],"event_choices":[{"damage_healed":0.0,"max_hp_gain":0.0,"max_hp_loss":0.0,"gold_gain":0.0,"event_name":"Upgrade Shrine","player_choice":"Upgraded","floor":2.0,"gold_loss":0.0,"damage_taken":0.0,"cards_upgraded":["Finisher"]},{"cards_removed":["Defend_G"],"damage_healed":0.0,"max_hp_gain":0.0,"max_hp_loss":0.0,"gold_gain":0.0,"event_name":"Golden Wing","player_choice":"Card Removal","floor":5.0,"gold_loss":0.0,"damage_taken":7.0}],"is_beta":false,"boss_relics":[{"not_picked":["Cursed Key","SlaversCollar"],"picked":"Empty Cage"}],"items_purged_floors":[4],"is_endless":false,"potions_floor_spawned":[11,16],"killed_by":"3 Byrds","ascension_level":18}}