{"host":"6jrnojxwearbrjzo","time":1610228557,"event":{"mods":["BaseMod","Colored Map","Conspire","Downfall","Highlight Path","Marisa（F雨　魔理沙）","Minty Spire (QoL Compilation)","Quick Restart","Replay The Spire","Shop Mod","Spicy Shops","StSLib","SuperFastMode","TestMod","The Construct","The Cursed","The Servant 0.9.4","Yuyuko","vexMod"],"gold_per_floor":[113,113,38,58,58,86,86,159,159,159,169,180,192,209,209,314,314,325,325,300,57,57,57,86,97,97,112,52,63,93,108,108,210,210,228,84,104,104,122,122,142,142,142,142,162,86,104,131,131,131],"floor_reached":51,"playtime":2005,"items_purged":["Writhe","Strike_G"],"score":819,"play_id":"133ed4e8-6059-460d-914f-f42d506b17e2","local_time":"20210110054237","is_ascension_mode":false,"campfire_choices":[{"floor":10,"key":"REST"},{"data":"Sneak Up","floor":23,"key":"SMITH"},{"floor":32,"key":"REST"},{"data":"ReplayTheSpireMod:Scrap Shanks","floor":40,"key":"SMITH"},{"data":"Calculated Gamble","floor":42,"key":"SMITH"},{"data":"Accuracy","floor":49,"key":"SMITH"}],"circlet_count":0,"master_deck":["Survivor+1","Neutralize","Sneak Up+1","Dagger Throw+1","Choke+1","Adrenaline+1","Replay:Poison Smokescreen+1","Bouncing Flask+1","Toxin Wave","Backflip","Escape Plan","Catalyst","Wraith Form v2","Concentrate","Necronomicurse","ReplayTheSpireMod:Scrap Shanks+1","Blade Dance","Venomology+1","Backflip","Accuracy+1","Backstab","Quick Slash","Calculated Gamble+1","Cloak And Dagger+1","Expertise+1","Acrobatics","Finisher","Prepared","conspire:PoisonWeapons+1"],"relics":["Ring of the Snake","Prayer Wheel","testmod-Nyarlathotep","Ring of Misfortune","Ring of Hypnosis","Astrolabe","Centennial Puzzle","testmod-Hope","Whetstone","vexMod:DeviousBotling","Sling","Necronomicon","Divine Protection","Replay:Bottled Flurry","Bottled Lightning","Pandora\u0027s Box","Bag of Marbles","Juzu Bracelet","ReplayTheSpireMod:TigerMarble","Boot"],"acts_visited":["Exordium","TheCity","TheBeyond"],"potions_floor_usage":[6,13,16,16,25,30,33,33,37,39,39,48,50,50,50,50],"damage_taken":[{"damage":3,"enemies":"Jaw Worm","floor":1,"turns":4},{"damage":8,"enemies":"conspire:RoseBush","floor":4,"turns":3},{"damage":10,"enemies":"3 Sentries","floor":6,"turns":4},{"damage":0,"enemies":"2 Louse","floor":11,"turns":1},{"damage":0,"enemies":"Blue Slaver","floor":12,"turns":3},{"damage":2,"enemies":"conspire:2 RoseBushes","floor":13,"turns":3},{"damage":0,"enemies":"2 Fungi Beasts","floor":14,"turns":3},{"damage":7,"enemies":"Hexaghost","floor":16,"turns":7},{"damage":11,"enemies":"conspire:FuzzyDice","floor":18,"turns":4},{"damage":0,"enemies":"conspire:SneckoGhost","floor":24,"turns":4},{"damage":0,"enemies":"Shell Parasite","floor":25,"turns":5},{"damage":2,"enemies":"Chosen and Byrds","floor":27,"turns":4},{"damage":0,"enemies":"3 Cultists","floor":29,"turns":5},{"damage":11,"enemies":"Book of Stabbing","floor":30,"turns":3},{"damage":0,"enemies":"Centurion and Healer","floor":31,"turns":3},{"damage":38,"enemies":"Collector","floor":33,"turns":6},{"damage":18,"enemies":"3 Darklings","floor":35,"turns":5},{"damage":0,"enemies":"3 Shapes","floor":37,"turns":3},{"damage":0,"enemies":"Transient","floor":39,"turns":5},{"damage":0,"enemies":"Sphere and 2 Shapes","floor":41,"turns":2},{"damage":0,"enemies":"Jaw Worm Horde","floor":45,"turns":2},{"damage":0,"enemies":"Spire Growth","floor":47,"turns":2},{"damage":0,"enemies":"Reptomancer","floor":48,"turns":3},{"damage":36,"enemies":"Awakened One","floor":50,"turns":7}],"seed_played":"-1030423114750795635","potions_obtained":[{"floor":1,"key":"hexamod:EctoCoolerPotion"},{"floor":4,"key":"testmod-TimePotion"},{"floor":12,"key":"Guardian:BlockOnCardUsePotion"},{"floor":14,"key":"DistilledChaos"},{"floor":24,"key":"Weak Potion"},{"floor":25,"key":"Toxic Potion"},{"floor":27,"key":"Strength Potion"},{"floor":30,"key":"Doom Potion"},{"floor":35,"key":"SmokeBomb"},{"floor":47,"key":"champ:CounterPotion"},{"floor":48,"key":"Explosive Potion"}],"is_trial":false,"path_per_floor":["M","?","$","M","?","E","?","T","T","R","M","M","M","M","R_BF","B",null,"M","?","?","$","?","R","E","M","T","M","?","M","E","M","R","B",null,"M","$","M","?","M","R","M","R","T","?","M","$","M","E","R","B",null],"character_chosen":"THE_SILENT","items_purchased":["Sling","Bag of Marbles","ReplayTheSpireMod:TigerMarble"],"campfire_rested":2,"item_purchase_floors":[21,36,46],"current_hp_per_floor":[46,46,46,38,38,28,14,14,14,35,35,35,33,33,54,47,70,59,59,59,59,43,43,43,43,43,41,41,41,30,30,51,13,70,57,57,57,57,57,57,57,57,57,57,57,57,57,57,57,21],"gold":131,"neow_bonus":"ONE_RARE_RELIC","is_daily":false,"chose_seed":false,"campfire_upgraded":4,"win_rate":0.0,"timestamp":1610228557,"path_taken":["M","?","$","M","?","E","?","?","T","R","M","M","M","M","R_BF","BOSS","M","?","?","?","?","R","E","M","T","M","?","?","E","M","R","BOSS","M","$","M","?","M","R","M","R","T","?","M","?","M","E","R","BOSS"],"items_purchased_type":["Relic","Relic","Relic"],"build_version":"2020-12-22","purchased_purges":2,"victory":true,"max_hp_per_floor":[70,70,70,70,70,70,70,70,70,70,70,70,70,70,70,70,70,70,70,70,70,70,70,70,70,70,70,70,70,70,70,70,70,70,70,70,70,70,70,70,70,70,70,70,70,70,70,70,70,70],"card_choices":[{"not_picked":["ReplayTheSpireMod:Speed Training","Skewer"],"picked":"Sneak Up","floor":1},{"not_picked":["Underhanded Strike","conspire:PoisonWeapons"],"picked":"Dagger Throw","floor":1},{"not_picked":["Backstab","Endless Agony"],"picked":"Choke","floor":4},{"not_picked":["Underhanded Strike","Slice","Doppelganger"],"picked":"SKIP","floor":4},{"not_picked":["Blur","Hidden Blade","Accuracy"],"picked":"SKIP","floor":6},{"not_picked":["Poisoned Stab","Bouncing Flask"],"picked":"Toxin Wave","floor":11},{"not_picked":["Deadly Poison","Crippling Poison"],"picked":"Backflip","floor":11},{"not_picked":["Bane","Blur"],"picked":"Escape Plan","floor":12},{"not_picked":["PiercingWail","Dagger Throw","Masterful Stab"],"picked":"SKIP","floor":12},{"not_picked":["Poisoned Stab","Prepared"],"picked":"Catalyst","floor":13},{"not_picked":["Dagger Throw","Infinite Blades","Blade Dance"],"picked":"SKIP","floor":13},{"not_picked":["Blade Dance","Dodge and Roll","Hidden Blade"],"picked":"SKIP","floor":14},{"not_picked":["Deadly Poison","Dagger Throw","ReplayTheSpireMod:From All Sides"],"picked":"SKIP","floor":14},{"not_picked":["Glass Knife","Unload"],"picked":"Wraith Form v2","floor":16},{"not_picked":["Poisoned Stab","Backflip"],"picked":"Concentrate","floor":18},{"not_picked":["Dagger Spray","Bane","Hidden Blade"],"picked":"SKIP","floor":18},{"not_picked":["Deflect+1","Dagger Spray","Dodge and Roll"],"picked":"SKIP","floor":24},{"not_picked":["Draining Mist","ReplayTheSpireMod:Necrosis"],"picked":"ReplayTheSpireMod:Scrap Shanks","floor":25},{"not_picked":["Expertise+1","Finisher+1","Bane+1"],"picked":"SKIP","floor":25},{"not_picked":["Dagger Throw+1","Flying Knee","Prepared"],"picked":"SKIP","floor":27},{"not_picked":["Grand Finale","Backstab","Hidden Blade+1"],"picked":"SKIP","floor":27},{"not_picked":["Caltrops","Bouncing Flask"],"picked":"Blade Dance","floor":29},{"not_picked":["Expertise","Leg Sweep","Acrobatics"],"picked":"SKIP","floor":29},{"not_picked":["Underhanded Strike","After Image","Backflip"],"picked":"SKIP","floor":30},{"not_picked":["ReplayTheSpireMod:Speed Training","Sneak Up","Underhanded Strike+1"],"picked":"SKIP","floor":31},{"not_picked":["Dagger Spray+1","ReplayTheSpireMod:Speed Training+1","PiercingWail"],"picked":"SKIP","floor":31},{"not_picked":["A Thousand Cuts","Malaise"],"picked":"Venomology","floor":33},{"not_picked":["Outmaneuver","Blade Dance+1"],"picked":"Cloak And Dagger+1","floor":35},{"not_picked":["Quick Slash","Sucker Punch+1"],"picked":"Expertise+1","floor":35},{"not_picked":["Crippling Poison","Sucker Punch+1","Dodge and Roll"],"picked":"SKIP","floor":37},{"not_picked":["Escape Plan","Deflect","Bouncing Flask"],"picked":"SKIP","floor":37},{"not_picked":["Hidden Blade+1","Sneak Up","Predator+1"],"picked":"SKIP","floor":39},{"not_picked":["Sucker Punch+1","Flechettes","Flying Knee+1"],"picked":"SKIP","floor":39},{"not_picked":["Blade Dance+1","Dagger Spray"],"picked":"Acrobatics","floor":41},{"not_picked":["Acrobatics","Quick Slash","ReplayTheSpireMod:Speed Training+1"],"picked":"SKIP","floor":41},{"not_picked":["Atom Bomb","Backflip+1"],"picked":"Finisher","floor":45},{"not_picked":["Dagger Throw","Deadly Poison","Quick Slash+1"],"picked":"SKIP","floor":45},{"not_picked":["Finisher","Slice"],"picked":"Prepared","floor":47},{"not_picked":["PiercingWail","Dodge and Roll+1"],"picked":"conspire:PoisonWeapons+1","floor":47},{"not_picked":["Heel Hook","Bane+1","Dagger Throw"],"picked":"SKIP","floor":48}],"player_experience":52053,"relics_obtained":[{"floor":2,"key":"Ring of Misfortune"},{"floor":2,"key":"Ring of Hypnosis"},{"floor":6,"key":"Centennial Puzzle"},{"floor":8,"key":"testmod-Hope"},{"floor":9,"key":"Whetstone"},{"floor":22,"key":"Necronomicon"},{"floor":24,"key":"Divine Protection"},{"floor":26,"key":"Replay:Bottled Flurry"},{"floor":30,"key":"Bottled Lightning"},{"floor":43,"key":"Juzu Bracelet"},{"floor":48,"key":"Boot"}],"event_choices":[{"damage_healed":0,"gold_gain":0,"player_choice":"Swap Relic","damage_taken":0,"relics_obtained":["Astrolabe"],"max_hp_gain":0,"max_hp_loss":0,"event_name":"给自己的盒子","floor":5,"relics_lost":["testmod-TestBox"],"gold_loss":0},{"damage_healed":0,"gold_gain":0,"player_choice":"Entered Light","damage_taken":14,"max_hp_gain":0,"max_hp_loss":0,"event_name":"Shining Light","floor":7,"gold_loss":0,"cards_upgraded":["Dagger Throw","Survivor"]},{"damage_healed":0,"gold_gain":0,"player_choice":"Ignored","damage_taken":0,"max_hp_gain":0,"max_hp_loss":0,"event_name":"Ghosts","floor":19,"gold_loss":0},{"damage_healed":0,"gold_gain":0,"player_choice":"Obtained Book","damage_taken":16,"max_hp_gain":0,"max_hp_loss":0,"event_name":"Cursed Tome","floor":22,"gold_loss":0},{"cards_removed":["Defend_G"],"damage_healed":0,"gold_gain":0,"player_choice":"Single Remove","damage_taken":0,"max_hp_gain":0,"max_hp_loss":0,"event_name":"Designer","floor":28,"gold_loss":60},{"damage_healed":0,"gold_gain":0,"player_choice":"0 cards matched","damage_taken":0,"max_hp_gain":0,"max_hp_loss":0,"event_name":"Match and Keep!","floor":38,"gold_loss":0,"cards_obtained":[]},{"damage_healed":0,"gold_gain":0,"player_choice":"Forge","damage_taken":0,"max_hp_gain":0,"max_hp_loss":0,"event_name":"Accursed Blacksmith","floor":44,"gold_loss":0,"cards_upgraded":["Venomology"]}],"is_beta":false,"boss_relics":[{"not_picked":["Snecko Eye","vexMod:FluxCapacitor"],"picked":"vexMod:DeviousBotling"},{"not_picked":["Replay:Bronze Core","testmod-SaigiyounoYou"],"picked":"Pandora\u0027s Box"}],"items_purged_floors":[3,21],"is_endless":false,"potions_floor_spawned":[1,4,12,14,24,25,27,30,35,47,48],"ascension_level":0}}