{"host":"rylkjufw9dlhr07b","time":1610219554,"event":{"mods":["AchievementEnabler","BaseMod","Better Note","BetterRewards","Hubris","Minty Spire (QoL Compilation)","Quick Restart","Replay The Spire","StSLib"],"gold_per_floor":[115,134,134,152,170,170,170,170,170,170,170,195,209,239,239,239,239],"floor_reached":16,"playtime":1948,"items_purged":[],"score":160,"play_id":"509e7b54-0a56-4b20-a879-5bce0d9d986f","local_time":"20210109201234","is_ascension_mode":true,"campfire_choices":[{"data":"Neutralize","floor":6,"key":"SMITH"},{"data":"Sucker Punch","floor":8,"key":"SMITH"},{"data":"Cloak And Dagger","floor":15,"key":"SMITH"}],"circlet_count":0,"master_deck":["AscendersBane","Strike_G","Strike_G","Strike_G","Strike_G","Defend_G","Defend_G","Defend_G","Defend_G","Defend_G","Survivor","Neutralize+1","Blade Dance","Acrobatics","Dagger Spray+1","Sucker Punch+1","Blade Dance","Cloak And Dagger+1","Sucker Punch"],"relics":["Ring of the Snake","Bag of Preparation","Replay:Ringing Soul","Peace Pipe","Ancient Tea Set"],"acts_visited":["Exordium"],"potions_floor_usage":[12,12,16],"damage_taken":[{"damage":1,"enemies":"2 Louse","floor":1,"turns":3},{"damage":0,"enemies":"Cultist","floor":2,"turns":3},{"damage":0,"enemies":"Small Slimes","floor":4,"turns":2},{"damage":0,"enemies":"3 Louse","floor":5,"turns":2},{"damage":17,"enemies":"3 Sentries","floor":12,"turns":8},{"damage":3,"enemies":"Looter","floor":13,"turns":3},{"damage":74,"enemies":"Fading Forest","floor":16,"turns":10}],"seed_played":"-5631692525089764976","potions_obtained":[{"floor":2,"key":"DistilledChaos"},{"floor":4,"key":"Languid Potion"},{"floor":5,"key":"AttackPotion"},{"floor":12,"key":"Toxic Potion"}],"is_trial":false,"path_per_floor":["M","M","?","M","M","R","T","R","T","?","?","E","M","?","R","B"],"character_chosen":"THE_SILENT","items_purchased":[],"campfire_rested":0,"item_purchase_floors":[],"current_hp_per_floor":[65,65,65,65,65,65,65,65,65,65,65,51,51,51,51,0,0],"gold":239,"neow_bonus":"RANDOM_EVENT","is_daily":false,"chose_seed":false,"campfire_upgraded":3,"win_rate":0.0,"timestamp":1610219554,"path_taken":["M","M","?","?","M","R","?","R","T","?","?","E","?","?","R","BOSS"],"items_purchased_type":[],"build_version":"2020-12-22","purchased_purges":0,"victory":false,"max_hp_per_floor":[73,73,73,73,73,73,73,73,73,73,73,76,79,79,79,79,79],"card_choices":[{"not_picked":["Dodge and Roll","ReplayTheSpireMod:Scrap Shanks"],"picked":"Blade Dance","floor":1},{"not_picked":["hubris:TrickCloak","PiercingWail"],"picked":"Acrobatics","floor":2},{"not_picked":["Expertise","Acrobatics"],"picked":"Sucker Punch","floor":4},{"not_picked":["Bouncing Flask","Slice"],"picked":"Blade Dance","floor":5},{"not_picked":["Flying Knee","Distraction"],"picked":"Cloak And Dagger","floor":12},{"not_picked":["Choke","Caltrops"],"picked":"Sucker Punch","floor":13}],"player_experience":529412,"relics_obtained":[{"floor":7,"key":"Bag of Preparation"},{"floor":9,"key":"Replay:Ringing Soul"},{"floor":12,"key":"Peace Pipe"}],"event_choices":[{"damage_healed":0,"gold_gain":0,"player_choice":"Take","damage_taken":0,"max_hp_gain":0,"max_hp_loss":0,"event_name":"betterNote:BetterNote","floor":3,"gold_loss":0,"cards_obtained":["Dagger Spray"]},{"damage_healed":0,"gold_gain":0,"player_choice":"Ignored","damage_taken":0,"max_hp_gain":0,"max_hp_loss":0,"event_name":"Golden Wing","floor":10,"gold_loss":0},{"cards_removed":["Strike_G"],"damage_healed":0,"gold_gain":0,"player_choice":"Purged","damage_taken":0,"max_hp_gain":0,"max_hp_loss":0,"event_name":"Purifier","floor":11,"gold_loss":0},{"damage_healed":0,"gold_gain":30,"player_choice":"Searched \u00272\u0027 times","damage_taken":0,"relics_obtained":["Ancient Tea Set"],"max_hp_gain":0,"max_hp_loss":0,"event_name":"Dead Adventurer","floor":14,"gold_loss":0}],"is_beta":false,"boss_relics":[],"items_purged_floors":[],"is_endless":false,"potions_floor_spawned":[2,4,5,12],"killed_by":"Fading Forest","ascension_level":12}}