{"host":"y89x8uui45kcjy42","time":1610165005,"event":{"mods":["2.2 Compatiblity","BaseMod","CapriCore","Colored Map","Colored Powertips","Custom Start","Friendly Minions","Keyboard Shortcuts","Minty Spire (QoL Compilation)","Relic Stats","Slay the Relics Exporter","StSLib","SuperFastMode","Uncapped"],"gold_per_floor":[112,112,127,141,161,161,161,161,161],"floor_reached":8,"playtime":209,"items_purged":[],"score":96,"play_id":"fa007c6d-0344-4477-b079-07a37c240602","local_time":"20210109130325","is_ascension_mode":true,"campfire_choices":[{"data":"Reprogram","floor":6,"key":"SMITH"}],"circlet_count":0,"master_deck":["Strike_B","Strike_B","Strike_B","Defend_B","Defend_B","Defend_B","Defend_B","Reprogram+1","Reprogram","Go for the Eyes","Steam"],"relics":["Ornamental Fan"],"acts_visited":["Exordium"],"potions_floor_usage":[8],"damage_taken":[{"damage":0,"enemies":"Small Slimes","floor":1,"turns":4},{"damage":0,"enemies":"Cultist","floor":3,"turns":5},{"damage":0,"enemies":"Jaw Worm","floor":4,"turns":7},{"damage":12,"enemies":"3 Louse","floor":5,"turns":7},{"damage":69,"enemies":"Gremlin Nob","floor":8,"turns":4}],"seed_played":"-4820503811093523512","potions_obtained":[{"floor":1,"key":"ColorlessPotion"}],"is_trial":false,"path_per_floor":["M","?","M","M","M","R","?","E"],"character_chosen":"DEFECT","items_purchased":[],"campfire_rested":0,"item_purchase_floors":[],"current_hp_per_floor":[71,71,71,71,59,59,41,0,0],"gold":161,"neow_bonus":"TEN_PERCENT_HP_BONUS","is_daily":false,"chose_seed":false,"campfire_upgraded":1,"win_rate":0.0,"timestamp":1610165005,"path_taken":["M","?","M","?","M","R","?","E"],"items_purchased_type":[],"build_version":"2020-12-22","purchased_purges":0,"victory":false,"max_hp_per_floor":[78,78,78,78,78,78,78,78,78],"relic_stats":{"counters":[5,27],"Ornamental Fan":[0],"obtain_stats":[{"Ornamental Fan":7,"Cracked Core":0},{"Ornamental Fan":4,"Cracked Core":0},{"Ornamental Fan":23,"Cracked Core":0}]},"card_choices":[{"not_picked":["Chaos","Stack"],"picked":"Go for the Eyes","floor":1},{"not_picked":["Coolheaded","Force Field","Go for the Eyes"],"picked":"SKIP","floor":3},{"not_picked":["Redo","Electrodynamics","Blizzard"],"picked":"SKIP","floor":4},{"not_picked":["Streamline","Conserve Battery"],"picked":"Steam","floor":5}],"player_experience":583652,"relics_obtained":[],"event_choices":[{"cards_removed":["Strike_B"],"damage_healed":0,"gold_gain":0,"player_choice":"Purged","damage_taken":0,"max_hp_gain":0,"max_hp_loss":0,"event_name":"Purifier","floor":2,"gold_loss":0},{"damage_healed":0,"gold_gain":0,"player_choice":"Success","damage_taken":18,"relics_obtained":["Ornamental Fan"],"max_hp_gain":0,"max_hp_loss":0,"event_name":"Scrap Ooze","floor":7,"gold_loss":0}],"is_beta":false,"boss_relics":[],"items_purged_floors":[],"is_endless":false,"potions_floor_spawned":[1],"killed_by":"Gremlin Nob","ascension_level":20}}