{"host":"50per11302020","time":1610235539,"event":{"mods":["AchievementEnabler","BaseMod","Colored Map","Minty Spire (QoL Compilation)","Relic Stats","StSLib"],"gold_per_floor":[114,114,129,148,160,195,195,222,222,222,257,257,28,44,44,141,141,159,8,18,30,30,55,55,84,107,136,136,156,156,156,156,255,255,274,274,287,314,68,68,93,93,93,143,177,177,207,221,221,221,221,221,25,58,58,58],"floor_reached":55,"playtime":5589,"items_purged":["Pain"],"score":1039,"play_id":"dea17eea-f25a-4ace-a2b3-2b17dd2f8733","local_time":"20210109153859","is_ascension_mode":true,"campfire_choices":[{"floor":7.0,"key":"REST"},{"floor":10.0,"key":"REST"},{"data":"True Grit","floor":15.0,"key":"SMITH"},{"floor":24.0,"key":"REST"},{"floor":32.0,"key":"REST"},{"floor":40.0,"key":"RECALL"},{"data":"Strike_R+1","floor":42.0,"key":"PURGE"},{"data":"Strike_R+1","floor":46.0,"key":"PURGE"},{"floor":49.0,"key":"REST"},{"data":"Strike_R+1","floor":52.0,"key":"PURGE"}],"circlet_count":0,"master_deck":["Strike_R+1","Defend_R+1","Defend_R+1","Defend_R+1","Defend_R+1","Bash","Clothesline","Shrug It Off","Burning Pact","Disarm","Headbutt","True Grit+1","Blood for Blood","Metallicize","Spot Weakness","Demon Form","Demon Form","Warcry+1","Ghostly Armor","Armaments+1","Juggernaut","Rage+1","Heavy Blade+1","Reaper","Evolve","Thunderclap","Feel No Pain","Sentinel+1","Pommel Strike+1","Flame Barrier+1","Shrug It Off+1","Feel No Pain+1","Sword Boomerang+1","Enlightenment+1","Exhume+1","Feel No Pain","Juggernaut","Ghostly Armor+1","Flame Barrier+1","Intimidate+1","Fiend Fire","Metallicize+1"],"relics":["Burning Blood","WarpedTongs","Mummified Hand","Ancient Tea Set","Matryoshka","InkBottle","Lee\u0027s Waffle","Fusion Hammer","Toxic Egg 2","Peace Pipe","Tiny Chest","Anchor","Du-Vu Doll","Mark of Pain","Art of War","Membership Card","Gambling Chip","Self Forming Clay","Ginger","Nunchaku","Oddly Smooth Stone","Orrery","Charon\u0027s Ashes"],"acts_visited":["Exordium","TheCity","TheBeyond","TheEnding"],"potions_floor_usage":[],"damage_taken":[{"damage":2.0,"enemies":"2 Louse","floor":1.0,"turns":4.0},{"damage":3.0,"enemies":"Cultist","floor":3.0,"turns":3.0},{"damage":17.0,"enemies":"Jaw Worm","floor":4.0,"turns":3.0},{"damage":15.0,"enemies":"Large Slime","floor":5.0,"turns":7.0},{"damage":24.0,"enemies":"Lagavulin","floor":6.0,"turns":8.0},{"damage":43.0,"enemies":"3 Sentries","floor":8.0,"turns":15.0},{"damage":32.0,"enemies":"Gremlin Nob","floor":11.0,"turns":4.0},{"damage":18.0,"enemies":"Exordium Thugs","floor":14.0,"turns":6.0},{"damage":31.0,"enemies":"Slime Boss","floor":16.0,"turns":8.0},{"damage":18.0,"enemies":"3 Byrds","floor":18.0,"turns":5.0},{"damage":19.0,"enemies":"Chosen","floor":20.0,"turns":6.0},{"damage":13.0,"enemies":"3 Cultists","floor":21.0,"turns":5.0},{"damage":18.0,"enemies":"Gremlin Leader","floor":23.0,"turns":7.0},{"damage":25.0,"enemies":"Book of Stabbing","floor":25.0,"turns":7.0},{"damage":39.0,"enemies":"Slavers","floor":27.0,"turns":5.0},{"damage":0.0,"enemies":"Snake Plant","floor":29.0,"turns":4.0},{"damage":0.0,"enemies":"Gremlin Leader","floor":31.0,"turns":1.0},{"damage":8.0,"enemies":"Champ","floor":33.0,"turns":11.0},{"damage":0.0,"enemies":"Orb Walker","floor":35.0,"turns":4.0},{"damage":35.0,"enemies":"3 Darklings","floor":37.0,"turns":9.0},{"damage":38.0,"enemies":"Reptomancer","floor":41.0,"turns":7.0},{"damage":19.0,"enemies":"Mind Bloom Boss Battle","floor":44.0,"turns":6.0},{"damage":28.0,"enemies":"Giant Head","floor":45.0,"turns":9.0},{"damage":56.0,"enemies":"Reptomancer","floor":47.0,"turns":8.0},{"damage":38.0,"enemies":"Sphere and 2 Shapes","floor":48.0,"turns":5.0},{"damage":64.0,"enemies":"Awakened One","floor":50.0,"turns":12.0},{"damage":56.0,"enemies":"Shield and Spear","floor":54.0,"turns":7.0},{"damage":51,"enemies":"The Heart","floor":55,"turns":5}],"seed_played":"-4100612449807225705","potions_obtained":[{"floor":5.0,"key":"ColorlessPotion"},{"floor":8.0,"key":"DuplicationPotion"},{"floor":14.0,"key":"Dexterity Potion"},{"floor":16.0,"key":"DistilledChaos"},{"floor":21.0,"key":"SteroidPotion"},{"floor":23.0,"key":"PowerPotion"},{"floor":25.0,"key":"SmokeBomb"},{"floor":29.0,"key":"Explosive Potion"},{"floor":37.0,"key":"FearPotion"},{"floor":41.0,"key":"Strength Potion"},{"floor":45.0,"key":"BlessingOfTheForge"},{"floor":47.0,"key":"Swift Potion"}],"is_trial":false,"path_per_floor":["M","?","M","M","M","E","R","E","T","R","E","?","$","M","R","B",null,"M","$","M","M","?","E","R","E","T","E","?","M","?","E","R","B",null,"M","?","M","T","$","R","E","R","T","?","E","R","E","M","R","B",null,"R","$","E","B"],"character_chosen":"IRONCLAD","items_purchased":["Lee\u0027s Waffle","Metallicize","Demon Form","Membership Card","Feel No Pain","Sentinel+1","Enlightenment+1","Exhume+1","Feel No Pain","Orrery"],"campfire_rested":5,"item_purchase_floors":[13,13,19,39,39,39,53,53,53,53],"current_hp_per_floor":[88,88,88,77,68,50,76,39,39,65,39,39,95,83,83,58,95,83,83,70,63,44,32,62,43,43,10,10,16,16,22,52,50,100,100,100,100,100,100,100,98,98,98,100,100,100,61,29,59,49,100,100,100,50,0,0],"gold":58,"neow_bonus":"TEN_PERCENT_HP_BONUS","is_daily":false,"chose_seed":false,"campfire_upgraded":1,"win_rate":0.0,"timestamp":1610235539,"path_taken":["M","?","M","?","M","E","R","E","T","R","E","?","$","M","R","BOSS","M","$","?","M","?","E","R","E","T","E","?","M","?","E","R","BOSS","M","?","M","?","$","R","E","R","T","?","E","R","E","?","R","BOSS","R","$","E","BOSS"],"items_purchased_type":["Relic","Card","Card","Relic","Card","Card","Card","Card","Card","Relic"],"build_version":"2020-12-18","purchased_purges":1,"victory":false,"max_hp_per_floor":[88,88,88,88,88,88,88,88,88,88,88,88,95,95,95,95,95,95,95,95,95,100,100,100,100,100,100,100,100,100,100,100,100,100,100,100,100,100,100,100,100,100,100,100,100,100,100,100,100,100,100,100,100,100,100,100],"relic_stats":{"Lee\u0027s Waffle":56,"counters":[28,181],"Self Forming Clay":[105],"Charon\u0027s Ashes":[18],"Ginger":[7],"Burning Blood":134,"WarpedTongs":[164],"Peace Pipe":3,"Nunchaku":[4],"Mummified Hand":[111],"Gambling Chip":[18],"Tiny Chest":1,"Art of War":[13],"obtain_stats":[{"Lee\u0027s Waffle":13,"Self Forming Clay":43,"Oddly Smooth Stone":47,"Charon\u0027s Ashes":54,"Ginger":44,"Ancient Tea Set":8,"Burning Blood":0,"WarpedTongs":2,"Peace Pipe":25,"Du-Vu Doll":27,"Anchor":26,"Nunchaku":45,"Matryoshka":9,"Mummified Hand":6,"Gambling Chip":41,"Orrery":53,"Tiny Chest":26,"Fusion Hammer":17,"Mark of Pain":34,"Art of War":38,"Membership Card":39,"Toxic Egg 2":23,"InkBottle":11},{"Lee\u0027s Waffle":7,"Self Forming Clay":21,"Oddly Smooth Stone":24,"Charon\u0027s Ashes":27,"Ginger":22,"Ancient Tea Set":6,"Burning Blood":0,"WarpedTongs":1,"Peace Pipe":14,"Du-Vu Doll":15,"Anchor":14,"Nunchaku":23,"Matryoshka":6,"Mummified Hand":5,"Gambling Chip":21,"Orrery":26,"Tiny Chest":14,"Fusion Hammer":9,"Mark of Pain":18,"Art of War":20,"Membership Card":20,"Toxic Egg 2":13,"InkBottle":7},{"Lee\u0027s Waffle":44,"Self Forming Clay":129,"Oddly Smooth Stone":152,"Charon\u0027s Ashes":176,"Ginger":135,"Ancient Tea Set":40,"Burning Blood":0,"WarpedTongs":4,"Peace Pipe":88,"Du-Vu Doll":93,"Anchor":88,"Nunchaku":144,"Matryoshka":40,"Mummified Hand":25,"Gambling Chip":129,"Orrery":169,"Tiny Chest":88,"Fusion Hammer":58,"Mark of Pain":109,"Art of War":122,"Membership Card":122,"Toxic Egg 2":81,"InkBottle":44}],"InkBottle":[54]},"card_choices":[{"not_picked":["Warcry","Entrench"],"picked":"Clothesline","floor":1.0},{"not_picked":["Perfected Strike","Pommel Strike"],"picked":"Shrug It Off","floor":3.0},{"not_picked":["Armaments","Wild Strike"],"picked":"Burning Pact","floor":4.0},{"not_picked":["Sword Boomerang","Warcry"],"picked":"Disarm","floor":5.0},{"not_picked":["Cleave","Clothesline","Twin Strike"],"picked":"SKIP","floor":6.0},{"not_picked":["Burning Pact","Corruption"],"picked":"Headbutt","floor":8.0},{"not_picked":["Iron Wave","Bloodletting"],"picked":"True Grit","floor":11.0},{"not_picked":["Clothesline","Intimidate"],"picked":"Spot Weakness","floor":14.0},{"not_picked":["Exhume","Fiend Fire"],"picked":"Demon Form","floor":16.0},{"not_picked":["Flex","Evolve"],"picked":"Disarm+1","floor":18.0},{"not_picked":["Cleave","Sword Boomerang"],"picked":"Warcry+1","floor":20.0},{"not_picked":["Searing Blow","True Grit"],"picked":"Ghostly Armor","floor":21.0},{"not_picked":["Body Slam","Clothesline"],"picked":"Armaments+1","floor":23.0},{"not_picked":["Pommel Strike","Perfected Strike"],"picked":"Juggernaut","floor":25.0},{"not_picked":["Sever Soul","Warcry+1"],"picked":"Rage+1","floor":27.0},{"not_picked":["Clothesline","Body Slam"],"picked":"Heavy Blade+1","floor":29.0},{"not_picked":["Impervious+1","Bludgeon"],"picked":"Reaper","floor":33.0},{"not_picked":["Body Slam","Havoc+1"],"picked":"Evolve","floor":35.0},{"not_picked":["Clash","Perfected Strike"],"picked":"Thunderclap","floor":37.0},{"not_picked":["Flex+1","Twin Strike"],"picked":"Pommel Strike+1","floor":41.0},{"not_picked":["Headbutt+1","Clothesline"],"picked":"Flame Barrier+1","floor":44.0},{"not_picked":["Cleave","Intimidate+1"],"picked":"Shrug It Off+1","floor":45.0},{"not_picked":["Second Wind+1","Pommel Strike+1"],"picked":"Feel No Pain+1","floor":47.0},{"not_picked":["Pummel+1","Iron Wave"],"picked":"Sword Boomerang+1","floor":48.0},{"not_picked":["Inflame","Sword Boomerang"],"picked":"Juggernaut","floor":53.0},{"not_picked":["Clothesline","Wild Strike"],"picked":"Ghostly Armor+1","floor":53.0},{"not_picked":["Perfected Strike","Warcry+1"],"picked":"Flame Barrier+1","floor":53.0},{"not_picked":["Heavy Blade","Perfected Strike"],"picked":"Intimidate+1","floor":53.0},{"not_picked":["Seeing Red+1","Iron Wave"],"picked":"Fiend Fire","floor":53.0},{"not_picked":["Ghostly Armor+1","Bloodletting+1"],"picked":"Metallicize+1","floor":54.0}],"player_experience":135933,"relics_obtained":[{"floor":6.0,"key":"Mummified Hand"},{"floor":8.0,"key":"Ancient Tea Set"},{"floor":9.0,"key":"Matryoshka"},{"floor":11.0,"key":"InkBottle"},{"floor":23.0,"key":"Toxic Egg 2"},{"floor":25.0,"key":"Peace Pipe"},{"floor":26.0,"key":"Tiny Chest"},{"floor":26.0,"key":"Anchor"},{"floor":27.0,"key":"Du-Vu Doll"},{"floor":38.0,"key":"Art of War"},{"floor":41.0,"key":"Gambling Chip"},{"floor":43.0,"key":"Self Forming Clay"},{"floor":44.0,"key":"Ginger"},{"floor":45.0,"key":"Nunchaku"},{"floor":47.0,"key":"Oddly Smooth Stone"},{"floor":54.0,"key":"Charon\u0027s Ashes"}],"event_choices":[{"damage_healed":0.0,"max_hp_gain":0.0,"max_hp_loss":0.0,"gold_gain":0.0,"event_name":"Accursed Blacksmith","player_choice":"Rummage","floor":2.0,"gold_loss":0.0,"damage_taken":0.0,"relics_obtained":["WarpedTongs"],"cards_obtained":["Pain"]},{"damage_healed":0.0,"max_hp_gain":0.0,"max_hp_loss":0.0,"gold_gain":0.0,"cards_transformed":["Strike_R"],"event_name":"Transmorgrifier","player_choice":"Transformed","floor":12.0,"gold_loss":0.0,"damage_taken":0.0,"cards_obtained":["Blood for Blood"]},{"damage_healed":0.0,"max_hp_gain":5.0,"max_hp_loss":0.0,"gold_gain":0.0,"event_name":"Forgotten Altar","player_choice":"Shed Blood","floor":22.0,"gold_loss":0.0,"damage_taken":24.0},{"damage_healed":0.0,"max_hp_gain":0.0,"max_hp_loss":0.0,"gold_gain":0.0,"event_name":"Back to Basics","player_choice":"Simplicity","floor":28.0,"gold_loss":0.0,"damage_taken":0.0,"cards_upgraded":["Strike_R","Strike_R","Strike_R","Strike_R","Defend_R","Defend_R","Defend_R","Defend_R"]},{"damage_healed":0.0,"max_hp_gain":0.0,"max_hp_loss":0.0,"gold_gain":0.0,"event_name":"Vampires","player_choice":"Ignored","floor":30.0,"gold_loss":0.0,"damage_taken":0.0},{"cards_removed":["Disarm"],"damage_healed":0.0,"max_hp_gain":0.0,"max_hp_loss":0.0,"gold_gain":0.0,"event_name":"Falling","player_choice":"Removed Skill","floor":36.0,"gold_loss":0.0,"damage_taken":0.0},{"damage_healed":0.0,"max_hp_gain":0.0,"max_hp_loss":0.0,"gold_gain":0.0,"event_name":"MindBloom","player_choice":"Fight","floor":44.0,"gold_loss":0.0,"damage_taken":0.0}],"is_beta":true,"boss_relics":[{"not_picked":["Calling Bell","Pandora\u0027s Box"],"picked":"Fusion Hammer"},{"not_picked":["Empty Cage","Sozu"],"picked":"Mark of Pain"}],"items_purged_floors":[39],"is_endless":false,"potions_floor_spawned":[5,8,14,16,18,21,23,25,29,37,41,45,47],"killed_by":"The Heart","ascension_level":4}}