{"host":"ueaobptuyu87ouwy","time":1610176279,"event":{"mods":["Aspiration","Bard","BaseMod","Better Altar","Better Match","Better Note","Better Sensory Stone","Better Skull","Better Third Choice","BetterRewards","CCEM","Colored Map","Conspire","Downfall","GifTheSpireLib","GungeonMod","Halation","Hermit","Highlight Path","Hubris","Infinite Spire","Jedi Mod","Jorbs\u0027s Wanderer Trilogy","Marisa????????","Marked Mod","Mimic Mod","Minty Spire (QoL Compilation)","Permanent Neow","Replay The Spire","Shop Mod","Small Relic Pack","StSLib","Stuff the Spire","The Runesmith","Unceasing Turn Reminder","everything is the same but u backflip on backflip","slay the spire mod where everything is the same but ironclad has a cowboy hat"],"gold_per_floor":[109,126,126,142,157,186,186,38,61,93,93,109,139,0,0,104,104,116,128,78,78,90,90,125,137,206,206,218,252,14,32,32,127,177,195,195,208,208,220,220,249,249,249],"floor_reached":42,"playtime":1870,"items_purged":[],"score":639,"play_id":"def796e2-93ad-42a3-9eb9-cb0f52a0392a","local_time":"20210109151119","is_ascension_mode":true,"campfire_choices":[{"data":"Conserve Battery","floor":7,"key":"SMITH"},{"floor":11,"key":"REST"},{"data":"Enlightenment","floor":15,"key":"SMITH"},{"data":"StuffTheSpire:Synthwave","floor":23,"key":"SMITH"},{"floor":27,"key":"REST"},{"data":"expansioncontent:DecasProtection","floor":32,"key":"SMITH"},{"floor":40,"key":"REST"}],"circlet_count":0,"master_deck":["conspire:GhostlyStrike","conspire:GhostlyStrike","conspire:GhostlyStrike","conspire:GhostlyStrike+1","conspire:GhostlyDefend","conspire:GhostlyDefend","conspire:GhostlyDefend","conspire:GhostlyDefend","Zap","Dualcast","Cold Snap","Coolheaded","Conserve Battery+1","Sweeping Beam","Static Discharge+1","expansioncontent:DecasProtection+1","Streamline","StuffTheSpire:Synthwave+1","Hologram","Enlightenment+1","StuffTheSpire:ForEach","Ball Lightning+1","Cold Snap+1","Sweeping Beam+1","Cold Snap+1","Coolheaded","jedi:BurstFrost+1","Echo Form","BasicCrystalCard","Ball Lightning+1","Self Repair+1","Loop+1","ReplayTheSpireMod:Dual Polarity+1"],"relics":["Cracked Core","aspiration:Nostalgia","infinitespire:DarkRift","PreservedInsect","Nunchaku","StuffTheSpire:HeavyRock","hubris:ToyBattleship","aspiration:MobileForge","conspire:Flyswatter","DemoMod:PinkGuonStone","aspiration:HatOfInfinitePower","CCEMRelics:WrappedPresent","Pocketwatch","Tiny House","halation:StarCompass","DemoMod:MonsterBlood","StuffTheSpire:GrapeVine","hubris:BallOfYels","Juzu Bracelet"],"acts_visited":["Exordium","TheCity","TheBeyond"],"potions_floor_usage":[16,16,33,39,41,41],"damage_taken":[{"damage":2,"enemies":"2 Louse","floor":1,"turns":2},{"damage":4,"enemies":"Jaw Worm","floor":2,"turns":4},{"damage":0,"enemies":"Cultist","floor":4,"turns":2},{"damage":18,"enemies":"3 Louse","floor":5,"turns":4},{"damage":8,"enemies":"Lagavulin","floor":6,"turns":9},{"damage":18,"enemies":"3 Sentries","floor":10,"turns":3},{"damage":0,"enemies":"Large Slime","floor":12,"turns":4},{"damage":23,"enemies":"Gremlin Nob","floor":13,"turns":4},{"damage":15,"enemies":"The Guardian","floor":16,"turns":7},{"damage":10,"enemies":"Chosen","floor":18,"turns":3},{"damage":20,"enemies":"2 Thieves","floor":19,"turns":4},{"damage":23,"enemies":"3 Cultists","floor":22,"turns":5},{"damage":0,"enemies":"conspire:Head Lice","floor":24,"turns":2},{"damage":12,"enemies":"Snecko","floor":25,"turns":3},{"damage":0,"enemies":"conspire:HollyBat","floor":28,"turns":6},{"damage":7,"enemies":"Replay:Snechameleon","floor":29,"turns":6},{"damage":1,"enemies":"Chosen and Byrds","floor":31,"turns":3},{"damage":45,"enemies":"Automaton","floor":33,"turns":9},{"damage":13,"enemies":"3 Shapes","floor":35,"turns":3},{"damage":1,"enemies":"3 Darklings","floor":37,"turns":4},{"damage":17,"enemies":"4 Shapes","floor":39,"turns":4},{"damage":23,"enemies":"R_Hoarder","floor":41,"turns":6},{"damage":31,"enemies":"Jaw Worm Horde","floor":42,"turns":2}],"seed_played":"-2728240991117714853","potions_obtained":[{"floor":2,"key":"EssenceOfSteel"},{"floor":6,"key":"SteroidPotion"},{"floor":18,"key":"jedi:coolantleak"},{"floor":22,"key":"Explosive Potion"},{"floor":31,"key":"Swift Potion"},{"floor":33,"key":"jedi:coolantleak"},{"floor":41,"key":"conspire:TimeTravelPotion"}],"is_trial":false,"path_per_floor":["M","M","?","M","M","E","R","$","T","E","R","M","E","?","R","B",null,"M","M","?","$","M","R","E","M","T","R","M","E","$","M","R","B",null,"M","?","M","?","M","R","E","M"],"character_chosen":"DEFECT","items_purchased":["Static Discharge+1","expansioncontent:DecasProtection","CCEMRelics:WrappedPresent"],"campfire_rested":3,"item_purchase_floors":[8,8,30],"current_hp_per_floor":[73,69,69,69,51,43,43,43,43,25,47,47,24,30,30,15,81,71,51,51,51,28,28,28,16,23,49,49,42,52,51,51,6,98,85,85,84,24,7,38,25,0,0],"gold":249,"neow_bonus":"NOSTALGIA","is_daily":false,"chose_seed":false,"campfire_upgraded":4,"win_rate":0.0,"timestamp":1610176279,"path_taken":["M","M","?","M","M","E","R","?","T","E","R","M","E","?","R","BOSS","M","M","?","$","?","R","E","M","T","R","M","E","?","M","R","BOSS","M","?","M","?","M","R","E","M"],"items_purchased_type":["Card","Card","Relic"],"build_version":"2020-12-13","purchased_purges":0,"victory":false,"max_hp_per_floor":[75,75,75,75,75,75,75,75,75,75,75,75,75,81,81,81,81,81,81,81,81,81,81,81,81,88,88,88,88,93,93,93,93,98,98,98,98,105,105,105,105,105,105],"card_choices":[{"not_picked":["Barrage","Redo"],"picked":"Cold Snap","floor":1},{"not_picked":["Blizzard","Defragment"],"picked":"Coolheaded","floor":2},{"not_picked":["Panic Button","Tempest","White Noise"],"picked":"SKIP","floor":4},{"not_picked":["Turbo","hubris:Ukulele"],"picked":"Conserve Battery","floor":5},{"not_picked":["Fission","jedi:overflow"],"picked":"Sweeping Beam","floor":6},{"not_picked":["aspiration:Polymerization","Beam Cell"],"picked":"Streamline","floor":10},{"not_picked":["Cold Snap","Leap"],"picked":"StuffTheSpire:Synthwave","floor":12},{"not_picked":["StuffTheSpire:GlassShard","Streamline"],"picked":"Hologram","floor":13},{"not_picked":["Seek","Thunder Strike"],"picked":"StuffTheSpire:ForEach","floor":16},{"not_picked":["jedi:BurstFrost+1","jedi:BurstLightning"],"picked":"Ball Lightning+1","floor":18},{"not_picked":["StuffTheSpire:Plugnplay","Compile Driver+1"],"picked":"Cold Snap+1","floor":19},{"not_picked":["Streamline","Rebound"],"picked":"Sweeping Beam+1","floor":22},{"not_picked":["Ball Lightning","StuffTheSpire:EventHorizon","Reinforced Body+1"],"picked":"SKIP","floor":24},{"not_picked":["StuffTheSpire:LoadUp+1","Sunder"],"picked":"Cold Snap+1","floor":25},{"not_picked":["Go for the Eyes","Cold Snap","StuffTheSpire:CleanHardDrive"],"picked":"SKIP","floor":28},{"not_picked":["jedi:overflow","Panic Button"],"picked":"Coolheaded","floor":29},{"not_picked":["Hello World","StuffTheSpire:ShieldGenerator"],"picked":"jedi:BurstFrost+1","floor":31},{"not_picked":["Mirror Shield","jedi:studyfrost"],"picked":"Echo Form","floor":33},{"not_picked":["Coolheaded","jedi:BurstFrost+1"],"picked":"BasicCrystalCard","floor":34},{"not_picked":["Streamline","Stack"],"picked":"Ball Lightning+1","floor":35},{"not_picked":["StuffTheSpire:Plugnplay","jedi:blockon"],"picked":"Self Repair+1","floor":37},{"not_picked":["Undo+1","Go for the Eyes"],"picked":"Loop+1","floor":39},{"not_picked":["jedi:markofdeath","Capacitor"],"picked":"ReplayTheSpireMod:Dual Polarity+1","floor":41}],"player_experience":93290,"relics_obtained":[{"floor":6,"key":"PreservedInsect"},{"floor":9,"key":"Nunchaku"},{"floor":10,"key":"StuffTheSpire:HeavyRock"},{"floor":13,"key":"hubris:ToyBattleship"},{"floor":24,"key":"conspire:Flyswatter"},{"floor":26,"key":"DemoMod:PinkGuonStone"},{"floor":29,"key":"aspiration:HatOfInfinitePower"},{"floor":30,"key":"Pocketwatch"},{"floor":41,"key":"Juzu Bracelet"}],"event_choices":[{"damage_healed":0,"gold_gain":0,"player_choice":"Agree","damage_taken":0,"max_hp_gain":0,"max_hp_loss":0,"event_name":"conspire:LoneGhost","floor":3,"gold_loss":0},{"damage_healed":0,"gold_gain":0,"player_choice":"RENOUNCE","damage_taken":139,"max_hp_gain":0,"max_hp_loss":0,"event_name":"betterThird:BetterSerpent","floor":14,"gold_loss":139,"cards_obtained":["Enlightenment"]},{"damage_healed":0,"gold_gain":0,"player_choice":"Bet on Murderer","damage_taken":0,"max_hp_gain":0,"max_hp_loss":0,"event_name":"The Joust","floor":20,"gold_loss":50},{"damage_healed":0,"gold_gain":0,"player_choice":"RE RE RE ","damage_taken":73,"relics_obtained":["DemoMod:MonsterBlood","StuffTheSpire:GrapeVine","hubris:BallOfYels"],"max_hp_gain":0,"max_hp_loss":0,"event_name":"betterSkull:BetterSkull","floor":38,"gold_loss":0,"cards_upgraded":[]}],"is_beta":false,"boss_relics":[{"not_picked":["Replay:Bronze Core","FrozenCore"],"picked":"aspiration:MobileForge"},{"not_picked":["Runesmith:UraniumAnvil","Sozu"],"picked":"Tiny House"}],"items_purged_floors":[],"is_endless":false,"potions_floor_spawned":[2,6,18,22,31,33,37,41],"killed_by":"Jaw Worm Horde","ascension_level":1}}