{"host":"r1hgdlwib9qjn5kx","time":1610211232,"event":{"mods":["BaseMod","Downfall","Duelist Mod","Hermit","Hubris","Marisa????????","Minty Spire (QoL Compilation)","READ ME - Guardian Mod","Replay The Spire","StSLib","The Bug Knight","The Cursed","The Disciple","The Necromancer","The Senshi","The Servant 0.9.4"],"gold_per_floor":[11,108,123,141,141,141,167,187,187,75,137,137,137,153,153,256,256,273,287,302,142,142,142],"floor_reached":22,"playtime":2607,"items_purged":["HollowMod:QuickDashStart","Replay:SS_forest_5"],"score":186,"play_id":"ef668d61-f288-4328-8eb2-0a3df2d485a7","local_time":"20210109165352","is_ascension_mode":false,"campfire_choices":[{"data":"HollowMod:MantisMark","floor":6,"key":"SMITH"},{"data":"HollowMod:ElderbugsWisdom","floor":13,"key":"SMITH"},{"data":"HollowMod:FocusHealStart","floor":15,"key":"SMITH"}],"circlet_count":0,"master_deck":["HollowMod:NailStrikeStart","HollowMod:NailStrikeStart","HollowMod:NailStrikeStart","HollowMod:QuickDashStart","HollowMod:QuickDashStart","HollowMod:FocusHealStart+1","HollowMod:PogoStrike","HollowMod:SoulSplash","HollowMod:MantisMark+1","HollowMod:DashSlash","HollowMod:SlysStrikes+1","HollowMod:CloakDash","HollowMod:SoulEater","HollowMod:QuirrelsAssistance","HollowMod:ElderbugsWisdom+1","HollowMod:SharpenedNail","HollowMod:PureVessel","HollowMod:CornifersMapStart","HollowMod:DesolateDive","HollowMod:SoulShaman","HollowMod:SoulShaman"],"relics":["HollowMod:KingsSoulRelic","Replay:WaspNest","hubris:Teleporter"],"acts_visited":["Exordium","TheCity"],"potions_floor_usage":[7,8,14,20],"damage_taken":[{"damage":1,"enemies":"Jaw Worm","floor":1,"turns":4},{"damage":1,"enemies":"2 Louse","floor":3,"turns":3},{"damage":2,"enemies":"Cultist","floor":4,"turns":3},{"damage":9,"enemies":"3 Sentries","floor":7,"turns":6},{"damage":4,"enemies":"Gremlin Gang","floor":8,"turns":4},{"damage":24,"enemies":"Lagavulin Event","floor":11,"turns":5},{"damage":7,"enemies":"Blue Slaver","floor":14,"turns":3},{"damage":43,"enemies":"The Guardian","floor":16,"turns":8},{"damage":7,"enemies":"Chosen","floor":18,"turns":5},{"damage":6,"enemies":"3 Byrds","floor":19,"turns":3},{"damage":30,"enemies":"Shelled Parasite and Fungi","floor":20,"turns":5},{"damage":0,"enemies":"Snake Plant","floor":22,"turns":2}],"seed_played":"-1307624324094916818","potions_obtained":[{"floor":3,"key":"LiquidMemories"},{"floor":4,"key":"Adrenaline Potion"},{"floor":11,"key":"Block Potion"},{"floor":18,"key":"ColorlessPotion"},{"floor":20,"key":"Venom Potion"}],"is_trial":false,"path_per_floor":["M","?","M","M","?","R","E","M","T","$","?","?","R","M","R","B",null,"M","M","M","$","M"],"character_chosen":"THE_BUGKNIGHT","items_purchased":["HollowMod:QuirrelsAssistance","HollowMod:SoulShaman"],"campfire_rested":0,"item_purchase_floors":[10,21],"current_hp_per_floor":[75,75,74,75,75,75,71,73,73,73,59,59,59,52,52,21,75,74,68,44,44,50,50],"gold":142,"neow_bonus":"REMOVE_TWO","is_daily":false,"chose_seed":false,"campfire_upgraded":3,"win_rate":0.0,"timestamp":1610211232,"path_taken":["M","?","?","?","?","R","E","M","T","?","?","?","R","M","R","BOSS","M","?","M","$","M"],"items_purchased_type":["Card","Card"],"build_version":"2020-12-22","purchased_purges":2,"victory":false,"max_hp_per_floor":[75,75,75,75,75,75,75,75,75,75,75,75,75,75,75,75,75,75,75,75,75,75,75],"card_choices":[{"not_picked":["HollowMod:CycloneSlash","HollowMod:NewLittleFool"],"picked":"HollowMod:SoulSplash","floor":1},{"not_picked":["HollowMod:NewGlowingWomb","HollowMod:NewLittleFool"],"picked":"HollowMod:MantisMark","floor":2},{"not_picked":["HollowMod:SharpenedNail","HollowMod:InfectedCysts"],"picked":"HollowMod:DashSlash","floor":2},{"not_picked":["HollowMod:SoulSplash","HollowMod:MonarchWings"],"picked":"HollowMod:SlysStrikes","floor":2},{"not_picked":["HollowMod:ShapeofUnn","HollowMod:GoodIntentions","HollowMod:SoulSplash"],"picked":"SKIP","floor":3},{"not_picked":["HollowMod:DashSlash","HollowMod:CoiledNail"],"picked":"HollowMod:CloakDash","floor":4},{"not_picked":["HollowMod:ShadowDash","HollowMod:InfectedCysts"],"picked":"HollowMod:SoulEater","floor":7},{"not_picked":["HollowMod:DoubleDash","HollowMod:InfectionAssault","HollowMod:SoulSplash"],"picked":"SKIP","floor":8},{"not_picked":["HollowMod:SiblingsShadow","HollowMod:ShadowDash"],"picked":"HollowMod:SharpenedNail","floor":14},{"not_picked":["HollowMod:LifebloodCore","HollowMod:SoulMaster"],"picked":"HollowMod:PureVessel","floor":16},{"not_picked":["HollowMod:SoulVessel","HollowMod:SharpenedNail","HollowMod:FastStrike"],"picked":"SKIP","floor":18},{"not_picked":["HollowMod:InfectedAttack+1","HollowMod:CloakDash"],"picked":"HollowMod:CornifersMapStart","floor":19},{"not_picked":["HollowMod:HeavyBlow","HollowMod:DashSlash"],"picked":"HollowMod:DesolateDive","floor":20}],"player_experience":337379,"relics_obtained":[{"floor":7,"key":"Replay:WaspNest"}],"event_choices":[{"damage_healed":0,"gold_gain":0,"player_choice":"Grow","damage_taken":0,"max_hp_gain":0,"max_hp_loss":0,"event_name":"Living Wall","floor":5,"gold_loss":0,"cards_upgraded":["HollowMod:SlysStrikes"]},{"damage_healed":0,"gold_gain":0,"player_choice":"Searched \u00273\u0027 times","damage_taken":0,"relics_obtained":["hubris:Teleporter"],"max_hp_gain":0,"max_hp_loss":0,"event_name":"Dead Adventurer","floor":11,"gold_loss":0},{"damage_healed":0,"gold_gain":0,"player_choice":"2 cards matched","damage_taken":0,"max_hp_gain":0,"max_hp_loss":0,"event_name":"Match and Keep!","floor":12,"gold_loss":0,"cards_obtained":["Replay:SS_forest_5","HollowMod:ElderbugsWisdom"]}],"is_beta":false,"boss_relics":[{"not_picked":["Replay:Ancient Bell","hubris:TerracottaHorce"],"picked":"HollowMod:KingsSoulRelic"}],"items_purged_floors":[10,21],"is_endless":false,"potions_floor_spawned":[3,4,11,18,20],"killed_by":"Snake Plant","ascension_level":0}}