{"host":"okln270zkafj6dck","time":1610185075,"event":{"mods":["BaseMod","Minty Spire (QoL Compilation)","Permanent Neow","Quick Restart","Relic Stats","StSLib","SuperFastMode"],"gold_per_floor":[363,363,76,91,152,152,185,203,203,203,203],"floor_reached":10,"playtime":185,"items_purged":["Strike_G"],"score":136,"play_id":"c3042ca4-3f5e-47d6-8a04-5277f18b25aa","local_time":"20210109013755","is_ascension_mode":true,"campfire_choices":[{"data":"Noxious Fumes","floor":6,"key":"SMITH"}],"circlet_count":0,"master_deck":["AscendersBane","Strike_G","Strike_G","Strike_G","Strike_G","Defend_G","Defend_G","Defend_G","Defend_G","Defend_G","Survivor","Neutralize","Infinite Blades","Noxious Fumes+1","Deadly Poison","Dagger Throw","Cloak And Dagger"],"relics":["Ring of the Snake","SsserpentHead","Bronze Scales","Omamori","Matryoshka"],"acts_visited":["Exordium"],"potions_floor_usage":[10],"damage_taken":[{"damage":1,"enemies":"2 Louse","floor":1,"turns":4},{"damage":0,"enemies":"Cultist","floor":4,"turns":4},{"damage":6,"enemies":"Small Slimes","floor":5,"turns":4},{"damage":26,"enemies":"3 Sentries","floor":7,"turns":7},{"damage":3,"enemies":"Looter","floor":8,"turns":4},{"damage":29,"enemies":"Gremlin Nob","floor":10,"turns":3}],"seed_played":"-600854266146211549","potions_obtained":[{"floor":4,"key":"SteroidPotion"}],"is_trial":false,"path_per_floor":["M","?","$","M","M","R","E","M","T","E"],"character_chosen":"THE_SILENT","items_purchased":["Noxious Fumes","Bronze Scales"],"campfire_rested":0,"item_purchase_floors":[3,3],"current_hp_per_floor":[58,58,58,58,52,52,26,23,23,0,0],"gold":203,"neow_bonus":"TWO_FIFTY_GOLD","is_daily":false,"chose_seed":false,"campfire_upgraded":1,"win_rate":0.0,"timestamp":1610185075,"path_taken":["M","?","$","M","?","R","E","M","T","E"],"items_purchased_type":["Card","Relic"],"build_version":"2020-12-22","purchased_purges":1,"victory":false,"max_hp_per_floor":[60,60,60,60,60,60,60,60,60,60,60],"relic_stats":{"SsserpentHead":50,"counters":[6,26],"Bronze Scales":[48],"obtain_stats":[{"SsserpentHead":2,"Matryoshka":9,"Bronze Scales":3,"Omamori":7,"Ring of the Snake":0},{"SsserpentHead":1,"Matryoshka":5,"Bronze Scales":1,"Omamori":4,"Ring of the Snake":0},{"SsserpentHead":4,"Matryoshka":23,"Bronze Scales":4,"Omamori":19,"Ring of the Snake":0}],"Ring of the Snake":[12]},"card_choices":[{"not_picked":["Outmaneuver","Bane"],"picked":"Infinite Blades","floor":1},{"not_picked":["Skewer","Dagger Throw"],"picked":"Deadly Poison","floor":4},{"not_picked":["Backflip","Blur","Tactician"],"picked":"SKIP","floor":5},{"not_picked":["All Out Attack","Prepared"],"picked":"Dagger Throw","floor":7},{"not_picked":["Dodge and Roll","Outmaneuver"],"picked":"Cloak And Dagger","floor":8}],"player_experience":97712,"relics_obtained":[{"floor":7,"key":"Omamori"},{"floor":9,"key":"Matryoshka"}],"event_choices":[{"damage_healed":0,"gold_gain":0,"player_choice":"Trade","damage_taken":0,"relics_obtained":["SsserpentHead"],"max_hp_gain":0,"max_hp_loss":0,"event_name":"FaceTrader","floor":2,"gold_loss":0}],"is_beta":false,"boss_relics":[],"items_purged_floors":[3],"is_endless":false,"potions_floor_spawned":[4],"killed_by":"Gremlin Nob","ascension_level":20}}