{"host":"xv6tnu9e6lzjd13s","time":1610181298,"event":{"mods":["BaseMod","Colored Powertips","Downfall","Googly Eyes","Minty Spire (QoL Compilation)","Replay The Spire","StSLib"],"gold_per_floor":[99,111,211,211,227,247,247,264,114,44,144,144,177,238,257,355,355,355,369,419,438,438,438,438],"floor_reached":22,"playtime":2553,"items_purged":[],"score":236,"play_id":"5c3d1ed8-e41d-47f4-ae03-70ffdadca0f2","local_time":"20210109013458","is_ascension_mode":false,"campfire_choices":[{"floor":1.0,"key":"RECALL"},{"floor":9.0,"key":"REST"},{"floor":12.0,"key":"REST"},{"data":"Guardian:ShieldCharger","floor":18,"key":"SMITH"}],"circlet_count":0,"master_deck":["Guardian:Strike_Guardian","Guardian:Strike_Guardian","Guardian:Strike_Guardian","Guardian:Strike_Guardian","Guardian:Defend_Guardian","Guardian:Defend_Guardian","Guardian:Defend_Guardian","Guardian:Defend_Guardian","Guardian:CurlUp","Guardian:TwinSlam","expansioncontent:DefensiveStance","Guardian:Recover","Guardian:Planning","Guardian:Suspension","Guardian:BronzeOrb+1","Guardian:FastForward","Guardian:Suspension","Guardian:ShieldCharger+1","Guardian:AncientConstruct","Guardian:Repulse+1","Guardian:Emergency","Guardian:Gem_Purple"],"relics":["Guardian:ModeShifter","downfall:HeartBlessingRed","downfall:HeartBlessingBlue","downfall:CloakOfManyFaces","CultistMask","FaceOfCleric","NlothsMask","GremlinMask","SsserpentHead","MealTicket","SacredBark"],"acts_visited":["Exordium","TheCity"],"potions_floor_usage":[16,22,22],"damage_taken":[{"damage":8.0,"enemies":"Jaw Worm","floor":2.0,"turns":4.0},{"damage":0.0,"enemies":"2 Louse","floor":5.0,"turns":4.0},{"damage":7.0,"enemies":"Cultist","floor":6.0,"turns":6.0},{"damage":21.0,"enemies":"Large Slime","floor":8.0,"turns":10.0},{"damage":0.0,"enemies":"downfall:FleeingMerchant","floor":10.0,"turns":4.0},{"damage":75.0,"enemies":"downfall:FaceTrader","floor":11.0,"turns":27.0},{"damage":0.0,"enemies":"Lagavulin","floor":13.0,"turns":9.0},{"damage":16.0,"enemies":"Gremlin Gang","floor":14.0,"turns":6.0},{"damage":0.0,"enemies":"Exordium Wildlife","floor":15.0,"turns":6.0},{"damage":32,"enemies":"downfall:Silent","floor":16,"turns":21},{"damage":17,"enemies":"3 Byrds","floor":19,"turns":7},{"damage":13,"enemies":"Shelled Parasite and Fungi","floor":21,"turns":11},{"damage":70,"enemies":"Cultist and Chosen","floor":22,"turns":12}],"seed_played":"4524189835943779929","potions_obtained":[{"floor":5.0,"key":"Regen Potion"},{"floor":6.0,"key":"Explosive Potion"},{"floor":14.0,"key":"Dexterity Potion"},{"floor":15.0,"key":"SteroidPotion"},{"floor":16,"key":"Reflective Coating"}],"is_trial":false,"path_per_floor":["R","M","?","?","M","M","T","M","R","$","?","R","E","M","M","B",null,"R","M","?","M","M"],"character_chosen":"GUARDIAN","items_purchased":["Guardian:BronzeOrb+1"],"campfire_rested":2,"item_purchase_floors":[10],"current_hp_per_floor":[80,72,72,72,72,65,65,44,81,81,6,33,49,34,35,4,94,94,78,78,66,0,0,0],"gold":438,"neow_bonus":"RANDOM_COLORLESS","is_daily":false,"chose_seed":false,"campfire_upgraded":1,"win_rate":0.0,"timestamp":1610181298,"path_taken":["R","M","?","?","M","M","T","?","R","$","?","R","E","?","M","BOSS","R","M","?","M","M"],"items_purchased_type":["Card"],"build_version":"2020-12-22","purchased_purges":0,"victory":false,"max_hp_per_floor":[80,80,80,80,80,80,80,80,90,90,90,90,91,92,93,94,94,94,95,95,96,96,96,96],"card_choices":[{"not_picked":["Replay:SS_forest_6","expansioncontent:TimeRipple"],"picked":"expansioncontent:DefensiveStance","floor":0.0},{"not_picked":["Guardian:ChargeUp","Guardian:TimeCapacitor"],"picked":"Guardian:Gem_Purple","floor":2.0},{"not_picked":["Guardian:CrystalBeam","Guardian:TemporalShield"],"picked":"Guardian:Recover","floor":5.0},{"not_picked":["Guardian:CrystalBeam","Guardian:Gem_Cyan"],"picked":"Guardian:Planning","floor":6.0},{"not_picked":["Guardian:RevengeProtocol","Guardian:Gem_Lightblue"],"picked":"Guardian:Suspension","floor":8.0},{"not_picked":["Guardian:ChargeCore","Guardian:BronzeArmor"],"picked":"Guardian:Gem_Blue","floor":10.0},{"not_picked":["Guardian:PiercingHide","Guardian:ChargeUp"],"picked":"Guardian:FastForward","floor":13.0},{"not_picked":["Guardian:ChargeCore","Guardian:EvasiveProtocol"],"picked":"Guardian:Suspension","floor":14.0},{"not_picked":["Guardian:Suspension","Guardian:RollAttack"],"picked":"Guardian:ShieldCharger","floor":15.0},{"not_picked":["Guardian:ConstructionForm","Guardian:HyperBeam_Guardian"],"picked":"Guardian:AncientConstruct","floor":16},{"not_picked":["Guardian:ChargeCore","Guardian:SentryBeam"],"picked":"Guardian:Repulse+1","floor":19},{"not_picked":["Guardian:ChargeUp+1","Guardian:TimeCapacitor+1"],"picked":"Guardian:Gem_Purple","floor":21}],"player_experience":72337,"relics_obtained":[{"floor":11.0,"key":"downfall:CloakOfManyFaces"},{"floor":13.0,"key":"MealTicket"}],"event_choices":[{"damage_healed":0,"gold_gain":0,"player_choice":"Read","damage_taken":0,"max_hp_gain":0,"max_hp_loss":0,"event_name":"The Library","floor":20,"gold_loss":0,"cards_obtained":["Guardian:Emergency"]}],"is_beta":false,"boss_relics":[{"not_picked":["Replay:Ancient Bell","Abe\u0027s Treasure"],"picked":"SacredBark"}],"items_purged_floors":[],"is_endless":false,"potions_floor_spawned":[5,6,14,15,16],"killed_by":"Cultist and Chosen","ascension_level":0}}