{"host":"kig4ty9d1aubg29s","time":1610196789,"event":{"mods":["BaseMod","Minty Spire (QoL Compilation)","READ ME - Guardian Mod","READ ME - Snecko Mod","StSLib","The Cursed","The Gatherer","The Hierophant","The Runesmith"],"gold_per_floor":[112,112,124,124,124,124,153,169,169,244,254,289,308,318,318,389,389,403,403,419,419,434,434,434],"floor_reached":23,"playtime":683,"items_purged":[],"score":456,"play_id":"0a61d5f5-5b98-4f88-8777-2adeca6b0d99","local_time":"20210109215309","is_ascension_mode":true,"campfire_choices":[{"data":"Ball Lightning","floor":6,"key":"SMITH"},{"floor":15,"key":"REST"}],"circlet_count":0,"master_deck":["AscendersBane","Zap+1","Dualcast","Ball Lightning+1","Cold Snap","Gash","Cold Snap","Stack","Machine Learning+1","Gash","Glacier","Buffer+1","Heatsinks+1","Cold Snap","Hologram","Skim","Thunder Strike","Barrage","Rip and Tear","Streamline","FTL","FTL","Beam Cell"],"relics":["Cracked Core","NeowsBlessing","Frozen Egg 2","Pear","Letter Opener","MutagenicStrength","Nloth\u0027s Gift"],"acts_visited":["Exordium","TheCity"],"potions_floor_usage":[12,14,23],"damage_taken":[{"damage":0,"enemies":"2 Louse","floor":1,"turns":1},{"damage":0,"enemies":"Cultist","floor":3,"turns":1},{"damage":0,"enemies":"Lagavulin","floor":7,"turns":1},{"damage":0,"enemies":"Small Slimes","floor":8,"turns":2},{"damage":4,"enemies":"Red Slaver","floor":11,"turns":3},{"damage":12,"enemies":"3 Sentries","floor":12,"turns":7},{"damage":9,"enemies":"2 Fungi Beasts","floor":13,"turns":2},{"damage":7,"enemies":"Blue Slaver","floor":14,"turns":2},{"damage":47,"enemies":"Hexaghost","floor":16,"turns":11},{"damage":27,"enemies":"Shell Parasite","floor":18,"turns":6},{"damage":0,"enemies":"Chosen","floor":20,"turns":4},{"damage":10,"enemies":"Sentry and Sphere","floor":22,"turns":6},{"damage":54,"enemies":"Book of Stabbing","floor":23,"turns":4}],"seed_played":"8624865216388521727","potions_obtained":[{"floor":2,"key":"EssenceOfDarkness"},{"floor":2,"key":"ColorlessPotion"},{"floor":12,"key":"PotionOfCapacity"},{"floor":16,"key":"LiquidBronze"},{"floor":20,"key":"FairyPotion"}],"is_trial":false,"path_per_floor":["M","?","M","?","?","R","E","M","T","?","M","E","M","M","R","B",null,"M","?","M","?","M","E"],"character_chosen":"DEFECT","items_purchased":[],"campfire_rested":1,"item_purchase_floors":[],"current_hp_per_floor":[64,64,64,64,64,64,64,64,74,63,59,47,38,31,55,8,63,36,36,36,36,26,0,0],"gold":434,"neow_bonus":"THREE_ENEMY_KILL","is_daily":false,"chose_seed":false,"campfire_upgraded":1,"win_rate":0.0,"timestamp":1610196789,"path_taken":["M","?","?","?","?","R","E","?","T","?","M","E","M","M","R","BOSS","M","?","M","?","M","E"],"items_purchased_type":[],"build_version":"2020-12-22","purchased_purges":0,"victory":false,"max_hp_per_floor":[71,71,71,71,71,71,71,71,81,81,81,81,81,81,81,81,81,81,81,81,81,81,81,81],"card_choices":[{"not_picked":["Leap","Cold Snap"],"picked":"Ball Lightning","floor":1},{"not_picked":["Steam","Rebound"],"picked":"Cold Snap","floor":3},{"not_picked":["Leap","Steam Power"],"picked":"Gash","floor":7},{"not_picked":["Tempest","Hologram"],"picked":"Cold Snap","floor":8},{"not_picked":["Rainbow","Turbo"],"picked":"Stack","floor":11},{"not_picked":["Darkness","Force Field"],"picked":"Machine Learning+1","floor":12},{"not_picked":["Steam","Stack"],"picked":"Gash","floor":13},{"not_picked":["Compile Driver","Leap"],"picked":"Glacier","floor":14},{"not_picked":["Biased Cognition+1","Reboot"],"picked":"Buffer+1","floor":16},{"not_picked":["Fusion","Auto Shields"],"picked":"FTL","floor":18},{"not_picked":["Chill","Streamline"],"picked":"FTL","floor":20},{"not_picked":["Darkness","Turbo+1"],"picked":"Beam Cell","floor":22}],"player_experience":1924791,"relics_obtained":[{"floor":7,"key":"Frozen Egg 2"},{"floor":9,"key":"Pear"},{"floor":12,"key":"Letter Opener"}],"event_choices":[{"damage_healed":0,"gold_gain":0,"player_choice":"Got Potions","damage_taken":0,"max_hp_gain":0,"max_hp_loss":0,"event_name":"Lab","floor":2,"gold_loss":0},{"damage_healed":0,"gold_gain":0,"player_choice":"Leave","damage_taken":0,"max_hp_gain":0,"max_hp_loss":0,"event_name":"The Cleric","floor":4,"gold_loss":0},{"damage_healed":0,"gold_gain":0,"player_choice":"Upgraded","damage_taken":0,"max_hp_gain":0,"max_hp_loss":0,"event_name":"Upgrade Shrine","floor":5,"gold_loss":0,"cards_upgraded":["Zap"]},{"damage_healed":0,"gold_gain":75,"player_choice":"Gather Gold","damage_taken":11,"max_hp_gain":0,"max_hp_loss":0,"event_name":"World of Goop","floor":10,"gold_loss":0},{"damage_healed":0,"gold_gain":0,"player_choice":"Inject Mutagens","damage_taken":0,"relics_obtained":["MutagenicStrength"],"max_hp_gain":0,"max_hp_loss":0,"event_name":"Drug Dealer","floor":19,"gold_loss":0},{"damage_healed":0,"gold_gain":0,"player_choice":"Traded Relic","damage_taken":0,"relics_obtained":["Nloth\u0027s Gift"],"max_hp_gain":0,"max_hp_loss":0,"event_name":"N\u0027loth","floor":21,"relics_lost":["Pandora\u0027s Box"],"gold_loss":0}],"is_beta":false,"boss_relics":[{"not_picked":["FrozenCore","Coffee Dripper"],"picked":"Pandora\u0027s Box"}],"items_purged_floors":[],"is_endless":false,"potions_floor_spawned":[11,12,16,20],"killed_by":"Book of Stabbing","ascension_level":20}}