{"host":"z4nt7tdd4gjrinn7","time":1610210659,"event":{"mods":["BaseMod","Minty Spire (QoL Compilation)","StSLib","The Servant 0.9.4"],"gold_per_floor":[117,40,56,108,121,121,296,296,296,296,307,326,326,6,6,105,105,117,127,24,24,24,24,24,24,70,34,68,0,11,25,25,126,126,146,95,95,111,111,123,123,141,211,211,211],"floor_reached":44,"playtime":3083,"items_purged":[],"score":416,"play_id":"c47733fb-91d8-4844-be36-f72281c1be63","local_time":"20210109114419","is_ascension_mode":false,"campfire_choices":[{"data":"Fire Breathing","floor":6,"key":"SMITH"},{"data":"Thunderclap","floor":8,"key":"SMITH"},{"data":"Reaper","floor":15,"key":"SMITH"},{"floor":23,"key":"REST"},{"floor":25,"key":"REST"},{"floor":32,"key":"REST"},{"floor":41,"key":"REST"}],"circlet_count":0,"master_deck":["Strike_R+1","Strike_R+1","Strike_R+1","Strike_R+1","Strike_R+1","Defend_R+1","Defend_R+1","Defend_R+1","Defend_R+1","Bash","Thunderclap+1","Flame Barrier+1","Clash","Fire Breathing+1","Flame Barrier","Clash","Reaper+1","Discovery","Bludgeon","Armaments+1","Iron Wave+1","Reckless Charge","Iron Wave","Reckless Charge","Cleave","Rage+1","Pommel Strike","Impervious","Anger+1","Shockwave+1","Bandage Up","Cleave+1","Parasite","Shrug It Off"],"relics":["Burning Blood","NeowsBlessing","Red Skull","Darkstone Periapt","Happy Flower","SlaversCollar","StoneCalendar","Boot","MealTicket","Mark of Pain","Gremlin Horn"],"acts_visited":["Exordium","TheCity","TheBeyond"],"potions_floor_usage":[16,16,33,41,42,44],"damage_taken":[{"damage":0,"enemies":"Small Slimes","floor":1,"turns":1},{"damage":0,"enemies":"2 Louse","floor":3,"turns":1},{"damage":0,"enemies":"Jaw Worm","floor":5,"turns":1},{"damage":10,"enemies":"Looter","floor":11,"turns":3},{"damage":8,"enemies":"2 Fungi Beasts","floor":12,"turns":4},{"damage":40,"enemies":"The Guardian","floor":16,"turns":16},{"damage":35,"enemies":"2 Thieves","floor":18,"turns":4},{"damage":17,"enemies":"Shell Parasite","floor":19,"turns":7},{"damage":36,"enemies":"Book of Stabbing","floor":28,"turns":6},{"damage":24,"enemies":"Cultist and Chosen","floor":30,"turns":5},{"damage":4,"enemies":"Centurion and Healer","floor":31,"turns":7},{"damage":66,"enemies":"Automaton","floor":33,"turns":10},{"damage":5,"enemies":"3 Shapes","floor":35,"turns":7},{"damage":33,"enemies":"3 Darklings","floor":38,"turns":7},{"damage":40,"enemies":"Jaw Worm Horde","floor":40,"turns":5},{"damage":21,"enemies":"Writhing Mass","floor":42,"turns":7},{"damage":65,"enemies":"Transient","floor":44,"turns":5}],"seed_played":"3845729544284843841","potions_obtained":[{"floor":1,"key":"Block Potion"},{"floor":5,"key":"Regen Potion"},{"floor":11,"key":"Block Potion"},{"floor":12,"key":"DuplicationPotion"},{"floor":19,"key":"DuplicationPotion"},{"floor":33,"key":"CultistPotion"}],"is_trial":false,"path_per_floor":["M","$","M","?","M","R","?","R","T","?","M","M","T","$","R","B",null,"M","M","$","?","?","R","?","R","T","$","E","?","M","M","R","B",null,"M","$","?","M","?","M","R","M","T","M"],"character_chosen":"IRONCLAD","items_purchased":["Flame Barrier","Reaper","Happy Flower","Discovery","Reckless Charge","Iron Wave","Reckless Charge","BloodPotion"],"campfire_rested":4,"item_purchase_floors":[2,14,14,14,20,20,27,36],"current_hp_per_floor":[80,80,80,80,80,80,80,80,80,80,76,74,74,74,74,60,80,55,55,55,55,55,79,70,80,80,80,50,50,42,44,68,13,80,80,80,80,53,53,23,63,63,63,0,0],"gold":211,"neow_bonus":"THREE_ENEMY_KILL","is_daily":false,"chose_seed":false,"campfire_upgraded":3,"win_rate":0.0,"timestamp":1610210659,"path_taken":["M","$","M","?","M","R","?","R","T","?","M","M","?","$","R","BOSS","M","M","$","?","?","R","?","R","T","$","E","?","M","M","R","BOSS","M","$","?","M","?","M","R","M","T","?"],"items_purchased_type":["Card","Card","Relic","Card","Card","Card","Card","Potion"],"build_version":"2020-12-22","purchased_purges":0,"victory":false,"max_hp_per_floor":[80,80,80,80,80,80,80,80,80,80,80,80,80,80,80,80,80,80,80,80,80,80,80,80,80,80,80,80,80,80,80,80,80,80,80,80,80,80,80,80,80,86,86,86,86],"card_choices":[{"not_picked":["Inflame","Flex"],"picked":"Thunderclap","floor":1},{"not_picked":["True Grit","Pommel Strike"],"picked":"Clash","floor":3},{"not_picked":["Armaments","True Grit"],"picked":"Fire Breathing","floor":5},{"not_picked":["Pommel Strike","Armaments"],"picked":"Flame Barrier","floor":11},{"not_picked":["True Grit","Dropkick"],"picked":"Clash","floor":12},{"not_picked":["Corruption","Reaper"],"picked":"Bludgeon","floor":16},{"not_picked":["Metallicize","Sword Boomerang+1"],"picked":"Armaments+1","floor":18},{"not_picked":["Rampage","Armaments"],"picked":"Iron Wave+1","floor":19},{"not_picked":["Carnage","Whirlwind+1"],"picked":"Cleave","floor":28},{"not_picked":["Iron Wave","Twin Strike"],"picked":"Rage+1","floor":30},{"not_picked":["True Grit+1","Body Slam"],"picked":"Pommel Strike","floor":31},{"not_picked":["Corruption","Bludgeon"],"picked":"Impervious","floor":33},{"not_picked":["Warcry","Cleave"],"picked":"Anger+1","floor":35},{"not_picked":["Pummel","Warcry+1"],"picked":"Shockwave+1","floor":38},{"not_picked":["Perfected Strike","Armaments+1"],"picked":"Cleave+1","floor":40},{"not_picked":["Thunderclap","Heavy Blade"],"picked":"Shrug It Off","floor":42}],"player_experience":13627,"relics_obtained":[{"floor":9,"key":"Red Skull"},{"floor":13,"key":"Darkstone Periapt"},{"floor":26,"key":"Boot"},{"floor":28,"key":"MealTicket"},{"floor":43,"key":"Gremlin Horn"}],"event_choices":[{"damage_healed":0,"gold_gain":52,"player_choice":"Gained Gold","damage_taken":0,"max_hp_gain":0,"max_hp_loss":0,"event_name":"Golden Wing","floor":4,"gold_loss":0},{"damage_healed":0,"gold_gain":175,"player_choice":"AGREE","damage_taken":0,"max_hp_gain":0,"max_hp_loss":0,"event_name":"Liars Game","floor":7,"gold_loss":0,"cards_obtained":["Doubt"]},{"damage_healed":0,"gold_gain":0,"player_choice":"Grow","damage_taken":0,"max_hp_gain":0,"max_hp_loss":0,"event_name":"Living Wall","floor":10,"gold_loss":0,"cards_upgraded":["Flame Barrier"]},{"damage_healed":0,"gold_gain":0,"player_choice":"Opened","damage_taken":0,"relics_obtained":["StoneCalendar"],"max_hp_gain":0,"max_hp_loss":0,"event_name":"The Mausoleum","floor":21,"gold_loss":0},{"damage_healed":0,"gold_gain":0,"player_choice":"Simplicity","damage_taken":0,"max_hp_gain":0,"max_hp_loss":0,"event_name":"Back to Basics","floor":22,"gold_loss":0,"cards_upgraded":["Strike_R","Strike_R","Strike_R","Strike_R","Strike_R","Defend_R","Defend_R","Defend_R","Defend_R"]},{"damage_healed":0,"gold_gain":0,"player_choice":"Stopped","damage_taken":9,"max_hp_gain":0,"max_hp_loss":0,"event_name":"Cursed Tome","floor":24,"gold_loss":0},{"damage_healed":0,"gold_gain":0,"player_choice":"Paid Fearfully","damage_taken":0,"max_hp_gain":0,"max_hp_loss":0,"event_name":"Masked Bandits","floor":29,"gold_loss":68},{"damage_healed":0,"gold_gain":0,"player_choice":"Ignored","damage_taken":0,"max_hp_gain":0,"max_hp_loss":0,"event_name":"Tomb of Lord Red Mask","floor":37,"gold_loss":0},{"cards_removed":["Doubt"],"damage_healed":0,"gold_gain":0,"player_choice":"Took Card","damage_taken":0,"max_hp_gain":0,"max_hp_loss":0,"event_name":"NoteForYourself","floor":39,"gold_loss":0,"cards_obtained":["Bandage Up"]}],"is_beta":false,"boss_relics":[{"not_picked":["Empty Cage","Fusion Hammer"],"picked":"SlaversCollar"},{"not_picked":["Cursed Key","Snecko Eye"],"picked":"Mark of Pain"}],"items_purged_floors":[],"is_endless":false,"potions_floor_spawned":[1,5,11,12,19,33],"killed_by":"Transient","ascension_level":0}}