{"host":"q8niu1x2pgv94o1d","time":1610224401,"event":{"mods":["AchievementEnabler","BaseMod","Colored Map","Colored Powertips","Minty Spire (QoL Compilation)","StSLib"],"gold_per_floor":[112,131,206,206,223,223,223,250,250,283,300,300,326,339,339,434,434,448,304,320,63,63,63,93,156,168,193,205,487,499,540,552,669,681,710,733,845,874,584,614,614,629,656,44,59,76,76,90,90,90],"floor_reached":51,"playtime":4716,"items_purged":["Strike_R","Strike_R","Defend_R"],"score":849,"play_id":"65258e51-db7e-45a6-ae0b-7415717c32ea","local_time":"20210109213321","is_ascension_mode":true,"campfire_choices":[{"data":"Rage","floor":7,"key":"SMITH"},{"data":"Sword Boomerang","floor":12,"key":"SMITH"},{"data":"Flex","floor":15,"key":"SMITH"},{"data":"Berserk","floor":23,"key":"SMITH"},{"data":"Uppercut","floor":28,"key":"SMITH"},{"data":"Inflame","floor":30,"key":"SMITH"},{"data":"Double Tap","floor":32,"key":"SMITH"},{"data":"Fiend Fire","floor":41,"key":"SMITH"},{"data":"Second Wind","floor":47,"key":"SMITH"},{"data":"Bash","floor":49,"key":"SMITH"}],"circlet_count":0,"master_deck":["Strike_R+1","Strike_R+1","Defend_R+1","Defend_R+1","Bash+1","Headbutt","Rage+1","Cleave","Sword Boomerang+1","Second Wind+1","Flex+1","Berserk+1","Shrug It Off","Uppercut+1","Inflame+1","Shrug It Off","Double Tap+1","Fiend Fire+1","Metallicize+1","Madness","Impervious"],"relics":["Burning Blood","Meat on the Bone","Boot","Kunai","Anchor","Runic Pyramid","Bag of Preparation","MawBank","Regal Pillow","WingedGreaves","Omamori","Mark of Pain","Nunchaku","Red Skull","Pantograph","War Paint","Gremlin Horn","Medical Kit"],"acts_visited":["Exordium","TheCity","TheBeyond"],"potions_floor_usage":[10,11,31,50,50,50],"damage_taken":[{"damage":1,"enemies":"Cultist","floor":1,"turns":3},{"damage":7,"enemies":"2 Louse","floor":2,"turns":3},{"damage":0,"enemies":"Small Slimes","floor":5,"turns":3},{"damage":16,"enemies":"Lagavulin","floor":8,"turns":5},{"damage":17,"enemies":"3 Sentries","floor":10,"turns":5},{"damage":3,"enemies":"Exordium Thugs","floor":11,"turns":4},{"damage":27,"enemies":"Lagavulin","floor":13,"turns":7},{"damage":10,"enemies":"3 Louse","floor":14,"turns":3},{"damage":0,"enemies":"Slime Boss","floor":16,"turns":7},{"damage":10,"enemies":"2 Thieves","floor":18,"turns":3},{"damage":0,"enemies":"3 Byrds","floor":20,"turns":5},{"damage":23,"enemies":"Slavers","floor":24,"turns":6},{"damage":3,"enemies":"Snake Plant","floor":27,"turns":4},{"damage":12,"enemies":"Book of Stabbing","floor":31,"turns":6},{"damage":18,"enemies":"Automaton","floor":33,"turns":8},{"damage":0,"enemies":"3 Shapes","floor":35,"turns":4},{"damage":0,"enemies":"Orb Walker","floor":36,"turns":2},{"damage":16,"enemies":"3 Darklings","floor":38,"turns":5},{"damage":17,"enemies":"Nemesis","floor":40,"turns":5},{"damage":3,"enemies":"Sphere and 2 Shapes","floor":42,"turns":5},{"damage":18,"enemies":"Writhing Mass","floor":45,"turns":4},{"damage":0,"enemies":"3 Darklings","floor":46,"turns":3},{"damage":18,"enemies":"Sphere and 2 Shapes","floor":48,"turns":3},{"damage":0,"enemies":"Donu and Deca","floor":50,"turns":9}],"seed_played":"6891971355819050101","potions_obtained":[{"floor":1,"key":"Fire Potion"},{"floor":5,"key":"SpeedPotion"},{"floor":11,"key":"Dexterity Potion"},{"floor":14,"key":"EssenceOfSteel"},{"floor":18,"key":"FairyPotion"},{"floor":20,"key":"SkillPotion"},{"floor":24,"key":"PowerPotion"},{"floor":33,"key":"HeartOfIron"},{"floor":42,"key":"EssenceOfSteel"}],"is_trial":false,"path_per_floor":["M","M","?","?","M","?","R","E","T","E","M","R","E","M","R","B",null,"M","$","M","$","?","R","E","T","T","M","R","?","R","E","R","B",null,"M","M","?","M","$","E","R","M","T","$","M","M","R","M","R","B",null],"character_chosen":"IRONCLAD","items_purchased":["Uppercut","Bag of Preparation","Nunchaku","Red Skull","Gremlin Horn","Medical Kit","Madness"],"campfire_rested":0,"item_purchase_floors":[19,21,39,39,44,44,44],"current_hp_per_floor":[80,79,68,52,58,58,58,48,48,49,52,52,43,51,51,57,80,76,76,80,80,80,80,63,63,63,66,66,39,39,45,45,45,80,80,80,80,70,70,59,59,62,62,62,50,56,56,56,56,80],"gold":90,"neow_bonus":"REMOVE_CARD","is_daily":false,"chose_seed":false,"campfire_upgraded":10,"win_rate":0.0,"timestamp":1610224401,"path_taken":["M","M","?","?","M","?","R","E","T","E","?","R","E","M","R","BOSS","M","$","M","$","?","R","E","?","T","M","R","?","R","E","R","BOSS","M","?","?","M","$","E","R","?","T","$","M","M","R","?","R","BOSS"],"items_purchased_type":["Card","Relic","Relic","Relic","Relic","Relic","Card"],"build_version":"2020-12-22","purchased_purges":3,"victory":true,"max_hp_per_floor":[80,80,80,80,80,80,80,80,80,80,80,80,80,80,80,80,80,80,80,80,80,80,80,80,80,80,80,80,80,80,80,80,80,80,80,80,80,80,80,80,80,80,80,80,80,80,80,80,80,80],"card_choices":[{"not_picked":["Blood for Blood","Seeing Red"],"picked":"Headbutt","floor":1},{"not_picked":["Warcry","Flex"],"picked":"Rage","floor":2},{"not_picked":["Twin Strike","Headbutt"],"picked":"Cleave","floor":5},{"not_picked":["Cleave","Twin Strike","Pummel"],"picked":"SKIP","floor":8},{"not_picked":["Entrench","Reaper","Combust"],"picked":"SKIP","floor":10},{"not_picked":["Havoc","Thunderclap"],"picked":"Second Wind","floor":11},{"not_picked":["Clothesline","Perfected Strike"],"picked":"Flex","floor":13},{"not_picked":["Havoc","Twin Strike","Flex"],"picked":"SKIP","floor":14},{"not_picked":["Juggernaut","Bludgeon"],"picked":"Berserk","floor":16},{"not_picked":["Warcry","Headbutt"],"picked":"Shrug It Off","floor":18},{"not_picked":["Clash","True Grit","Thunderclap+1"],"picked":"SKIP","floor":20},{"not_picked":["Seeing Red","Searing Blow"],"picked":"Shrug It Off","floor":24},{"not_picked":["Fire Breathing+1","Headbutt"],"picked":"Double Tap","floor":27},{"not_picked":["Second Wind+1","Brutality","Thunderclap"],"picked":"SKIP","floor":31},{"not_picked":["Corruption","Reaper"],"picked":"Fiend Fire","floor":33},{"not_picked":["Sword Boomerang","Twin Strike","Flex+1"],"picked":"SKIP","floor":35},{"not_picked":["Clothesline+1","Anger+1","Warcry"],"picked":"SKIP","floor":36},{"not_picked":["True Grit","Second Wind"],"picked":"Metallicize+1","floor":38},{"not_picked":["Combust+1","Pummel","Perfected Strike+1"],"picked":"SKIP","floor":40},{"not_picked":["Pommel Strike+1","Second Wind+1","Burning Pact+1"],"picked":"SKIP","floor":42},{"not_picked":["Flame Barrier","Thunderclap"],"picked":"Impervious","floor":45},{"not_picked":["Armaments","Fire Breathing","Cleave"],"picked":"SKIP","floor":46},{"not_picked":["Anger+1","Clash","Iron Wave"],"picked":"SKIP","floor":48}],"player_experience":1775440,"relics_obtained":[{"floor":8,"key":"Meat on the Bone"},{"floor":9,"key":"Boot"},{"floor":10,"key":"Kunai"},{"floor":13,"key":"Anchor"},{"floor":24,"key":"MawBank"},{"floor":25,"key":"Regal Pillow"},{"floor":26,"key":"WingedGreaves"},{"floor":31,"key":"Omamori"},{"floor":40,"key":"Pantograph"},{"floor":43,"key":"War Paint"}],"event_choices":[{"damage_healed":0,"gold_gain":75,"player_choice":"Gather Gold","damage_taken":11,"max_hp_gain":0,"max_hp_loss":0,"event_name":"World of Goop","floor":3,"gold_loss":0},{"damage_healed":0,"gold_gain":0,"player_choice":"Entered Light","damage_taken":16,"max_hp_gain":0,"max_hp_loss":0,"event_name":"Shining Light","floor":4,"gold_loss":0,"cards_upgraded":["Strike_R","Strike_R"]},{"damage_healed":0,"gold_gain":0,"cards_transformed":["Strike_R"],"player_choice":"Transformed","damage_taken":0,"max_hp_gain":0,"max_hp_loss":0,"event_name":"Transmorgrifier","floor":6,"gold_loss":0,"cards_obtained":["Sword Boomerang"]},{"damage_healed":0,"gold_gain":0,"player_choice":"Read","damage_taken":0,"max_hp_gain":0,"max_hp_loss":0,"event_name":"The Library","floor":22,"gold_loss":0,"cards_obtained":["Inflame"]},{"damage_healed":0,"gold_gain":270,"player_choice":"GOLD GOLD GOLD ","damage_taken":27,"max_hp_gain":0,"max_hp_loss":0,"event_name":"Knowing Skull","floor":29,"potions_obtained":[],"gold_loss":0,"cards_obtained":[]},{"damage_healed":0,"gold_gain":100,"player_choice":"Pray","damage_taken":0,"max_hp_gain":0,"max_hp_loss":0,"event_name":"Golden Shrine","floor":37,"gold_loss":0}],"is_beta":false,"boss_relics":[{"not_picked":["Tiny House","Runic Cube"],"picked":"Runic Pyramid"},{"not_picked":["Black Star","SlaversCollar"],"picked":"Mark of Pain"}],"items_purged_floors":[19,21,44],"is_endless":false,"potions_floor_spawned":[1,5,11,14,18,20,24,33,42,45,46],"ascension_level":1}}