{"host":"f5gffvlv6a66yqkd","time":1610176486,"event":{"mods":["2.2 Compatiblity","BaseMod","Colored Map","DeckTracker","Keyboard Shortcuts","Minty Spire (QoL Compilation)","Permanent Neow","Quick Restart","Relic Stats","StSLib","SuperFastMode"],"gold_per_floor":[14,25,25,45,45,45,76,87,110,139,139,139,170,189,189,263,263,276,276,276,293,293,293,322,336,360,460,460,237,237,248,248,322,322,334,16,28,45,45,45,70,70,151,181,181,211,31,42,42,42,42],"floor_reached":50,"playtime":1498,"items_purged":["Anger","Flex+1","Rage"],"score":1207,"play_id":"212721df-f409-42e7-881e-e5e6c61185d1","local_time":"20210109161446","is_ascension_mode":true,"campfire_choices":[{"data":"Perfected Strike","floor":6,"key":"SMITH"},{"floor":12,"key":"REST"},{"data":"Immolate","floor":15,"key":"SMITH"},{"data":"Perfected Strike","floor":23,"key":"SMITH"},{"data":"Perfected Strike","floor":28,"key":"SMITH"},{"data":"Flame Barrier","floor":30,"key":"SMITH"},{"data":"Shrug It Off","floor":32,"key":"SMITH"},{"data":"Demon Form","floor":40,"key":"SMITH"},{"data":"Limit Break","floor":42,"key":"SMITH"},{"data":"Shrug It Off","floor":45,"key":"SMITH"},{"floor":49,"key":"RECALL"}],"circlet_count":0,"master_deck":["AscendersBane","Strike_R","Strike_R","Strike_R","Strike_R","Defend_R","Defend_R","Defend_R","Defend_R+1","Bash","Perfected Strike+1","Immolate+1","Flame Barrier+1","Disarm","Shrug It Off+1","Impervious","Perfected Strike+1","Perfected Strike+1","Shrug It Off+1","Juggernaut","Perfected Strike+1","Apotheosis","Dark Embrace","Demon Form+1","CurseOfTheBell","Clothesline+1","Demon Form+1","Fire Breathing+1","Limit Break+1","Blood for Blood+1","Feel No Pain+1","Sword Boomerang+1"],"relics":["Burning Blood","Lizard Tail","Orichalcum","War Paint","Akabeko","Smiling Mask","Mummified Hand","Snecko Eye","The Courier","Oddly Smooth Stone","Incense Burner","Molten Egg 2","Calling Bell","Vajra","Frozen Egg 2","Mango","Strange Spoon","Anchor","Art of War","Champion Belt","Centennial Puzzle"],"acts_visited":["Exordium","TheCity","TheBeyond"],"potions_floor_usage":[10,13,33,41,46,50],"damage_taken":[{"damage":2.0,"enemies":"Jaw Worm","floor":1.0,"turns":5.0},{"damage":7.0,"enemies":"Cultist","floor":2.0,"turns":4.0},{"damage":4,"enemies":"Small Slimes","floor":4,"turns":3},{"damage":20,"enemies":"Gremlin Nob","floor":7,"turns":4},{"damage":24,"enemies":"Red Slaver","floor":8,"turns":6},{"damage":11,"enemies":"3 Sentries","floor":10,"turns":6},{"damage":14,"enemies":"Lagavulin","floor":13,"turns":3},{"damage":9,"enemies":"Exordium Thugs","floor":14,"turns":7},{"damage":36,"enemies":"Slime Boss","floor":16,"turns":7},{"damage":1,"enemies":"Spheric Guardian","floor":18,"turns":4},{"damage":9,"enemies":"Shell Parasite","floor":21,"turns":2},{"damage":21,"enemies":"Slavers","floor":24,"turns":3},{"damage":4,"enemies":"Snecko","floor":25,"turns":4},{"damage":1,"enemies":"Colosseum Slavers","floor":27,"turns":3},{"damage":11,"enemies":"Colosseum Nobs","floor":27,"turns":3},{"damage":0,"enemies":"3 Cultists","floor":31,"turns":3},{"damage":44,"enemies":"Collector","floor":33,"turns":8},{"damage":0,"enemies":"3 Shapes","floor":35,"turns":5},{"damage":16,"enemies":"Orb Walker","floor":37,"turns":4},{"damage":6,"enemies":"Writhing Mass","floor":38,"turns":4},{"damage":29,"enemies":"Giant Head","floor":41,"turns":5},{"damage":0,"enemies":"Reptomancer","floor":44,"turns":4},{"damage":24,"enemies":"Nemesis","floor":46,"turns":7},{"damage":0,"enemies":"Spire Growth","floor":48,"turns":3},{"damage":116,"enemies":"Awakened One","floor":50,"turns":8}],"seed_played":"6572960856429458379","potions_obtained":[{"floor":7,"key":"LiquidMemories"},{"floor":8,"key":"SkillPotion"},{"floor":13,"key":"CultistPotion"},{"floor":14,"key":"ElixirPotion"},{"floor":16,"key":"SkillPotion"},{"floor":24,"key":"PowerPotion"},{"floor":27,"key":"SneckoOil"},{"floor":33,"key":"Swift Potion"},{"floor":37,"key":"BloodPotion"},{"floor":44,"key":"SneckoOil"},{"floor":48,"key":"SmokeBomb"}],"is_trial":false,"path_per_floor":["M","M","?","M","?","R","E","M","T","E","?","R","E","M","R","B",null,"M","?","?","M","?","R","E","M","T","?","R","$","R","M","R","B",null,"M","$","M","M","?","R","E","R","T","E","R","E","$","M","R","B"],"character_chosen":"IRONCLAD","items_purchased":["Apotheosis","Demon Form+1","Strange Spoon","Centennial Puzzle"],"campfire_rested":1,"item_purchase_floors":[29,36,36,47],"current_hp_per_floor":[72,71,71,73,73,73,59,41,41,36,36,58,50,47,47,17,61,66,66,66,63,63,63,48,50,50,50,50,50,50,56,56,18,75,81,81,71,71,71,71,48,48,48,54,54,53,53,59,59,0,0],"gold":42,"neow_bonus":"ONE_RARE_RELIC","is_daily":false,"chose_seed":false,"campfire_upgraded":9,"win_rate":0.0,"timestamp":1610176486,"path_taken":["M","M","?","?","?","R","E","M","T","E","?","R","E","?","R","BOSS","M","?","?","?","?","R","E","M","T","?","R","$","R","M","R","BOSS","M","$","M","M","?","R","E","R","T","E","R","E","$","M","R","BOSS"],"items_purchased_type":["Card","Card","Relic","Relic"],"build_version":"2020-12-22","purchased_purges":3,"victory":false,"max_hp_per_floor":[75,75,75,75,75,75,75,75,75,75,75,75,75,75,75,75,75,75,75,75,75,75,75,75,75,75,75,75,75,75,75,75,75,89,89,89,89,89,85,85,85,85,85,85,85,85,85,85,85,85,85],"relic_stats":{"counters":[25,115],"Orichalcum":[156],"War Paint":["Defend_R","Flex"],"Smiling Mask":90,"Burning Blood":144,"Strange Spoon":[8],"Lizard Tail":42,"Centennial Puzzle":[3],"Mummified Hand":[88],"Snecko Eye":[145,121,117,124],"Art of War":[1],"Champion Belt":[1],"obtain_stats":[{"Oddly Smooth Stone":26,"Vajra":34,"Mango":34,"The Courier":24,"Incense Burner":27,"Orichalcum":3,"War Paint":7,"Frozen Egg 2":34,"Smiling Mask":10,"Burning Blood":0,"Akabeko":9,"Calling Bell":34,"Strange Spoon":36,"Lizard Tail":0,"Anchor":41,"Centennial Puzzle":47,"Mummified Hand":13,"Snecko Eye":17,"Molten Egg 2":27,"Art of War":44,"Champion Belt":46},{"Oddly Smooth Stone":13,"Vajra":17,"Mango":17,"The Courier":12,"Incense Burner":15,"Orichalcum":2,"War Paint":4,"Frozen Egg 2":17,"Smiling Mask":6,"Burning Blood":0,"Akabeko":5,"Calling Bell":17,"Strange Spoon":18,"Lizard Tail":0,"Anchor":21,"Centennial Puzzle":23,"Mummified Hand":7,"Snecko Eye":9,"Molten Egg 2":15,"Art of War":22,"Champion Belt":23},{"Oddly Smooth Stone":58,"Vajra":75,"Mango":75,"The Courier":54,"Incense Burner":64,"Orichalcum":9,"War Paint":16,"Frozen Egg 2":75,"Smiling Mask":28,"Burning Blood":0,"Akabeko":22,"Calling Bell":75,"Strange Spoon":80,"Lizard Tail":0,"Anchor":93,"Centennial Puzzle":104,"Mummified Hand":31,"Snecko Eye":45,"Molten Egg 2":64,"Art of War":97,"Champion Belt":104}]},"card_choices":[{"not_picked":["Iron Wave","True Grit"],"picked":"Perfected Strike","floor":1.0},{"not_picked":["Anger","Burning Pact"],"picked":"Power Through","floor":2.0},{"not_picked":["Warcry","Clash"],"picked":"Flex","floor":4},{"not_picked":["Dropkick","Blood for Blood"],"picked":"Rage","floor":7},{"not_picked":["Warcry","Havoc"],"picked":"Anger","floor":8},{"not_picked":["Carnage","True Grit"],"picked":"Immolate","floor":10},{"not_picked":["Seeing Red","Flex"],"picked":"Disarm","floor":13},{"not_picked":["Iron Wave","Rupture"],"picked":"Shrug It Off","floor":14},{"not_picked":["Demon Form","Exhume"],"picked":"Impervious","floor":16},{"not_picked":["True Grit+1","Dual Wield"],"picked":"Perfected Strike","floor":18},{"not_picked":["Hemokinesis","Body Slam+1"],"picked":"Shrug It Off","floor":21},{"not_picked":["True Grit","Iron Wave+1","Juggernaut"],"picked":"SKIP","floor":24},{"not_picked":["True Grit","Iron Wave+1"],"picked":"Juggernaut","floor":24},{"not_picked":["Headbutt+1","Clothesline"],"picked":"Perfected Strike","floor":25},{"not_picked":["Armaments","Feel No Pain"],"picked":"Dark Embrace","floor":31},{"not_picked":["Berserk","Limit Break"],"picked":"Demon Form","floor":33},{"not_picked":["Sword Boomerang+1","Entrench"],"picked":"Clothesline+1","floor":35},{"not_picked":["Sword Boomerang+1","Iron Wave+1","Warcry+1"],"picked":"SKIP","floor":37},{"not_picked":["Warcry","Cleave+1"],"picked":"Fire Breathing+1","floor":38},{"not_picked":["Pummel+1","Spot Weakness","Limit Break"],"picked":"SKIP","floor":41},{"not_picked":["Pummel+1","Spot Weakness"],"picked":"Limit Break","floor":41},{"not_picked":["Armaments","Flex"],"picked":"Blood for Blood+1","floor":44},{"not_picked":["Carnage+1","Headbutt+1"],"picked":"Feel No Pain+1","floor":46},{"not_picked":["Sword Boomerang+1","Havoc"],"picked":"Evolve+1","floor":48}],"player_experience":1539388,"relics_obtained":[{"floor":7,"key":"War Paint"},{"floor":9,"key":"Akabeko"},{"floor":10,"key":"Smiling Mask"},{"floor":13,"key":"Mummified Hand"},{"floor":24,"key":"The Courier"},{"floor":26,"key":"Oddly Smooth Stone"},{"floor":27,"key":"Incense Burner"},{"floor":27,"key":"Molten Egg 2"},{"floor":34,"key":"Vajra"},{"floor":34,"key":"Frozen Egg 2"},{"floor":34,"key":"Mango"},{"floor":41,"key":"Anchor"},{"floor":44,"key":"Art of War"},{"floor":46,"key":"Champion Belt"}],"event_choices":[{"cards_removed":["Power Through"],"damage_healed":0,"gold_gain":0,"player_choice":"Gave Card","damage_taken":0,"relics_obtained":["Orichalcum"],"max_hp_gain":0,"max_hp_loss":0,"event_name":"WeMeetAgain","floor":3,"gold_loss":0},{"damage_healed":0,"gold_gain":0,"player_choice":"Leave","damage_taken":0,"max_hp_gain":0,"max_hp_loss":0,"event_name":"The Cleric","floor":5,"gold_loss":0},{"damage_healed":0,"gold_gain":0,"cards_transformed":["Strike_R"],"player_choice":"Transformed","damage_taken":0,"max_hp_gain":0,"max_hp_loss":0,"event_name":"Transmorgrifier","floor":11,"gold_loss":0,"cards_obtained":["Flame Barrier"]},{"damage_healed":0,"gold_gain":0,"player_choice":"Read","damage_taken":0,"max_hp_gain":0,"max_hp_loss":0,"event_name":"The Library","floor":19,"gold_loss":0,"cards_obtained":["Perfected Strike"]},{"damage_healed":0,"gold_gain":0,"player_choice":"Forge","damage_taken":0,"max_hp_gain":0,"max_hp_loss":0,"event_name":"Accursed Blacksmith","floor":20,"gold_loss":0,"cards_upgraded":["Perfected Strike"]},{"damage_healed":0,"gold_gain":0,"player_choice":"Ignored","damage_taken":0,"max_hp_gain":0,"max_hp_loss":0,"event_name":"The Mausoleum","floor":22,"gold_loss":0},{"damage_healed":0,"gold_gain":0,"player_choice":"Fight","damage_taken":0,"max_hp_gain":0,"max_hp_loss":0,"event_name":"Colosseum","floor":27,"gold_loss":0},{"damage_healed":0,"gold_gain":0,"player_choice":"Fought Nobs","damage_taken":0,"max_hp_gain":0,"max_hp_loss":0,"event_name":"Colosseum","floor":27,"gold_loss":0},{"damage_healed":0,"gold_gain":0,"player_choice":"Max HP","damage_taken":0,"max_hp_gain":0,"max_hp_loss":4,"event_name":"Winding Halls","floor":39,"gold_loss":0}],"is_beta":false,"boss_relics":[{"not_picked":["Fusion Hammer","Busted Crown"],"picked":"Snecko Eye"},{"not_picked":["Runic Pyramid","Black Star"],"picked":"Calling Bell"}],"items_purged_floors":[29,36,47],"is_endless":false,"potions_floor_spawned":[7,8,13,14,16,24,25,27,31,33,37,38,44,48],"killed_by":"Awakened One","ascension_level":20}}