{"host":"t7mx8yfj1no5p62f","time":1610223166,"event":{"mods":["BaseMod","Colored Map","Colored Powertips","Minty Spire (QoL Compilation)","Relic Stats","StSLib"],"gold_per_floor":[116,135,135,147,166,166,208,54,78,117,17,17,43,54,54,137,137,149,172,172,172,11,11,30,62,62,96,96,118,118,152,152,240,240,268,332,69,69,49,49,78,78,132,175,193,223,241,268,268,268,268,268,268,5,30,30,30],"floor_reached":56,"playtime":3054,"items_purged":["Pain","Strike_G","Strike_G+1"],"score":2191,"play_id":"b89b1fa0-2127-4406-aa7e-9eca8b13dc51","local_time":"20210109151246","is_ascension_mode":true,"campfire_choices":[{"data":"Dagger Throw","floor":6.0,"key":"SMITH"},{"data":"Malaise","floor":15.0,"key":"SMITH"},{"data":"Blade Dance","floor":23.0,"key":"SMITH"},{"data":"Footwork","floor":28.0,"key":"SMITH"},{"data":"Blade Dance","floor":30.0,"key":"SMITH"},{"data":"Cloak And Dagger","floor":32.0,"key":"SMITH"},{"floor":40.0,"key":"REST"},{"floor":42.0,"key":"RECALL"},{"floor":49.0,"key":"REST"},{"floor":53.0,"key":"REST"}],"circlet_count":0,"master_deck":["AscendersBane","Strike_G+1","Strike_G+1","Strike_G+1","Defend_G+1","Defend_G+1","Defend_G+1","Defend_G+1","Defend_G+1","Survivor","Neutralize","Endless Agony+1","Leg Sweep","Blade Dance+1","Dagger Throw+1","Malaise+1","Footwork+1","Endless Agony+1","Deadly Poison","Adrenaline","Acrobatics","After Image","Blade Dance+1","Cloak And Dagger+1","Corpse Explosion","Calculated Gamble+1","Acrobatics","Well Laid Plans","PiercingWail","Calculated Gamble","Outmaneuver+1","Tools of the Trade","PiercingWail","Night Terror","PiercingWail+1"],"relics":["Ring of the Snake","Nunchaku","WarpedTongs","CeramicFish","Lantern","PreservedInsect","Lizard Tail","WristBlade","Lee\u0027s Waffle","Anchor","Calipers","Red Mask","Fusion Hammer","Pocketwatch","Unceasing Top","Vajra","Mummified Hand","Whetstone","Orrery","Strawberry"],"acts_visited":["Exordium","TheCity","TheBeyond","TheEnding"],"potions_floor_usage":[56,56],"damage_taken":[{"damage":1.0,"enemies":"Jaw Worm","floor":1.0,"turns":7.0},{"damage":0.0,"enemies":"Cultist","floor":2.0,"turns":4.0},{"damage":4.0,"enemies":"Small Slimes","floor":4.0,"turns":3.0},{"damage":3.0,"enemies":"3 Louse","floor":5.0,"turns":3.0},{"damage":11.0,"enemies":"Gremlin Nob","floor":7.0,"turns":3.0},{"damage":4.0,"enemies":"Lagavulin","floor":10.0,"turns":12.0},{"damage":2.0,"enemies":"Blue Slaver","floor":13.0,"turns":4.0},{"damage":3.0,"enemies":"Exordium Wildlife","floor":14.0,"turns":4.0},{"damage":3.0,"enemies":"The Guardian","floor":16.0,"turns":15.0},{"damage":0.0,"enemies":"2 Thieves","floor":18.0,"turns":3.0},{"damage":0.0,"enemies":"Shell Parasite","floor":19.0,"turns":4.0},{"damage":1.0,"enemies":"Snake Plant","floor":24.0,"turns":5.0},{"damage":6.0,"enemies":"Slavers","floor":25.0,"turns":6.0},{"damage":0.0,"enemies":"Book of Stabbing","floor":27.0,"turns":6.0},{"damage":8.0,"enemies":"Cultist and Chosen","floor":29.0,"turns":6.0},{"damage":0.0,"enemies":"Masked Bandits","floor":31.0,"turns":4.0},{"damage":52.0,"enemies":"Collector","floor":33.0,"turns":12.0},{"damage":0.0,"enemies":"Orb Walker","floor":35.0,"turns":2.0},{"damage":40.0,"enemies":"2 Orb Walkers","floor":36.0,"turns":6.0},{"damage":0.0,"enemies":"Reptomancer","floor":41.0,"turns":10.0},{"damage":0.0,"enemies":"Nemesis","floor":44.0,"turns":5.0},{"damage":0.0,"enemies":"3 Shapes","floor":45.0,"turns":2.0},{"damage":8.0,"enemies":"Reptomancer","floor":46.0,"turns":6.0},{"damage":0.0,"enemies":"Spire Growth","floor":47.0,"turns":3.0},{"damage":0.0,"enemies":"Maw","floor":48.0,"turns":6.0},{"damage":5.0,"enemies":"Awakened One","floor":50.0,"turns":16.0},{"damage":10.0,"enemies":"Donu and Deca","floor":51.0,"turns":6.0},{"damage":7.0,"enemies":"Shield and Spear","floor":55.0,"turns":5.0},{"damage":132,"enemies":"The Heart","floor":56,"turns":14}],"seed_played":"-2440433777343773749","potions_obtained":[{"floor":1.0,"key":"EntropicBrew"},{"floor":7.0,"key":"Ancient Potion"},{"floor":10.0,"key":"SkillPotion"},{"floor":19.0,"key":"SneckoOil"},{"floor":24.0,"key":"Weak Potion"}],"is_trial":false,"path_per_floor":["M","M","?","M","M","R","E","$","T","E","$","T","M","M","R","B",null,"M","M","?","?","$","R","M","E","T","E","R","M","R","?","R","B",null,"M","?","$","?","$","R","E","R","T","E","M","E","M","M","R","B","B",null,"R","$","E","B"],"character_chosen":"THE_SILENT","items_purchased":["Footwork","Lee\u0027s Waffle","Well Laid Plans","AttackPotion","PiercingWail","DuplicationPotion","Orrery","Dexterity Potion"],"campfire_rested":3,"item_purchase_floors":[8,22,37,37,39,54,54,54],"current_hp_per_floor":[58,58,58,54,51,51,40,40,40,36,36,36,34,31,31,28,57,57,57,57,39,78,78,77,71,71,71,71,63,63,63,63,11,61,61,21,21,21,21,43,43,43,43,43,43,35,35,35,57,52,42,66,74,74,74,0,0],"gold":30,"neow_bonus":"RANDOM_COMMON_RELIC","is_daily":false,"chose_seed":false,"campfire_upgraded":6,"win_rate":0.0,"timestamp":1610223166,"path_taken":["M","M","?","M","M","R","E","$","T","E","$","?","M","M","R","BOSS","M","M","?","?","$","R","M","E","T","E","R","M","R","?","R","BOSS","M","?","$","?","?","R","E","R","T","E","M","E","?","M","R","BOSS","BOSS","R","$","E","BOSS"],"items_purchased_type":["Card","Relic","Card","Potion","Card","Potion","Relic","Potion"],"build_version":"2020-12-22","purchased_purges":3,"victory":false,"max_hp_per_floor":[66,66,66,66,66,66,66,66,66,66,66,66,66,66,66,66,66,66,66,66,71,78,78,78,78,78,78,78,78,78,78,78,78,78,78,78,78,74,74,74,74,74,74,74,74,74,74,74,74,74,74,74,74,74,81,81,81],"relic_stats":{"Lee\u0027s Waffle":39,"counters":[29,182],"CeramicFish":180,"PreservedInsect":346,"Whetstone":["Endless Agony","Endless Agony"],"WarpedTongs":[142],"Nunchaku":[65],"Lizard Tail":40,"Mummified Hand":[30],"obtain_stats":[{"Lantern":9,"Lee\u0027s Waffle":22,"Calipers":27,"CeramicFish":7,"Vajra":43,"PreservedInsect":10,"Whetstone":46,"WarpedTongs":3,"Nunchaku":0,"Lizard Tail":12,"Anchor":25,"WristBlade":17,"Mummified Hand":44,"Strawberry":55,"Orrery":54,"Fusion Hammer":34,"Red Mask":31,"Unceasing Top":41,"Ring of the Snake":0,"Pocketwatch":36},{"Lantern":5,"Lee\u0027s Waffle":11,"Calipers":14,"CeramicFish":5,"Vajra":20,"PreservedInsect":6,"Whetstone":23,"WarpedTongs":2,"Nunchaku":0,"Lizard Tail":6,"Anchor":13,"WristBlade":9,"Mummified Hand":21,"Strawberry":28,"Orrery":27,"Fusion Hammer":17,"Red Mask":16,"Unceasing Top":20,"Ring of the Snake":0,"Pocketwatch":19},{"Lantern":20,"Lee\u0027s Waffle":62,"Calipers":79,"CeramicFish":20,"Vajra":119,"PreservedInsect":32,"Whetstone":132,"WarpedTongs":11,"Nunchaku":0,"Lizard Tail":32,"Anchor":73,"WristBlade":55,"Mummified Hand":124,"Strawberry":168,"Orrery":163,"Fusion Hammer":101,"Red Mask":89,"Unceasing Top":119,"Ring of the Snake":0,"Pocketwatch":109}],"Unceasing Top":[39],"Ring of the Snake":[60],"Pocketwatch":[25]},"card_choices":[{"not_picked":["Quick Slash","Flechettes"],"picked":"Endless Agony","floor":1.0},{"not_picked":["Blade Dance","Sucker Punch"],"picked":"Leg Sweep","floor":2.0},{"not_picked":["Prepared","Masterful Stab"],"picked":"Blade Dance","floor":4.0},{"not_picked":["Outmaneuver","Expertise"],"picked":"Dagger Throw","floor":5.0},{"not_picked":["Footwork","Flying Knee"],"picked":"Malaise","floor":7.0},{"not_picked":["Slice","Bane"],"picked":"Endless Agony","floor":10.0},{"not_picked":["Slice","All Out Attack"],"picked":"Deadly Poison","floor":13.0},{"not_picked":["Poisoned Stab","Deflect","Quick Slash"],"picked":"SKIP","floor":14.0},{"not_picked":["Unload","Doppelganger"],"picked":"Adrenaline","floor":16.0},{"not_picked":["Bane","Dodge and Roll","Sucker Punch"],"picked":"SKIP","floor":18.0},{"not_picked":["Dagger Spray+1","Crippling Poison"],"picked":"Acrobatics","floor":19.0},{"not_picked":["Predator","Dagger Throw","Expertise"],"picked":"SKIP","floor":24.0},{"not_picked":["Deadly Poison","Prepared","Setup"],"picked":"SKIP","floor":25.0},{"not_picked":["Blade Dance+1","Leg Sweep"],"picked":"After Image","floor":27.0},{"not_picked":["Dagger Throw","Distraction"],"picked":"Blade Dance","floor":29.0},{"not_picked":["All Out Attack","Prepared"],"picked":"Cloak And Dagger","floor":31.0},{"not_picked":["Bullet Time","Glass Knife"],"picked":"Corpse Explosion","floor":33.0},{"not_picked":["Backflip","Skewer+1"],"picked":"Calculated Gamble+1","floor":35.0},{"not_picked":["Backflip","Poisoned Stab"],"picked":"Acrobatics","floor":36.0},{"not_picked":["Slice","Bouncing Flask","Quick Slash"],"picked":"SKIP","floor":41.0},{"not_picked":["Flying Knee","Cloak And Dagger"],"picked":"Calculated Gamble","floor":44.0},{"not_picked":["Poisoned Stab","Acrobatics","Predator"],"picked":"SKIP","floor":45.0},{"not_picked":["Storm of Steel","Setup","Quick Slash"],"picked":"SKIP","floor":46.0},{"not_picked":["Deflect","Riddle With Holes","Prepared"],"picked":"SKIP","floor":47.0},{"not_picked":["Deadly Poison","Quick Slash"],"picked":"Outmaneuver+1","floor":48.0},{"not_picked":["Backflip+1","Caltrops"],"picked":"Tools of the Trade","floor":54.0},{"not_picked":["Cloak And Dagger","Acrobatics"],"picked":"PiercingWail","floor":54.0},{"not_picked":["Bane","Underhanded Strike"],"picked":"Night Terror","floor":54.0},{"not_picked":["Well Laid Plans","Choke"],"picked":"PiercingWail+1","floor":54.0},{"not_picked":["Expertise","Deadly Poison+1","Outmaneuver"],"picked":"SKIP","floor":55.0}],"player_experience":1696541,"relics_obtained":[{"floor":7.0,"key":"CeramicFish"},{"floor":9.0,"key":"Lantern"},{"floor":10.0,"key":"PreservedInsect"},{"floor":12.0,"key":"Lizard Tail"},{"floor":25.0,"key":"Anchor"},{"floor":27.0,"key":"Calipers"},{"floor":31.0,"key":"Red Mask"},{"floor":36.0,"key":"Pocketwatch"},{"floor":41.0,"key":"Unceasing Top"},{"floor":43.0,"key":"Vajra"},{"floor":44.0,"key":"Mummified Hand"},{"floor":46.0,"key":"Whetstone"},{"floor":55.0,"key":"Strawberry"}],"event_choices":[{"damage_healed":0.0,"max_hp_gain":0.0,"max_hp_loss":0.0,"gold_gain":0.0,"event_name":"Accursed Blacksmith","player_choice":"Rummage","floor":3.0,"gold_loss":0.0,"damage_taken":0.0,"relics_obtained":["WarpedTongs"],"cards_obtained":["Pain"]},{"damage_healed":0.0,"max_hp_gain":0.0,"max_hp_loss":0.0,"gold_gain":0.0,"event_name":"Back to Basics","player_choice":"Simplicity","floor":20.0,"gold_loss":0.0,"damage_taken":0.0,"cards_upgraded":["Strike_G","Strike_G","Strike_G","Strike_G","Defend_G","Defend_G","Defend_G","Defend_G","Defend_G"]},{"damage_healed":0.0,"max_hp_gain":5.0,"max_hp_loss":0.0,"gold_gain":0.0,"event_name":"Forgotten Altar","player_choice":"Shed Blood","floor":21.0,"gold_loss":0.0,"damage_taken":23.0},{"damage_healed":0.0,"max_hp_gain":0.0,"max_hp_loss":0.0,"gold_gain":0.0,"event_name":"Masked Bandits","player_choice":"Fought Bandits","floor":31.0,"gold_loss":0.0,"damage_taken":0.0},{"damage_healed":0.0,"max_hp_gain":0.0,"max_hp_loss":0.0,"gold_gain":0.0,"event_name":"Mysterious Sphere","player_choice":"Fight","floor":36.0,"gold_loss":0.0,"damage_taken":0.0},{"damage_healed":0.0,"max_hp_gain":0.0,"max_hp_loss":4.0,"gold_gain":0.0,"event_name":"Winding Halls","player_choice":"Max HP","floor":38.0,"gold_loss":0.0,"damage_taken":0.0}],"is_beta":false,"boss_relics":[{"not_picked":["Calling Bell","HoveringKite"],"picked":"WristBlade"},{"not_picked":["Snecko Eye","Sozu"],"picked":"Fusion Hammer"}],"items_purged_floors":[8,11,37],"is_endless":false,"potions_floor_spawned":[1,7,10,19,24,27,44,46,47],"killed_by":"The Heart","ascension_level":20}}