{"host":"dn6kke80v5f7isus","time":1610224447,"event":{"mods":["AchievementEnabler","Act Like it!","BaseMod","Colored Powertips","Custom Start","Defuse TimeMaze Blight","Downfall","Duelist Mod","Gremlin Skip","Highlight Path","Hubris","Infinite Spire","Minty Spire (QoL Compilation)","Rare Cards Sparkle","Replay The Spire","StSLib","Uncapped"],"gold_per_floor":[142,142,160,160,185,185,217,217,241,257,257,271,287,301,301,397,397,409,422,422,422,439,439,456,484,484,484,501,501,501],"floor_reached":29,"playtime":1368,"items_purged":[],"score":461,"play_id":"a283dbdb-2307-4f27-8f53-83d1ed097141","local_time":"20210109153407","is_ascension_mode":true,"campfire_choices":[{"data":"theDuelist:ExodiaHead","floor":6,"key":"SMITH"},{"data":"theDuelist:ShardGreed","floor":11,"key":"SMITH"},{"data":"theDuelist:CardDestruction","floor":15,"key":"SMITH"},{"data":"theDuelist:PotGreed","floor":23,"key":"SMITH"},{"floor":27,"key":"REST"}],"circlet_count":0,"master_deck":["theDuelist:ExodiaLA","theDuelist:DarkMagician","theDuelist:ClownZombie","theDuelist:OneForOne","theDuelist:IceQueen","theDuelist:SpiralSpearStrike","theDuelist:OneForOne","theDuelist:Sparks","theDuelist:LegendaryExodia","theDuelist:DarkMasterZorc","theDuelist:ExodiaNecross","theDuelist:FairyBox","theDuelist:MiraculousDescent+1","theDuelist:ZombieMammoth","theDuelist:CaveDragon","theDuelist:Mixeroid","theDuelist:MysticalElf","theDuelist:ExodiaHead+1","theDuelist:Polymerization","theDuelist:ExodiaRA","theDuelist:PotGreed+1","theDuelist:ClownZombie","theDuelist:ShardGreed+1","theDuelist:CaveDragon","theDuelist:PowerWall","theDuelist:Wildfire","theDuelist:Sparks","theDuelist:RainbowDragon","theDuelist:MagicCylinder","theDuelist:MillenniumScorpion","theDuelist:Sparks","theDuelist:Mixeroid","theDuelist:GracefulCharity","theDuelist:SummonedSkull","theDuelist:BerserkerCrush","theDuelist:OjamaYellow","theDuelist:BlueEyes","theDuelist:BlockSpider","theDuelist:FeatherShot","theDuelist:ExodiaRL","theDuelist:Hinotama+1","theDuelist:BeastTalwar","theDuelist:PowerWall","theDuelist:Hinotama+1","theDuelist:Sparks","theDuelist:GracefulCharity","theDuelist:PowerWall","theDuelist:LabyrinthWall","theDuelist:ChangeHeart","theDuelist:ArchfiendSoldier","theDuelist:ExodiaNecross","theDuelist:CyberArchfiend","theDuelist:PowerWall","theDuelist:ExodiaLL","theDuelist:ArchfiendSoldier","theDuelist:CombinationAttack","theDuelist:CardDestruction+1","theDuelist:MillenniumShield","theDuelist:GreenGadget","theDuelist:BlockSpider"],"relics":["theDuelist:MillenniumPuzzle","theDuelist:CardPoolRelic","theDuelist:CardPoolBasicRelic","theDuelist:BoosterPackPoolRelic","NeowsBlessing","hubris:Icosahedron","Centennial Puzzle","Guardian:PocketSentry","Cables","Dream Catcher","hubris:HollowSoul","GremlinMask","hubris:Zylophone","Anchor"],"acts_visited":["Exordium","TheCity"],"potions_floor_usage":[13,16,16,22,22,22],"damage_taken":[{"damage":0,"enemies":"Cultist","floor":1,"turns":1},{"damage":0,"enemies":"2 Louse","floor":3,"turns":1},{"damage":0,"enemies":"Lagavulin","floor":7,"turns":1},{"damage":0,"enemies":"Jaw Worm","floor":10,"turns":1},{"damage":13,"enemies":"Blue Slaver","floor":12,"turns":3},{"damage":0,"enemies":"Gremlin Gang","floor":13,"turns":3},{"damage":9,"enemies":"2 Fungi Beasts","floor":14,"turns":2},{"damage":13,"enemies":"Slime Boss","floor":16,"turns":9},{"damage":8,"enemies":"Spheric Guardian","floor":18,"turns":4},{"damage":3,"enemies":"Chosen","floor":19,"turns":3},{"damage":0,"enemies":"Centurion and Healer","floor":22,"turns":7},{"damage":22,"enemies":"Cultist and Chosen","floor":24,"turns":6},{"damage":17,"enemies":"Replay:Snechameleon","floor":25,"turns":5},{"damage":41,"enemies":"Sentry and Sphere","floor":28,"turns":5}],"seed_played":"-312177304425892145","potions_obtained":[{"floor":3,"key":"Explosive Potion"},{"floor":13,"key":"theDuelist:OrbBottle"},{"floor":14,"key":"theDuelist:ElectricBrew"},{"floor":19,"key":"theDuelist:VoidBottle"}],"is_trial":false,"path_per_floor":["M","$","M","?","T","R","E","T","T","M","R","M","M","M","R","B",null,"M","M","$","?","M","R","M","E","T","R","M","?"],"character_chosen":"THE_DUELIST","items_purchased":[],"campfire_rested":1,"item_purchase_floors":[],"current_hp_per_floor":[72,72,72,72,72,72,80,80,80,80,80,67,67,58,58,47,73,65,62,62,62,62,62,40,23,23,47,6,6,6],"gold":501,"neow_bonus":"THREE_ENEMY_KILL","is_daily":false,"chose_seed":false,"campfire_upgraded":4,"win_rate":0.0,"timestamp":1610224447,"path_taken":["M","?","M","?","?","R","E","?","T","M","R","?","M","M","R","BOSS","M","M","$","?","?","R","M","E","T","R","M","?"],"items_purchased_type":[],"build_version":"2020-12-22","purchased_purges":0,"victory":false,"max_hp_per_floor":[80,80,80,80,80,80,80,80,80,80,80,80,80,80,80,82,82,82,82,82,82,82,82,82,82,82,82,82,82,82],"card_choices":[{"not_picked":["theDuelist:Hinotama+1","theDuelist:FuryFire+1","theDuelist:ClearKuriboh","theDuelist:OneForOne+1"],"picked":"theDuelist:DestructPotion","floor":1},{"not_picked":["theDuelist:WingedKuriboh","theDuelist:Raigeki","theDuelist:PowerGiant"],"picked":"SKIP","floor":3},{"not_picked":["theDuelist:Hinotama","theDuelist:BigFire","theDuelist:MudragonSwamp","theDuelist:LightningRodLord","theDuelist:GilfordLegend"],"picked":"SKIP","floor":7},{"not_picked":["theDuelist:BigFire","theDuelist:SilverApples","theDuelist:WormApocalypse","theDuelist:Hinotama"],"picked":"theDuelist:Wiseman","floor":10},{"not_picked":["theDuelist:EarthquakeGiant","theDuelist:DianKeto","theDuelist:HaneHane","theDuelist:BattleOx","theDuelist:CastleDarkIllusions"],"picked":"SKIP","floor":12},{"not_picked":["theDuelist:SphereKuriboh","theDuelist:ReleaseFromStone","theDuelist:RadiantMirrorForce","theDuelist:Jinzo"],"picked":"theDuelist:PotGenerosity","floor":13},{"not_picked":["theDuelist:BattleOx","theDuelist:Fissure","theDuelist:FuryFire","theDuelist:LightningDarts","theDuelist:WormWarlord"],"picked":"SKIP","floor":14},{"not_picked":["theDuelist:Solidarity","theDuelist:Raigeki","theDuelist:Mathematician","theDuelist:Blockman"],"picked":"theDuelist:PotForbidden","floor":16},{"not_picked":["theDuelist:LightningDarts","theDuelist:DianKeto","theDuelist:Jinzo","theDuelist:MirrorForce","theDuelist:DropOff"],"picked":"SKIP","floor":18},{"not_picked":["theDuelist:AttackTheMoon","theDuelist:Blockman","theDuelist:Sangan+1","theDuelist:SolemnStrike","theDuelist:ForbiddenLance"],"picked":"SKIP","floor":19},{"not_picked":["theDuelist:Hinotama+1","theDuelist:SilverApples","theDuelist:WormApocalypse","theDuelist:PowerWall","theDuelist:MillenniumScorpion"],"picked":"SKIP","floor":22},{"not_picked":["theDuelist:Hinotama","theDuelist:SilverApples+1","theDuelist:WormApocalypse","theDuelist:RedMedicine+1","theDuelist:DianKeto"],"picked":"SKIP","floor":24},{"not_picked":["theDuelist:Hinotama","theDuelist:BigFire","theDuelist:RedMedicine+1","theDuelist:Polymerization","theDuelist:ForbiddenChalice+1"],"picked":"SKIP","floor":25},{"not_picked":["theDuelist:WeepingIdol","theDuelist:RainbowKuriboh","theDuelist:MudGolem","theDuelist:GemElephant","theDuelist:DestroyerGolem+1"],"picked":"SKIP","floor":28}],"player_experience":564841,"relics_obtained":[{"floor":5,"key":"Centennial Puzzle"},{"floor":7,"key":"Guardian:PocketSentry"},{"floor":8,"key":"Cables"},{"floor":9,"key":"Dream Catcher"},{"floor":25,"key":"hubris:Zylophone"},{"floor":26,"key":"Anchor"}],"event_choices":[{"damage_healed":0,"gold_gain":0,"player_choice":"Trade","damage_taken":0,"relics_obtained":["GremlinMask"],"max_hp_gain":0,"max_hp_loss":0,"event_name":"FaceTrader","floor":21,"gold_loss":0}],"is_beta":false,"boss_relics":[{"not_picked":["Inserter","hubris:CrackedHourglass"],"picked":"hubris:HollowSoul"}],"items_purged_floors":[],"is_endless":false,"potions_floor_spawned":[3,13,14,19,25],"ascension_level":6}}