{"host":"oqzvrvdjimp5tr2r","time":1610165692,"event":{"mods":["Aspiration","BaseMod","Colored Map","Colored Powertips","DeckTracker","Downfall","Highlight Path","Hubris","Infinite Spire","Minty Spire (QoL Compilation)","Quick Restart","Random Character Button","Relic Sorter","Replay The Spire","StSLib","SuperFastMode","Synergy Search","The Cursed","The Disciple","The Jungle","The Runesmith"],"gold_per_floor":[118,136,148,164,32,32,32],"floor_reached":6,"playtime":550,"items_purged":[],"score":38,"play_id":"a2a92246-6cea-42a9-a1f1-8c6a978543b5","local_time":"20210108211452","daily_mods":["SealedDeck","DeadlyEvents","Uncertain Future"],"is_ascension_mode":false,"campfire_choices":[],"circlet_count":0,"master_deck":["Runesmith:ChaoticBlast","Runesmith:HammerThrow","Runesmith:HammerThrow","Runesmith:HammerAndChisel","Runesmith:HammerThrow","Runesmith:PoweredAnvil","Runesmith:CraftProtectio","Runesmith:HammerTime","Runesmith:CraftMagma","Runesmith:CraftMagma","Runesmith:CraftVitae","Runesmith:CraftReservo","Runesmith:Refine","Runesmith:Accelerate","Runesmith:ElementalConversion+1","Runesmith:PoweredAnvil"],"relics":["Runesmith:BrokenRuby"],"acts_visited":["Exordium"],"potions_floor_usage":[],"damage_taken":[{"damage":9,"enemies":"Jaw Worm","floor":1,"turns":2},{"damage":0,"enemies":"Cultist","floor":2,"turns":3},{"damage":13,"enemies":"2 Louse","floor":3,"turns":3},{"damage":23,"enemies":"Exordium Thugs","floor":4,"turns":4},{"damage":26,"enemies":"Lagavulin","floor":6,"turns":3}],"seed_played":"-1027084008052336644","potions_obtained":[{"floor":2,"key":"Strength Potion"}],"is_trial":true,"path_per_floor":["M","M","M","M","$","E"],"character_chosen":"RUNESMITH_CLASS","items_purchased":["Runesmith:ElementalConversion+1","Runesmith:PoweredAnvil"],"campfire_rested":0,"item_purchase_floors":[5,5],"current_hp_per_floor":[61,61,48,25,25,0,0],"gold":32,"neow_bonus":"","is_daily":false,"chose_seed":false,"campfire_upgraded":0,"win_rate":0.0,"timestamp":1610165692,"path_taken":["M","M","M","M","$","E"],"items_purchased_type":["Card","Card"],"build_version":"2020-12-22","purchased_purges":0,"victory":false,"max_hp_per_floor":[70,70,70,70,70,70,70],"card_choices":[{"not_picked":["Runesmith:StaticCage","Runesmith:RuneHurl"],"picked":"Runesmith:CraftVitae","floor":1},{"not_picked":["Runesmith:RuneHurl","Runesmith:StaticCage"],"picked":"Runesmith:CraftReservo","floor":2},{"not_picked":["Runesmith:EarthShield","Runesmith:Discharge"],"picked":"Runesmith:Refine","floor":3},{"not_picked":["Runesmith:CraftObretio","Runesmith:NegativeSpace"],"picked":"Runesmith:Accelerate","floor":4}],"player_experience":11013,"relics_obtained":[],"event_choices":[],"is_beta":false,"boss_relics":[],"items_purged_floors":[],"is_endless":false,"potions_floor_spawned":[2],"killed_by":"Lagavulin","ascension_level":0}}