{"host":"skvwuvqqk8x6jusd","time":1610230524,"event":{"mods":["AchievementEnabler","BaseMod","Colored Map","Colored Powertips","Highlight Path","Minty Spire (QoL Compilation)","Relic Stats","Slay-I"],"gold_per_floor":[116,116,197,197,372,372,372,372,372,384,397,415,428,461,461,562,562,576,587,587,604,233,262,262],"floor_reached":23,"playtime":1405,"items_purged":["Strike_B"],"score":222,"play_id":"dcc23ba5-2f48-41c2-90f4-478e2468470e","local_time":"20210109221524","is_ascension_mode":true,"campfire_choices":[{"data":"Zap","floor":6,"key":"SMITH"},{"data":"Ball Lightning","floor":8,"key":"SMITH"},{"data":"Self Repair","floor":15,"key":"SMITH"}],"circlet_count":0,"master_deck":["Strike_B","Strike_B","Defend_B","Defend_B","Defend_B","Defend_B","Zap+1","Dualcast+1","Ball Lightning+1","Doubt","Steam","Self Repair+1","Conserve Battery","FTL","Seek","Rainbow","Rip and Tear+1","Sweeping Beam+1","Cold Snap","Hologram","Panache","Storm"],"relics":["Cracked Core","Bronze Scales"],"acts_visited":["Exordium","TheCity"],"potions_floor_usage":[21],"damage_taken":[{"damage":0,"enemies":"2 Louse","floor":1,"turns":2},{"damage":0,"enemies":"Jaw Worm","floor":10,"turns":2},{"damage":0,"enemies":"Small Slimes","floor":11,"turns":2},{"damage":5,"enemies":"Red Slaver","floor":12,"turns":3},{"damage":10,"enemies":"Lots of Slimes","floor":13,"turns":4},{"damage":8,"enemies":"Lagavulin","floor":14,"turns":5},{"damage":57,"enemies":"Hexaghost","floor":16,"turns":13},{"damage":9,"enemies":"Chosen","floor":18,"turns":5},{"damage":28,"enemies":"2 Thieves","floor":19,"turns":5},{"damage":24,"enemies":"Snake Plant","floor":21,"turns":5},{"damage":28,"enemies":"Book of Stabbing","floor":23,"turns":5}],"seed_played":"-2265975989105231725","potions_obtained":[{"floor":11,"key":"SteroidPotion"},{"floor":13,"key":"Regen Potion"},{"floor":16,"key":"EssenceOfSteel"},{"floor":21,"key":"BlessingOfTheForge"}],"is_trial":false,"path_per_floor":["M","?","T","?","?","R","T","R","T","M","M","M","M","E","R","B",null,"M","M","?","M","$","E"],"character_chosen":"DEFECT","items_purchased":["Hologram","Panache","Storm"],"campfire_rested":0,"item_purchase_floors":[22,22,22],"current_hp_per_floor":[82,82,82,75,75,75,75,75,75,75,75,77,74,73,73,26,82,82,64,64,62,62,44,44],"gold":262,"neow_bonus":"TEN_PERCENT_HP_BONUS","is_daily":false,"chose_seed":false,"campfire_upgraded":3,"win_rate":0.0,"timestamp":1610230524,"path_taken":["M","?","?","?","?","R","?","R","T","M","M","M","?","E","R","BOSS","M","?","?","M","$","E"],"items_purchased_type":["Card","Card","Card"],"build_version":"2020-12-22","purchased_purges":1,"victory":false,"max_hp_per_floor":[82,82,82,82,82,82,82,82,82,82,82,82,82,82,82,82,82,82,82,82,82,82,82,82],"relic_stats":{"counters":[11,51],"Bronze Scales":[0],"obtain_stats":[{"Bronze Scales":23,"Cracked Core":0},{"Bronze Scales":11,"Cracked Core":0},{"Bronze Scales":51,"Cracked Core":0}]},"card_choices":[{"not_picked":["Hello World","Streamline"],"picked":"Ball Lightning","floor":1},{"not_picked":["Rebound","Gash"],"picked":"Steam","floor":10},{"not_picked":["Turbo","Chaos"],"picked":"Self Repair","floor":11},{"not_picked":["Melter","Rebound"],"picked":"Conserve Battery","floor":12},{"not_picked":["Darkness","Skim"],"picked":"FTL","floor":13},{"not_picked":["Ball Lightning","Loop"],"picked":"Seek","floor":14},{"not_picked":["Echo Form","Thunder Strike"],"picked":"Rainbow","floor":16},{"not_picked":["Gash+1","Heatsinks"],"picked":"Rip and Tear+1","floor":18},{"not_picked":["Turbo","Capacitor"],"picked":"Sweeping Beam+1","floor":19},{"not_picked":["Heatsinks+1","Turbo"],"picked":"Cold Snap","floor":21}],"player_experience":592963,"relics_obtained":[{"floor":23,"key":"Bronze Scales"}],"event_choices":[{"damage_healed":0,"gold_gain":0,"player_choice":"Grow","damage_taken":0,"max_hp_gain":0,"max_hp_loss":0,"event_name":"Living Wall","floor":2,"gold_loss":0,"cards_upgraded":["Dualcast"]},{"cards_removed":["Strike_B"],"damage_healed":0,"gold_gain":0,"player_choice":"Card Removal","damage_taken":7,"max_hp_gain":0,"max_hp_loss":0,"event_name":"Golden Wing","floor":4,"gold_loss":0},{"damage_healed":0,"gold_gain":175,"player_choice":"AGREE","damage_taken":0,"max_hp_gain":0,"max_hp_loss":0,"event_name":"Liars Game","floor":5,"gold_loss":0,"cards_obtained":["Doubt"]},{"damage_healed":0,"gold_gain":0,"player_choice":"Ignored","damage_taken":0,"max_hp_gain":0,"max_hp_loss":0,"event_name":"Ghosts","floor":20,"gold_loss":0}],"is_beta":false,"boss_relics":[{"not_picked":["Pandora\u0027s Box","Tiny House","Black Star"]}],"items_purged_floors":[22],"is_endless":false,"potions_floor_spawned":[11,13,16,19,21,23],"killed_by":"Book of Stabbing","ascension_level":1}}