{"host":"fnk117zi8wf5078t","time":1610195489,"event":{"mods":["AchievementEnabler","BaseMod","Colored Map","Minty Spire (QoL Compilation)","Rare Cards Sparkle","SuperFastMode","everything is the same but u backflip on backflip"],"gold_per_floor":[110,71,71,91,91,124,134,134,134,152,152,183,195,224,236,321,333,356,368,399,411,443,455,481,493,505,517,541,553,553],"floor_reached":29,"playtime":656,"items_purged":[],"score":494,"play_id":"53f3d79d-14ae-4b24-9da5-bc17e27a0fd4","local_time":"20210109213129","is_ascension_mode":true,"campfire_choices":[{"data":"Rupture","floor":11.0,"key":"SMITH"},{"floor":15.0,"key":"REST"},{"floor":23.0,"key":"REST"},{"floor":25.0,"key":"REST"}],"circlet_count":0,"master_deck":["AscendersBane","Strike_R","Strike_R","Strike_R","Defend_R","Defend_R","Defend_R","Bash","Shockwave","Rupture","Evolve","Fiend Fire","Dropkick","Rampage","Rupture+1","Spot Weakness","Sword Boomerang","Brutality","Anger"],"relics":["Burning Blood","Question Card","Strawberry","MawBank","Philosopher\u0027s Stone","Molten Egg 2","Nloth\u0027s Gift"],"acts_visited":["Exordium","TheCity"],"potions_floor_usage":[],"damage_taken":[{"damage":0.0,"enemies":"Small Slimes","floor":1.0,"turns":1.0},{"damage":0.0,"enemies":"Cultist","floor":4.0,"turns":1.0},{"damage":0.0,"enemies":"3 Sentries","floor":6.0,"turns":2.0},{"damage":9.0,"enemies":"2 Louse","floor":7.0,"turns":3.0},{"damage":14.0,"enemies":"Looter","floor":10.0,"turns":3.0},{"damage":24.0,"enemies":"Gremlin Nob","floor":12.0,"turns":4.0},{"damage":19.0,"enemies":"Exordium Thugs","floor":14.0,"turns":4.0},{"damage":46.0,"enemies":"Hexaghost","floor":16.0,"turns":9.0},{"damage":28.0,"enemies":"Shell Parasite","floor":18.0,"turns":3.0},{"damage":14.0,"enemies":"Spheric Guardian","floor":20.0,"turns":3.0},{"damage":22.0,"enemies":"3 Cultists","floor":22.0,"turns":4.0},{"damage":38.0,"enemies":"Shelled Parasite and Fungi","floor":24.0,"turns":4.0},{"damage":11.0,"enemies":"Cultist and Chosen","floor":28.0,"turns":3.0},{"damage":63,"enemies":"Gremlin Leader","floor":29,"turns":3}],"seed_played":"2267048404302087774","potions_obtained":[{"floor":4.0,"key":"Dexterity Potion"},{"floor":10.0,"key":"Fruit Juice"},{"floor":12.0,"key":"Energy Potion"},{"floor":16.0,"key":"Weak Potion"},{"floor":18.0,"key":"Swift Potion"},{"floor":22.0,"key":"Swift Potion"}],"is_trial":false,"path_per_floor":["M","$","?","M","?","E","M","?","T","M","R","E","?","M","R","B",null,"M","$","M","?","M","R","M","R","T","?","M","E"],"character_chosen":"IRONCLAD","items_purchased":["Rupture"],"campfire_rested":3,"item_purchase_floors":[2],"current_hp_per_floor":[74,74,74,75,75,75,72,68,75,72,72,54,47,34,60,20,70,48,48,40,40,24,50,18,44,44,44,39,0,0],"gold":553,"neow_bonus":"THREE_ENEMY_KILL","is_daily":false,"chose_seed":false,"campfire_upgraded":1,"win_rate":0.0,"timestamp":1610195489,"path_taken":["M","$","?","?","?","E","M","?","T","?","R","E","?","M","R","BOSS","M","$","M","?","M","R","M","R","T","?","?","E"],"items_purchased_type":["Card"],"build_version":"2020-12-22","purchased_purges":0,"victory":false,"max_hp_per_floor":[75,75,75,75,75,75,75,75,82,87,87,87,87,87,87,87,87,87,87,87,87,87,87,87,87,87,87,87,87,87],"card_choices":[{"not_picked":["Shrug It Off","Whirlwind"],"picked":"Shockwave","floor":1.0},{"not_picked":["Clothesline","Warcry"],"picked":"Evolve","floor":4.0},{"not_picked":["Feel No Pain","Clothesline"],"picked":"Dropkick","floor":6.0},{"not_picked":["Burning Pact","Clothesline","Clash"],"picked":"Rampage","floor":7.0},{"not_picked":["Uppercut","Blood for Blood","Metallicize"],"picked":"Rupture","floor":10.0},{"not_picked":["Berserk","Clothesline","Thunderclap"],"picked":"Spot Weakness","floor":12.0},{"not_picked":["Shrug It Off","Havoc","Second Wind"],"picked":"Sword Boomerang","floor":14.0},{"not_picked":["Impervious","Feed","Demon Form"],"picked":"Brutality","floor":16.0},{"not_picked":["Warcry","Perfected Strike","Uppercut","Iron Wave"],"picked":"SKIP","floor":18.0},{"not_picked":["Cleave","Headbutt","Havoc","Barricade"],"picked":"SKIP","floor":20.0},{"not_picked":["Pommel Strike","Shrug It Off+1","Sentinel"],"picked":"Anger","floor":22.0},{"not_picked":["True Grit","Intimidate","Body Slam","Spot Weakness"],"picked":"SKIP","floor":24.0},{"not_picked":["Uppercut+1","Fire Breathing","Carnage+1","Headbutt+1"],"picked":"SKIP","floor":28.0}],"player_experience":360925,"relics_obtained":[{"floor":6.0,"key":"Question Card"},{"floor":9.0,"key":"Strawberry"},{"floor":12.0,"key":"MawBank"},{"floor":26.0,"key":"Molten Egg 2"}],"event_choices":[{"cards_removed":["Strike_R"],"damage_healed":0.0,"max_hp_gain":0.0,"max_hp_loss":0.0,"gold_gain":0.0,"event_name":"Bonfire Elementals","player_choice":"Offered Basic","floor":3.0,"gold_loss":0.0,"damage_taken":0.0},{"damage_healed":0.0,"max_hp_gain":0.0,"max_hp_loss":0.0,"gold_gain":0.0,"cards_transformed":["Strike_R"],"event_name":"Living Wall","player_choice":"Change","floor":5.0,"gold_loss":0.0,"damage_taken":0.0,"cards_obtained":["Fiend Fire"]},{"damage_healed":0.0,"max_hp_gain":0.0,"max_hp_loss":0.0,"gold_gain":0.0,"event_name":"The Woman in Blue","player_choice":"Bought 0 Potions","floor":8.0,"gold_loss":0.0,"damage_taken":0.0},{"cards_removed":["Defend_R"],"damage_healed":0.0,"max_hp_gain":0.0,"max_hp_loss":0.0,"gold_gain":0.0,"event_name":"Golden Wing","player_choice":"Card Removal","floor":13.0,"gold_loss":0.0,"damage_taken":7.0},{"damage_healed":0.0,"max_hp_gain":0.0,"max_hp_loss":0.0,"gold_gain":0.0,"event_name":"Vampires","player_choice":"Ignored","floor":21.0,"gold_loss":0.0,"damage_taken":0.0},{"damage_healed":0.0,"max_hp_gain":0.0,"max_hp_loss":0.0,"gold_gain":0.0,"event_name":"N\u0027loth","player_choice":"Traded Relic","floor":27.0,"relics_lost":["NeowsBlessing"],"gold_loss":0.0,"damage_taken":0.0,"relics_obtained":["Nloth\u0027s Gift"]}],"is_beta":false,"boss_relics":[{"not_picked":["Calling Bell","Velvet Choker"],"picked":"Philosopher\u0027s Stone"}],"items_purged_floors":[],"is_endless":false,"potions_floor_spawned":[4,10,12,16,18,22],"killed_by":"Gremlin Leader","ascension_level":18}}