{"host":"dowi7cgbhepuzvpj","time":1610188870,"event":{"mods":["AchievementEnabler","BaseMod","Colored Map","Highlight Path","Keyboard Shortcuts","Minty Spire (QoL Compilation)","Permanent Neow","Quick Restart","StSLib","SuperFastMode"],"gold_per_floor":[118,118,37,37,57,57,74,102,102,102,120,136,150,169,169,246,246,263,222,61,111,127,127,142,142,142,142,67,86,98,111,111,188,188,203,203,203,216,216,216,216],"floor_reached":40,"playtime":1540,"items_purged":["Defend_B"],"score":764,"play_id":"3ae9ca15-7b80-4e66-8b3f-e79298f73da0","local_time":"20210109194110","is_ascension_mode":true,"campfire_choices":[{"data":"Defragment","floor":6.0,"key":"SMITH"},{"data":"Blizzard","floor":15.0,"key":"SMITH"},{"data":"Fission","floor":23.0,"key":"SMITH"},{"data":"Self Repair","floor":25.0,"key":"SMITH"},{"data":"Glacier","floor":27.0,"key":"SMITH"},{"data":"Barrage","floor":32.0,"key":"SMITH"}],"circlet_count":0,"master_deck":["AscendersBane","Defend_B","Zap","Dualcast","Glacier+1","Streamline+1","Core Surge+1","Self Repair+1","Defragment+1","Ball Lightning","Double Energy","Blizzard+1","Ball Lightning","Cold Snap","Conserve Battery","Fission+1","CurseOfTheBell","Self Repair","Glacier+1","Seek","White Noise","Capacitor+1","Barrage+1","Seek","Compile Driver","Writhe"],"relics":["Astrolabe","Incense Burner","Eternal Feather","Calling Bell","Lantern","Blue Candle","Torii","StrikeDummy","Sozu"],"acts_visited":["Exordium","TheCity","TheBeyond"],"potions_floor_usage":[],"damage_taken":[{"damage":0.0,"enemies":"Small Slimes","floor":1.0,"turns":3.0},{"damage":9.0,"enemies":"Jaw Worm","floor":5.0,"turns":4.0},{"damage":0.0,"enemies":"Cultist","floor":7.0,"turns":3.0},{"damage":16.0,"enemies":"3 Sentries","floor":8.0,"turns":7.0},{"damage":21.0,"enemies":"Lots of Slimes","floor":11.0,"turns":5.0},{"damage":9.0,"enemies":"Blue Slaver","floor":12.0,"turns":3.0},{"damage":10.0,"enemies":"Large Slime","floor":13.0,"turns":4.0},{"damage":0.0,"enemies":"Exordium Thugs","floor":14.0,"turns":4.0},{"damage":13.0,"enemies":"Slime Boss","floor":16.0,"turns":9.0},{"damage":15.0,"enemies":"Spheric Guardian","floor":18.0,"turns":5.0},{"damage":26.0,"enemies":"2 Thieves","floor":19.0,"turns":5.0},{"damage":38.0,"enemies":"Chosen and Byrds","floor":22.0,"turns":8.0},{"damage":10.0,"enemies":"Centurion and Healer","floor":24.0,"turns":7.0},{"damage":39.0,"enemies":"Shelled Parasite and Fungi","floor":29.0,"turns":5.0},{"damage":7.0,"enemies":"Cultist and Chosen","floor":30.0,"turns":5.0},{"damage":27.0,"enemies":"Snake Plant","floor":31.0,"turns":6.0},{"damage":27.0,"enemies":"Automaton","floor":33.0,"turns":13.0},{"damage":56.0,"enemies":"3 Darklings","floor":35.0,"turns":7.0},{"damage":35.0,"enemies":"Orb Walker","floor":38.0,"turns":5.0},{"damage":39,"enemies":"Nemesis","floor":40,"turns":6}],"seed_played":"5364999396756261082","potions_obtained":[{"floor":1.0,"key":"BlessingOfTheForge"},{"floor":5.0,"key":"SpeedPotion"},{"floor":11.0,"key":"DistilledChaos"},{"floor":13.0,"key":"PowerPotion"},{"floor":19.0,"key":"LiquidMemories"},{"floor":24.0,"key":"Regen Potion"},{"floor":29.0,"key":"Block Potion"},{"floor":31.0,"key":"Energy Potion"}],"is_trial":false,"path_per_floor":["M","?","$","?","M","R","M","E","T","?","M","M","M","M","R","B",null,"M","M","$","?","M","R","M","R","T","R","$","M","M","M","R","B",null,"M","?","?","M","?","E"],"character_chosen":"DEFECT","items_purchased":["Defragment","Seek"],"campfire_rested":0,"item_purchase_floors":[3,20],"current_hp_per_floor":[64,69,69,69,67,67,74,65,65,58,44,42,39,46,55,49,69,61,42,42,42,18,30,34,46,46,58,58,36,46,26,38,28,64,25,25,40,22,22,0,0],"gold":216,"neow_bonus":"BOSS_RELIC","is_daily":false,"chose_seed":false,"campfire_upgraded":6,"win_rate":0.0,"timestamp":1610188870,"path_taken":["M","?","$","?","?","R","?","E","T","?","M","M","M","M","R","BOSS","M","M","$","?","M","R","M","R","T","R","?","?","M","M","R","BOSS","M","?","?","M","?","E"],"items_purchased_type":["Card","Card"],"build_version":"2020-12-22","purchased_purges":1,"victory":false,"max_hp_per_floor":[71,76,76,76,76,76,76,76,76,76,76,76,76,76,76,76,76,76,76,76,76,76,76,76,76,76,76,76,76,76,76,76,76,76,76,76,76,76,76,76,76],"card_choices":[{"not_picked":["Coolheaded","Beam Cell"],"picked":"Self Repair","floor":1.0},{"not_picked":["Rip and Tear","Fusion"],"picked":"Ball Lightning","floor":5.0},{"not_picked":["Streamline","Darkness"],"picked":"Double Energy","floor":7.0},{"not_picked":["Steam Power","Electrodynamics"],"picked":"Blizzard","floor":8.0},{"not_picked":["Ball Lightning","Redo","Beam Cell"],"picked":"SKIP","floor":11.0},{"not_picked":["Redo","Beam Cell"],"picked":"Ball Lightning","floor":11.0},{"not_picked":["Hologram","Chaos"],"picked":"Cold Snap","floor":12.0},{"not_picked":["Gash","Ball Lightning","Compile Driver"],"picked":"SKIP","floor":13.0},{"not_picked":["Steam","Sweeping Beam"],"picked":"Conserve Battery","floor":14.0},{"not_picked":["Biased Cognition","Meteor Strike"],"picked":"Fission","floor":16.0},{"not_picked":["Doom and Gloom","Steam"],"picked":"Self Repair","floor":18.0},{"not_picked":["Storm+1","Turbo"],"picked":"Glacier","floor":19.0},{"not_picked":["Fission","Stack","Barrage"],"picked":"SKIP","floor":22.0},{"not_picked":["Cold Snap","Steam"],"picked":"White Noise","floor":24.0},{"not_picked":["Turbo","Reprogram"],"picked":"Capacitor+1","floor":29.0},{"not_picked":["Gash","Leap"],"picked":"Barrage","floor":30.0},{"not_picked":["Redo","Rip and Tear","Streamline"],"picked":"SKIP","floor":31.0},{"not_picked":["All For One","Multi-Cast"],"picked":"Seek","floor":33.0},{"not_picked":["Leap","Beam Cell+1"],"picked":"Compile Driver","floor":35.0},{"not_picked":["Aggregate","Steam Power","Darkness"],"picked":"SKIP","floor":38.0}],"player_experience":784738,"relics_obtained":[{"floor":8.0,"key":"Incense Burner"},{"floor":9.0,"key":"Eternal Feather"},{"floor":17.0,"key":"Lantern"},{"floor":17.0,"key":"Blue Candle"},{"floor":17.0,"key":"Torii"},{"floor":26.0,"key":"StrikeDummy"}],"event_choices":[{"damage_healed":0.0,"max_hp_gain":5.0,"max_hp_loss":0.0,"gold_gain":0.0,"event_name":"Big Fish","player_choice":"Donut","floor":2.0,"gold_loss":0.0,"damage_taken":0.0},{"cards_removed":["Defend_B"],"damage_healed":0.0,"max_hp_gain":0.0,"max_hp_loss":0.0,"gold_gain":0.0,"event_name":"Purifier","player_choice":"Purged","floor":4.0,"gold_loss":0.0,"damage_taken":0.0},{"cards_removed":["Defend_B"],"damage_healed":0.0,"max_hp_gain":0.0,"max_hp_loss":0.0,"gold_gain":0.0,"event_name":"Golden Wing","player_choice":"Card Removal","floor":10.0,"gold_loss":0.0,"damage_taken":7.0},{"damage_healed":0.0,"max_hp_gain":0.0,"max_hp_loss":0.0,"gold_gain":50.0,"event_name":"Golden Shrine","player_choice":"Pray","floor":21.0,"gold_loss":0.0,"damage_taken":0.0},{"cards_removed":["Strike_B"],"damage_healed":0.0,"max_hp_gain":0.0,"max_hp_loss":0.0,"gold_gain":0.0,"event_name":"Falling","player_choice":"Removed Attack","floor":36.0,"gold_loss":0.0,"damage_taken":0.0},{"damage_healed":15.0,"max_hp_gain":0.0,"max_hp_loss":0.0,"gold_gain":0.0,"event_name":"Winding Halls","player_choice":"Writhe","floor":37.0,"gold_loss":0.0,"damage_taken":0.0,"cards_obtained":["Writhe"]},{"damage_healed":0.0,"max_hp_gain":0.0,"max_hp_loss":0.0,"gold_gain":0.0,"event_name":"Tomb of Lord Red Mask","player_choice":"Ignored","floor":39.0,"gold_loss":0.0,"damage_taken":0.0}],"is_beta":false,"boss_relics":[{"not_picked":["Black Star","Runic Dome"],"picked":"Calling Bell"},{"not_picked":["SacredBark","Nuclear Battery"],"picked":"Sozu"}],"items_purged_floors":[28],"is_endless":false,"potions_floor_spawned":[1,5,7,11,13,19,24,29,31,35,38],"killed_by":"Nemesis","ascension_level":19}}