{"host":"jqln3q8z91cyrmpl","time":1610192252,"event":{"mods":["AchievementEnabler","BaseMod","Colored Map","DeckTracker","Keyboard Shortcuts","Minty Spire (QoL Compilation)","SuperFastMode"],"gold_per_floor":[112,124,141,152,77,106,119,119,194,225,243,61,75,89,89,89,89],"floor_reached":16,"playtime":711,"items_purged":["Strike_R","Strike_R"],"score":168,"play_id":"0153ae89-95ec-4cf5-8520-ddb0f58cc95b","local_time":"20210109203732","is_ascension_mode":true,"campfire_choices":[{"floor":8,"key":"REST"},{"data":"Body Slam","floor":15,"key":"SMITH"}],"circlet_count":0,"master_deck":["Strike_R","Strike_R","Strike_R","Defend_R","Defend_R","Defend_R","Defend_R","Bash","Anger","Sword Boomerang","Corruption","Shrug It Off","Seeing Red","True Grit","Body Slam+1"],"relics":["Burning Blood","Unceasing Top","Centennial Puzzle","Meat on the Bone","Turnip"],"acts_visited":["Exordium"],"potions_floor_usage":[6,6],"damage_taken":[{"damage":11,"enemies":"Cultist","floor":1,"turns":4},{"damage":4,"enemies":"Small Slimes","floor":2,"turns":4},{"damage":5,"enemies":"2 Louse","floor":3,"turns":3},{"damage":16,"enemies":"Exordium Thugs","floor":4,"turns":5},{"damage":46,"enemies":"3 Sentries","floor":6,"turns":12},{"damage":11,"enemies":"2 Fungi Beasts","floor":7,"turns":4},{"damage":34,"enemies":"Gremlin Nob","floor":10,"turns":5},{"damage":18,"enemies":"Large Slime","floor":11,"turns":6},{"damage":1,"enemies":"Looter","floor":13,"turns":3},{"damage":1,"enemies":"Exordium Thugs","floor":14,"turns":4},{"damage":81,"enemies":"The Guardian","floor":16,"turns":15}],"seed_played":"1320436749854383847","potions_obtained":[{"floor":2,"key":"Dexterity Potion"},{"floor":3,"key":"FairyPotion"},{"floor":4,"key":"Dexterity Potion"},{"floor":10,"key":"SpeedPotion"}],"is_trial":false,"path_per_floor":["M","M","M","M","$","E","M","R","T","E","M","$","M","M","R","B"],"character_chosen":"IRONCLAD","items_purchased":["Seeing Red"],"campfire_rested":1,"item_purchase_floors":[12],"current_hp_per_floor":[67,69,70,60,60,20,15,36,36,20,20,20,37,54,54,0,0],"gold":89,"neow_bonus":"ONE_RARE_RELIC","is_daily":false,"chose_seed":false,"campfire_upgraded":1,"win_rate":0.0,"timestamp":1610192252,"path_taken":["M","M","M","M","$","E","M","R","T","E","?","$","M","M","R","BOSS"],"items_purchased_type":["Card"],"build_version":"2020-12-22","purchased_purges":2,"victory":false,"max_hp_per_floor":[72,72,72,72,72,72,72,72,72,72,72,72,72,72,72,72,72],"card_choices":[{"not_picked":["Clash","Second Wind"],"picked":"Anger","floor":1},{"not_picked":["Flex","Clothesline"],"picked":"Sword Boomerang","floor":2},{"not_picked":["Sword Boomerang","Pummel"],"picked":"Corruption","floor":3},{"not_picked":["Rampage","Heavy Blade","Wild Strike"],"picked":"SKIP","floor":4},{"not_picked":["Infernal Blade","Anger","Twin Strike"],"picked":"SKIP","floor":6},{"not_picked":["Cleave","Dual Wield","Headbutt"],"picked":"SKIP","floor":7},{"not_picked":["Anger","Flex","Immolate"],"picked":"SKIP","floor":10},{"not_picked":["Rupture","Warcry"],"picked":"Shrug It Off","floor":11},{"not_picked":["Sword Boomerang","Shockwave"],"picked":"True Grit","floor":13},{"not_picked":["Twin Strike","Limit Break"],"picked":"Body Slam","floor":14}],"player_experience":360927,"relics_obtained":[{"floor":6,"key":"Centennial Puzzle"},{"floor":9,"key":"Meat on the Bone"},{"floor":10,"key":"Turnip"}],"event_choices":[],"is_beta":false,"boss_relics":[],"items_purged_floors":[5,12],"is_endless":false,"potions_floor_spawned":[2,3,4,10],"killed_by":"The Guardian","ascension_level":9}}