{"host":"f49a0fglrdtttfz6","time":1610156663,"event":{"mods":["BaseMod","Downfall","Lobotomy","Minty Spire (QoL Compilation)","StSLib"],"gold_per_floor":[113,113,133,208,224,224,224,224,224,254,254,254,254],"floor_reached":12,"playtime":526,"items_purged":[],"score":76,"play_id":"2d140a3d-4640-494e-a842-ca7e22f345c5","local_time":"20210108194423","is_ascension_mode":false,"campfire_choices":[{"floor":6,"key":"REST"},{"data":"Venomology","floor":8,"key":"SMITH"}],"circlet_count":0,"master_deck":["Strike_G","Strike_G","Strike_G","Strike_G","Strike_G","Defend_G","Defend_G","Defend_G","Defend_G","Defend_G","Survivor","Neutralize","Bane+1","MeatLantern","VoidDream","Sucker Punch","Venomology+1","SpiderBud","Slice","UniverseFragment"],"relics":["Ring of the Snake","CogitoBucket","PreservedInsect","Oddly Smooth Stone","Orichalcum"],"acts_visited":["Exordium"],"potions_floor_usage":[],"damage_taken":[{"damage":0,"enemies":"Small Slimes","floor":1,"turns":3},{"damage":9,"enemies":"Jaw Worm","floor":3,"turns":4},{"damage":2,"enemies":"2 Louse","floor":5,"turns":3},{"damage":54,"enemies":"Gremlin Nob","floor":10,"turns":4}],"seed_played":"-6839580991604620330","potions_obtained":[{"floor":5,"key":"SkillPotion"},{"floor":10,"key":"sneckomod:MuddlingPotion"}],"is_trial":false,"path_per_floor":["M","?","M","?","M","R","T","R","T","E","?","E"],"character_chosen":"THE_SILENT","items_purchased":[],"campfire_rested":1,"item_purchase_floors":[],"current_hp_per_floor":[70,70,61,50,48,69,69,69,69,15,38,0,0],"gold":254,"neow_bonus":"","is_daily":false,"chose_seed":false,"campfire_upgraded":1,"win_rate":0.0,"timestamp":1610156663,"path_taken":["M","?","M","?","M","R","?","R","T","E","?","E"],"items_purchased_type":[],"build_version":"2020-12-22","purchased_purges":0,"victory":false,"max_hp_per_floor":[70,70,70,70,70,70,70,70,70,70,70,70,70],"card_choices":[{"not_picked":["Underhanded Strike","Dodge and Roll"],"picked":"Bane","floor":1},{"not_picked":["CrumblingArmor","WhitesApple"],"picked":"MeatLantern","floor":1},{"not_picked":["MHz","CrumblingArmor"],"picked":"VoidDream","floor":3},{"not_picked":["Acrobatics","Dagger Throw"],"picked":"Sucker Punch","floor":3},{"not_picked":["Calculated Gamble","Terror"],"picked":"Venomology","floor":5},{"not_picked":["PlagueDoctor","WallGazer"],"picked":"SpiderBud","floor":5},{"not_picked":["Outmaneuver","Dash"],"picked":"Slice","floor":10},{"not_picked":["MHz","Scarecrow"],"picked":"UniverseFragment","floor":10}],"player_experience":62476,"relics_obtained":[{"floor":7,"key":"PreservedInsect"},{"floor":9,"key":"Oddly Smooth Stone"},{"floor":10,"key":"Orichalcum"}],"event_choices":[{"damage_healed":0,"gold_gain":0,"player_choice":"Grow","damage_taken":0,"max_hp_gain":0,"max_hp_loss":0,"event_name":"Living Wall","floor":2,"gold_loss":0,"cards_upgraded":["Bane"]},{"damage_healed":0,"gold_gain":75,"player_choice":"Gather Gold","damage_taken":11,"max_hp_gain":0,"max_hp_loss":0,"event_name":"World of Goop","floor":4,"gold_loss":0},{"damage_healed":23,"gold_gain":0,"player_choice":"Banana","damage_taken":0,"max_hp_gain":0,"max_hp_loss":0,"event_name":"Big Fish","floor":11,"gold_loss":0}],"is_beta":false,"boss_relics":[],"items_purged_floors":[],"is_endless":false,"potions_floor_spawned":[5,10],"killed_by":"3 Sentries","ascension_level":0}}