{"host":"nkolxg4se00n20yf","time":1610209260,"event":{"mods":["BaseMod","CatGirl Mod","Chen","Colored Map","Colored Powertips","Downfall","Friendly Minions","Infinite Spire","Kiyohime????","Marisa????????","Minty Spire (QoL Compilation)","StSLib","Td1madao Mod","The Administrix","The Cursed","The Exalted","The Hierophant","The Servant 0.9.4"],"gold_per_floor":[119,130,145,164,176,176,208,225,225,225,244,244,274,274,274,274,274],"floor_reached":16,"playtime":756,"items_purged":[],"score":203,"play_id":"87ae56a2-be14-4939-970b-e7653f8e7a29","local_time":"20210109172100","is_ascension_mode":true,"campfire_choices":[{"data":"After Image","floor":6,"key":"SMITH"},{"floor":10,"key":"REST"},{"floor":12,"key":"REST"},{"floor":15,"key":"REST"}],"circlet_count":0,"master_deck":["AscendersBane","Strike_G","Strike_G","Strike_G","Strike_G","Defend_G","Defend_G","Defend_G","Defend_G","Survivor","Neutralize","Accuracy","Sucker Punch","Acrobatics","Masterful Stab","PiercingWail","Endless Agony","After Image+1","Adrenaline","Expertise","Heel Hook"],"relics":["Ring of the Snake","infinitespire:Bottled Soul","Paper Crane"],"acts_visited":["Exordium"],"potions_floor_usage":[11,16],"damage_taken":[{"damage":1.0,"enemies":"Small Slimes","floor":1.0,"turns":5.0},{"damage":3.0,"enemies":"Cultist","floor":2.0,"turns":4.0},{"damage":0.0,"enemies":"Jaw Worm","floor":3.0,"turns":5.0},{"damage":0,"enemies":"2 Fungi Beasts","floor":4,"turns":4},{"damage":0,"enemies":"Exordium Wildlife","floor":5,"turns":3},{"damage":50,"enemies":"Gremlin Nob","floor":7,"turns":6},{"damage":1,"enemies":"Blue Slaver","floor":8,"turns":5},{"damage":9,"enemies":"Lots of Slimes","floor":11,"turns":6},{"damage":71,"enemies":"Hexaghost","floor":16,"turns":16}],"seed_played":"-41918658914009971","potions_obtained":[{"floor":1.0,"key":"Dexterity Potion"},{"floor":5,"key":"Dexterity Potion"},{"floor":11,"key":"FairyPotion"}],"is_trial":false,"path_per_floor":["M","M","M","M","M","R","E","M","T","R","M","R","?","?","R","B"],"character_chosen":"THE_SILENT","items_purchased":[],"campfire_rested":3,"item_purchase_floors":[],"current_hp_per_floor":[58,55,55,55,55,55,5,4,4,22,13,31,31,28,46,0,0],"gold":274,"neow_bonus":"TRANSFORM_TWO_CARDS","is_daily":false,"chose_seed":false,"campfire_upgraded":1,"win_rate":0.0,"timestamp":1610209260,"path_taken":["M","M","M","M","M","R","E","M","T","R","M","R","?","?","R","BOSS"],"items_purchased_type":[],"build_version":"2020-12-22","purchased_purges":0,"victory":false,"max_hp_per_floor":[60,60,60,60,60,60,60,60,60,60,60,60,60,60,60,60,60],"card_choices":[{"not_picked":["Escape Plan","Well Laid Plans"],"picked":"Acrobatics","floor":1.0},{"not_picked":["Endless Agony","Dodge and Roll"],"picked":"Masterful Stab","floor":2.0},{"not_picked":["Sucker Punch","Bane"],"picked":"PiercingWail","floor":3.0},{"not_picked":["Deflect","Poisoned Stab"],"picked":"Endless Agony","floor":4},{"not_picked":["Noxious Fumes","Deflect"],"picked":"After Image","floor":5},{"not_picked":["Backflip","Bouncing Flask"],"picked":"Adrenaline","floor":7},{"not_picked":["Slice","Prepared"],"picked":"Expertise","floor":8},{"not_picked":["Finisher","Distraction"],"picked":"Heel Hook","floor":11}],"player_experience":1091571,"relics_obtained":[{"floor":7,"key":"infinitespire:Bottled Soul"},{"floor":9,"key":"Paper Crane"}],"event_choices":[{"damage_healed":0,"gold_gain":30,"player_choice":"Searched \u00271\u0027 times","damage_taken":0,"max_hp_gain":0,"max_hp_loss":0,"event_name":"Dead Adventurer","floor":13,"gold_loss":0},{"damage_healed":0,"gold_gain":0,"player_choice":"Bought 0 Potions","damage_taken":0,"max_hp_gain":0,"max_hp_loss":0,"event_name":"The Woman in Blue","floor":14,"gold_loss":0}],"is_beta":false,"boss_relics":[],"items_purged_floors":[],"is_endless":false,"potions_floor_spawned":[1,5,11],"killed_by":"Hexaghost","ascension_level":19}}