{"host":"Ceyx","time":1610175826,"event":{"mods":["BaseMod","Beaked The Cultist","Better Third Choice","BetterRewards","Conspire","Downfall","Hermit","Hubris","Infinite Spire","Lobotomy","Minty Spire (QoL Compilation)","Replay The Spire","Shop Mod","StSLib","The Jungle","The Poker Player"],"gold_per_floor":[111,131,131,150,164,164,176,176,176,176,194,224,249,273,273,384,384,407,407,433,480,486,486],"floor_reached":22,"playtime":1482,"items_purged":[],"score":182,"play_id":"3d3b1a23-bf95-4b59-87ea-114657fe2d49","local_time":"20210109140346","is_ascension_mode":false,"campfire_choices":[{"data":"hermit:Maintenance","floor":6,"key":"SMITH"},{"data":"hermit:Midnight","floor":8,"key":"SMITH"},{"data":"hermit:Snapshot","floor":10,"key":"SMITH"},{"data":"Doubt","floor":15,"key":"PURGE"}],"circlet_count":0,"master_deck":["hermit:Strike_Hermit","hermit:Strike_Hermit","hermit:Strike_Hermit","hermit:Strike_Hermit","hermit:Defend_Hermit","hermit:Defend_Hermit","hermit:Defend_Hermit","hermit:Defend_Hermit","hermit:Snapshot+1","hermit:Covet","hermit:Desperado","hermit:Maintenance+1","hermit:Midnight+1","hubris:NaturalOne","hermit:HighNoon"],"relics":["hermit:Momento","infinitespire:Golems Mask","Replay:Bandana","hubris:ScarierMask","Nloth\u0027s Gift","ReplayTheSpireMod:TigerMarble"],"acts_visited":["Exordium","TheCity"],"potions_floor_usage":[16,16,21,21],"damage_taken":[{"damage":5,"enemies":"Jaw Worm","floor":1,"turns":4},{"damage":0,"enemies":"2 Louse","floor":2,"turns":2},{"damage":0,"enemies":"Cultist","floor":4,"turns":4},{"damage":0,"enemies":"Large Slime","floor":5,"turns":4},{"damage":5,"enemies":"Exordium Wildlife","floor":7,"turns":4},{"damage":0,"enemies":"Red Slaver","floor":11,"turns":2},{"damage":0,"enemies":"Gremlin Gang","floor":12,"turns":5},{"damage":4,"enemies":"Blue Slaver","floor":13,"turns":3},{"damage":5,"enemies":"Looter","floor":14,"turns":4},{"damage":18,"enemies":"Slime Boss","floor":16,"turns":10},{"damage":8,"enemies":"Spheric Guardian","floor":18,"turns":5},{"damage":30,"enemies":"Shell Parasite","floor":20,"turns":6},{"damage":25,"enemies":"conspire:MimicChest","floor":21,"turns":13},{"damage":15,"enemies":"Shelled Parasite and Fungi","floor":22,"turns":4}],"seed_played":"6302898217025144574","potions_obtained":[{"floor":5,"key":"BlessingOfTheForge"},{"floor":7,"key":"sneckomod:MuddlingPotion"},{"floor":11,"key":"ColorlessPotion"},{"floor":13,"key":"PowerPotion"},{"floor":18,"key":"Dexterity Potion"}],"is_trial":false,"path_per_floor":["M","M","?","M","M","R","M","R","T","R","M","M","M","M","R","B",null,"M","?","M","?","M"],"character_chosen":"HERMIT","items_purchased":[],"campfire_rested":0,"item_purchase_floors":[],"current_hp_per_floor":[70,70,70,70,70,70,65,65,65,65,65,65,61,56,56,38,75,67,67,37,12,0,0],"gold":486,"neow_bonus":"ONE_RARE_RELIC","is_daily":false,"chose_seed":false,"campfire_upgraded":3,"win_rate":0.0,"timestamp":1610175826,"path_taken":["M","M","?","M","M","R","M","R","T","R","M","M","M","M","R","BOSS","M","?","?","?","M"],"items_purchased_type":[],"build_version":"2020-12-18","purchased_purges":0,"victory":false,"max_hp_per_floor":[75,75,75,75,75,75,75,75,75,75,75,75,75,75,75,75,75,75,75,75,75,75,75],"card_choices":[{"not_picked":["hermit:Dive","hermit:Quickdraw"],"picked":"hermit:Desperado","floor":1},{"not_picked":["hermit:Manifest","hermit:Glare"],"picked":"hermit:Maintenance","floor":2},{"not_picked":["hermit:Manifest","hermit:Magnum"],"picked":"hermit:Midnight","floor":4},{"not_picked":["hermit:LoneWolf","hermit:HoleUp","hermit:HighCaliber"],"picked":"SKIP","floor":5},{"not_picked":["hermit:Misfire","hermit:Quickdraw","hermit:Scavenge"],"picked":"SKIP","floor":7},{"not_picked":["hermit:CalledShot","hermit:DeadOrAlive","hermit:Feint"],"picked":"SKIP","floor":11},{"not_picked":["hermit:Gestalt","hermit:GhostlyPresence","hermit:HoleUp"],"picked":"SKIP","floor":12},{"not_picked":["hermit:Coalescence","hermit:Snipe","hermit:Dive"],"picked":"SKIP","floor":13},{"not_picked":["hermit:Snipe","hermit:Horror","hermit:OverwhelmingPower"],"picked":"SKIP","floor":14},{"not_picked":["hermit:RoundhouseKick","hermit:Adapt"],"picked":"hermit:HighNoon","floor":16},{"not_picked":["hermit:Horror","hermit:Coalescence","hermit:HoleUp"],"picked":"SKIP","floor":18},{"not_picked":["hermit:Snipe","hermit:FlashPowder+1","hermit:Brawl+1"],"picked":"SKIP","floor":20}],"player_experience":569412,"relics_obtained":[{"floor":9,"key":"Replay:Bandana"},{"floor":21,"key":"ReplayTheSpireMod:TigerMarble"}],"event_choices":[{"damage_healed":0,"gold_gain":0,"player_choice":"Traded Relic","damage_taken":0,"relics_obtained":["Nloth\u0027s Gift"],"max_hp_gain":0,"max_hp_loss":0,"event_name":"N\u0027loth","floor":19,"relics_lost":["hubris:Icosahedron"],"gold_loss":0}],"is_beta":true,"boss_relics":[{"not_picked":["beaked:MawFillet","Coffee Dripper"],"picked":"hubris:ScarierMask"}],"items_purged_floors":[],"is_endless":false,"potions_floor_spawned":[5,7,11,13,14,18],"killed_by":"Shelled Parasite and Fungi","ascension_level":0}}