{"host":"kv06jx36eid0zw4n","time":1610157888,"event":{"mods":["AchievementEnabler","Act Like it!","Aspiration","BaseMod","Beaked The Cultist","Better Note","Better Skull","Better Third Choice","BetterRewards","Block Reminder","CCEM","Colored Map","Conspire","Curses Come First","Dota2Spire","Elementarium","Energized Spire","Friendly Minions","Gensokyo","GifTheSpireLib","Glutton Mod","GungeonMod","Halation","Hallownest","Hermit","Hubris","Infinite Spire","Key Reminder","KomeijiMod","Lobotomy","LobotomyExtend","Menagerie","Mimic Mod","Minty Spire (QoL Compilation)","MostiFishMod","Pale of the Ancients","Quarter Circle Forward PUNCH!","Rare Cards Sparkle","Replay The Spire","RumiaBox-????????","Small Relic Pack","Spicy Shops","StSLib","Stuff the Spire","The Blue Laboratory","The Cursed","The Factory","Trackpad","Uncapped","Wandering Minibosses","[IsaacMod]????","vexMod"],"gold_per_floor":[117,117,117,117,4,4,16,30,54,64,82,114,130,145,145,220,220,220,220],"floor_reached":18,"playtime":1212,"items_purged":["StuffTheSpire:CuriosityCurse"],"score":367,"play_id":"376fd63f-605a-4227-bc94-fc99c9c501f7","local_time":"20210109030448","is_ascension_mode":true,"campfire_choices":[{"floor":6,"key":"RECALL"},{"data":"Footwork","floor":15,"key":"SMITH"}],"circlet_count":0,"master_deck":["AscendersBane","Strike_G","Strike_G","Strike_G","Strike_G","Strike_G","Defend_G","Defend_G","Defend_G","Defend_G","Defend_G","Survivor","Neutralize","Defend_G","Strike_B","Metamorphosis","Hidden Blade","Footwork+1","Deadly Poison","PiercingWail","Blade Dance","Hidden Blade","MostiFishMod:PreservedThorns","All Out Attack","Poisoned Stab","MostiFishMod:SpreadingSpore"],"relics":["Ring of the Snake","DaveBox","HushsDoor","FeatherPendant","SteamSale","SynthV:TestCard","LetterFromLob","LaetitiaHeart","halation:EternalFortune","Replay:Baseball","DemoMod:GnawedKey","DemoMod:GlassGuonStoneRelic","DemoMod:DecoyRelic","GuanYuAspect","Gaze_r"],"acts_visited":["Hallownest:Greenpath","TheCity"],"potions_floor_usage":[11,12,16],"damage_taken":[{"damage":0.0,"enemies":"Hallownest:2_MossCreeps","floor":1.0,"turns":4.0},{"damage":0,"enemies":"Hallownest:2_MossCreeps","floor":2,"turns":7},{"damage":0,"enemies":"Hallownest:monsterHuskGuard","floor":7,"turns":4},{"damage":0,"enemies":"Hallownest:2_Baldur","floor":8,"turns":3},{"damage":0,"enemies":"Hallownest:Wandering_and_Horned","floor":10,"turns":4},{"damage":0,"enemies":"Hallownest:1_Ooma_and_2_Uuma","floor":11,"turns":6},{"damage":0,"enemies":"Hallownest:eliteMossKnight","floor":12,"turns":4},{"damage":0,"enemies":"Hallownest:monsterMossCharger","floor":13,"turns":1},{"damage":0,"enemies":"Hallownest:monsterAspidMother","floor":14,"turns":1},{"damage":5,"enemies":"Hallownest:BossHornet","floor":16,"turns":5},{"damage":0,"enemies":"Shell Parasite","floor":18,"turns":2}],"seed_played":"3109650288265190667","potions_obtained":[{"floor":7,"key":"blueLaboratory:PolymorphPotion"},{"floor":8,"key":"DistilledChaos"},{"floor":13,"key":"Adrenaline Potion"}],"is_trial":false,"path_per_floor":["M","?","?","?","$","R","M","M","T","M","M","E","M","M","R","B",null,"M"],"character_chosen":"THE_SILENT","items_purchased":["Footwork","DemoMod:GnawedKey"],"campfire_rested":0,"item_purchase_floors":[5,5],"current_hp_per_floor":[59,59,62,62,62,62,62,62,62,62,62,62,65,65,65,60,36,0,0],"gold":220,"neow_bonus":"RANDOM_COLORLESS_2","is_daily":false,"chose_seed":false,"campfire_upgraded":1,"win_rate":0.0,"timestamp":1610157888,"path_taken":["M","?","?","?","$","R","M","M","T","M","M","E","M","M","R","BOSS","M"],"items_purchased_type":["Card","Relic"],"build_version":"2020-12-22","purchased_purges":1,"victory":false,"max_hp_per_floor":[66,66,69,69,69,69,69,69,69,69,69,69,72,72,72,72,36,36,36],"card_choices":[{"not_picked":["Master of Strategy","Secret Weapon"],"picked":"Metamorphosis","floor":0.0},{"not_picked":["Fluid Movement","ReplayTheSpireMod:Shiv Toss"],"picked":"Hidden Blade","floor":1.0},{"not_picked":["Outmaneuver","Tactician","ReplayTheSpireMod:The Works","Sucker Punch"],"picked":"Deadly Poison","floor":7},{"not_picked":["Deflect","MostiFishMod:PerfectParry","Bane","hubris:SlightOfHand"],"picked":"PiercingWail","floor":8},{"not_picked":["StuffTheSpire:Injection","StuffTheSpire:ClusterCrunch","hubris:SlightOfHand","Deadly Poison"],"picked":"Blade Dance","floor":10},{"not_picked":["MostiFishMod:PerfectParry","Bane","Cloak And Dagger","Skewer"],"picked":"Hidden Blade","floor":11},{"not_picked":["Storm of Steel","StuffTheSpire:ReptileScales","PiercingWail","Prepared"],"picked":"MostiFishMod:PreservedThorns","floor":12},{"not_picked":["StuffTheSpire:Injection","Eviscerate","hubris:TrickCloak","Predator"],"picked":"All Out Attack","floor":13},{"not_picked":["StuffTheSpire:Sprint","Slice","Quick Slash","Underhanded Strike"],"picked":"Poisoned Stab","floor":14},{"not_picked":["ReplayTheSpireMod:From All Sides","Burst","Grand Finale","MostiFishMod:HiddenBlade"],"picked":"MostiFishMod:SpreadingSpore","floor":16}],"player_experience":1643989,"relics_obtained":[{"floor":1.0,"key":"SynthV:TestCard"},{"floor":1.0,"key":"LetterFromLob"},{"floor":12,"key":"DemoMod:DecoyRelic"},{"floor":13,"key":"halation:EternalFortune"}],"event_choices":[],"is_beta":false,"boss_relics":[{"not_picked":["aspiration:RunicSpoon","Snecko Scales"],"picked":"GuanYuAspect"},{"not_picked":[]}],"items_purged_floors":[5],"is_endless":false,"potions_floor_spawned":[7,8,10,13,16,18],"killed_by":"Shell Parasite","ascension_level":15}}