{"host":"sav7uxregyirlf69","time":1610165820,"event":{"mods":["AchievementEnabler","BaseMod","Colored Map","DeckTracker","Keyboard Shortcuts","Minty Spire (QoL Compilation)","READ ME - Guardian Mod","StSLib","SuperFastMode"],"gold_per_floor":[115,115,390,409,242,242,268,282,356,256,256,288,17,32,32,107,107,125,139,64,114,125,125,142,142,142,60,60,122,122,133,133,210,210,223,273,346,127,138,172,172,122,122,183,233,250,250,265,265,265,265,265,265,7,42,42,42],"floor_reached":56,"playtime":1665,"items_purged":["Regret","Strike_G","Strike_G","Defend_G","Poisoned Stab","Doppelganger","Backstab"],"score":1845,"play_id":"8f656690-7d0d-419e-831a-374f79e3ebcc","local_time":"20210109131700","is_ascension_mode":true,"campfire_choices":[{"data":"Noxious Fumes","floor":6.0,"key":"SMITH"},{"data":"Crippling Poison","floor":11.0,"key":"SMITH"},{"data":"Well Laid Plans","floor":15.0,"key":"SMITH"},{"floor":23.0,"key":"REST"},{"data":"Acrobatics","floor":25.0,"key":"SMITH"},{"data":"Neutralize","floor":30.0,"key":"SMITH"},{"floor":32.0,"key":"REST"},{"floor":41.0,"key":"REST"},{"floor":47.0,"key":"DIG"},{"floor":49.0,"key":"RECALL"},{"data":"Escape Plan","floor":53,"key":"SMITH"}],"circlet_count":0,"master_deck":["AscendersBane","Survivor","Neutralize+1","Noxious Fumes+1","Acrobatics+1","Crippling Poison+1","Well Laid Plans+1","Flash of Steel","Underhanded Strike","Escape Plan+1","Dagger Throw","Malaise","Blur","Deflect+1","Venomology","After Image","Grand Finale","Purity","Prepared+1","Adrenaline"],"relics":["Ring of the Snake","NeowsBlessing","Regal Pillow","Question Card","FossilizedHelix","Membership Card","Busted Crown","Shovel","TheAbacus","SsserpentHead","Pandora\u0027s Box","Snake Skull","OrangePellets","Mercury Hourglass","Smiling Mask","War Paint","Anchor","Strawberry"],"acts_visited":["Exordium","TheCity","TheBeyond","TheEnding"],"potions_floor_usage":[51,55,55,55,56,56,56],"damage_taken":[{"damage":0.0,"enemies":"Small Slimes","floor":1.0,"turns":1.0},{"damage":0.0,"enemies":"2 Louse","floor":4.0,"turns":1.0},{"damage":0.0,"enemies":"Lagavulin","floor":7.0,"turns":1.0},{"damage":0.0,"enemies":"Cultist","floor":8.0,"turns":4.0},{"damage":11.0,"enemies":"3 Sentries","floor":12.0,"turns":8.0},{"damage":1.0,"enemies":"Red Slaver","floor":14.0,"turns":4.0},{"damage":25.0,"enemies":"Slime Boss","floor":16.0,"turns":10.0},{"damage":7.0,"enemies":"Shell Parasite","floor":18.0,"turns":6.0},{"damage":8.0,"enemies":"Chosen","floor":19.0,"turns":6.0},{"damage":15.0,"enemies":"Snake Plant","floor":22.0,"turns":5.0},{"damage":14.0,"enemies":"Snecko","floor":24.0,"turns":6.0},{"damage":11.0,"enemies":"Centurion and Healer","floor":29.0,"turns":6.0},{"damage":24.0,"enemies":"Shelled Parasite and Fungi","floor":31.0,"turns":5.0},{"damage":25.0,"enemies":"Automaton","floor":33.0,"turns":10.0},{"damage":4.0,"enemies":"Orb Walker","floor":35.0,"turns":4.0},{"damage":0.0,"enemies":"3 Shapes","floor":39.0,"turns":5.0},{"damage":22.0,"enemies":"Reptomancer","floor":40.0,"turns":5.0},{"damage":31.0,"enemies":"Jaw Worm Horde","floor":44.0,"turns":5.0},{"damage":0.0,"enemies":"Spire Growth","floor":46.0,"turns":3.0},{"damage":0.0,"enemies":"4 Shapes","floor":48.0,"turns":5.0},{"damage":23.0,"enemies":"Awakened One","floor":50.0,"turns":8.0},{"damage":27,"enemies":"Donu and Deca","floor":51,"turns":7},{"damage":33,"enemies":"Shield and Spear","floor":55,"turns":5},{"damage":27,"enemies":"The Heart","floor":56,"turns":5}],"seed_played":"8508808462461887397","potions_obtained":[{"floor":1.0,"key":"SneckoOil"},{"floor":7.0,"key":"AttackPotion"},{"floor":12.0,"key":"SmokeBomb"},{"floor":14.0,"key":"DistilledChaos"},{"floor":16.0,"key":"GhostInAJar"},{"floor":22.0,"key":"Poison Potion"},{"floor":35.0,"key":"SkillPotion"},{"floor":40.0,"key":"Dexterity Potion"},{"floor":48.0,"key":"SkillPotion"}],"is_trial":false,"path_per_floor":["M","?","?","M","$","R","E","M","T","$","R","E","$","M","R","B",null,"M","M","$","?","M","R","M","R","T","$","?","M","R","M","R","B",null,"M","?","T","$","M","E","R","$","T","M","?","M","R","M","R","B","B",null,"R","$","E","B"],"character_chosen":"THE_SILENT","items_purchased":["Noxious Fumes","AttackPotion","Membership Card","Flash of Steel","TheAbacus","OrangePellets","Purity","Prepared","War Paint","Block Potion","Anchor"],"campfire_rested":3,"item_purchase_floors":[5,5,13,13,27,38,38,54,54,54,54],"current_hp_per_floor":[59,39,39,39,39,39,39,39,39,39,39,28,28,27,27,2,50,43,35,35,35,20,54,40,40,40,40,40,29,29,5,39,14,53,49,49,49,49,49,27,61,61,61,30,54,54,54,54,54,31,4,42,42,42,16,0,0],"gold":42,"neow_bonus":"THREE_ENEMY_KILL","is_daily":false,"chose_seed":false,"campfire_upgraded":6,"win_rate":0.0,"timestamp":1610165820,"path_taken":["M","?","?","?","$","R","E","M","T","$","R","E","?","M","R","BOSS","M","M","?","?","M","R","M","R","T","$","?","?","R","M","R","BOSS","M","?","?","$","M","E","R","?","T","?","?","M","R","M","R","BOSS","BOSS","R","$","E","BOSS"],"items_purchased_type":["Card","Potion","Relic","Card","Relic","Relic","Card","Card","Relic","Potion","Relic"],"build_version":"2020-12-22","purchased_purges":7,"victory":false,"max_hp_per_floor":[66,66,66,66,66,66,66,66,66,66,66,66,66,66,66,66,66,66,66,66,66,66,66,66,66,66,66,66,66,66,66,66,66,66,66,66,66,66,66,66,66,66,66,66,54,54,54,54,54,54,54,54,54,54,61,61,61],"card_choices":[{"not_picked":["Endless Agony","Expertise","Cloak And Dagger"],"picked":"SKIP","floor":1.0},{"not_picked":["Backflip","Prepared","Sucker Punch"],"picked":"SKIP","floor":4.0},{"not_picked":["Caltrops","Dagger Throw"],"picked":"Acrobatics","floor":7.0},{"not_picked":["Quick Slash","Blur"],"picked":"Crippling Poison","floor":8.0},{"not_picked":["PiercingWail","Sucker Punch","Flechettes"],"picked":"Well Laid Plans","floor":12.0},{"not_picked":["Riddle With Holes","All Out Attack","Outmaneuver"],"picked":"Underhanded Strike","floor":14.0},{"not_picked":["Poisoned Stab","Catalyst"],"picked":"SKIP","floor":18.0},{"not_picked":["Sucker Punch","Leg Sweep"],"picked":"SKIP","floor":19.0},{"not_picked":["Skewer"],"picked":"Escape Plan","floor":22.0},{"not_picked":["Acrobatics"],"picked":"Backstab","floor":24.0},{"not_picked":["Cloak And Dagger"],"picked":"Dagger Throw","floor":29.0},{"not_picked":["Predator","Backstab"],"picked":"SKIP","floor":31.0},{"not_picked":["Tools of the Trade"],"picked":"Malaise","floor":33.0},{"not_picked":["Masterful Stab","Choke+1"],"picked":"SKIP","floor":35.0},{"not_picked":["Backstab+1","Masterful Stab+1"],"picked":"SKIP","floor":39.0},{"not_picked":["Dagger Spray+1","Flying Knee"],"picked":"SKIP","floor":40.0},{"not_picked":["Noxious Fumes","Predator"],"picked":"SKIP","floor":44.0},{"not_picked":["Dodge and Roll","Heel Hook+1"],"picked":"SKIP","floor":46.0},{"not_picked":["Dagger Spray","Deflect"],"picked":"SKIP","floor":48.0},{"not_picked":["Dagger Spray","Deflect"],"picked":"SKIP","floor":48.0},{"not_picked":["Backstab"],"picked":"Adrenaline","floor":55}],"player_experience":1207274,"relics_obtained":[{"floor":7.0,"key":"Regal Pillow"},{"floor":9.0,"key":"Question Card"},{"floor":12.0,"key":"FossilizedHelix"},{"floor":26.0,"key":"Shovel"},{"floor":37.0,"key":"Snake Skull"},{"floor":40.0,"key":"Mercury Hourglass"},{"floor":47.0,"key":"Smiling Mask"},{"floor":55,"key":"Strawberry"}],"event_choices":[{"damage_healed":0.0,"max_hp_gain":0.0,"max_hp_loss":0.0,"gold_gain":0.0,"event_name":"Shining Light","player_choice":"Entered Light","floor":2.0,"gold_loss":0.0,"damage_taken":20.0,"cards_upgraded":["Strike_G","Strike_G"]},{"damage_healed":0.0,"max_hp_gain":0.0,"max_hp_loss":0.0,"gold_gain":275.0,"event_name":"Golden Shrine","player_choice":"Desecrate","floor":3.0,"gold_loss":0.0,"damage_taken":0.0,"cards_obtained":["Regret"]},{"damage_healed":0.0,"max_hp_gain":0.0,"max_hp_loss":0.0,"gold_gain":50.0,"event_name":"Nest","player_choice":"Stole From Cult","floor":21.0,"gold_loss":0.0,"damage_taken":0.0},{"damage_healed":0.0,"max_hp_gain":0.0,"max_hp_loss":0.0,"gold_gain":0.0,"event_name":"FaceTrader","player_choice":"Trade","floor":28.0,"gold_loss":0.0,"damage_taken":0.0,"relics_obtained":["SsserpentHead"]},{"damage_healed":0.0,"max_hp_gain":0.0,"max_hp_loss":0.0,"gold_gain":0.0,"event_name":"Mysterious Sphere","player_choice":"Ignored","floor":36.0,"gold_loss":0.0,"damage_taken":0.0},{"damage_healed":54.0,"max_hp_gain":0.0,"max_hp_loss":12.0,"gold_gain":0.0,"event_name":"The Moai Head","player_choice":"Heal","floor":45.0,"gold_loss":0.0,"damage_taken":0.0}],"is_beta":false,"boss_relics":[{"not_picked":["Black Star","Cursed Key"],"picked":"Busted Crown"},{"not_picked":["Philosopher\u0027s Stone","Calling Bell"],"picked":"Pandora\u0027s Box"}],"items_purged_floors":[5,10,13,20,38,42,54],"is_endless":false,"potions_floor_spawned":[1,7,12,14,16,22,29,35,40,48,55],"killed_by":"The Heart","ascension_level":20}}