{"host":"hzinic87vu8p95wn","time":1610195596,"event":{"mods":["BaseMod","Minty Spire (QoL Compilation)"],"gold_per_floor":[110,127,145,145,145,145,56,56,56],"floor_reached":8,"playtime":140,"items_purged":[],"score":87,"play_id":"7d3d15b8-3338-4170-9c32-3228b50f2b25","local_time":"20210109233316","is_ascension_mode":true,"campfire_choices":[{"data":"Noxious Fumes","floor":6,"key":"SMITH"}],"circlet_count":0,"master_deck":["AscendersBane","Strike_G","Strike_G","Strike_G","Strike_G","Defend_G","Defend_G","Defend_G","Defend_G","Defend_G","Survivor","Neutralize","Blur","Noxious Fumes+1","Dagger Spray","Catalyst"],"relics":["Ring of the Snake","NeowsBlessing"],"acts_visited":["Exordium"],"potions_floor_usage":[5,8],"damage_taken":[{"damage":0,"enemies":"Cultist","floor":1,"turns":1},{"damage":0,"enemies":"2 Louse","floor":2,"turns":1},{"damage":0,"enemies":"Small Slimes","floor":3,"turns":2},{"damage":60,"enemies":"Gremlin Nob","floor":8,"turns":4}],"seed_played":"-9078594574545763181","potions_obtained":[{"floor":1,"key":"GamblersBrew"},{"floor":5,"key":"Fruit Juice"},{"floor":5,"key":"Dexterity Potion"}],"is_trial":false,"path_per_floor":["M","M","M","?","?","R","$","E"],"character_chosen":"THE_SILENT","items_purchased":["Catalyst"],"campfire_rested":0,"item_purchase_floors":[7],"current_hp_per_floor":[59,59,59,52,57,57,57,0,0],"gold":56,"neow_bonus":"THREE_ENEMY_KILL","is_daily":false,"chose_seed":false,"campfire_upgraded":1,"win_rate":0.0,"timestamp":1610195596,"path_taken":["M","M","?","?","?","R","$","E"],"items_purchased_type":["Card"],"build_version":"2020-12-22","purchased_purges":0,"victory":false,"max_hp_per_floor":[66,66,66,66,71,71,71,71,71],"card_choices":[{"not_picked":["Endless Agony","Finisher"],"picked":"Blur","floor":1},{"not_picked":["Prepared","Outmaneuver"],"picked":"Noxious Fumes","floor":2},{"not_picked":["Underhanded Strike","Deadly Poison"],"picked":"Dagger Spray","floor":3}],"player_experience":1557522,"relics_obtained":[],"event_choices":[{"cards_removed":["Strike_G"],"damage_healed":0,"gold_gain":0,"player_choice":"Card Removal","damage_taken":7,"max_hp_gain":0,"max_hp_loss":0,"event_name":"Golden Wing","floor":4,"gold_loss":0},{"damage_healed":0,"gold_gain":0,"player_choice":"Got Potions","damage_taken":0,"max_hp_gain":0,"max_hp_loss":0,"event_name":"Lab","floor":5,"gold_loss":0}],"is_beta":false,"boss_relics":[],"items_purged_floors":[],"is_endless":false,"potions_floor_spawned":[1],"killed_by":"Gremlin Nob","ascension_level":18}}