{"host":"mmqs5ul2bvb60kyc","time":1610186506,"event":{"mods":["AchievementEnabler","BaseMod","Minty Spire (QoL Compilation)","StSLib"],"gold_per_floor":[112,187,203,153,43,43,78,78,78,78,88,122,122,122,122,243,243,261,261,88,88,88,114,114,148,148,158,158,158,169,199,199,319,319,362,377,391,69,105,105,134,214,214,297,297,377,377,454,454,454,454,454,2,32,32,32],"floor_reached":55,"playtime":2759,"items_purged":["Defend_P","Consecrate","Conclude+1","MentalFortress"],"score":1412,"play_id":"42bddaf7-52af-49f2-9faa-c688c181c381","local_time":"20210109180146","is_ascension_mode":true,"campfire_choices":[{"data":"Eruption","floor":6.0,"key":"SMITH"},{"data":"EmptyFist","floor":8.0,"key":"SMITH"},{"data":"Vault","floor":13.0,"key":"SMITH"},{"data":"Conclude","floor":15.0,"key":"SMITH"},{"data":"DevaForm","floor":24.0,"key":"SMITH"},{"data":"Omniscience","floor":29.0,"key":"SMITH"},{"data":"Study","floor":32.0,"key":"SMITH"},{"data":"Ragnarok","floor":40.0,"key":"SMITH"},{"data":"Wish","floor":45.0,"key":"SMITH"},{"floor":49.0,"key":"RECALL"},{"data":"Omniscience","floor":52.0,"key":"SMITH"}],"circlet_count":0,"master_deck":["AscendersBane","Eruption+1","Vigilance","EmptyFist+1","FlurryOfBlows","Halt","Vault+1","Omniscience+1","DevaForm+1","Study+1","CutThroughFate","Tantrum","WheelKick+1","Wish+1","Ragnarok+1","Indignation","Fasting2+1","ClearTheMind","Omniscience+1","Study+1","Evaluate","Wireheading+1","Scrawl","Vault","InnerPeace+1"],"relics":["PureWater","NeowsBlessing","Blood Vial","WingedGreaves","Incense Burner","Bloody Idol","Philosopher\u0027s Stone","Frozen Egg 2","Ice Cream","Nloth\u0027s Gift","Eternal Feather","Pandora\u0027s Box","Medical Kit","Art of War","Bottled Tornado","Meat on the Bone","Pantograph","Du-Vu Doll","Strange Spoon","Damaru","Bottled Flame"],"acts_visited":["Exordium","TheCity","TheBeyond","TheEnding"],"potions_floor_usage":[55,55],"damage_taken":[{"damage":0.0,"enemies":"Jaw Worm","floor":1.0,"turns":1.0},{"damage":0.0,"enemies":"Small Slimes","floor":3.0,"turns":1.0},{"damage":0.0,"enemies":"Lagavulin","floor":7.0,"turns":1.0},{"damage":0.0,"enemies":"2 Louse","floor":11.0,"turns":1.0},{"damage":5.0,"enemies":"3 Sentries","floor":12.0,"turns":4.0},{"damage":0.0,"enemies":"Slime Boss","floor":16.0,"turns":9.0},{"damage":0.0,"enemies":"3 Byrds","floor":18.0,"turns":5.0},{"damage":25.0,"enemies":"Book of Stabbing","floor":23.0,"turns":5.0},{"damage":6.0,"enemies":"Gremlin Leader","floor":25.0,"turns":4.0},{"damage":9.0,"enemies":"Shell Parasite","floor":27.0,"turns":4.0},{"damage":19.0,"enemies":"Snake Plant","floor":30.0,"turns":4.0},{"damage":25.0,"enemies":"Book of Stabbing","floor":31.0,"turns":4.0},{"damage":35.0,"enemies":"Collector","floor":33.0,"turns":7.0},{"damage":14.0,"enemies":"3 Shapes","floor":35.0,"turns":3.0},{"damage":21.0,"enemies":"Orb Walker","floor":36.0,"turns":3.0},{"damage":0.0,"enemies":"Spire Growth","floor":37.0,"turns":2.0},{"damage":2.0,"enemies":"4 Shapes","floor":39.0,"turns":5.0},{"damage":0.0,"enemies":"Nemesis","floor":41.0,"turns":4.0},{"damage":16.0,"enemies":"Giant Head","floor":42.0,"turns":4.0},{"damage":37.0,"enemies":"Reptomancer","floor":44.0,"turns":4.0},{"damage":0.0,"enemies":"Mind Bloom Boss Battle","floor":46.0,"turns":5.0},{"damage":12.0,"enemies":"Maw","floor":48.0,"turns":5.0},{"damage":37.0,"enemies":"Awakened One","floor":50.0,"turns":7.0},{"damage":23.0,"enemies":"Shield and Spear","floor":54.0,"turns":5.0},{"damage":112,"enemies":"The Heart","floor":55,"turns":3}],"seed_played":"1293349579584568872","potions_obtained":[{"floor":1.0,"key":"SmokeBomb"},{"floor":7.0,"key":"DuplicationPotion"},{"floor":11.0,"key":"Swift Potion"},{"floor":18.0,"key":"Ancient Potion"},{"floor":27.0,"key":"Energy Potion"},{"floor":30.0,"key":"DistilledChaos"},{"floor":31.0,"key":"GamblersBrew"},{"floor":37.0,"key":"Swift Potion"},{"floor":46.0,"key":"PowerPotion"},{"floor":54.0,"key":"BottledMiracle"}],"is_trial":false,"path_per_floor":["M","?","M","?","$","R","E","R","T","?","M","E","R","?","R","B",null,"M","?","$","?","T","E","R","E","T","M","?","R","M","E","R","B",null,"M","M","M","$","M","R","E","E","T","E","R","?","?","M","R","B",null,"R","$","E","B"],"character_chosen":"WATCHER","items_purchased":["MentalFortress","Study","Medical Kit","Evaluate","Strange Spoon","Damaru"],"campfire_rested":0,"item_purchase_floors":[5,20,38,38,53,53],"current_hp_per_floor":[65,54,54,54,54,54,54,54,54,59,61,58,58,58,58,60,68,70,70,70,70,70,51,51,52,52,50,50,50,38,20,32,9,56,54,40,47,47,57,69,71,70,70,49,64,71,71,71,71,46,65,71,71,53,0,0],"gold":32,"neow_bonus":"THREE_ENEMY_KILL","is_daily":false,"chose_seed":false,"campfire_upgraded":10,"win_rate":0.0,"timestamp":1610186506,"path_taken":["M","?","M","?","$","R","E","R","T","?","M","E","R","?","R","BOSS","M","?","$","?","?","E","R","E","T","?","?","R","M","E","R","BOSS","M","M","?","$","M","R","E","E","T","E","R","?","?","M","R","BOSS","R","$","E","BOSS"],"items_purchased_type":["Card","Card","Relic","Card","Relic","Relic"],"build_version":"2020-12-22","purchased_purges":4,"victory":false,"max_hp_per_floor":[72,72,72,72,72,72,72,72,72,77,77,77,77,71,71,71,71,71,71,71,71,71,71,71,71,71,71,71,71,71,71,71,71,71,71,71,71,71,71,71,71,71,71,71,71,71,71,71,71,71,71,71,71,71,71,71],"card_choices":[{"not_picked":["WaveOfTheHand","ClearTheMind"],"picked":"EmptyFist","floor":1.0},{"not_picked":["PathToVictory","EmptyFist"],"picked":"FlurryOfBlows","floor":3.0},{"not_picked":["SashWhip","Protect"],"picked":"Halt","floor":7.0},{"not_picked":["Devotion","CutThroughFate"],"picked":"Conclude","floor":11.0},{"not_picked":["DeceiveReality","FlyingSleeves"],"picked":"Vault","floor":12.0},{"not_picked":["Judgement","ConjureBlade"],"picked":"Omniscience","floor":16.0},{"not_picked":["EmptyFist","WreathOfFlame","ThirdEye+1"],"picked":"SKIP","floor":18.0},{"not_picked":["ClearTheMind","FlurryOfBlows"],"picked":"CutThroughFate","floor":23.0},{"not_picked":["EmptyFist","EmptyBody"],"picked":"Tantrum","floor":25.0},{"not_picked":["ClearTheMind","CrushJoints","Halt"],"picked":"SKIP","floor":27.0},{"not_picked":["FlyingSleeves","ThirdEye+1"],"picked":"WheelKick+1","floor":30.0},{"not_picked":["CrushJoints","WheelKick"],"picked":"Wish","floor":31.0},{"not_picked":["LessonLearned","Judgement"],"picked":"Ragnarok","floor":33.0},{"not_picked":["Tantrum","CrushJoints+1","Swivel+1"],"picked":"SKIP","floor":35.0},{"not_picked":["Fasting2+1","SpiritShield"],"picked":"Study+1","floor":36.0},{"not_picked":["FollowUp","CrushJoints","Establishment+1"],"picked":"SKIP","floor":37.0},{"not_picked":["Halt","SashWhip+1","Evaluate"],"picked":"SKIP","floor":39.0},{"not_picked":["Halt","SashWhip+1","Evaluate"],"picked":"SKIP","floor":39.0},{"not_picked":["SignatureMove","Vault"],"picked":"Wireheading+1","floor":41.0},{"not_picked":["WreathOfFlame+1","Wireheading+1"],"picked":"Scrawl","floor":42.0},{"not_picked":["Prostrate","MentalFortress+1"],"picked":"Vault","floor":44.0},{"not_picked":["SignatureMove","Collect","Prostrate"],"picked":"SKIP","floor":48.0},{"not_picked":["Scrawl","BattleHymn+1"],"picked":"InnerPeace+1","floor":54.0}],"player_experience":249447,"relics_obtained":[{"floor":7.0,"key":"Blood Vial"},{"floor":9.0,"key":"WingedGreaves"},{"floor":12.0,"key":"Incense Burner"},{"floor":22.0,"key":"Frozen Egg 2"},{"floor":23.0,"key":"StoneCalendar"},{"floor":25.0,"key":"Ice Cream"},{"floor":31.0,"key":"Eternal Feather"},{"floor":41.0,"key":"Art of War"},{"floor":42.0,"key":"Bottled Tornado"},{"floor":43.0,"key":"Meat on the Bone"},{"floor":44.0,"key":"Pantograph"},{"floor":46.0,"key":"Du-Vu Doll"},{"floor":54.0,"key":"Bottled Flame"}],"event_choices":[{"damage_healed":0.0,"max_hp_gain":0.0,"max_hp_loss":0.0,"gold_gain":75.0,"event_name":"World of Goop","player_choice":"Gather Gold","floor":2.0,"gold_loss":0.0,"damage_taken":11.0},{"cards_removed":["Defend_P"],"damage_healed":0.0,"max_hp_gain":0.0,"max_hp_loss":0.0,"gold_gain":0.0,"event_name":"The Cleric","player_choice":"Card Removal","floor":4.0,"gold_loss":50.0,"damage_taken":0.0},{"damage_healed":0.0,"max_hp_gain":5.0,"max_hp_loss":0.0,"gold_gain":0.0,"event_name":"Big Fish","player_choice":"Donut","floor":10.0,"gold_loss":0.0,"damage_taken":0.0},{"damage_healed":0.0,"max_hp_gain":0.0,"max_hp_loss":6.0,"gold_gain":0.0,"event_name":"Golden Idol","player_choice":"Lose Max HP","floor":14.0,"gold_loss":0.0,"damage_taken":0.0,"relics_obtained":["Golden Idol"]},{"damage_healed":0.0,"max_hp_gain":0.0,"max_hp_loss":0.0,"gold_gain":0.0,"cards_transformed":["Strike_P","Defend_P"],"event_name":"Drug Dealer","player_choice":"Became Test Subject","floor":19.0,"gold_loss":0.0,"damage_taken":0.0,"cards_obtained":["Consecrate","DevaForm"]},{"damage_healed":0.0,"max_hp_gain":0.0,"max_hp_loss":0.0,"gold_gain":0.0,"event_name":"Forgotten Altar","player_choice":"Gave Idol","floor":21.0,"relics_lost":["Golden Idol"],"gold_loss":0.0,"damage_taken":0.0,"relics_obtained":["Bloody Idol"]},{"damage_healed":0.0,"max_hp_gain":0.0,"max_hp_loss":0.0,"gold_gain":0.0,"event_name":"N\u0027loth","player_choice":"Traded Relic","floor":28.0,"relics_lost":["StoneCalendar"],"gold_loss":0.0,"damage_taken":0.0,"relics_obtained":["Nloth\u0027s Gift"]},{"damage_healed":0.0,"max_hp_gain":0.0,"max_hp_loss":0.0,"gold_gain":0.0,"event_name":"MindBloom","player_choice":"Fight","floor":46.0,"gold_loss":0.0,"damage_taken":0.0},{"damage_healed":0.0,"max_hp_gain":0.0,"max_hp_loss":0.0,"gold_gain":0.0,"event_name":"Tomb of Lord Red Mask","player_choice":"Ignored","floor":47.0,"gold_loss":0.0,"damage_taken":0.0}],"is_beta":false,"boss_relics":[{"not_picked":["Tiny House","Busted Crown"],"picked":"Philosopher\u0027s Stone"},{"not_picked":["VioletLotus","Black Star"],"picked":"Pandora\u0027s Box"}],"items_purged_floors":[5,20,38,53],"is_endless":false,"potions_floor_spawned":[1,7,11,18,27,30,31,33,37,39,46,54],"killed_by":"The Heart","ascension_level":12}}