{"host":"zig6x0mxqzam82fb","time":1610175850,"event":{"mods":["BaseMod","Block Reminder","Colored Map","Colored Powertips","Marisa????????","Minty Spire (QoL Compilation)","Relic Stats","StSLib","The Cursed","The Marked","Waifu the Spire"],"gold_per_floor":[118,129,149,167,180,214,242,242,242,267,267,278,278,304,304,407,407,417,430,448,301,321,354,1,28,55,55,55,55,65,79,79,175,175,185,234,250,250,268,268,293,4,4,21,21,55,55,55],"floor_reached":47,"playtime":3544,"items_purged":[],"score":599,"play_id":"5f165360-2cb9-4ab1-acaf-366b35fbfb1d","local_time":"20210109020410","is_ascension_mode":true,"campfire_choices":[{"floor":8,"key":"REST"},{"floor":11,"key":"REST"},{"data":"MasterSpark","floor":15,"key":"SMITH"},{"floor":29,"key":"REST"},{"floor":32,"key":"REST"},{"floor":40,"key":"REST"},{"data":"MillisecondPulsars","floor":45,"key":"SMITH"}],"circlet_count":0,"master_deck":["Strike_MRS+1","Strike_MRS","Strike_MRS","Defend_MRS","Defend_MRS","Defend_MRS","Defend_MRS","MasterSpark+1","UpSweep","ChargeUpSpray","LuminesStrike","Acceleration","DoubleSpark+1","GasGiant","Parasite","Parasite","6A+1","DoubleSpark+1","6A+1","GalacticHalo","MillisecondPulsars+1","EnergyFlow","GalacticHalo+1","MysteriousBeam+1","FairyDestructionRay+1","AlicesGift+1","ShootTheMoon+1","AsteroidBelt","MysteriousBeam+1","GalacticHalo","EscapeVelocity+1","GravityBeat+1","MagicChant","CasketOfStar+1","Singularity+1","MilkyWay","Parasite","OpenUniverse+1","Doubt","MysteriousBeam+1","Singularity+1"],"relics":["MiniHakkero","Molten Egg 2","ShroomBag","Kunai","Tiny Chest","Thread and Needle","Sozu","Lantern","Shuriken","Frozen Egg 2","Art of War","Ginger","Cursed Key","Turnip","Whetstone","Membership Card","Boot","MealTicket","HornCleat","The Courier"],"acts_visited":["Exordium","TheCity","TheBeyond"],"potions_floor_usage":[6,25,36,39],"damage_taken":[{"damage":1,"enemies":"Cultist","floor":1,"turns":4},{"damage":1,"enemies":"2 Louse","floor":2,"turns":2},{"damage":7,"enemies":"Small Slimes","floor":3,"turns":3},{"damage":5,"enemies":"2 Fungi Beasts","floor":4,"turns":3},{"damage":4,"enemies":"Blue Slaver","floor":5,"turns":3},{"damage":14,"enemies":"Gremlin Nob","floor":6,"turns":3},{"damage":9,"enemies":"The Mushroom Lair","floor":7,"turns":4},{"damage":12,"enemies":"Lagavulin","floor":10,"turns":6},{"damage":13,"enemies":"Lots of Slimes","floor":12,"turns":3},{"damage":15,"enemies":"Gremlin Nob","floor":14,"turns":4},{"damage":43,"enemies":"Hexaghost","floor":16,"turns":13},{"damage":16,"enemies":"2 Thieves","floor":18,"turns":4},{"damage":0,"enemies":"Spheric Guardian","floor":19,"turns":2},{"damage":0,"enemies":"Centurion and Healer","floor":20,"turns":6},{"damage":10,"enemies":"Cultist and Chosen","floor":22,"turns":5},{"damage":32,"enemies":"Gremlin Leader","floor":23,"turns":5},{"damage":2,"enemies":"Slavers","floor":25,"turns":3},{"damage":6,"enemies":"Chosen and Byrds","floor":30,"turns":5},{"damage":12,"enemies":"Snake Plant","floor":31,"turns":2},{"damage":7,"enemies":"Champ","floor":33,"turns":7},{"damage":0,"enemies":"Orb Walker","floor":35,"turns":3},{"damage":39,"enemies":"2 Orb Walkers","floor":36,"turns":4},{"damage":4,"enemies":"3 Darklings","floor":37,"turns":3},{"damage":4,"enemies":"Writhing Mass","floor":39,"turns":4},{"damage":7,"enemies":"Reptomancer","floor":41,"turns":6},{"damage":0,"enemies":"Maw","floor":44,"turns":5},{"damage":9,"enemies":"Giant Head","floor":46,"turns":5},{"damage":105,"enemies":"Transient","floor":47,"turns":6}],"seed_played":"-2574466833045558133","potions_obtained":[{"floor":1,"key":"FearPotion"},{"floor":2,"key":"Ancient Potion"},{"floor":5,"key":"GamblersBrew"},{"floor":14,"key":"Swift Potion"}],"is_trial":false,"path_per_floor":["M","M","M","M","M","E","?","R","T","E","R","M","?","E","R","B",null,"M","M","M","$","M","E","$","E","T","?","T","R","M","M","R","B",null,"M","?","M","?","M","R","E","$","T","M","R","E","M"],"character_chosen":"MARISA","items_purchased":["FairyDestructionRay+1","AlicesGift+1","Shuriken","MysteriousBeam+1","GalacticHalo","Membership Card","Boot","MealTicket"],"campfire_rested":5,"item_purchase_floors":[21,21,24,24,24,42,42,42],"current_hp_per_floor":[81,80,73,68,64,50,41,65,65,57,81,69,74,63,63,24,82,68,70,74,74,68,40,40,42,42,42,42,66,64,52,76,73,82,82,43,41,41,41,65,64,64,64,70,70,67,0,0],"gold":55,"neow_bonus":"TEN_PERCENT_HP_BONUS","is_daily":false,"chose_seed":false,"campfire_upgraded":2,"win_rate":0.0,"timestamp":1610175850,"path_taken":["M","M","M","M","M","E","?","R","T","E","R","M","?","E","R","BOSS","M","M","M","$","?","E","$","E","T","?","?","R","M","M","R","BOSS","M","?","M","?","M","R","E","$","T","?","R","E","M"],"items_purchased_type":["Card","Card","Relic","Card","Card","Relic","Relic","Relic"],"build_version":"2020-12-22","purchased_purges":0,"victory":false,"max_hp_per_floor":[82,82,82,82,82,82,82,82,82,82,82,82,82,82,82,82,82,82,82,82,82,82,82,82,82,82,82,82,82,82,82,82,82,82,82,82,82,82,82,82,82,82,82,82,82,82,82,82],"relic_stats":{"counters":[28,123],"Ginger":[12],"Whetstone":["DoubleSpark","Strike_MRS"],"Cursed Key":1,"Boot":[0],"Sozu":7,"Shuriken":[45],"Tiny Chest":1,"MealTicket":0,"Turnip":[3],"Art of War":[2],"Kunai":[74],"obtain_stats":[{"Lantern":23,"Thread and Needle":14,"The Courier":46,"Ginger":28,"Whetstone":41,"Frozen Egg 2":25,"Cursed Key":34,"Boot":42,"Sozu":17,"ShroomBag":7,"HornCleat":43,"Shuriken":24,"Molten Egg 2":6,"Tiny Chest":10,"MealTicket":42,"Turnip":36,"Art of War":26,"MiniHakkero":0,"Kunai":9,"Membership Card":42},{"Lantern":16,"Thread and Needle":10,"The Courier":27,"Ginger":17,"Whetstone":25,"Frozen Egg 2":17,"Cursed Key":20,"Boot":25,"Sozu":11,"ShroomBag":7,"HornCleat":25,"Shuriken":16,"Molten Egg 2":6,"Tiny Chest":8,"MealTicket":25,"Turnip":22,"Art of War":17,"MiniHakkero":0,"Kunai":7,"Membership Card":25},{"Lantern":70,"Thread and Needle":35,"The Courier":117,"Ginger":73,"Whetstone":107,"Frozen Egg 2":73,"Cursed Key":87,"Boot":107,"Sozu":48,"ShroomBag":22,"HornCleat":107,"Shuriken":70,"Molten Egg 2":18,"Tiny Chest":28,"MealTicket":107,"Turnip":94,"Art of War":73,"MiniHakkero":0,"Kunai":22,"Membership Card":107}]},"card_choices":[{"not_picked":["GravityBeat","ShootTheMoon"],"picked":"ChargeUpSpray","floor":1},{"not_picked":["Acceleration","MilkyWay"],"picked":"6A","floor":2},{"not_picked":["SuperPerseids","WitchOfGreed"],"picked":"LuminesStrike","floor":3},{"not_picked":["NonDirectionalLaser","ShootingEcho"],"picked":"Acceleration","floor":4},{"not_picked":["DeepEcoloBomb","SuperPerseids"],"picked":"DoubleSpark","floor":5},{"not_picked":["PowerUp","MilkyWay"],"picked":"GasGiant","floor":6},{"not_picked":["BlazeAway","IllusionStar"],"picked":"6A+1","floor":7},{"not_picked":["IllusionStar","PowerUp"],"picked":"DoubleSpark+1","floor":10},{"not_picked":["SatelliteIllusion","OortCloud"],"picked":"6A+1","floor":12},{"not_picked":["Occultation","ChargeUpSpray+1"],"picked":"GalacticHalo","floor":14},{"not_picked":["UltimateShortwave","BinaryStars"],"picked":"MillisecondPulsars","floor":16},{"not_picked":["WitchOfGreed","PowerUp"],"picked":"EnergyFlow","floor":18},{"not_picked":["DoubleSpark+1","Orbital+1"],"picked":"GalacticHalo+1","floor":19},{"not_picked":["Acceleration","DoubleSpark+1"],"picked":"MysteriousBeam+1","floor":20},{"not_picked":["AsteroidBelt","MaximisePower"],"picked":"ShootTheMoon+1","floor":22},{"not_picked":["DoubleSpark+1","ChargeUpSpray+1"],"picked":"AsteroidBelt","floor":23},{"not_picked":["GalacticHalo","MysteriousBeam+1"],"picked":"EscapeVelocity+1","floor":25},{"not_picked":["ChargingUp","UnstableBomb+1"],"picked":"GravityBeat+1","floor":30},{"not_picked":["BlazeAway","ChargingUp"],"picked":"MagicChant","floor":31},{"not_picked":["FinalSpark+1","BlazingStar+1"],"picked":"CasketOfStar+1","floor":33},{"not_picked":["DC+1","SporeBomb"],"picked":"Singularity+1","floor":35},{"not_picked":["GalacticHalo","6A+1"],"picked":"MilkyWay","floor":36},{"not_picked":["Singularity+1","WitchOfGreed+1","DoubleSpark+1"],"picked":"SKIP","floor":37},{"not_picked":["ChargeUpSpray+1","DoubleSpark+1","DC+1"],"picked":"SKIP","floor":39},{"not_picked":["TreasureHunter+1","Orbital"],"picked":"OpenUniverse+1","floor":41},{"not_picked":["ChargingUp+1","DoubleSpark+1"],"picked":"MysteriousBeam+1","floor":44},{"not_picked":["OneTimeOff+1","Orbital+1"],"picked":"Singularity+1","floor":46}],"player_experience":465032,"relics_obtained":[{"floor":6,"key":"Molten Egg 2"},{"floor":7,"key":"ShroomBag"},{"floor":9,"key":"Kunai"},{"floor":10,"key":"Tiny Chest"},{"floor":14,"key":"Thread and Needle"},{"floor":23,"key":"Lantern"},{"floor":25,"key":"Frozen Egg 2"},{"floor":26,"key":"Art of War"},{"floor":28,"key":"Ginger"},{"floor":36,"key":"Turnip"},{"floor":41,"key":"Whetstone"},{"floor":43,"key":"HornCleat"},{"floor":46,"key":"The Courier"}],"event_choices":[{"damage_healed":0,"gold_gain":0,"player_choice":"Fought Mushrooms","damage_taken":0,"max_hp_gain":0,"max_hp_loss":0,"event_name":"Mushrooms_MRS","floor":7,"gold_loss":0},{"cards_removed":["6A"],"damage_healed":5,"gold_gain":0,"player_choice":"Offered Common","damage_taken":0,"max_hp_gain":0,"max_hp_loss":0,"event_name":"Bonfire Elementals","floor":13,"gold_loss":0},{"cards_removed":["6A"],"damage_healed":5,"gold_gain":0,"player_choice":"Offered Special","damage_taken":0,"max_hp_gain":0,"max_hp_loss":0,"event_name":"Bonfire Elementals","floor":13,"gold_loss":0},{"damage_healed":0,"gold_gain":0,"player_choice":"Ignored","damage_taken":0,"max_hp_gain":0,"max_hp_loss":0,"event_name":"The Mausoleum","floor":27,"gold_loss":0},{"damage_healed":0,"gold_gain":0,"player_choice":"Fight","damage_taken":0,"max_hp_gain":0,"max_hp_loss":0,"event_name":"Mysterious Sphere","floor":36,"gold_loss":0},{"cards_removed":["Strike_MRS"],"damage_healed":0,"gold_gain":0,"player_choice":"Card Removal","damage_taken":0,"max_hp_gain":0,"max_hp_loss":0,"event_name":"Wheel of Change","floor":38,"gold_loss":0}],"is_beta":false,"boss_relics":[{"not_picked":["Velvet Choker","Busted Crown"],"picked":"Sozu"},{"not_picked":["Philosopher\u0027s Stone","Empty Cage"],"picked":"Cursed Key"}],"items_purged_floors":[],"is_endless":false,"potions_floor_spawned":[1,2,5,14,22,23,30,33,35,39,44,46],"killed_by":"Transient","ascension_level":1}}