{"host":"unahupgi85cj6bxp","time":1610172139,"event":{"mods":["Act Like it!","Aspiration","BaseMod","Card Forge","Conspire","Downfall","Energized Spire","Hubris","Infinite Spire","Minty Spire (QoL Compilation)","Replay The Spire","StSLib"],"gold_per_floor":[99,116,126,136,236,266,317,330,180,30,40,67,82,142,161,266,266,191,12,112,122,136,155,155,155,166,200,200,150,182,182,200,303,303,303,323,338,338,338,338,338,351,362,362,387,399,431,442,457,457],"floor_reached":51,"playtime":7644,"items_purged":[],"score":926,"play_id":"c2bb6d10-6c0f-432f-9ab2-4e5767444935","local_time":"20210108220219","is_ascension_mode":true,"campfire_choices":[{"floor":1.0,"key":"RECALL"},{"floor":10.0,"key":"REST"},{"data":"hexamod:CrushingStance","floor":18.0,"key":"SMITH"},{"floor":28.0,"key":"REST"},{"data":"hexamod:Hexaguard","floor":35.0,"key":"SMITH"},{"floor":40,"key":"REST"},{"floor":44,"key":"REST"}],"circlet_count":0,"master_deck":["hexamod:Strike+1","hexamod:Strike+1","hexamod:Strike+1","hexamod:Strike+1","hexamod:Defend+1","hexamod:Defend+1","hexamod:Defend+1","hexamod:Defend+1","hexamod:Sear+1","hexamod:Float+1","hexamod:GhostLash+1","hexamod:HeatShield+1","hexamod:SwordOfDarkness+1","hexamod:HexaLevel+1","hexamod:GhostOfSpirePast+1","hexamod:BurningTouch+1","hexamod:Sear+1","Replay:SS_forest_6+1","hexamod:ThirdSeal","hexamod:FlamesFromBeyond+1","hexamod:WildfireWeapon+1","hexamod:ThirdSeal","hexamod:GhostflameBarrier+1","hexamod:BacktrackSmack+1","hexamod:Hexaguard+1","hexamod:SoulSteal+1","hexamod:ChargedBarrage+1","hexamod:StepThrough+1","hexamod:ThermalTransfer+1","hexamod:BurningTouch+1","hexamod:Firestarter+1","hexamod:CrushingStance+1","hexamod:RecurringNightmare+1","hexamod:ThermalTransfer+1","hexamod:SpectersWail+1","hexamod:TimeOfNeed+1","hexamod:FastForward+1","hexamod:SwordOfDarkness+1","hexamod:GhostLash+1","hexamod:ThermalTransfer+1","hexamod:GhostOfSpireFuture+1","hexamod:SpectersWail+1","hexamod:PowerFromBeyond+1","hexamod:HeatShield+1","hexamod:GhostLash+1","hexamod:Hexaguard+1","hexamod:Strike+1","hexamod:ParanormalForm+1","infinitespire:Gouge+1","Replay:Fractal Strike+1","hexamod:Firestarter+1","hexamod:GhostLash+1","hexamod:Hexaguard+1","hexamod:EmpoweringStance+1","hexamod:GhostflameInferno+1","hexamod:BurningTouch+1","hexamod:ShieldOfDarkness+1","infinitespire:Collect+1","ReplayTheSpireMod:Restless Dread","hexamod:PowerFromBeyond+1","hexamod:FlamesFromBeyond+1","hexamod:SwordOfDarkness+1","hexamod:SoulSteal+1","hexamod:GhostOfSpireFuture+1","hexamod:PowerFromBeyond+1","hexamod:BacktrackSmack+1","hexamod:DynamicBlow+1","hexamod:FastForward","hexamod:NightmareStrike+1","hexamod:Hexaguard","hexamod:SpectersWail+1","hexamod:FourthSeal","hexamod:UnleashSpirits+1","hexamod:GhostOfSpirePresent+1","hexamod:EmpoweredFlame+1","hexamod:HeatCrush+1","hexamod:HauntingEcho+1","hexamod:RainOfEmbers+1"],"relics":["Hammer of Thor","Seething Fire","Anvil of the Gods","Honey Jar","downfall:GremlinSack","HornCleat","downfall:HeartBlessingRed","downfall:HeartBlessingBlue","Vajra","hubris:Metronome","Cursed Key","downfall:HeartBlessingGreen","Molten Egg 2","Bronze Scales","conspire:Flyswatter","energizedSpire:HugeHouse","Quantum Egg","Empty Cage","ClockworkSouvenir","energizedSpire:OgreHead","Prayer Wheel","aspiration:Lifesprig","ReplayTheSpireMod:Shallot"],"acts_visited":["Exordium","TheCity","TheBeyond"],"potions_floor_usage":[42,42,45],"damage_taken":[{"damage":8.0,"enemies":"2 Louse","floor":2.0,"turns":2.0},{"damage":0.0,"enemies":"Cultist","floor":3.0,"turns":2.0},{"damage":0.0,"enemies":"conspire:RoseBush","floor":4.0,"turns":2.0},{"damage":0.0,"enemies":"conspire:RoseBush","floor":5.0,"turns":3.0},{"damage":14.0,"enemies":"Replay:BlueRogue","floor":6.0,"turns":6.0},{"damage":4.0,"enemies":"Large Slime","floor":8.0,"turns":6.0},{"damage":27.0,"enemies":"Exordium Thugs","floor":11.0,"turns":5.0},{"damage":15.0,"enemies":"Gremlin Nob","floor":12.0,"turns":5.0},{"damage":12.0,"enemies":"2 Fungi Beasts","floor":13.0,"turns":3.0},{"damage":9.0,"enemies":"3 Sentries","floor":14.0,"turns":5.0},{"damage":11.0,"enemies":"Exordium Wildlife","floor":15.0,"turns":3.0},{"damage":30.0,"enemies":"downfall:Silent","floor":16.0,"turns":5.0},{"damage":0.0,"enemies":"downfall:FleeingMerchant","floor":19.0,"turns":4.0},{"damage":17.0,"enemies":"conspire:FuzzyDice","floor":21.0,"turns":5.0},{"damage":23.0,"enemies":"3 Byrds","floor":22.0,"turns":4.0},{"damage":6.0,"enemies":"Shelled Parasite and Fungi","floor":23.0,"turns":3.0},{"damage":9.0,"enemies":"Centurion and Healer","floor":26.0,"turns":5.0},{"damage":16.0,"enemies":"Slavers","floor":27.0,"turns":3.0},{"damage":4.0,"enemies":"conspire:Head Lice","floor":30.0,"turns":5.0},{"damage":0.0,"enemies":"3 Cultists","floor":32.0,"turns":3.0},{"damage":20.0,"enemies":"downfall:Ironclad","floor":33.0,"turns":4.0},{"damage":3.0,"enemies":"3 Darklings","floor":36.0,"turns":3.0},{"damage":1,"enemies":"Orb Walker","floor":37,"turns":2},{"damage":27,"enemies":"4 Shapes","floor":42,"turns":3},{"damage":0,"enemies":"Spire Growth","floor":43,"turns":3},{"damage":32,"enemies":"Nightmare","floor":45,"turns":6},{"damage":3,"enemies":"Transient","floor":46,"turns":5},{"damage":20,"enemies":"Giant Head","floor":47,"turns":7},{"damage":5,"enemies":"4 Shapes","floor":48,"turns":3},{"damage":10,"enemies":"Sphere and 2 Shapes","floor":49,"turns":3},{"damage":13,"enemies":"downfall:Defect","floor":50,"turns":6}],"seed_played":"-847194012023494525","potions_obtained":[{"floor":2.0,"key":"Flashbang"},{"floor":4.0,"key":"Fire Potion"},{"floor":6.0,"key":"Energy Potion"},{"floor":8.0,"key":"Flashbang"},{"floor":13.0,"key":"SneckoOil"},{"floor":21.0,"key":"Adrenaline Potion"},{"floor":23.0,"key":"Adrenaline Potion"},{"floor":25.0,"key":"Swift Potion"},{"floor":32.0,"key":"conspire:TimeTravelPotion"},{"floor":43,"key":"Reflective Coating"},{"floor":45,"key":"FearPotion"},{"floor":47,"key":"Block Potion"}],"is_trial":false,"path_per_floor":["R","M","M","M","?","E","T","M","?","R","M","E","M","?","M","B",null,"R","$","?","M","M","M","T","?","M","E","R","AVR","E","?","M","B",null,"R","M","M","?","AVR","R","T","M","M","R","NM","M","E","M","M","B",null],"character_chosen":"THE_SPIRIT","items_purchased":["hexamod:TimeOfNeed","hexamod:FastForward"],"campfire_rested":4,"item_purchase_floors":[19,19],"current_hp_per_floor":[70,62,62,62,62,48,48,56,80,90,75,72,72,75,64,34,90,90,90,90,73,50,44,44,44,35,19,46,46,54,54,54,34,85,85,82,81,81,81,85,85,70,70,85,85,82,74,80,70,57],"gold":457,"neow_bonus":"BOSS_RELIC","is_daily":false,"chose_seed":false,"campfire_upgraded":2,"win_rate":0.0,"timestamp":1610172139,"path_taken":["R","M","M","M","?","E","T","?","?","R","?","E","?","?","M","BOSS","R","$","?","M","M","M","T","?","?","E","R","AVR","E","?","M","BOSS","R","M","M","?","AVR","R","T","?","?","R","NM","M","E","M","M","BOSS"],"items_purchased_type":["Card","Card"],"build_version":"2020-12-22","purchased_purges":0,"victory":true,"max_hp_per_floor":[70,70,70,70,70,70,70,70,80,90,90,90,90,90,90,90,90,90,90,90,90,90,90,90,90,90,90,90,85,85,85,85,85,85,85,85,85,85,85,85,85,85,85,85,85,85,85,85,85,85],"card_choices":[{"not_picked":["hexamod:Firestarter","hexamod:RecurringNightmare","hexamod:Hexaguard"],"picked":"hexamod:GhostLash","floor":2.0},{"not_picked":["hexamod:AdvancingGuard","hexamod:ThermalTransfer","hexamod:FastForward"],"picked":"hexamod:HeatShield","floor":3.0},{"not_picked":["hexamod:FourthSeal","hexamod:BurningTouch","hexamod:SixthSeal"],"picked":"hexamod:SwordOfDarkness","floor":4.0},{"not_picked":["hexamod:RainOfEmbers","hexamod:NightmareGuise","hexamod:SwordOfDarkness"],"picked":"hexamod:ThirdSeal","floor":5.0},{"not_picked":["hexamod:SpectersWail","hexamod:PhantomFireball","hexamod:ChargedBarrage"],"picked":"hexamod:FlamesFromBeyond","floor":6.0},{"not_picked":["hexamod:NightmareStrike","hexamod:GhostShield","hexamod:FastForward"],"picked":"hexamod:WildfireWeapon","floor":6.0},{"not_picked":["hexamod:HauntingEcho","hexamod:PhantomFireball","hexamod:Hexaguard"],"picked":"hexamod:ThirdSeal","floor":8.0},{"not_picked":["hexamod:SwordOfDarkness","hexamod:GhostOfSpirePresent","hexamod:GhostLash"],"picked":"hexamod:GhostflameBarrier","floor":8.0},{"not_picked":["hexamod:SpectersWail","hexamod:RecurringNightmare","hexamod:SwordOfDarkness"],"picked":"hexamod:BacktrackSmack","floor":11.0},{"not_picked":["hexamod:InspiringFlames","hexamod:ShieldOfDarkness","hexamod:BacktrackSmack"],"picked":"hexamod:Hexaguard","floor":11.0},{"not_picked":["hexamod:RainOfEmbers","hexamod:RadiantFlame","hexamod:SkipABeat"],"picked":"hexamod:SoulSteal","floor":12.0},{"not_picked":["hexamod:SoulSteal","hexamod:SwordOfDarkness","hexamod:FastForward"],"picked":"hexamod:ChargedBarrage","floor":12.0},{"not_picked":["hexamod:ThermalTransfer","hexamod:GhostLash","hexamod:SkipABeat"],"picked":"hexamod:GiftsFromTheDead","floor":13.0},{"not_picked":["hexamod:GhostOfSpirePresent","hexamod:Hexaguard","hexamod:HeatShield"],"picked":"hexamod:StepThrough","floor":14.0},{"not_picked":["hexamod:InspiringFlames","hexamod:ShieldOfDarkness","hexamod:Firestarter"],"picked":"hexamod:ThermalTransfer","floor":14.0},{"not_picked":["hexamod:FourthSeal","hexamod:GhostShield","hexamod:InspiringFlames"],"picked":"hexamod:BurningTouch","floor":14.0},{"not_picked":["hexamod:FastForward","hexamod:HauntingEcho","hexamod:GhostShield"],"picked":"hexamod:Firestarter","floor":15.0},{"not_picked":["hexamod:EmpoweringStance","hexamod:SearingWound","hexamod:VolcanoVisage"],"picked":"hexamod:CrushingStance","floor":16.0},{"not_picked":["hexamod:GhostOfSpirePresent","hexamod:AdvancingGuard+1","hexamod:EtherealExpedition"],"picked":"hexamod:RecurringNightmare+1","floor":19.0},{"not_picked":["hexamod:SkipABeat","hexamod:HauntingEcho","hexamod:WildfireWeapon"],"picked":"hexamod:ThermalTransfer","floor":19.0},{"not_picked":["hexamod:FourthSeal","hexamod:RainOfEmbers+1","hexamod:EmpoweredFlame"],"picked":"hexamod:SpectersWail","floor":19.0},{"not_picked":["hexamod:EtherealExpedition","hexamod:BurningTouch","hexamod:SpectralAdrenaline"],"picked":"hexamod:SwordOfDarkness+1","floor":21.0},{"not_picked":["hexamod:ThirdSeal","hexamod:AdvancingGuard","hexamod:ShieldOfDarkness"],"picked":"hexamod:GhostLash","floor":21.0},{"not_picked":["hexamod:FastForward","hexamod:SwordOfDarkness+1","hexamod:GiftsFromTheDead"],"picked":"hexamod:ThermalTransfer","floor":22.0},{"not_picked":["hexamod:FastForward","hexamod:ChargedBarrage","hexamod:SkipABeat"],"picked":"hexamod:GhostOfSpireFuture+1","floor":22.0},{"not_picked":["hexamod:InspiringFlames+1","hexamod:HauntingEcho","hexamod:ShieldOfDarkness"],"picked":"hexamod:SpectersWail+1","floor":23.0},{"not_picked":["hexamod:FastForward","hexamod:ShieldOfDarkness","hexamod:SecondSeal"],"picked":"hexamod:PowerFromBeyond+1","floor":26.0},{"not_picked":["hexamod:RetreatToShadows+1","hexamod:TimeWarp+1","hexamod:ThermalTransfer+1"],"picked":"hexamod:HeatShield","floor":26.0},{"not_picked":["hexamod:NightmareGuise","hexamod:GhostShield","hexamod:NightmareStrike+1"],"picked":"hexamod:GhostLash+1","floor":26.0},{"not_picked":["hexamod:SecondSeal","hexamod:EtherealExpedition","hexamod:SpectersWail+1"],"picked":"hexamod:Hexaguard","floor":27.0},{"not_picked":["hexamod:FastForward","hexamod:WildfireWeapon","hexamod:RetreatToShadows"],"picked":"hexamod:Firestarter+1","floor":30.0},{"not_picked":["hexamod:CatchUp","hexamod:ChargedBarrage","hexamod:FifthSeal"],"picked":"hexamod:GhostLash+1","floor":30.0},{"not_picked":["hexamod:FlamesFromBeyond","hexamod:EmpoweredFlame","hexamod:GhostLash+1"],"picked":"hexamod:Hexaguard+1","floor":32.0},{"not_picked":["hexamod:TurnItUp","hexamod:WildfireWeapon","hexamod:CrushingStance+1"],"picked":"hexamod:EmpoweringStance","floor":33.0},{"not_picked":["hexamod:TurnItUp","hexamod:TimeWarp+1","hexamod:FifthSeal"],"picked":"hexamod:GhostflameInferno","floor":33.0},{"not_picked":["hexamod:SoulSteal+1","hexamod:NightmareStrike+1","hexamod:HauntingEcho+1"],"picked":"hexamod:BurningTouch","floor":36.0},{"not_picked":["hexamod:FifthSeal","hexamod:CatchUp","hexamod:PhantomCloak"],"picked":"hexamod:ShieldOfDarkness+1","floor":37},{"not_picked":["hexamod:NightmareStrike+1","hexamod:HauntingEcho+1","hexamod:NightmareGuise+1"],"picked":"hexamod:PowerFromBeyond+1","floor":42},{"not_picked":["hexamod:SkipABeat+1","hexamod:BacktrackSmack+1","hexamod:ChargedBarrage"],"picked":"hexamod:FlamesFromBeyond+1","floor":42},{"not_picked":["hexamod:NightmareStrike+1","hexamod:InspiringFlames+1","hexamod:BurningTouch+1"],"picked":"hexamod:SwordOfDarkness+1","floor":43},{"not_picked":["hexamod:Hexaguard","hexamod:BurningTouch+1","hexamod:HauntingEcho+1"],"picked":"hexamod:SoulSteal","floor":43},{"not_picked":["hexamod:Hexaguard+1","hexamod:GhostShield","hexamod:ShieldOfDarkness+1"],"picked":"hexamod:GhostOfSpireFuture","floor":43},{"not_picked":["hexamod:SpectersWail+1","hexamod:HeatCrush+1","hexamod:SixthSeal"],"picked":"hexamod:PowerFromBeyond","floor":43},{"not_picked":["hexamod:GhostLash+1","hexamod:GhostShield+1","hexamod:ShieldOfDarkness+1"],"picked":"hexamod:BacktrackSmack+1","floor":45},{"not_picked":["hexamod:Rewind+1","hexamod:BurningTouch+1","hexamod:GhostOfSpireFuture+1"],"picked":"hexamod:DynamicBlow+1","floor":45},{"not_picked":["hexamod:RadiantFlame+1","hexamod:EtherealExpedition","hexamod:HauntingEcho+1"],"picked":"hexamod:FastForward","floor":46},{"not_picked":["hexamod:BacktrackSmack+1","hexamod:ChargedBarrage+1","hexamod:TurnItUp"],"picked":"hexamod:NightmareStrike+1","floor":46},{"not_picked":["hexamod:HeatShield+1","hexamod:FastForward+1","hexamod:SwordOfDarkness+1"],"picked":"hexamod:Hexaguard","floor":46},{"not_picked":["hexamod:InspiringFlames","hexamod:Again","hexamod:ThermalTransfer+1"],"picked":"hexamod:SpectersWail+1","floor":47},{"not_picked":["hexamod:Hexaguard","hexamod:SpectersWail+1","hexamod:PhantomCloak+1"],"picked":"hexamod:FourthSeal","floor":47},{"not_picked":["hexamod:RadiantFlame+1","hexamod:GhostShield+1","hexamod:ShieldOfDarkness"],"picked":"hexamod:UnleashSpirits+1","floor":47},{"not_picked":["hexamod:NightmareGuise+1","hexamod:Firestarter+1","hexamod:Again"],"picked":"hexamod:GhostOfSpirePresent+1","floor":48},{"not_picked":["hexamod:InspiringFlames","hexamod:HauntingEcho+1","hexamod:RecurringNightmare+1"],"picked":"hexamod:EmpoweredFlame+1","floor":48},{"not_picked":["hexamod:FourthSeal","hexamod:HeatMetal+1","hexamod:BacktrackSmack+1"],"picked":"hexamod:HeatCrush+1","floor":49},{"not_picked":["hexamod:SwordOfDarkness+1","hexamod:Again+1","hexamod:RainOfEmbers+1"],"picked":"hexamod:HauntingEcho+1","floor":49},{"not_picked":["hexamod:NightmareGuise+1","hexamod:NightmareStrike+1","hexamod:ChargedBarrage"],"picked":"hexamod:RainOfEmbers+1","floor":49}],"player_experience":857920,"relics_obtained":[{"floor":5.0,"key":"downfall:GremlinSack"},{"floor":6.0,"key":"HornCleat"},{"floor":12.0,"key":"Vajra"},{"floor":24.0,"key":"Molten Egg 2"},{"floor":27.0,"key":"Bronze Scales"},{"floor":30.0,"key":"Quantum Egg"},{"floor":41,"key":"Prayer Wheel"},{"floor":45,"key":"aspiration:Lifesprig"},{"floor":47,"key":"ReplayTheSpireMod:Shallot"}],"event_choices":[{"damage_healed":0.0,"max_hp_gain":0.0,"max_hp_loss":0.0,"gold_gain":0.0,"event_name":"Lab","player_choice":"Got Potions","floor":25.0,"gold_loss":0.0,"damage_taken":0.0},{"damage_healed":0.0,"max_hp_gain":0.0,"max_hp_loss":0.0,"gold_gain":0.0,"event_name":"conspire:Investor","player_choice":"Leave","floor":31.0,"gold_loss":0.0,"damage_taken":0.0},{"damage_healed":0,"gold_gain":0,"player_choice":"Ignored","damage_taken":0,"max_hp_gain":0,"max_hp_loss":0,"event_name":"Purifier","floor":38,"gold_loss":0}],"is_beta":false,"boss_relics":[{"not_picked":["aspiration:RunicSpoon","aspiration:SilentSkillbook"],"picked":"Cursed Key"},{"not_picked":["Snecko Heart","Astrolabe"],"picked":"Empty Cage"}],"items_purged_floors":[],"is_endless":false,"potions_floor_spawned":[2,4,6,8,13,21,23,26,32,43,45,47,48],"ascension_level":1}}