{"host":"ygfasg9u7olr7skw","time":1610211157,"event":{"mods":["AchievementEnabler","BaseMod","Better Note","Better Vampires","Colored Powertips","Minty Spire (QoL Compilation)","Replay The Spire","Spicy Shops","StSLib","The IronCluck"],"gold_per_floor":[111,35,51,51,67,67,84,84,111,147,195,195,260,290,290,418,418,453,453,487,487,487,487,536,536,536,138,138,177,205,185,185,201,201],"floor_reached":33,"playtime":2035,"items_purged":["Strike_B"],"score":355,"play_id":"bea3da2e-0e54-47a5-b8a5-8093c28752d1","local_time":"20210109115237","is_ascension_mode":true,"campfire_choices":[{"data":"Zap","floor":6.0,"key":"SMITH"},{"floor":12.0,"key":"REST"},{"floor":15,"key":"REST"},{"floor":23,"key":"REST"},{"floor":25,"key":"REST"},{"floor":28,"key":"REST"},{"floor":32,"key":"REST"}],"circlet_count":0,"master_deck":["Strike_B","Strike_B+1","Defend_B","Defend_B","Defend_B+1","Defend_B","Zap+1","Dualcast","Go for the Eyes","Gash","Gash","Steam","ReplayGash","ReplayTheSpireMod:Reroute Power","Rebound","Seek","Writhe","Gash+1"],"relics":["Cracked Core","ReplayTheSpireMod:Ring of Challenge","ReplayTheSpireMod:Ring of Collecting","Ring of Shattering","Replay:Bandana","Mercury Hourglass","Odd Mushroom","Empty Cage","Replay:Antivirus Software","Art of War","ReplayTheSpireMod:Ring of Addiction","SacredBark","Cables","Toy Ornithopter","Dream Catcher","Molten Egg 2","Golden Egg"],"acts_visited":["Exordium","TheCity"],"potions_floor_usage":[16,18,29,33],"damage_taken":[{"damage":0.0,"enemies":"Cultist","floor":1.0,"turns":2.0},{"damage":0.0,"enemies":"2 Louse","floor":3.0,"turns":1.0},{"damage":2.0,"enemies":"Jaw Worm","floor":5.0,"turns":3.0},{"damage":3.0,"enemies":"2 Fungi Beasts","floor":7.0,"turns":3.0},{"damage":0.0,"enemies":"Large Slime","floor":10.0,"turns":3.0},{"damage":6.0,"enemies":"Looter","floor":13.0,"turns":3.0},{"damage":6,"enemies":"The Mushroom Lair","floor":14,"turns":2},{"damage":0,"enemies":"Fading Forest","floor":16,"turns":11},{"damage":11,"enemies":"Shell Parasite","floor":18,"turns":3},{"damage":14,"enemies":"2 Thieves","floor":20,"turns":3},{"damage":58,"enemies":"Book of Stabbing","floor":24,"turns":7},{"damage":45,"enemies":"Gremlin Leader","floor":29,"turns":7},{"damage":3,"enemies":"Chosen and Byrds","floor":30,"turns":4},{"damage":42,"enemies":"Collector","floor":33,"turns":5}],"seed_played":"2744057862555626218","potions_obtained":[{"floor":3.0,"key":"Doom Potion"},{"floor":5.0,"key":"Milkshake"},{"floor":7.0,"key":"Adrenaline Potion"},{"floor":14,"key":"Fire Potion"},{"floor":18,"key":"FearPotion"},{"floor":20,"key":"SmokeBomb"},{"floor":26,"key":"FocusPotion"},{"floor":30,"key":"FearPotion"}],"is_trial":false,"path_per_floor":["M","$","M","?","M","R","M","?","T","M","?","R","M","?","R","B",null,"M","?","M","?","?","R","E","R","T","$","R","E","M","?","R","B"],"character_chosen":"DEFECT","items_purchased":["Gash","Dream Catcher","Molten Egg 2"],"campfire_rested":6,"item_purchase_floors":[2,27,27],"current_hp_per_floor":[75,75,75,75,73,73,70,55,55,55,25,47,41,35,57,67,75,64,64,50,50,50,72,14,36,36,36,58,18,15,15,37,0,0],"gold":201,"neow_bonus":"TRANSFORM_CARD","is_daily":false,"chose_seed":false,"campfire_upgraded":1,"win_rate":0.0,"timestamp":1610211157,"path_taken":["M","$","M","?","M","R","M","?","T","M","?","R","M","?","R","BOSS","M","?","M","?","?","R","E","R","T","$","R","E","M","?","R","BOSS"],"items_purchased_type":["Card","Relic","Relic"],"build_version":"2020-12-22","purchased_purges":1,"victory":false,"max_hp_per_floor":[75,75,75,75,75,75,75,75,75,75,75,75,75,75,75,75,75,75,75,75,75,75,75,75,75,75,75,75,75,75,75,75,73,73],"card_choices":[{"not_picked":["BasicCrystalCard","Hello World"],"picked":"Go for the Eyes","floor":1.0},{"not_picked":["Redo","Panic Button"],"picked":"Gash","floor":3.0},{"not_picked":["Fusion","Blizzard"],"picked":"Steam","floor":5.0},{"not_picked":["Heatsinks","Conserve Battery","Capacitor"],"picked":"SKIP","floor":7.0},{"not_picked":["Lockon","Stack"],"picked":"ReplayGash","floor":10.0},{"not_picked":["Recycle","Rebound"],"picked":"ReplayTheSpireMod:Reroute Power","floor":11.0},{"not_picked":["Turbo","ReplayTheSpireMod:System Scan"],"picked":"Rebound","floor":11.0},{"not_picked":["Panic Button","Rebound","Turbo"],"picked":"SKIP","floor":13.0},{"not_picked":["ReplayTheSpireMod:Omega Cannon","Rainbow"],"picked":"Seek","floor":16},{"not_picked":["Sweeping Beam","BasicCrystalCard","Aggregate"],"picked":"SKIP","floor":18},{"not_picked":["Defragment","Streamline+1","Leap"],"picked":"SKIP","floor":20},{"not_picked":["Compile Driver","Mirror Shield","Amplify"],"picked":"SKIP","floor":24},{"not_picked":["Reinforced Body","Streamline+1","Melter+1"],"picked":"SKIP","floor":29},{"not_picked":["Compile Driver+1","Heatsinks","Electrodynamics"],"picked":"SKIP","floor":30},{"not_picked":["Hologram+1","Stack"],"picked":"Gash+1","floor":32}],"player_experience":230151,"relics_obtained":[{"floor":4.0,"key":"ReplayTheSpireMod:Ring of Challenge"},{"floor":4.0,"key":"ReplayTheSpireMod:Ring of Collecting"},{"floor":9.0,"key":"Ring of Shattering"},{"floor":9.0,"key":"Replay:Bandana"},{"floor":11.0,"key":"Mercury Hourglass"},{"floor":14,"key":"Odd Mushroom"},{"floor":24,"key":"Art of War"},{"floor":26,"key":"ReplayTheSpireMod:Ring of Addiction"},{"floor":26,"key":"SacredBark"},{"floor":26,"key":"Cables"},{"floor":26,"key":"Toy Ornithopter"},{"floor":29,"key":"Golden Egg"}],"event_choices":[{"damage_healed":0.0,"max_hp_gain":0.0,"max_hp_loss":0.0,"gold_gain":0.0,"event_name":"Shining Light","player_choice":"Entered Light","floor":8.0,"gold_loss":0.0,"damage_taken":15.0,"cards_upgraded":["Strike_B","Defend_B"]},{"damage_healed":0,"gold_gain":0,"player_choice":"Fought Mushrooms","damage_taken":0,"max_hp_gain":0,"max_hp_loss":0,"event_name":"Mushrooms","floor":14,"gold_loss":0},{"damage_healed":0,"gold_gain":0,"player_choice":"Ignored","damage_taken":0,"max_hp_gain":0,"max_hp_loss":0,"event_name":"Vampires","floor":19,"gold_loss":0},{"damage_healed":0,"gold_gain":0,"player_choice":"Ignored","damage_taken":0,"max_hp_gain":0,"max_hp_loss":0,"event_name":"Cursed Tome","floor":21,"gold_loss":0},{"damage_healed":0,"gold_gain":0,"player_choice":"Opened","damage_taken":0,"relics_obtained":["Replay:Antivirus Software"],"max_hp_gain":0,"max_hp_loss":0,"event_name":"The Mausoleum","floor":22,"gold_loss":0,"cards_obtained":["Writhe"]},{"damage_healed":0,"gold_gain":0,"player_choice":"Bought 1 Potion","damage_taken":0,"max_hp_gain":0,"max_hp_loss":0,"event_name":"The Woman in Blue","floor":31,"gold_loss":0}],"is_beta":false,"boss_relics":[{"not_picked":["Kintsugi","Pandora\u0027s Box"],"picked":"Empty Cage"}],"items_purged_floors":[27],"is_endless":false,"potions_floor_spawned":[3,5,7,14,18,20,30],"killed_by":"Collector","ascension_level":2}}