{"host":"ljavmhyz2e552xgo","time":1610230423,"event":{"mods":["BaseMod","Better Third Choice","Downfall","Friendly Minions","Minty Spire (QoL Compilation)","Permanent Neow","Spicy Shops","StSLib"],"gold_per_floor":[0,15,31,44,55,55,80,65,81,81,81,96,96,6,17,121,121,121,135,20,120,138,138,138,138],"floor_reached":23,"playtime":1348,"items_purged":["Guardian:Strike_Guardian","Guardian:StasisEngine"],"score":233,"play_id":"a101baaf-b801-4c9b-85bc-f6d094e8b1df","local_time":"20210109161343","is_ascension_mode":false,"campfire_choices":[{"data":"Guardian:TwinSlam","floor":1,"key":"SMITH"},{"data":"Guardian:Harden","floor":6,"key":"SMITH"},{"data":"Guardian:Orbwalk","floor":11,"key":"SMITH"},{"data":"Guardian:BronzeArmor","floor":13,"key":"SMITH"},{"data":"Guardian:CompilePackage","floor":18,"key":"SMITH"}],"circlet_count":0,"master_deck":["Guardian:CurlUp","Guardian:TwinSlam+1","Guardian:BaubleBeam","Guardian:Harden+1","Guardian:FuturePlans","Guardian:Orbwalk+1","Guardian:BronzeArmor+1","Guardian:Clone","Guardian:ShieldCharger","Guardian:Repulse","Guardian:GatlingBeam","Guardian:TemporalShield","Guardian:GemFinder","Guardian:ShieldSpikes","Guardian:VentSteam","Guardian:CompilePackage+1","Guardian:PiercingHide","Guardian:Harden","Guardian:Gem_Green","Guardian:Recover+1","Guardian:Gem_Cyan","Guardian:GuardianWhirl+1"],"relics":["Guardian:ModeShifter","Omamori","Pandora\u0027s Box"],"acts_visited":["Exordium","TheCity"],"potions_floor_usage":[],"damage_taken":[{"damage":2,"enemies":"Cultist","floor":2,"turns":3},{"damage":0,"enemies":"Small Slimes","floor":3,"turns":3},{"damage":1,"enemies":"Jaw Worm","floor":4,"turns":4},{"damage":9,"enemies":"Exordium Wildlife","floor":5,"turns":5},{"damage":1,"enemies":"downfall:FleeingMerchant","floor":8,"turns":4},{"damage":9,"enemies":"Exordium Thugs","floor":9,"turns":5},{"damage":3,"enemies":"Blue Slaver","floor":12,"turns":4},{"damage":4,"enemies":"downfall:FleeingMerchant","floor":14,"turns":4},{"damage":13,"enemies":"Gremlin Gang","floor":15,"turns":5},{"damage":0,"enemies":"downfall:Watcher","floor":16,"turns":8},{"damage":0,"enemies":"3 Byrds","floor":19,"turns":3},{"damage":12,"enemies":"downfall:FleeingMerchant","floor":20,"turns":4},{"damage":0,"enemies":"Shelled Parasite and Fungi","floor":22,"turns":6},{"damage":0,"enemies":"Slavers","floor":23,"turns":1}],"seed_played":"2657100176793023275","potions_obtained":[{"floor":5,"key":"Block Potion"},{"floor":10,"key":"LiquidMemories"},{"floor":10,"key":"BlessingOfTheForge"},{"floor":15,"key":"EntropicBrew"}],"is_trial":false,"path_per_floor":["R","M","M","M","M","R","T","$","M","?","R","M","R","$","M","B",null,"R","M","$","?","M","E"],"character_chosen":"GUARDIAN","items_purchased":[],"campfire_rested":0,"item_purchase_floors":[],"current_hp_per_floor":[80,78,78,77,68,68,68,67,58,58,58,55,55,51,38,38,80,80,80,68,68,68,68,68,68],"gold":138,"neow_bonus":"THREE_RARE_CARDS","is_daily":false,"chose_seed":false,"campfire_upgraded":5,"win_rate":0.0,"timestamp":1610230423,"path_taken":["R","M","M","?","M","R","T","$","M","?","R","?","R","?","M","BOSS","R","M","$","?","M","E"],"items_purchased_type":[],"build_version":"2020-12-22","purchased_purges":2,"victory":false,"max_hp_per_floor":[80,80,80,80,80,80,80,80,80,80,80,80,80,80,80,80,80,80,80,80,80,80,80,80,80],"card_choices":[{"not_picked":["Guardian:CompilePackage","Guardian:Gem_Synthetic"],"picked":"Guardian:BaubleBeam","floor":0},{"not_picked":["Guardian:CrystalBeam","Guardian:PrimingBeam"],"picked":"Guardian:Harden","floor":2},{"not_picked":["Guardian:TemporalShield","Guardian:ShieldCharger"],"picked":"Guardian:FuturePlans","floor":3},{"not_picked":["Guardian:Emergency","Guardian:WalkerClaw"],"picked":"Guardian:Orbwalk","floor":4},{"not_picked":["Guardian:ShieldCharger","Guardian:Gem_Fragmented"],"picked":"Guardian:BronzeArmor","floor":5},{"not_picked":["Guardian:Gem_Lightblue","Guardian:CrystalBeam"],"picked":"Guardian:Clone","floor":8},{"not_picked":["Guardian:TemporalShield","Guardian:Suspension"],"picked":"Guardian:ShieldCharger","floor":9},{"not_picked":["Guardian:Suspension","Guardian:Incinerate"],"picked":"Guardian:Repulse","floor":12},{"not_picked":["Guardian:Gem_Fragmented","Guardian:RefractedBeam"],"picked":"Guardian:GatlingBeam","floor":14},{"not_picked":["Guardian:Emergency","Guardian:TimeBomb"],"picked":"Guardian:TemporalShield","floor":15},{"not_picked":["Guardian:ExploitGems","Guardian:StasisEngine"],"picked":"Guardian:Gem_Synthetic","floor":16},{"not_picked":["Guardian:Suspension","Guardian:Clone"],"picked":"Guardian:Gem_Green","floor":19},{"not_picked":["Guardian:WalkerClaw","Guardian:MultiBeam"],"picked":"Guardian:Recover+1","floor":20},{"not_picked":["Guardian:Gem_Red","Guardian:Gem_Green"],"picked":"Guardian:Gem_Cyan","floor":22},{"not_picked":["Guardian:DecasProtection","Guardian:EvasiveProtocol"],"picked":"Guardian:GuardianWhirl+1","floor":22}],"player_experience":1461819,"relics_obtained":[{"floor":7,"key":"Omamori"}],"event_choices":[{"damage_healed":0,"gold_gain":0,"player_choice":"Got Potions","damage_taken":0,"max_hp_gain":0,"max_hp_loss":0,"event_name":"Lab","floor":10,"gold_loss":0}],"is_beta":false,"boss_relics":[{"not_picked":["SacredBark","Sozu"],"picked":"Pandora\u0027s Box"}],"items_purged_floors":[14,20],"is_endless":false,"potions_floor_spawned":[5,12,15,22],"killed_by":"Slavers","ascension_level":0}}