{"host":"38abhf7uonnoqlzr","time":1610184603,"event":{"mods":["100% Spire Juice","Act Like it!","Aspiration","BaseMod","Better Note","Better Third Choice","Block Reminder","CapriCore","Colored Map","Conspire","Displayed Cursed Tome","Dota2Spire","Downfall","Energized Spire","Friendly Minions","Hallownest","Hubris","Minty Spire (QoL Compilation)","Pale of the Ancients","Rare Cards Sparkle","Relic Stats","Replay The Spire","Spicy Shops","StSLib","Waifu the Spire"],"gold_per_floor":[118,50,61,26,39,39,69,69,120,100,134,14,14,30,30,135,15,25,41,41,58,69,69,89,119,119,134,153,185,214,333,333,430,430,545,465,465,480,532,532,561,578,578,592,608,626,626,295,295,295,309,326,326,28,28,47,47,70,70,70],"floor_reached":61,"playtime":6347,"items_purged":[],"score":1506,"play_id":"48dc4147-7d2b-45f9-8e6d-d8bd8a4d06d4","local_time":"20210109103003","is_ascension_mode":false,"campfire_choices":[{"data":"Moonworks:RagingMadness","floor":6.0,"key":"SMITH"},{"data":"Moonworks:MeltingMemories","floor":8.0,"key":"SMITH"},{"data":"Moonworks:AwakeningOfTalent","floor":13.0,"key":"SMITH"},{"floor":15.0,"key":"REST"},{"data":"Moonworks:AccelHyper","floor":23.0,"key":"SMITH"},{"data":"Moonworks:EvilSpyWorkPreparation","floor":32.0,"key":"SMITH"},{"floor":40,"key":"REST"},{"data":"Moonworks:MetallicMonocoque","floor":47,"key":"SMITH"},{"data":"Replay:Bag of Tricks","floor":49,"key":"SMITH"},{"data":"ReplayTheSpireMod:Brewmster","floor":55,"key":"SMITH"},{"data":"Hallownest:attackMasterDashSlash","floor":57,"key":"SMITH"}],"circlet_count":0,"master_deck":["Moonworks:Strike","Moonworks:Strike","Moonworks:Strike","Moonworks:Strike","Moonworks:Defend","Moonworks:Defend","Moonworks:Defend","Moonworks:Defend","Moonworks:Ambush","Moonworks:LongDistanceShot","Moonworks:NicePresent","Moonworks:RagingMadness+1","Moonworks:AwakeningOfTalent+1","Moonworks:TacticalRetreat","Moonworks:JonathanRush","Moonworks:AccelHyper+1","Moonworks:IntelligenceOfficer","Moonworks:ForcedRevival","Moonworks:LulusLuckyEgg+1","Moonworks:FullSpeedAlicianrone+1","Moonworks:EvilSpyWorkPreparation+1","Moonworks:UnluckyCharm+1","Moonworks:TreasureThief+1","Moonworks:FullSpeedAlicianrone","Moonworks:MixPhenomenon","Moonworks:MetallicMonocoque+1","Moonworks:CookingTime","Hallownest:attackMasterDashSlash+1","ReplayTheSpireMod:Speed Training","Footwork","Replay:Bag of Tricks+1","Moonworks:AwakeningOfTalent+1","Moonworks:ForcedRevival+1","Moonworks:BigBangBell+1","Moonworks:LulusLuckyEgg","Moonworks:EvilMastermind","Moonworks:CloudOfSeagulls+1","Moonworks:JonathanRush+1","ReplayTheSpireMod:Brewmster+1","Moonworks:RagingMadness","Moonworks:FinalBattle","Moonworks:Bloodlust+1","Sickly","Moonworks:CloudOfSeagulls"],"relics":["Moonworks:BrokenBomb","Moonworks:Homemark","Dota2Spire:Dagon","Dota2Spire:Mjollnir","Hallownest:DreamNailRelic","Dota2Spire:RefresherOrb","hubris:Icosahedron","Dota2Spire:PowerTreads","conspire:DeflatedDodgeball","Replay:Kaleidoscope","ChewingGum","hubris:BottledRain","Akabeko","Pondfish Scales","Dota2Spire:ShivaGuard","paleoftheancients:Timepiece","paleoftheancients:KeyRelic","Gremlin Horn","Spirit Poop","paleoftheancients:SoulOfTheWatcher","ReplayTheSpireMod:Ring of Exchange","Ring of Peace","Guardian:PocketSentry","Bag of Preparation","Vajra"],"acts_visited":["Exordium","Hallownest:Greenpath","Hallownest:CityofTears","Hallownest:KingdomsEdge"],"potions_floor_usage":[41,42,42,50,50,50,50,51,51,51,51,51,51,51,51,51,51,52,52,52,56,56,60,60,60,60,60],"damage_taken":[{"damage":1.0,"enemies":"2_ Uuma","floor":1.0,"turns":5.0},{"damage":6.0,"enemies":"Hallownest:2_Baldur","floor":3.0,"turns":3.0},{"damage":3.0,"enemies":"Hallownest:monsterHuskGuard","floor":5.0,"turns":3.0},{"damage":2.0,"enemies":"Hallownest:eliteMossKnight","floor":7.0,"turns":7.0},{"damage":17.0,"enemies":"Hallownest:eliteCrystalGuardian","floor":11.0,"turns":5.0},{"damage":0.0,"enemies":"Hallownest:monsterAspidMother","floor":14.0,"turns":4.0},{"damage":11.0,"enemies":"Hallownest:BossHornet","floor":16.0,"turns":8.0},{"damage":0.0,"enemies":"Hallownest:Flukemon_and_Top","floor":18.0,"turns":5.0},{"damage":3.0,"enemies":"Hallownest:2_Mistakes","floor":19.0,"turns":3.0},{"damage":10.0,"enemies":"Hallownest:3_Mistakes","floor":21.0,"turns":4.0},{"damage":7.0,"enemies":"Hallownest:monsterMisterMushroom","floor":22.0,"turns":5.0},{"damage":8.0,"enemies":"Hallownest:2_Husk_Sentries","floor":24.0,"turns":3.0},{"damage":0.0,"enemies":"Hallownest:Nosk","floor":25.0,"turns":7.0},{"damage":0.0,"enemies":"Hallownest:Warrior_and_Youth","floor":27.0,"turns":3.0},{"damage":0.0,"enemies":"Hallownest:Master_and_Novice","floor":28.0,"turns":3.0},{"damage":32.0,"enemies":"Hallownest:eliteSoulWarrior","floor":30.0,"turns":4.0},{"damage":2.0,"enemies":"Hallownest:2_Flukemon","floor":31.0,"turns":4.0},{"damage":6,"enemies":"Hallownest:BossSoulMaster","floor":33,"turns":5},{"damage":5,"enemies":"Hallownest:Shield_Heavy","floor":35,"turns":3},{"damage":17,"enemies":"Hallownest:3_Siblings","floor":38,"turns":4},{"damage":0,"enemies":"Hallownest:eliteCollector","floor":41,"turns":5},{"damage":10,"enemies":"Hallownest:monsterPrimalAspid","floor":42,"turns":2},{"damage":1,"enemies":"Hallownest:2_Great","floor":44,"turns":3},{"damage":8,"enemies":"Hallownest:2_Wing_and_1_Kings","floor":45,"turns":3},{"damage":6,"enemies":"Hallownest:2_Wandering_and_1_Horned","floor":46,"turns":3},{"damage":40,"enemies":"Hallownest:BossHollowKnight","floor":50,"turns":4},{"damage":11,"enemies":"Hallownest:BossHollowKnight","floor":51,"turns":10},{"damage":23,"enemies":"Hallownest:BossHollowKnight","floor":52,"turns":5},{"damage":0,"enemies":"Hallownest:BossHollowKnight","floor":56,"turns":3},{"damage":41,"enemies":"paleoftheancients:N","floor":60,"turns":4}],"seed_played":"-7781600984178536777","potions_obtained":[{"floor":3.0,"key":"BlessingOfTheForge"},{"floor":5.0,"key":"hexamod:EctoCoolerPotion"},{"floor":14.0,"key":"Doom Potion"},{"floor":18.0,"key":"Toxic Potion"},{"floor":19.0,"key":"Languid Potion"},{"floor":21.0,"key":"SteroidPotion"},{"floor":27.0,"key":"Toxic Potion"},{"floor":28.0,"key":"sneckomod:MuddlingPotion"},{"floor":39,"key":"Weak Potion"},{"floor":42,"key":"EssenceOfSteel"},{"floor":45,"key":"SpeedPotion"},{"floor":46,"key":"Cursed Concoction"},{"floor":51,"key":"SpeedPotion"},{"floor":56,"key":"SneckoOil"}],"is_trial":false,"path_per_floor":["M","$","M","?","M","R","E","R","T","?","E","?","R","M","R","B",null,"M","M","?","M","M","R","M","E","T","M","M","?","E","M","R","B",null,"M","?","?","M","?","R","E","M","T","M","M","M","R","$","R","B","M","M","?","$","R","M","R","T","?","B",null],"character_chosen":"THE_STARBREAKER","items_purchased":["Moonworks:RagingMadness","ReplayTheSpireMod:Brewmster","Moonworks:RagingMadness","Dota2Spire:ShivaGuard","Guardian:PocketSentry","Bag of Preparation"],"campfire_rested":2,"item_purchase_floors":[2,48,48,48,54,54],"current_hp_per_floor":[65,65,59,64,61,61,59,59,59,59,49,49,49,49,70,59,71,71,68,68,63,61,61,58,63,63,63,68,68,47,62,62,66,71,66,66,66,49,21,42,71,69,69,71,63,71,71,71,71,71,71,60,60,60,60,71,71,71,71,65],"gold":70,"neow_bonus":"TEN_PERCENT_HP_BONUS","is_daily":false,"chose_seed":false,"campfire_upgraded":9,"win_rate":0.0,"timestamp":1610184603,"path_taken":["M","$","M","?","M","R","E","R","T","?","E","?","R","M","R","BOSS","M","M","?","M","M","R","M","E","T","?","M","?","E","M","R","BOSS","M","?","?","M","?","R","E","M","T","?","M","M","R","$","R","BOSS","M","M","?","$","R","M","R","T","?","BOSS"],"items_purchased_type":["Card","Card","Card","Relic","Relic","Relic"],"build_version":"2020-12-22","purchased_purges":0,"victory":true,"max_hp_per_floor":[66,66,66,71,71,71,71,71,71,71,71,71,71,71,71,71,71,71,71,71,71,71,71,71,71,71,71,71,71,71,71,71,71,71,71,71,71,71,71,71,71,71,71,71,71,71,71,71,71,71,71,71,71,71,71,71,71,71,71,71],"relic_stats":{"Gremlin Horn":[22,27],"counters":[30,130],"Bag of Preparation":[12],"obtain_stats":[{"ReplayTheSpireMod:Ring of Exchange":53,"Dota2Spire:PowerTreads":25,"Gremlin Horn":50,"Spirit Poop":50,"Vajra":58,"Dota2Spire:ShadowBlade":9,"Dota2Spire:RefresherOrb":17,"Hallownest:DreamNailRelic":12,"Bag of Preparation":54,"hubris:Icosahedron":20,"Ring of Peace":53,"Dota2Spire:Mjollnir":11,"paleoftheancients:SoulOfTheWatcher":51,"paleoftheancients:KeyRelic":50,"Dota2Spire:Dagon":7,"Dota2Spire:ShivaGuard":48,"Guardian:PocketSentry":54,"Replay:Kaleidoscope":30,"Akabeko":41,"paleoftheancients:Timepiece":50,"Pondfish Scales":43,"Moonworks:Homemark":0,"ChewingGum":34,"conspire:DeflatedDodgeball":26,"Moonworks:BrokenBomb":0,"hubris:BottledRain":39},{"ReplayTheSpireMod:Ring of Exchange":28,"Dota2Spire:PowerTreads":13,"Gremlin Horn":26,"Spirit Poop":26,"Vajra":29,"Dota2Spire:ShadowBlade":4,"Dota2Spire:RefresherOrb":7,"Hallownest:DreamNailRelic":5,"Bag of Preparation":28,"hubris:Icosahedron":9,"Ring of Peace":28,"Dota2Spire:Mjollnir":5,"paleoftheancients:SoulOfTheWatcher":27,"paleoftheancients:KeyRelic":26,"Dota2Spire:Dagon":4,"Dota2Spire:ShivaGuard":25,"Guardian:PocketSentry":28,"Replay:Kaleidoscope":16,"Akabeko":21,"paleoftheancients:Timepiece":26,"Pondfish Scales":22,"Moonworks:Homemark":0,"ChewingGum":18,"conspire:DeflatedDodgeball":13,"Moonworks:BrokenBomb":0,"hubris:BottledRain":20},{"ReplayTheSpireMod:Ring of Exchange":123,"Dota2Spire:PowerTreads":62,"Gremlin Horn":108,"Spirit Poop":108,"Vajra":126,"Dota2Spire:ShadowBlade":18,"Dota2Spire:RefresherOrb":35,"Hallownest:DreamNailRelic":23,"Bag of Preparation":123,"hubris:Icosahedron":43,"Ring of Peace":123,"Dota2Spire:Mjollnir":23,"paleoftheancients:SoulOfTheWatcher":118,"paleoftheancients:KeyRelic":108,"Dota2Spire:Dagon":18,"Dota2Spire:ShivaGuard":104,"Guardian:PocketSentry":123,"Replay:Kaleidoscope":72,"Akabeko":93,"paleoftheancients:Timepiece":108,"Pondfish Scales":95,"Moonworks:Homemark":0,"ChewingGum":81,"conspire:DeflatedDodgeball":62,"Moonworks:BrokenBomb":0,"hubris:BottledRain":88}]},"card_choices":[{"not_picked":["Moonworks:BigMagnum","Moonworks:ImOnFire"],"picked":"Moonworks:NicePresent","floor":1.0},{"not_picked":["Moonworks:SelfDestruct","Moonworks:IndiscriminateFireSupport"],"picked":"Moonworks:AwakeningOfTalent","floor":3.0},{"not_picked":["Moonworks:Gamble","Moonworks:IndiscriminateFireSupport"],"picked":"Moonworks:SealedMemories","floor":5.0},{"not_picked":["Moonworks:NicePresent","Moonworks:MiracleWalker"],"picked":"Moonworks:MeltingMemories","floor":7.0},{"not_picked":["Moonworks:JonathanRush","Moonworks:BeyondHell"],"picked":"Moonworks:TacticalRetreat","floor":11.0},{"not_picked":["Moonworks:LulusLuckyEgg","Moonworks:SealedMemories"],"picked":"Moonworks:JonathanRush","floor":14.0},{"not_picked":["Moonworks:ShieldCounter","Moonworks:Blazing"],"picked":"Moonworks:AccelHyper","floor":16.0},{"not_picked":["Moonworks:NicePresent","Moonworks:SelfDestruct"],"picked":"Moonworks:IntelligenceOfficer","floor":18.0},{"not_picked":["Moonworks:IndiscriminateFireSupport+1","Moonworks:NicePresent"],"picked":"Moonworks:ForcedRevival","floor":19.0},{"not_picked":["Moonworks:MeltingMemories","Moonworks:BigMagnum+1"],"picked":"Moonworks:LulusLuckyEgg+1","floor":21.0},{"not_picked":["Moonworks:WindyEnchantment","Moonworks:CloudOfSeagulls"],"picked":"Moonworks:FullSpeedAlicianrone+1","floor":22.0},{"not_picked":["Moonworks:SakisCookie","Moonworks:NicePresent"],"picked":"Moonworks:EvilSpyWorkPreparation","floor":24.0},{"not_picked":["Moonworks:ImmovableObject+1","Moonworks:RedAndBlue"],"picked":"Moonworks:UnluckyCharm+1","floor":25.0},{"not_picked":["Moonworks:EvilSpyWorkPreparation","Moonworks:DeployBits"],"picked":"Moonworks:TreasureThief+1","floor":27.0},{"not_picked":["Moonworks:ImOnFire","Moonworks:CastOff"],"picked":"Moonworks:WindyEnchantment","floor":28.0},{"not_picked":["Moonworks:ImOnFire","Moonworks:BigMagnum+1"],"picked":"Moonworks:FullSpeedAlicianrone","floor":30.0},{"not_picked":["Moonworks:ScrambledEve","Moonworks:DeployBits"],"picked":"Moonworks:MixPhenomenon","floor":31.0},{"not_picked":["Moonworks:AccelHyper","Moonworks:HolyNight"],"picked":"Moonworks:MetallicMonocoque","floor":33},{"not_picked":["Moonworks:MixPhenomenon+1","Moonworks:LulusLuckyEgg"],"picked":"Moonworks:CookingTime","floor":35},{"not_picked":["Moonworks:LulusLuckyEgg+1","Moonworks:ScrambledEve"],"picked":"Moonworks:AwakeningOfTalent+1","floor":38},{"not_picked":["Moonworks:IndiscriminateFireSupport","Moonworks:ImOnFire"],"picked":"Moonworks:ForcedRevival+1","floor":39},{"not_picked":["Moonworks:DeployBits","Moonworks:EvilSpyWorkPreparation+1"],"picked":"Moonworks:BigBangBell+1","floor":41},{"not_picked":["Moonworks:ImOnFire","Moonworks:Assault"],"picked":"Moonworks:LulusLuckyEgg","floor":42},{"not_picked":["Moonworks:NicePresent","Moonworks:WindyEnchantment"],"picked":"Moonworks:EvilMastermind","floor":44},{"not_picked":["Moonworks:IndiscriminateFireSupport+1","Moonworks:DeployBits+1"],"picked":"Moonworks:CloudOfSeagulls+1","floor":45},{"not_picked":["Moonworks:UnpaidWork+1","Moonworks:CookingTime+1"],"picked":"Moonworks:JonathanRush+1","floor":46},{"not_picked":["Moonworks:SealedMemories","Moonworks:CloudOfSeagulls"],"picked":"Moonworks:FinalBattle","floor":51},{"not_picked":["Moonworks:CookingTime+1","Moonworks:EvilSpyWorkPreparation+1"],"picked":"Moonworks:Bloodlust+1","floor":52},{"not_picked":["Moonworks:ImOnFire+1","Moonworks:IndiscriminateFireSupport+1"],"picked":"Moonworks:CloudOfSeagulls","floor":56}],"player_experience":305918,"relics_obtained":[{"floor":7.0,"key":"Dota2Spire:Dagon"},{"floor":9.0,"key":"Dota2Spire:ShadowBlade"},{"floor":11.0,"key":"Dota2Spire:Mjollnir"},{"floor":25.0,"key":"Dota2Spire:PowerTreads"},{"floor":26.0,"key":"conspire:DeflatedDodgeball"},{"floor":30.0,"key":"Replay:Kaleidoscope"},{"floor":39,"key":"hubris:BottledRain"},{"floor":41,"key":"Akabeko"},{"floor":43,"key":"Pondfish Scales"},{"floor":51,"key":"paleoftheancients:SoulOfTheWatcher"},{"floor":53,"key":"ReplayTheSpireMod:Ring of Exchange"},{"floor":53,"key":"Ring of Peace"},{"floor":58,"key":"Vajra"}],"event_choices":[],"is_beta":false,"boss_relics":[{"not_picked":["Fusion Hammer","Coffee Dripper"],"picked":"Dota2Spire:RefresherOrb"},{"not_picked":["energizedSpire:SpiderWeb","expansioncontent:StudyCardRelic"],"picked":"ChewingGum"}],"items_purged_floors":[],"is_endless":false,"potions_floor_spawned":[3,5,14,18,19,21,27,28,42,45,46,51,56],"ascension_level":0}}