{"host":"i41n6wh529970c2c","time":1610165721,"event":{"mods":["Act Like it!","BaseMod","BetterRewards","Friendly Minions","Gold Saver","Hallownest","Hermit","Minty Spire (QoL Compilation)","Replay The Spire","Shop Mod","StSLib","The Bug Knight"],"gold_per_floor":[111,128,128,142,4,4,4],"floor_reached":6,"playtime":465,"items_purged":["HollowMod:NailStrikeStart"],"score":43,"play_id":"0dc145e4-5c2f-4913-a76a-091f09c7ee2f","local_time":"20210108231521","is_ascension_mode":true,"campfire_choices":[],"circlet_count":0,"master_deck":["HollowMod:NailStrikeStart","HollowMod:NailStrikeStart","HollowMod:NailStrikeStart","HollowMod:QuickDashStart","HollowMod:QuickDashStart","HollowMod:QuickDashStart","HollowMod:QuickDashStart","HollowMod:FocusHealStart","HollowMod:PogoStrike","Metamorphosis","HollowMod:RadiancesLament","HollowMod:InfectedCysts","HollowMod:MawleksShell","HollowMod:SoulStrike","HollowMod:HuntersJournal","HollowMod:PaleKingsBlessing"],"relics":["HollowMod:VesselMask","Incense Burner","Torii","Ginger","Hallownest:DreamNailRelic"],"acts_visited":["Hallownest:Greenpath"],"potions_floor_usage":[],"damage_taken":[{"damage":4,"enemies":"Hallownest:monsterHuskWarrior","floor":1,"turns":3},{"damage":1,"enemies":"Hallownest:monsterHuskGuard","floor":2,"turns":4},{"damage":4,"enemies":"Hallownest:2_Tiktiks_and_1_Crawlid","floor":4,"turns":4},{"damage":36,"enemies":"Hallownest:eliteVengeflyKing","floor":6,"turns":6}],"seed_played":"7470494998710567846","potions_obtained":[{"floor":1,"key":"Elixir"}],"is_trial":false,"path_per_floor":["M","M","?","M","$","E"],"character_chosen":"THE_BUGKNIGHT","items_purchased":["Torii","Ginger","HollowMod:RadiancesLament","HollowMod:InfectedCysts","HollowMod:PaleKingsBlessing"],"campfire_rested":0,"item_purchase_floors":[0,0,0,0,5],"current_hp_per_floor":[28,27,27,29,29,0,0],"gold":4,"neow_bonus":"","is_daily":false,"chose_seed":false,"campfire_upgraded":0,"win_rate":0.0,"timestamp":1610165721,"path_taken":["M","M","?","M","?","E"],"items_purchased_type":["Relic","Relic","Card","Card","Card"],"build_version":"2020-12-22","purchased_purges":1,"victory":false,"max_hp_per_floor":[75,75,75,75,75,75,75],"card_choices":[{"not_picked":["HollowMod:MonarchWings","HollowMod:MothsMistake"],"picked":"HollowMod:MawleksShell","floor":1},{"not_picked":["HollowMod:Grubsong","HollowMod:ChannelNail"],"picked":"HollowMod:SoulStrike","floor":2},{"not_picked":["HollowMod:SharpenedNail","HollowMod:LifebloodCocoon"],"picked":"HollowMod:HuntersJournal","floor":4}],"player_experience":1035372,"relics_obtained":[],"event_choices":[],"is_beta":false,"boss_relics":[],"items_purged_floors":[0],"is_endless":false,"potions_floor_spawned":[1],"killed_by":"Hallownest:eliteVengeflyKing","ascension_level":4}}