{"host":"g3mfbfmeb5kk2le1","time":1610158393,"event":{"mods":["AchievementEnabler","Aspiration","BaseMod","BetterRewards","Colored Map","Downfall","Googly Eyes","Halation","Hubris","Infinite Spire","Mimic Mod","Minty Spire (QoL Compilation)","Replay The Spire","SOS???????","Shop Mod","StSLib","SuperFastMode","Trackpad","Unceasing Turn Reminder","egg","slay the spire mod where everything is the same but ironclad has a cowboy hat","vexMod"],"gold_per_floor":[113,131,146,146,159,159,159,159,234,267,287,314,314,347,347,347,347],"floor_reached":16,"playtime":630,"items_purged":[],"score":180,"play_id":"1fcd1260-0e3e-432d-8829-145264509a04","local_time":"20210108231313","is_ascension_mode":true,"campfire_choices":[{"data":"Bludgeon","floor":6,"key":"SMITH"},{"floor":13,"key":"REST"},{"data":"Bash","floor":15,"key":"SMITH"}],"circlet_count":0,"master_deck":["AscendersBane","Strike_R","Strike_R","Strike_R","Strike_R","Strike_R","Defend_R","Defend_R","Defend_R","Bash+1","Bludgeon+1","Shrug It Off","Injury","Pain","hubris:ReadiedAction+1"],"relics":["Burning Blood","Toxic Egg 2","WarpedTongs","halation:WeightlessCrab","Omamori","hubris:PeanutButter","Bottled Lightning"],"acts_visited":["Exordium"],"potions_floor_usage":[10,11,12],"damage_taken":[{"damage":12,"enemies":"Jaw Worm","floor":1,"turns":2},{"damage":0,"enemies":"Cultist","floor":2,"turns":2},{"damage":3,"enemies":"2 Louse","floor":3,"turns":3},{"damage":19,"enemies":"Red Slaver","floor":5,"turns":4},{"damage":22,"enemies":"Lagavulin","floor":10,"turns":7},{"damage":4,"enemies":"3 Louse","floor":11,"turns":4},{"damage":6,"enemies":"3 Sentries","floor":12,"turns":5},{"damage":2,"enemies":"Lagavulin","floor":14,"turns":5},{"damage":56,"enemies":"The Guardian","floor":16,"turns":6}],"seed_played":"7791474584171026711","potions_obtained":[{"floor":2,"key":"champ:CounterPotion"},{"floor":3,"key":"Energy Potion"},{"floor":11,"key":"Fire Potion"}],"is_trial":false,"path_per_floor":["M","M","M","?","M","R","?","?","T","E","M","E","R","E","R","B"],"character_chosen":"IRONCLAD","items_purchased":[],"campfire_rested":1,"item_purchase_floors":[],"current_hp_per_floor":[45,51,54,54,41,41,41,41,41,25,27,27,51,55,55,0,0],"gold":347,"neow_bonus":"THREE_RARE_CARDS","is_daily":false,"chose_seed":false,"campfire_upgraded":2,"win_rate":0.0,"timestamp":1610158393,"path_taken":["M","M","M","?","?","R","?","?","T","E","M","E","R","E","R","BOSS"],"items_purchased_type":[],"build_version":"2020-12-22","purchased_purges":0,"victory":false,"max_hp_per_floor":[80,80,80,80,80,80,80,80,80,80,80,80,80,80,80,80,80],"card_choices":[{"not_picked":["Exhume","Feed"],"picked":"Bludgeon","floor":0},{"not_picked":["Havoc","Flex","Blood for Blood"],"picked":"SKIP","floor":1},{"not_picked":["Sword Boomerang","hubris:ReadiedAction"],"picked":"Shrug It Off","floor":2},{"not_picked":["Havoc","ReplayTheSpireMod:Strike From Hell","Perfected Strike"],"picked":"SKIP","floor":3},{"not_picked":["Armaments","Thunderclap","Pommel Strike"],"picked":"SKIP","floor":5},{"not_picked":["Fiend Fire","Burning Pact+1","ReplayTheSpireMod:Muscle Training+1"],"picked":"SKIP","floor":10},{"not_picked":["Clash","Ghostly Armor+1","Thunderclap"],"picked":"SKIP","floor":11},{"not_picked":["Replay:Many Hands+1","Wild Strike","Headbutt"],"picked":"SKIP","floor":12},{"not_picked":["ReplayTheSpireMod:Stacked+1","Spot Weakness+1"],"picked":"hubris:ReadiedAction+1","floor":14}],"player_experience":294099,"relics_obtained":[{"floor":9,"key":"halation:WeightlessCrab"},{"floor":10,"key":"Omamori"},{"floor":12,"key":"hubris:PeanutButter"},{"floor":14,"key":"Bottled Lightning"}],"event_choices":[{"cards_removed":["Defend_R"],"damage_healed":0,"gold_gain":0,"player_choice":"Purged","damage_taken":0,"max_hp_gain":0,"max_hp_loss":0,"event_name":"Purifier","floor":4,"gold_loss":0},{"damage_healed":0,"gold_gain":0,"player_choice":"Rummage","damage_taken":0,"relics_obtained":["WarpedTongs"],"max_hp_gain":0,"max_hp_loss":0,"event_name":"Accursed Blacksmith","floor":8,"gold_loss":0,"cards_obtained":["Pain"]}],"is_beta":false,"boss_relics":[],"items_purged_floors":[],"is_endless":false,"potions_floor_spawned":[2,3,11],"killed_by":"The Guardian","ascension_level":10}}