{"host":"rolltorest","time":1610155123,"event":{"mods":["BaseMod","Minty Spire (QoL Compilation)","Relic Stats","Robot Space Explorer","Slay the Relics Exporter","StSLib"],"gold_per_floor":[117,117,134,151,74,105,105,105,105,105,117,150,115,265,265,339,339,354,354,364,364,364],"floor_reached":21,"playtime":1433,"items_purged":[],"score":350,"play_id":"78486f1d-35b6-46b9-afcd-95f2b3494690","local_time":"20210108171843","is_ascension_mode":true,"campfire_choices":[{"data":"RobotSpaceExplorer:Explosion","floor":8,"key":"SMITH"},{"data":"RobotSpaceExplorer:DoubleBlock","floor":10,"key":"SMITH"},{"data":"RobotSpaceExplorer:PlasmaMissile","floor":15,"key":"SMITH"}],"circlet_count":0,"master_deck":["AscendersBane","RobotSpaceExplorer:Strike","RobotSpaceExplorer:Strike","RobotSpaceExplorer:Strike","RobotSpaceExplorer:Strike","RobotSpaceExplorer:Defend","RobotSpaceExplorer:Defend","RobotSpaceExplorer:Defend","RobotSpaceExplorer:Defend","RobotSpaceExplorer:Scan","RobotSpaceExplorer:MiniLasers","RobotSpaceExplorer:Explosion+1","RobotSpaceExplorer:SlimeMissile","RobotSpaceExplorer:Accelerator","RobotSpaceExplorer:SurgingShield","RobotSpaceExplorer:DoubleBlock+1","RobotSpaceExplorer:PlasmaMissile+1","RobotSpaceExplorer:Fix+1","RobotSpaceExplorer:Blaster","RobotSpaceExplorer:GearShield+1","RobotSpaceExplorer:Pulsar+1"],"relics":["RobotSpaceExplorer:RoboCore","PreservedInsect","Eternal Feather","Toxic Egg 2","Empty Cage"],"acts_visited":["Exordium","TheCity"],"potions_floor_usage":[7,18,21],"damage_taken":[{"damage":0,"enemies":"Jaw Worm","floor":1,"turns":3},{"damage":0,"enemies":"Cultist","floor":3,"turns":3},{"damage":4,"enemies":"Small Slimes","floor":4,"turns":3},{"damage":21,"enemies":"Gremlin Nob","floor":6,"turns":4},{"damage":0,"enemies":"3 Louse","floor":7,"turns":1},{"damage":8,"enemies":"Blue Slaver","floor":11,"turns":2},{"damage":12,"enemies":"Lagavulin","floor":12,"turns":8},{"damage":43,"enemies":"The Guardian","floor":16,"turns":16},{"damage":45,"enemies":"3 Byrds","floor":18,"turns":8},{"damage":8,"enemies":"Spheric Guardian","floor":20,"turns":5},{"damage":0,"enemies":"Snake Plant","floor":21,"turns":1}],"seed_played":"4892737041994170582","potions_obtained":[{"floor":1,"key":"SmokeBomb"},{"floor":3,"key":"Swift Potion"},{"floor":11,"key":"PowerPotion"},{"floor":18,"key":"Fire Potion"}],"is_trial":false,"path_per_floor":["M","?","M","M","$","E","M","R","T","R","M","E","?","?","R","B",null,"M","?","M","M"],"character_chosen":"RobotSpaceExplorer","items_purchased":["RobotSpaceExplorer:PlasmaMissile"],"campfire_rested":0,"item_purchase_floors":[5],"current_hp_per_floor":[64,64,64,60,60,39,39,39,39,48,40,28,45,45,57,20,56,17,7,5,5,5],"gold":364,"neow_bonus":"THREE_RARE_CARDS","is_daily":false,"chose_seed":false,"campfire_upgraded":3,"win_rate":0.0,"timestamp":1610155123,"path_taken":["M","?","?","M","$","E","M","R","T","R","M","E","?","?","R","BOSS","M","?","M","M"],"items_purchased_type":["Card"],"build_version":"2020-12-18","purchased_purges":0,"victory":false,"max_hp_per_floor":[71,71,71,71,71,71,71,71,71,71,71,71,71,71,71,71,68,68,68,68,68,68],"relic_stats":{"counters":[11,54],"Eternal Feather":21,"PreservedInsect":29,"obtain_stats":[{"RobotSpaceExplorer:RoboCore":0,"Eternal Feather":9,"PreservedInsect":6,"Toxic Egg 2":12,"Empty Cage":17},{"RobotSpaceExplorer:RoboCore":0,"Eternal Feather":5,"PreservedInsect":4,"Toxic Egg 2":7,"Empty Cage":8},{"RobotSpaceExplorer:RoboCore":0,"Eternal Feather":14,"PreservedInsect":13,"Toxic Egg 2":24,"Empty Cage":40}]},"card_choices":[{"not_picked":["RobotSpaceExplorer:Autoloader","RobotSpaceExplorer:Accelerator"],"picked":"RobotSpaceExplorer:Explosion","floor":0},{"not_picked":["RobotSpaceExplorer:LuckyStrike","RobotSpaceExplorer:ExhaustFan"],"picked":"RobotSpaceExplorer:SlimeMissile","floor":1},{"not_picked":["RobotSpaceExplorer:FranticSearch","RobotSpaceExplorer:SwiftStep"],"picked":"RobotSpaceExplorer:SurgingShield","floor":3},{"not_picked":["RobotSpaceExplorer:GlueShot","RobotSpaceExplorer:SlimeMissile"],"picked":"RobotSpaceExplorer:DoubleBlock","floor":4},{"not_picked":["RobotSpaceExplorer:Scanner","RobotSpaceExplorer:Jetpack","RobotSpaceExplorer:Reload"],"picked":"SKIP","floor":6},{"not_picked":["RobotSpaceExplorer:SurgingShield","RobotSpaceExplorer:ImprovisedAttack","RobotSpaceExplorer:Counterblock"],"picked":"SKIP","floor":11},{"not_picked":["RobotSpaceExplorer:FreezingShield+1","RobotSpaceExplorer:Counterblock+1"],"picked":"RobotSpaceExplorer:Fix+1","floor":12},{"not_picked":["RobotSpaceExplorer:Multitool","RobotSpaceExplorer:Asteroid"],"picked":"RobotSpaceExplorer:Blaster","floor":16},{"not_picked":["RobotSpaceExplorer:Pulsar+1","RobotSpaceExplorer:PowerGlove"],"picked":"RobotSpaceExplorer:GearShield+1","floor":18},{"not_picked":["RobotSpaceExplorer:ExhaustFan","RobotSpaceExplorer:ShovelStrike"],"picked":"RobotSpaceExplorer:Pulsar+1","floor":20}],"player_experience":1789233,"relics_obtained":[{"floor":6,"key":"PreservedInsect"},{"floor":9,"key":"Eternal Feather"},{"floor":12,"key":"Toxic Egg 2"}],"event_choices":[{"damage_healed":0,"gold_gain":0,"player_choice":"1 cards matched","damage_taken":0,"max_hp_gain":0,"max_hp_loss":0,"event_name":"Match and Keep!","floor":2,"gold_loss":0,"cards_obtained":["RobotSpaceExplorer:Accelerator"]},{"damage_healed":17,"gold_gain":0,"player_choice":"Healed","damage_taken":0,"max_hp_gain":0,"max_hp_loss":0,"event_name":"The Cleric","floor":13,"gold_loss":35},{"damage_healed":0,"gold_gain":150,"player_choice":"AGREE","damage_taken":0,"max_hp_gain":0,"max_hp_loss":0,"event_name":"Liars Game","floor":14,"gold_loss":0,"cards_obtained":["Doubt"]},{"damage_healed":0,"gold_gain":0,"player_choice":"Damaged","damage_taken":10,"max_hp_gain":0,"max_hp_loss":0,"event_name":"Wheel of Change","floor":19,"gold_loss":0}],"is_beta":true,"boss_relics":[{"not_picked":["Pandora\u0027s Box","RobotSpaceExplorer:TurboCore"],"picked":"Empty Cage"}],"items_purged_floors":[],"is_endless":false,"potions_floor_spawned":[1,3,11,18,20],"killed_by":"Snake Plant","ascension_level":17}}