{"host":"t7mx8yfj1no5p62f","time":1610219334,"event":{"mods":["BaseMod","Colored Map","Colored Powertips","Minty Spire (QoL Compilation)","Relic Stats","StSLib"],"gold_per_floor":[367,417,437,453,54,54,68,97,122,154,178,190,230,260,272,355,367,389,414,461,484,514,526,538,538],"floor_reached":24,"playtime":920,"items_purged":["Regret"],"score":464,"play_id":"059d2bd4-43aa-4898-805f-02b52ede2793","local_time":"20210109140854","is_ascension_mode":true,"campfire_choices":[{"data":"Perfected Strike","floor":6,"key":"SMITH"},{"data":"Inflame","floor":12,"key":"SMITH"},{"data":"Limit Break","floor":15,"key":"SMITH"}],"circlet_count":0,"master_deck":["AscendersBane","Strike_R","Strike_R","Strike_R","Strike_R","Strike_R","Defend_R","Defend_R","Defend_R","Defend_R","Bash","Perfected Strike+1","Infernal Blade","True Grit","Disarm","Inflame+1","Shrug It Off","Limit Break+1","Battle Trance","Brutality","Battle Trance","Whirlwind","Spot Weakness+1","Shrug It Off"],"relics":["Burning Blood","Bronze Scales","Lee\u0027s Waffle","Toy Ornithopter","MawBank","Anchor","Cursed Key","Red Mask"],"acts_visited":["Exordium","TheCity"],"potions_floor_usage":[13,20,23,23],"damage_taken":[{"damage":11,"enemies":"2 Louse","floor":1,"turns":4},{"damage":4,"enemies":"Cultist","floor":3,"turns":3},{"damage":9,"enemies":"Jaw Worm","floor":4,"turns":4},{"damage":2,"enemies":"2 Fungi Beasts","floor":7,"turns":3},{"damage":9,"enemies":"Lagavulin","floor":8,"turns":6},{"damage":13,"enemies":"Looter","floor":10,"turns":3},{"damage":0,"enemies":"Exordium Wildlife","floor":11,"turns":2},{"damage":20,"enemies":"3 Sentries","floor":13,"turns":6},{"damage":0,"enemies":"Blue Slaver","floor":14,"turns":4},{"damage":41,"enemies":"Hexaghost","floor":16,"turns":7},{"damage":9,"enemies":"Chosen","floor":18,"turns":6},{"damage":7,"enemies":"Spheric Guardian","floor":19,"turns":3},{"damage":41,"enemies":"Masked Bandits","floor":20,"turns":4},{"damage":5,"enemies":"Centurion and Healer","floor":21,"turns":4},{"damage":30,"enemies":"Chosen and Byrds","floor":22,"turns":7},{"damage":6,"enemies":"Book of Stabbing","floor":23,"turns":4},{"damage":41,"enemies":"Cultist and Chosen","floor":24,"turns":5}],"seed_played":"5867820827119248801","potions_obtained":[{"floor":1,"key":"LiquidBronze"},{"floor":7,"key":"SkillPotion"},{"floor":8,"key":"Swift Potion"},{"floor":20,"key":"DuplicationPotion"},{"floor":22,"key":"SmokeBomb"}],"is_trial":false,"path_per_floor":["M","?","M","M","$","R","M","E","T","M","M","R","E","M","R","B",null,"M","M","?","M","M","E","M"],"character_chosen":"IRONCLAD","items_purchased":["Bronze Scales","Lee\u0027s Waffle"],"campfire_rested":0,"item_purchase_floors":[5,5],"current_hp_per_floor":[63,56,58,55,82,82,82,79,79,72,78,78,69,75,75,40,72,69,68,38,39,15,25,0,0],"gold":538,"neow_bonus":"TWO_FIFTY_GOLD","is_daily":false,"chose_seed":false,"campfire_upgraded":3,"win_rate":0.0,"timestamp":1610219334,"path_taken":["M","?","M","M","$","R","?","E","T","M","M","R","E","M","R","BOSS","M","M","?","M","M","E","M"],"items_purchased_type":["Relic","Relic"],"build_version":"2020-12-22","purchased_purges":1,"victory":false,"max_hp_per_floor":[75,75,75,75,82,82,82,82,82,82,82,82,82,82,82,82,82,82,82,82,82,82,82,82,82],"relic_stats":{"Lee\u0027s Waffle":27,"counters":[17,75],"Bronze Scales":[153],"MawBank":180,"Cursed Key":0,"obtain_stats":[{"Lee\u0027s Waffle":5,"Anchor":13,"Bronze Scales":5,"Red Mask":20,"MawBank":9,"Cursed Key":17,"Burning Blood":0,"Toy Ornithopter":8},{"Lee\u0027s Waffle":3,"Anchor":8,"Bronze Scales":3,"Red Mask":13,"MawBank":5,"Cursed Key":10,"Burning Blood":0,"Toy Ornithopter":5},{"Lee\u0027s Waffle":11,"Anchor":31,"Bronze Scales":11,"Red Mask":55,"MawBank":20,"Cursed Key":42,"Burning Blood":0,"Toy Ornithopter":20}],"Burning Blood":92,"Toy Ornithopter":20},"card_choices":[{"not_picked":["Seeing Red","Havoc"],"picked":"Perfected Strike","floor":1},{"not_picked":["Rampage","Entrench"],"picked":"Infernal Blade","floor":3},{"not_picked":["Combust","Warcry"],"picked":"True Grit","floor":4},{"not_picked":["Reckless Charge","Thunderclap"],"picked":"Disarm","floor":7},{"not_picked":["Sword Boomerang","Twin Strike"],"picked":"Inflame","floor":8},{"not_picked":["Ghostly Armor","Iron Wave"],"picked":"Shrug It Off","floor":10},{"not_picked":["Reckless Charge","Shrug It Off"],"picked":"Limit Break","floor":11},{"not_picked":["Havoc","Clash"],"picked":"Battle Trance","floor":13},{"not_picked":["Sever Soul","Thunderclap","Cleave"],"picked":"SKIP","floor":14},{"not_picked":["Barricade","Immolate"],"picked":"Brutality","floor":16},{"not_picked":["Pommel Strike","Fire Breathing+1"],"picked":"Battle Trance","floor":18},{"not_picked":["Dark Embrace","Entrench","Carnage"],"picked":"SKIP","floor":19},{"not_picked":["Clash","Flex"],"picked":"Whirlwind","floor":20},{"not_picked":["Power Through","Disarm"],"picked":"Spot Weakness+1","floor":21},{"not_picked":["Spot Weakness","True Grit"],"picked":"Shrug It Off","floor":22}],"player_experience":1695621,"relics_obtained":[{"floor":8,"key":"Toy Ornithopter"},{"floor":9,"key":"MawBank"},{"floor":13,"key":"Anchor"},{"floor":20,"key":"Red Mask"}],"event_choices":[{"damage_healed":0,"gold_gain":50,"player_choice":"Touch","damage_taken":7,"max_hp_gain":0,"max_hp_loss":0,"event_name":"FaceTrader","floor":2,"gold_loss":0},{"damage_healed":0,"gold_gain":0,"player_choice":"Fought Bandits","damage_taken":0,"max_hp_gain":0,"max_hp_loss":0,"event_name":"Masked Bandits","floor":20,"gold_loss":0}],"is_beta":false,"boss_relics":[{"not_picked":["Empty Cage","Ectoplasm"],"picked":"Cursed Key"}],"items_purged_floors":[5],"is_endless":false,"potions_floor_spawned":[1,7,8,10,20,22],"killed_by":"Cultist and Chosen","ascension_level":20}}