{"host":"7z347kdhnquy3q4q","time":1610232451,"event":{"mods":["Act Like it!","Aspiration","BaseMod","Downfall","Hubris","Infinite Spire","Minty Spire (QoL Compilation)","MostiFishMod","Pale of the Ancients","Permanent Neow","Potionbrewer","Replay The Spire","Robot Space Explorer","Spicy Shops","StSLib","Wandering Minibosses","vexMod"],"gold_per_floor":[114,114,45,45,65,65,100,33,33,33,145,171,171,198,198,274,274,291,291,17,17,27,27,52,52,78,90,106,117,117,127,127,205,205,225,239,239,262,39,72,91,103,103,218,235,262,262,274,274,274,274,285,300,300,346,346,357,357,382,382,382],"floor_reached":62,"playtime":3245,"items_purged":["Normality","ReplayTheSpireMod:Restless Dread"],"score":2436,"play_id":"2f7c33d8-4af7-474f-9983-291d98cffd08","local_time":"20210109164731","is_ascension_mode":true,"campfire_choices":[{"floor":6.0,"key":"REST"},{"floor":23.0,"key":"REST"},{"floor":25.0,"key":"REST"},{"data":"Double Energy","floor":30.0,"key":"SMITH"},{"floor":32.0,"key":"REST"},{"data":"Delirium","floor":47.0,"key":"PURGE"},{"data":"Pot Of Greed","floor":49.0,"key":"PURGE"},{"data":"Limit Break","floor":56.0,"key":"SMITH"},{"floor":58.0,"key":"REST"}],"circlet_count":0,"master_deck":["AscendersBane","Strike_B","Strike_B","Strike_B","Strike_B","Defend_B","Defend_B","Defend_B","Defend_B","Zap","Dualcast","Doom and Gloom","Pot Of Greed+1","Pot Of Greed","Streamline","Coolheaded","Demon Form+1","Capacitor+1","White Noise","Rainbow","Limit Break+1","MostiFishMod:DawningShadow","Tempest","MostiFishMod:ATRI","MostiFishMod:Overload","Auto Shields","Pot Of Greed","Panic Button","Leap","expansioncontent:QuickStudy","Go for the Eyes","Conserve Battery","White Noise","Stack","Double Energy+1","Core Surge","ReplayTheSpireMod:Omega Cannon","MostiFishMod:GoodWordForIt+1","Echo Form+1","ReplayTheSpireMod:Muscle Training","Redo+1","MostiFishMod:ActiveDefenseSystem","Panic Button+1","ReplayRNGCard","Turbo+1","Sweeping Beam+1","Mirror Shield","Mind Blast","Pot Of Greed","Chrysalis","Lockon","MostiFishMod:Impulse+1","Clumsy"],"relics":["Cracked Core","DaveBox","Nloth\u0027s Gift","aspiration:Nostalgia","m_IronCrown","SynthV:TestCard","hubris:Icosahedron","ReplayTheSpireMod:CursedCoin","Grinning Jar","infinitespire:FocusingShard","aspiration:ChemicalBlood","Bottled Tornado","vexMod:BarristanHead","Peace Pipe","aspiration:SecretTechniqueScroll","Orrery","Toy Ornithopter","PreservedInsect","Replay:Grab Bag","Cursed Key","Philosopher\u0027s Stone","FeatherPendant","FossilizedHelix","Replay:Wax Seal","Medical Kit","hubris:ToyBattleship","Carrot","vexMod:Dragonfruit","wanderingMiniBosses:OtherGremlinHorn","paleoftheancients:Timepiece","paleoftheancients:KeyRelic","CultistMask","paleoftheancients:SoulOfTheShapes","SynthV","hubris:NiceRug","aspiration:StickyExplosives_weak","Blood Vial","hubris:SphereOfDissonance","Technique","infinitespire:BottledMercury","ReplayTheSpireMod:TigerMarble"],"acts_visited":["Exordium","TheCity","TheBeyond","TheBeyond"],"potions_floor_usage":[],"damage_taken":[{"damage":2.0,"enemies":"Small Slimes","floor":1.0,"turns":3.0},{"damage":0.0,"enemies":"2 Louse","floor":5.0,"turns":1.0},{"damage":15.0,"enemies":"Replay:BlueRogue","floor":7.0,"turns":4.0},{"damage":12.0,"enemies":"Jaw Worm","floor":11.0,"turns":2.0},{"damage":27.0,"enemies":"Gremlin Nob","floor":12.0,"turns":4.0},{"damage":1.0,"enemies":"Replay:BlueRogue","floor":14.0,"turns":5.0},{"damage":33.0,"enemies":"Hexaghost","floor":16.0,"turns":8.0},{"damage":33.0,"enemies":"Shell Parasite","floor":18.0,"turns":4.0},{"damage":1.0,"enemies":"Spheric Guardian","floor":22.0,"turns":4.0},{"damage":61.0,"enemies":"Slavers","floor":24.0,"turns":4.0},{"damage":3.0,"enemies":"Centurion and Healer","floor":27.0,"turns":4.0},{"damage":0.0,"enemies":"Cultist and Chosen","floor":28.0,"turns":5.0},{"damage":18.0,"enemies":"Snake Plant","floor":29.0,"turns":4.0},{"damage":44.0,"enemies":"Chosen and Byrds","floor":31.0,"turns":6.0},{"damage":14.0,"enemies":"Collector","floor":33.0,"turns":8.0},{"damage":3.0,"enemies":"Orb Walker","floor":35.0,"turns":2.0},{"damage":8.0,"enemies":"3 Darklings","floor":36.0,"turns":5.0},{"damage":0.0,"enemies":"Reptomancer","floor":40.0,"turns":2.0},{"damage":22.0,"enemies":"Jaw Worm Horde","floor":41.0,"turns":3.0},{"damage":0.0,"enemies":"Maw","floor":42.0,"turns":4.0},{"damage":0.0,"enemies":"Sphere and 2 Shapes","floor":44.0,"turns":4.0},{"damage":19.0,"enemies":"4 Shapes","floor":45.0,"turns":3.0},{"damage":0.0,"enemies":"R_Hoarder","floor":46.0,"turns":4.0},{"damage":12.0,"enemies":"Spire Growth","floor":48.0,"turns":3.0},{"damage":17.0,"enemies":"infinitespire:MassOfShapes","floor":50.0,"turns":3.0},{"damage":11.0,"enemies":"Time Eater","floor":51.0,"turns":5.0},{"damage":1.0,"enemies":"Time Eater","floor":52.0,"turns":4.0},{"damage":0.0,"enemies":"Time Eater","floor":53.0,"turns":3.0},{"damage":0.0,"enemies":"hubris:Merchant","floor":55.0,"turns":2.0},{"damage":50.0,"enemies":"hubris:Merchant","floor":57.0,"turns":2.0}],"seed_played":"4372841344511323556","potions_obtained":[{"floor":5.0,"key":"Adrenaline Potion"},{"floor":11.0,"key":"FocusPotion"},{"floor":12.0,"key":"Elixir"},{"floor":14.0,"key":"potionbrewer:NoxiousPotion"},{"floor":16.0,"key":"champ:CounterPotion"},{"floor":18.0,"key":"potionbrewer:NoxiousPotion"},{"floor":19.0,"key":"hexamod:EctoCoolerPotion"},{"floor":24.0,"key":"Fire Potion"},{"floor":28.0,"key":"Elixir"},{"floor":33.0,"key":"Languid Potion"},{"floor":36.0,"key":"potionbrewer:NoxiousPotion"},{"floor":40.0,"key":"SneckoOil"},{"floor":41.0,"key":"DuplicationPotion"},{"floor":44.0,"key":"Strength Potion"},{"floor":48.0,"key":"sneckomod:MuddlingPotion"},{"floor":52.0,"key":"Energy Potion"}],"is_trial":false,"path_per_floor":["M","?","$","?","M","R","E","$","T","$","M","E","?","E","R","B",null,"M","?","$","?","M","R","E","R","T","M","M","M","R","M","R","B",null,"M","M","?","?","$","E","M","M","T","M","M","E","R","M","R","B","B","M","M","?","$","R","M","R","T","?","B",null],"character_chosen":"DEFECT","items_purchased":["ReplayTheSpireMod:CursedCoin","Grinning Jar","Streamline","Capacitor+1","Orrery","expansioncontent:QuickStudy","Replay:Wax Seal","Medical Kit","SynthV","potionbrewer:SplittingPotion"],"campfire_rested":5,"item_purchase_floors":[3,3,3,8,20,20,39,39,55,55],"current_hp_per_floor":[68,68,68,23,29,50,41,41,41,41,35,14,37,42,63,44,64,37,37,37,40,45,67,12,34,34,42,66,64,64,46,68,65,72,74,72,72,72,72,74,63,74,74,74,61,77,77,71,71,70,77,79,79,79,79,79,57,79,79,79,79],"gold":382,"neow_bonus":"NOSTALGIA","is_daily":false,"chose_seed":false,"campfire_upgraded":2,"win_rate":0.0,"timestamp":1610232451,"path_taken":["M","?","$","?","M","R","E","?","T","?","?","E","?","E","R","BOSS","M","?","?","?","M","R","E","R","T","M","M","M","R","M","R","BOSS","M","M","?","?","?","E","?","M","T","?","M","E","R","M","R","BOSS","BOSS","M","M","?","$","R","M","R","T","?","BOSS"],"items_purchased_type":["Relic","Relic","Card","Card","Relic","Card","Relic","Relic","Relic","Potion"],"build_version":"2020-12-22","purchased_purges":2,"victory":true,"max_hp_per_floor":[71,71,71,71,71,71,71,71,71,71,71,71,71,71,71,71,71,71,71,71,74,74,74,74,74,74,74,74,74,74,74,74,74,74,74,74,74,74,74,74,74,74,74,74,74,79,79,79,79,79,79,79,79,79,79,79,79,79,79,79,79],"card_choices":[{"not_picked":["Reprogram","FTL"],"picked":"Doom and Gloom","floor":1.0},{"not_picked":["Compile Driver","Stack","champ:AdrenalArmor","Turbo"],"picked":"Coolheaded","floor":5.0},{"not_picked":["Rainbow","hubris:Ukulele","Cold Snap","Time Bomb"],"picked":"Demon Form","floor":7.0},{"not_picked":["MostiFishMod:GoodWordForIt","Static Discharge","ReplaySort","Skim"],"picked":"White Noise","floor":11.0},{"not_picked":["Beam Cell","Blizzard","champ:BerserkersShout","champ:Encircle"],"picked":"Rainbow","floor":12.0},{"not_picked":["Stack","Heavy Blade","hubris:Ukulele","Creative AI"],"picked":"Limit Break","floor":14.0},{"not_picked":["Mirror Shield","Meteor Strike","hubris:SpecializedCircuitry","MostiFishMod:Prepare"],"picked":"MostiFishMod:DawningShadow","floor":16.0},{"not_picked":["Hologram","Reprogram","MostiFishMod:FluxCapactior+1","Go for the Eyes"],"picked":"Tempest","floor":18.0},{"not_picked":["Beam Cell","Barrage","Melter","Rebound+1"],"picked":"MostiFishMod:ATRI","floor":20.0},{"not_picked":["Ball Lightning","Chaos","MostiFishMod:FluxCapactior+1","Reprogram"],"picked":"MostiFishMod:Overload","floor":20.0},{"not_picked":["MostiFishMod:PushDownKick","Compile Driver+1","BasicCrystalCard","Barrage"],"picked":"Auto Shields","floor":20.0},{"not_picked":["Sweeping Beam","Undo","hubris:SpecializedCircuitry","Barrage"],"picked":"Panic Button","floor":20.0},{"not_picked":["Reprogram","Melter","Force Field","Consume"],"picked":"Leap","floor":20.0},{"not_picked":["BasicCrystalCard","Barrage","Streamline","Doom and Gloom"],"picked":"Go for the Eyes","floor":22.0},{"not_picked":["ReplayTheSpireMod:Calculation Training","Darkness","MostiFishMod:Exploitation","Time Bomb"],"picked":"Conserve Battery","floor":24.0},{"not_picked":["MostiFishMod:Distribution","MostiFishMod:Impulse","Blizzard+1","Stack"],"picked":"White Noise","floor":27.0},{"not_picked":["Sweeping Beam","MostiFishMod:PushDownKick","ReplaySort","MostiFishMod:Impulse"],"picked":"Stack","floor":28.0},{"not_picked":["MostiFishMod:DawningShadow","Heatsinks","Streamline","Sweeping Beam"],"picked":"Double Energy","floor":29.0},{"not_picked":["Sweeping Beam","Consume","Beam Cell","ReplayGash"],"picked":"Core Surge","floor":31.0},{"not_picked":["Double Tap","Reboot","Buffer","MostiFishMod:ATRI"],"picked":"ReplayTheSpireMod:Omega Cannon","floor":33.0},{"not_picked":["Redo","Compile Driver","Sweeping Beam","Panic Button+1"],"picked":"MostiFishMod:GoodWordForIt","floor":35.0},{"not_picked":["Panic Button","Streamline","Rebound","Reprogram","hubris:PowerSurge"],"picked":"SKIP","floor":36.0},{"not_picked":["Ball Lightning+1","Defragment+1","Gash+1","Turbo"],"picked":"Echo Form","floor":38.0},{"not_picked":["Twin Strike+1","Coolheaded","Gash","Beam Cell"],"picked":"ReplayTheSpireMod:Muscle Training","floor":40.0},{"not_picked":["Turbo","Force Field","Beam Cell","MostiFishMod:Distribution","Twin Strike+1"],"picked":"SKIP","floor":41.0},{"not_picked":["Ball Lightning","Capacitor+1","Self Repair+1","Gash"],"picked":"Redo+1","floor":42.0},{"not_picked":["Sweeping Beam+1","Coolheaded+1","Amplify","champ:BerserkersShout","Auto Shields"],"picked":"SKIP","floor":44.0},{"not_picked":["Leap","Go for the Eyes","ReplaySort","MostiFishMod:PushDownKick","Gash"],"picked":"SKIP","floor":45.0},{"not_picked":["Go for the Eyes","Twin Strike+1","ReplayTheSpireMod:Repulse","Barrage"],"picked":"MostiFishMod:ActiveDefenseSystem","floor":46.0},{"not_picked":["champ:GutPunch","MostiFishMod:PushDownKick","aspiration:Polymerization","Turbo"],"picked":"Panic Button+1","floor":48.0},{"not_picked":["Hologram","Stack","Beam Cell","Blizzard+1"],"picked":"ReplayRNGCard","floor":52.0},{"not_picked":["Leap+1","Conserve Battery+1","BasicCrystalCard","Steam"],"picked":"Turbo+1","floor":53.0},{"not_picked":[],"picked":"Sweeping Beam+1","floor":55.0},{"not_picked":[],"picked":"Mirror Shield","floor":55.0},{"not_picked":[],"picked":"Mind Blast","floor":55.0},{"not_picked":[],"picked":"Chrysalis","floor":55.0},{"not_picked":[],"picked":"Lockon","floor":55.0},{"not_picked":["Conserve Battery"],"picked":"SKIP","floor":55.0},{"not_picked":["Biased Cognition"],"picked":"SKIP","floor":55.0},{"not_picked":["Panic Button+1","Turbo","Ball Lightning","Conserve Battery"],"picked":"MostiFishMod:Impulse+1","floor":57.0}],"player_experience":1961885,"relics_obtained":[{"floor":1.0,"key":"SynthV:TestCard"},{"floor":7.0,"key":"aspiration:ChemicalBlood"},{"floor":9.0,"key":"Bottled Tornado"},{"floor":12.0,"key":"vexMod:BarristanHead"},{"floor":14.0,"key":"Peace Pipe"},{"floor":24.0,"key":"Toy Ornithopter"},{"floor":26.0,"key":"PreservedInsect"},{"floor":38.0,"key":"FossilizedHelix"},{"floor":40.0,"key":"hubris:ToyBattleship"},{"floor":43.0,"key":"Carrot"},{"floor":46.0,"key":"vexMod:Dragonfruit"},{"floor":48.0,"key":"wanderingMiniBosses:OtherGremlinHorn"},{"floor":52.0,"key":"paleoftheancients:SoulOfTheShapes"},{"floor":55.0,"key":"aspiration:StickyExplosives_weak"},{"floor":55.0,"key":"Blood Vial"},{"floor":55.0,"key":"hubris:SphereOfDissonance"},{"floor":55.0,"key":"Technique"},{"floor":55.0,"key":"infinitespire:BottledMercury"},{"floor":57.0,"key":"paleoftheancients:SoulOfTheVixen"},{"floor":59.0,"key":"ReplayTheSpireMod:TigerMarble"}],"event_choices":[{"damage_healed":0.0,"max_hp_gain":0.0,"max_hp_loss":0.0,"gold_gain":0.0,"event_name":"Scrap Ooze","player_choice":"Success","floor":4.0,"gold_loss":0.0,"damage_taken":45.0,"relics_obtained":["infinitespire:FocusingShard"]},{"damage_healed":23.0,"max_hp_gain":0.0,"max_hp_loss":0.0,"gold_gain":0.0,"event_name":"Big Fish","player_choice":"Banana","floor":13.0,"gold_loss":0.0,"damage_taken":0.0},{"damage_healed":0.0,"max_hp_gain":0.0,"max_hp_loss":0.0,"gold_gain":0.0,"event_name":"Lab","player_choice":"Got Potions","floor":19.0,"gold_loss":0.0,"damage_taken":0.0},{"damage_healed":0.0,"max_hp_gain":0.0,"max_hp_loss":0.0,"gold_gain":0.0,"event_name":"Tomb of Lord Red Mask","player_choice":"Ignored","floor":37.0,"gold_loss":0.0,"damage_taken":0.0},{"damage_healed":0.0,"max_hp_gain":0.0,"max_hp_loss":0.0,"gold_gain":0.0,"event_name":"Accursed Blacksmith","player_choice":"Forge","floor":54.0,"gold_loss":0.0,"damage_taken":0.0,"cards_upgraded":["MostiFishMod:GoodWordForIt"]}],"is_beta":false,"boss_relics":[{"not_picked":["aspiration:PoetsPen_weak","Replay:Wanted Poster"],"picked":"aspiration:SecretTechniqueScroll"},{"not_picked":["DiscerningMonocle","Tiny House"],"picked":"Replay:Grab Bag"},{"not_picked":["vexMod:CursedCompass","vexMod:EndlessSickness"],"picked":"Cursed Key"},{"not_picked":["Painkiller Herb","hubris:RunicObelisk"],"picked":"Philosopher\u0027s Stone"},{"not_picked":["Snecko Eye","aspiration:SilentSkillbook"],"picked":"FeatherPendant"}],"items_purged_floors":[3,39],"is_endless":false,"potions_floor_spawned":[5,11,12,14,18,24,28,33,36,40,44,45,48,52,57],"ascension_level":20}}