{"host":"q79spna8ofw6hj3r","time":1610222830,"event":{"mods":["Aspiration","BaseMod","Bestiary","Better Altar","Better Match","Better Note","Better Sensory Stone","Better Skull","Better Third Choice","Better Vampires","BetterRewards","Block Reminder","Card Filter","Challenge The Spire","Colored Map","Colored Powertips","Conspire","Custom Start","Energized Spire","Halation","Hubris","Infinite Spire","Jedi Mod","Mimic Mod","Minty Spire (QoL Compilation)","Permanent Neow","Quick Restart","Relic Filter","Relic Sorter","Replay The Spire","Shop Mod","StSLib","SuperFastMode","Synergy Search","The Runesmith","The Servant 0.9.4","vexMod"],"gold_per_floor":[116,191,42,61,75,75,108,124,124,138,158,158,50,63,63,164,164,182,36,54,71,90,90,122,122,146,21,34,34,34,34,34,139,139,159,159,159,159,134,134,134,134,134,234,234,248,248,248,248,248,248],"floor_reached":50,"playtime":2102,"items_purged":["Runesmith:Strike_RS","Runesmith:Strike_RS","Runesmith:Strike_RS","Runesmith:Defend_RS","Runesmith:Defend_RS"],"score":583,"play_id":"01f58e85-5026-4b43-8e3a-1c3c5eed2201","local_time":"20210109220710","is_ascension_mode":false,"campfire_choices":[{"data":"Runesmith:Fortify","floor":6,"key":"SMITH"},{"data":"Runesmith:LithiumIon","floor":12,"key":"SMITH"},{"data":"Runesmith:Grindstone","floor":15,"key":"SMITH"},{"data":"Runesmith:Grindstone","floor":23,"key":"SMITH"},{"data":"Runesmith:HammerThrow","floor":25,"key":"SMITH"},{"data":"Runesmith:OneForEveryone","floor":30,"key":"SMITH"},{"data":"Runesmith:CraftFirestone","floor":32,"key":"SMITH"},{"data":"Runesmith:PoweredAnvil","floor":40,"key":"SMITH"},{"data":"Runesmith:LithiumIon","floor":45,"key":"SMITH"},{"data":"Runesmith:BackupBattery","floor":47,"key":"SMITH"},{"data":"Thinking Ahead","floor":49,"key":"SMITH"}],"circlet_count":0,"master_deck":["Runesmith:CraftFirestone+1","Runesmith:Fortify+1","Runesmith:OneForEveryone+1","Runesmith:LithiumIon+1","Runesmith:BackupBattery+1","Runesmith:CraftProtectio","Runesmith:PoweredAnvil+1","Runesmith:PoweredAnvil+1","Runesmith:HammerThrow+1","Runesmith:Grindstone+1","Runesmith:Grindstone+1","Runesmith:Repurpose+1","Runesmith:CreatorForm","Runesmith:LithiumIon+1","Runesmith:Firestorm+1","infinitespire:Execution","Runesmith:CraftMagma","jedi:forcepull","Thinking Ahead+1"],"relics":["Runesmith:BrokenRuby","halation:PinkSoulGem","jedi:crownofsimplicity","infinitespire:WardingShard","energizedSpire:RedRose","Juzu Bracelet","Blue Doll","aspiration:HummingbirdHeart","conspire:RunicOctahedron","halation:WeightlessCrab","HornCleat","BranchBurnRelic"],"acts_visited":["Exordium","TheCity","TheBeyond"],"potions_floor_usage":[14,16,16,24,44,50,50,50],"damage_taken":[{"damage":0,"enemies":"2 Louse","floor":1,"turns":3},{"damage":1,"enemies":"Cultist","floor":4,"turns":5},{"damage":1,"enemies":"Jaw Worm","floor":5,"turns":5},{"damage":29,"enemies":"Gremlin Nob","floor":7,"turns":5},{"damage":0,"enemies":"Gremlin Gang","floor":8,"turns":4},{"damage":0,"enemies":"Exordium Wildlife","floor":10,"turns":4},{"damage":0,"enemies":"Red Slaver","floor":11,"turns":3},{"damage":0,"enemies":"Blue Slaver","floor":14,"turns":5},{"damage":0,"enemies":"Hexaghost","floor":16,"turns":10},{"damage":1,"enemies":"Shell Parasite","floor":18,"turns":4},{"damage":5,"enemies":"3 Byrds","floor":20,"turns":6},{"damage":11,"enemies":"Shelled Parasite and Fungi","floor":21,"turns":5},{"damage":0,"enemies":"Snecko","floor":22,"turns":7},{"damage":0,"enemies":"Nightmare","floor":24,"turns":8},{"damage":1,"enemies":"Snake Plant","floor":28,"turns":4},{"damage":0,"enemies":"Automaton","floor":33,"turns":10},{"damage":0,"enemies":"3 Shapes","floor":35,"turns":4},{"damage":13,"enemies":"infinitespire:Three Voidlings","floor":44,"turns":5},{"damage":0,"enemies":"Nightmare_Alpha","floor":44,"turns":8},{"damage":5,"enemies":"Orb Walker","floor":46,"turns":4},{"damage":95,"enemies":"hubris:GrandSnecko","floor":50,"turns":12}],"seed_played":"-2759753472826848919","potions_obtained":[{"floor":7,"key":"AttackPotion"},{"floor":8,"key":"Adrenaline Potion"},{"floor":11,"key":"LiquidBronze"},{"floor":14,"key":"DuplicationPotion"},{"floor":18,"key":"PowerPotion"},{"floor":22,"key":"Elixir"},{"floor":28,"key":"CultistPotion"},{"floor":44,"key":"AttackPotion"}],"is_trial":false,"path_per_floor":["M","?","$","M","M","R","E","M","T","M","M","R","$","M","R","B",null,"M","$","M","M","M","R","NM","R","T","$","M","$","R","?","R","B",null,"M","?","?","?","$","R","T","?","T","?","R","M","R","?","R","B"],"character_chosen":"RUNESMITH_CLASS","items_purchased":["Runesmith:LithiumIon","Runesmith:PoweredAnvil","Runesmith:HammerThrow","Runesmith:Grindstone","aspiration:HummingbirdHeart","Runesmith:LithiumIon"],"campfire_rested":0,"item_purchase_floors":[3,13,13,19,29,39],"current_hp_per_floor":[49,42,42,41,40,40,11,11,11,11,11,11,11,11,11,11,70,69,69,64,53,53,53,53,53,53,53,52,24,24,24,24,24,70,70,70,70,70,70,70,70,70,70,61,61,66,66,66,66,0,0],"gold":248,"neow_bonus":"REMOVE_TWO","is_daily":false,"chose_seed":false,"campfire_upgraded":11,"win_rate":0.0,"timestamp":1610222830,"path_taken":["M","?","$","M","M","R","E","M","T","M","M","R","$","M","R","BOSS","M","$","M","M","?","R","NM","R","T","?","M","?","R","?","R","BOSS","M","?","?","?","$","R","?","?","T","?","R","M","R","?","R","BOSS"],"items_purchased_type":["Card","Card","Card","Card","Relic","Card"],"build_version":"2020-12-22","purchased_purges":5,"victory":false,"max_hp_per_floor":[70,70,70,70,70,70,70,70,70,70,70,70,70,70,70,70,70,70,70,70,70,70,70,70,70,70,70,70,70,70,70,70,70,70,70,70,70,70,70,70,70,70,70,70,70,70,70,70,70,70,70],"card_choices":[{"not_picked":["Runesmith:ChargedHammer","Runesmith:Attraction"],"picked":"Runesmith:OneForEveryone","floor":1},{"not_picked":["Runesmith:Augment","Runesmith:Discharge","Runesmith:EnergizedChisel"],"picked":"SKIP","floor":4},{"not_picked":["Runesmith:Refine","Runesmith:EnergizedChisel","Runesmith:HeatExchange"],"picked":"SKIP","floor":5},{"not_picked":["Runesmith:HeatedChisel","Runesmith:EnergizedChisel","Runesmith:CraftVitae"],"picked":"SKIP","floor":7},{"not_picked":["Runesmith:Prism","Runesmith:HeatExchange"],"picked":"Runesmith:BackupBattery","floor":8},{"not_picked":["Runesmith:Overpower","Runesmith:Discharge","Runesmith:CraftProtectio"],"picked":"SKIP","floor":10},{"not_picked":["Runesmith:Overpower","Runesmith:Discharge"],"picked":"Runesmith:CraftProtectio","floor":10},{"not_picked":["Runesmith:Accelerate","Runesmith:MakeshiftArmor","Runesmith:RuneHurl"],"picked":"SKIP","floor":11},{"not_picked":["Runesmith:CraftProtectio","Runesmith:PoweredAnvil"],"picked":"Runesmith:Grindstone","floor":14},{"not_picked":["Runesmith:UnstableHammer","Runesmith:ChaoticBlast","Runesmith:GoWithTheFlow"],"picked":"SKIP","floor":18},{"not_picked":["Runesmith:Overpower","Runesmith:ChiselStab","Runesmith:HeatExchange+1"],"picked":"SKIP","floor":20},{"not_picked":["Runesmith:UnstableHammer","Runesmith:RuneHurl","Runesmith:HammerThrow"],"picked":"SKIP","floor":21},{"not_picked":["Runesmith:UnstableHammer","Runesmith:WhiteBalance"],"picked":"Runesmith:Repurpose+1","floor":22},{"not_picked":["Runesmith:ShiftingStrike","Runesmith:MetallurgicalResearch","Runesmith:Refine"],"picked":"SKIP","floor":24},{"not_picked":["Runesmith:Repurpose+1","Runesmith:ShiftingStrike","Runesmith:Attraction"],"picked":"SKIP","floor":28},{"not_picked":["Runesmith:ReplicatingBarrier","Runesmith:CraftMedicinae"],"picked":"Runesmith:CreatorForm","floor":33},{"not_picked":["Runesmith:Discharge","Runesmith:Empowerment+1","Runesmith:StaticCage+1"],"picked":"SKIP","floor":35},{"not_picked":["Runesmith:UnstableHammer+1","Runesmith:Prism+1"],"picked":"Runesmith:Firestorm+1","floor":44},{"not_picked":["Replay:Fractal Strike","infinitespire:SevenWalls"],"picked":"infinitespire:Execution","floor":44},{"not_picked":["Runesmith:Augment+1","Runesmith:Prism"],"picked":"Runesmith:CraftMagma","floor":46},{"not_picked":["Mind Blast","Jack Of All Trades"],"picked":"jedi:forcepull","floor":48},{"not_picked":["Madness","hubris:Insight"],"picked":"Thinking Ahead","floor":48}],"player_experience":230159,"relics_obtained":[{"floor":7,"key":"jedi:crownofsimplicity"},{"floor":9,"key":"infinitespire:WardingShard"},{"floor":24,"key":"Juzu Bracelet"},{"floor":26,"key":"Blue Doll"},{"floor":41,"key":"halation:WeightlessCrab"},{"floor":43,"key":"HornCleat"},{"floor":44,"key":"Dead Branch"}],"event_choices":[{"damage_healed":0,"gold_gain":75,"player_choice":"Touch","damage_taken":7,"max_hp_gain":0,"max_hp_loss":0,"event_name":"FaceTrader","floor":2,"gold_loss":0},{"cards_removed":["Runesmith:Defend_RS"],"damage_healed":0,"gold_gain":0,"player_choice":"Give","damage_taken":0,"max_hp_gain":0,"max_hp_loss":0,"event_name":"betterNote:BetterNote","floor":31,"gold_loss":0,"cards_obtained":["Strike_S"]},{"cards_removed":["Runesmith:Defend_RS"],"damage_healed":0,"gold_gain":0,"player_choice":"Removed Skill","damage_taken":0,"max_hp_gain":0,"max_hp_loss":0,"event_name":"Falling","floor":37,"gold_loss":0},{"damage_healed":0,"gold_gain":0,"player_choice":"Forge","damage_taken":0,"max_hp_gain":0,"max_hp_loss":0,"event_name":"Accursed Blacksmith","floor":42,"gold_loss":0,"cards_upgraded":["Runesmith:PoweredAnvil"]},{"damage_healed":0,"gold_gain":3,"player_choice":"1","damage_taken":0,"max_hp_gain":0,"max_hp_loss":0,"event_name":"betterStone:BetterStone","floor":48,"gold_loss":0}],"is_beta":false,"boss_relics":[{"not_picked":["halation:PlatinumPhoenix","Philosopher\u0027s Stone"],"picked":"energizedSpire:RedRose"},{"not_picked":["Velvet Choker","energizedSpire:StickyHand"],"picked":"conspire:RunicOctahedron"}],"items_purged_floors":[3,19,27,29,29],"is_endless":true,"potions_floor_spawned":[7,8,11,14,18,22,28,33,44,44],"killed_by":"hubris:GrandSnecko","ascension_level":0}}