{"host":"gafwejejal4v72m6","time":1610227045,"event":{"mods":["Aspiration","BaseMod","BetterRewards","Clockwork Mod","Conspire","Downfall","Googly Eyes","Hermit","Hubris","Minty Spire (QoL Compilation)","Rare Cards Sparkle","Shop Mod","StSLib","The Necromancer"],"gold_per_floor":[110,80,94,105,30,30,30,62,130,130,96,96,109,128,128,230,230,247,247,247],"floor_reached":19,"playtime":912,"items_purged":[],"score":294,"play_id":"365aef24-5493-4acd-9045-579e29171203","local_time":"20210110041725","is_ascension_mode":true,"campfire_choices":[{"data":"hermit:Combo","floor":6,"key":"SMITH"},{"floor":10,"key":"REST"},{"floor":15,"key":"REST"}],"circlet_count":0,"master_deck":["hermit:Strike_Hermit","hermit:Strike_Hermit","hermit:Strike_Hermit","hermit:Strike_Hermit","hermit:Defend_Hermit","hermit:Defend_Hermit","hermit:Defend_Hermit","hermit:Snapshot","hermit:Covet","hermit:TakeCover","hermit:Quickdraw","hermit:Maintenance","hermit:Combo+1","hermit:WideOpen","hermit:Determination","hermit:Misfire","hermit:Quickdraw","hermit:FromBeyond","hermit:Virtue"],"relics":["hermit:Momento","Kunai","Gremlin Horn","aspiration:FetidBarrel","aspiration:WatcherSkillbook"],"acts_visited":["Exordium","TheCity"],"potions_floor_usage":[18,18],"damage_taken":[{"damage":8,"enemies":"Small Slimes","floor":1,"turns":3},{"damage":4,"enemies":"Cultist","floor":3,"turns":4},{"damage":4,"enemies":"conspire:RoseBush","floor":4,"turns":3},{"damage":28,"enemies":"3 Sentries","floor":8,"turns":9},{"damage":9,"enemies":"Blue Slaver","floor":13,"turns":3},{"damage":6,"enemies":"2 Fungi Beasts","floor":14,"turns":5},{"damage":24,"enemies":"Slime Boss","floor":16,"turns":7},{"damage":27,"enemies":"Shell Parasite","floor":18,"turns":7},{"damage":48,"enemies":"3 Byrds","floor":19,"turns":5}],"seed_played":"907564845621940843","potions_obtained":[{"floor":2,"key":"Regen Potion"},{"floor":2,"key":"Block Potion"},{"floor":4,"key":"hexamod:EctoCoolerPotion"}],"is_trial":false,"path_per_floor":["M","?","M","M","$","R","?","E","T","R","$","?","M","M","R","B",null,"M","M"],"character_chosen":"HERMIT","items_purchased":["Kunai","hermit:Combo","hermit:Determination"],"campfire_rested":2,"item_purchase_floors":[0,5,11],"current_hp_per_floor":[60,60,56,52,52,52,52,24,24,46,46,46,37,31,53,29,75,48,0,0],"gold":247,"neow_bonus":"","is_daily":false,"chose_seed":false,"campfire_upgraded":1,"win_rate":0.0,"timestamp":1610227045,"path_taken":["M","?","M","?","?","R","?","E","T","R","$","?","M","M","R","BOSS","M","M"],"items_purchased_type":["Relic","Card","Card"],"build_version":"2020-12-22","purchased_purges":0,"victory":false,"max_hp_per_floor":[75,75,75,75,75,75,75,75,75,75,75,75,75,75,75,75,75,75,75,75],"card_choices":[{"not_picked":["hermit:Ricochet","hermit:Spite"],"picked":"hermit:TakeCover","floor":1},{"not_picked":["hermit:Snipe","hermit:Roulette"],"picked":"hermit:Quickdraw","floor":3},{"not_picked":["hermit:FlashPowder","hermit:Roulette"],"picked":"hermit:Maintenance","floor":4},{"not_picked":["hermit:GoldenBullet","hermit:Desperado"],"picked":"hermit:WideOpen","floor":8},{"not_picked":["hermit:Headshot","hermit:FatalDesire"],"picked":"hermit:Misfire","floor":13},{"not_picked":["hermit:Feint","hermit:WideOpen"],"picked":"hermit:Quickdraw","floor":14},{"not_picked":["hermit:Adapt","hermit:Magnum"],"picked":"hermit:FromBeyond","floor":16},{"not_picked":["ThirdEye","Protect","hermit:SprayPray"],"picked":"hermit:Virtue","floor":18}],"player_experience":64829,"relics_obtained":[{"floor":8,"key":"Gremlin Horn"},{"floor":9,"key":"aspiration:FetidBarrel"}],"event_choices":[{"damage_healed":0,"gold_gain":0,"player_choice":"Bought 2 Potions","damage_taken":0,"max_hp_gain":0,"max_hp_loss":0,"event_name":"The Woman in Blue","floor":2,"gold_loss":0},{"damage_healed":0,"gold_gain":0,"player_choice":"Leave","damage_taken":0,"max_hp_gain":0,"max_hp_loss":0,"event_name":"conspire:Investor","floor":7,"gold_loss":0},{"cards_removed":["hermit:Defend_Hermit"],"damage_healed":0,"gold_gain":0,"player_choice":"Purged","damage_taken":0,"max_hp_gain":0,"max_hp_loss":0,"event_name":"Purifier","floor":12,"gold_loss":0}],"is_beta":false,"boss_relics":[{"not_picked":["aspiration:IroncladSkillbook","Philosopher\u0027s Stone"],"picked":"aspiration:WatcherSkillbook"}],"items_purged_floors":[],"is_endless":false,"potions_floor_spawned":[4,8,13],"killed_by":"3 Byrds","ascension_level":2}}