{"host":"88sw61cmk1203zgj","time":1610162335,"event":{"mods":["BaseMod","Minty Spire (QoL Compilation)"],"gold_per_floor":[116,131,206,206,206,237,237,272,272,330,349,349,368,386,386,484,484,498,498,498,173,192,222,222,321,321,356,366,245,257,283,283,385,385,395,395,395,406,420,455,455,480,480,510,510,522,532,275,275,275,275,275,5,39,39],"floor_reached":56,"playtime":3846,"items_purged":["Strike_R","Strike_R","Strike_R"],"score":1940,"play_id":"9521ab0b-0b8f-4ab4-83a3-c128100d8539","local_time":"20210108221855","is_ascension_mode":true,"campfire_choices":[{"data":"Clothesline","floor":7.0,"key":"SMITH"},{"data":"Wild Strike","floor":15.0,"key":"SMITH"},{"data":"Shrug It Off","floor":24.0,"key":"SMITH"},{"floor":32.0,"key":"REST"},{"data":"Body Slam","floor":41.0,"key":"SMITH"},{"floor":49.0,"key":"RECALL"},{"data":"Warcry","floor":52.0,"key":"SMITH"}],"circlet_count":0,"master_deck":["AscendersBane","Strike_R","Defend_R+1","Defend_R","Defend_R","Defend_R","Bash","Twin Strike","Clothesline+1","Fire Breathing+1","Evolve+1","Wild Strike+1","Inflame+1","Wild Strike+1","Impervious","Warcry+1","Writhe","Dark Embrace+1","Shrug It Off+1","Feel No Pain+1","Offering","Battle Trance","Intimidate+1","Headbutt+1","Havoc","Shrug It Off","Dark Embrace+1","Fiend Fire","CurseOfTheBell","True Grit+1","Body Slam+1","Corruption+1","Thinking Ahead","Warcry+1","Barricade+1","Warcry","True Grit","Ghostly Armor"],"relics":["Burning Blood","Pen Nib","Frozen Egg 2","Blue Candle","Anchor","Bag of Preparation","Singing Bowl","Mark of Pain","Nilry\u0027s Codex","The Courier","Bottled Tornado","WingedGreaves","HornCleat","Matryoshka","Orrery","Art of War","Calling Bell","Toy Ornithopter","Self Forming Clay","Mango","Potion Belt","Eternal Feather","Dream Catcher","Akabeko","Bronze Scales","Pocketwatch","Membership Card","War Paint","InkBottle"],"acts_visited":["Exordium","TheCity","TheBeyond","TheEnding"],"potions_floor_usage":[55],"damage_taken":[{"damage":3.0,"enemies":"Small Slimes","floor":1.0,"turns":6.0},{"damage":7.0,"enemies":"2 Louse","floor":2.0,"turns":2.0},{"damage":28.0,"enemies":"Gremlin Nob","floor":6.0,"turns":5.0},{"damage":42.0,"enemies":"Lagavulin","floor":8.0,"turns":9.0},{"damage":0.0,"enemies":"3 Sentries","floor":10.0,"turns":4.0},{"damage":0.0,"enemies":"Jaw Worm","floor":11.0,"turns":3.0},{"damage":0.0,"enemies":"2 Fungi Beasts","floor":13.0,"turns":3.0},{"damage":3.0,"enemies":"3 Louse","floor":14.0,"turns":3.0},{"damage":26.0,"enemies":"Hexaghost","floor":16.0,"turns":8.0},{"damage":0.0,"enemies":"3 Byrds","floor":18.0,"turns":4.0},{"damage":5.0,"enemies":"Shell Parasite","floor":22.0,"turns":3.0},{"damage":14.0,"enemies":"Slavers","floor":23.0,"turns":5.0},{"damage":21.0,"enemies":"Gremlin Leader","floor":27.0,"turns":5.0},{"damage":15.0,"enemies":"Cultist and Chosen","floor":28.0,"turns":4.0},{"damage":2.0,"enemies":"Snecko","floor":30.0,"turns":5.0},{"damage":8.0,"enemies":"Book of Stabbing","floor":31.0,"turns":5.0},{"damage":20.0,"enemies":"Champ","floor":33.0,"turns":9.0},{"damage":0.0,"enemies":"3 Shapes","floor":35.0,"turns":3.0},{"damage":0.0,"enemies":"Orb Walker","floor":38.0,"turns":2.0},{"damage":5.0,"enemies":"3 Darklings","floor":39.0,"turns":4.0},{"damage":19.0,"enemies":"Nemesis","floor":40.0,"turns":7.0},{"damage":34.0,"enemies":"Giant Head","floor":42.0,"turns":6.0},{"damage":23.0,"enemies":"Nemesis","floor":44.0,"turns":5.0},{"damage":7.0,"enemies":"4 Shapes","floor":46.0,"turns":4.0},{"damage":14.0,"enemies":"Jaw Worm Horde","floor":47.0,"turns":3.0},{"damage":59.0,"enemies":"Awakened One","floor":50.0,"turns":13.0},{"damage":53.0,"enemies":"Shield and Spear","floor":54.0,"turns":6.0},{"damage":41,"enemies":"The Heart","floor":55,"turns":8}],"seed_played":"2232159510434340237","potions_obtained":[{"floor":2.0,"key":"SpeedPotion"},{"floor":8.0,"key":"Swift Potion"},{"floor":13.0,"key":"Explosive Potion"},{"floor":22.0,"key":"FearPotion"},{"floor":28.0,"key":"SkillPotion"},{"floor":30.0,"key":"FairyPotion"},{"floor":31.0,"key":"BloodPotion"},{"floor":38.0,"key":"BloodPotion"},{"floor":42.0,"key":"Fire Potion"},{"floor":46.0,"key":"Fruit Juice"}],"is_trial":false,"path_per_floor":["M","M","?","?","T","E","R","E","T","?","M","?","M","M","R","B",null,"M","?","?","$","M","E","R","?","T","E","M","$","M","E","R","B",null,"M","?","T","M","M","E","R","E","T","E","?","M","M","$","R","B",null,"R","$","E","B",null],"character_chosen":"IRONCLAD","items_purchased":["Bottled Tornado","Dark Embrace+1","Orrery","Membership Card","Thinking Ahead","Warcry","Barricade+1","DuplicationPotion","War Paint","Warcry","True Grit","Ghostly Armor"],"campfire_rested":1,"item_purchase_floors":[21,21,29,48,48,48,53,53,53,53,53,53],"current_hp_per_floor":[75,74,63,68,68,46,46,10,10,16,22,22,28,31,31,11,67,73,57,57,57,58,50,50,50,50,35,26,30,34,32,58,44,92,98,98,98,103,105,94,107,81,81,66,66,102,96,96,117,64,105,118,118,73,43],"gold":39,"neow_bonus":"RANDOM_COMMON_RELIC","is_daily":false,"chose_seed":false,"campfire_upgraded":5,"win_rate":0.0,"timestamp":1610162335,"path_taken":["M","M","?","?","?","E","R","E","T","?","M","?","?","M","R","BOSS","M","?","?","$","M","E","R","?","T","E","M","$","M","E","R","BOSS","M","?","?","M","M","E","R","E","T","E","?","?","M","$","R","BOSS","R","$","E","BOSS"],"items_purchased_type":["Relic","Card","Relic","Relic","Card","Card","Card","Potion","Relic","Card","Card","Card"],"build_version":"2020-12-22","purchased_purges":3,"victory":true,"max_hp_per_floor":[80,80,80,85,85,85,85,85,85,85,85,85,85,85,85,85,85,85,85,85,85,85,85,85,85,85,85,85,89,89,89,89,89,103,103,103,103,103,105,107,107,109,109,111,111,116,118,118,118,118,118,118,118,120,120],"card_choices":[{"not_picked":["Infernal Blade","Shrug It Off"],"picked":"Twin Strike","floor":1.0},{"not_picked":["Shrug It Off","Entrench"],"picked":"Clothesline","floor":2.0},{"not_picked":["Clothesline","Warcry","Thunderclap"],"picked":"SKIP","floor":6.0},{"not_picked":["Wild Strike","Double Tap"],"picked":"Fire Breathing+1","floor":8.0},{"not_picked":["Warcry","Cleave"],"picked":"Evolve+1","floor":10.0},{"not_picked":["Pommel Strike","Metallicize+1"],"picked":"Wild Strike","floor":11.0},{"not_picked":["Armaments","Sword Boomerang"],"picked":"Inflame+1","floor":13.0},{"not_picked":["Carnage","Heavy Blade"],"picked":"Wild Strike","floor":14.0},{"not_picked":["Berserk+1","Limit Break"],"picked":"Impervious","floor":16.0},{"not_picked":["Seeing Red+1","Shrug It Off+1"],"picked":"Warcry+1","floor":18.0},{"not_picked":["Iron Wave","Uppercut"],"picked":"Shrug It Off","floor":22.0},{"not_picked":["Heavy Blade","True Grit"],"picked":"Feel No Pain+1","floor":23.0},{"not_picked":["Iron Wave","Wild Strike"],"picked":"Offering","floor":27.0},{"not_picked":["Ghostly Armor","Rage"],"picked":"Battle Trance","floor":28.0},{"not_picked":["Spot Weakness","Havoc"],"picked":"Intimidate","floor":29.0},{"not_picked":["Flex","Wild Strike","Perfected Strike"],"picked":"Singing Bowl","floor":29.0},{"not_picked":["Havoc","Heavy Blade"],"picked":"Headbutt+1","floor":29.0},{"not_picked":["Armaments","Double Tap","Perfected Strike"],"picked":"Singing Bowl","floor":29.0},{"not_picked":["Twin Strike","Wild Strike"],"picked":"Havoc","floor":29.0},{"not_picked":["Shockwave+1","Rage"],"picked":"Shrug It Off","floor":30.0},{"not_picked":["Disarm","Spot Weakness"],"picked":"Dark Embrace+1","floor":31.0},{"not_picked":["Impervious","Offering"],"picked":"Fiend Fire","floor":33.0},{"not_picked":["Perfected Strike+1","Clash+1"],"picked":"True Grit+1","floor":35.0},{"not_picked":["Perfected Strike+1","Entrench"],"picked":"Body Slam","floor":38.0},{"not_picked":["Pommel Strike","Twin Strike","Dual Wield"],"picked":"Singing Bowl","floor":39.0},{"not_picked":["Rage","Pommel Strike","Sword Boomerang"],"picked":"Singing Bowl","floor":40.0},{"not_picked":["Ghostly Armor","Wild Strike+1","Headbutt"],"picked":"Singing Bowl","floor":42.0},{"not_picked":["Anger","Heavy Blade","Bloodletting"],"picked":"Singing Bowl","floor":44.0},{"not_picked":["Headbutt","Flame Barrier"],"picked":"Corruption+1","floor":46.0},{"not_picked":["Dropkick+1","Clothesline","Twin Strike"],"picked":"Singing Bowl","floor":47.0},{"not_picked":["Dropkick+1","Flex","Clothesline+1"],"picked":"Singing Bowl","floor":54.0}],"player_experience":1465024,"relics_obtained":[{"floor":5.0,"key":"Frozen Egg 2"},{"floor":6.0,"key":"Blue Candle"},{"floor":8.0,"key":"Anchor"},{"floor":9.0,"key":"Bag of Preparation"},{"floor":10.0,"key":"Singing Bowl"},{"floor":19.0,"key":"Nilry\u0027s Codex"},{"floor":23.0,"key":"WingedGreaves"},{"floor":26.0,"key":"HornCleat"},{"floor":27.0,"key":"Matryoshka"},{"floor":31.0,"key":"Art of War"},{"floor":34.0,"key":"Toy Ornithopter"},{"floor":34.0,"key":"Self Forming Clay"},{"floor":34.0,"key":"Mango"},{"floor":37.0,"key":"Potion Belt"},{"floor":40.0,"key":"Eternal Feather"},{"floor":42.0,"key":"Dream Catcher"},{"floor":43.0,"key":"Akabeko"},{"floor":43.0,"key":"Bronze Scales"},{"floor":44.0,"key":"Pocketwatch"},{"floor":54.0,"key":"InkBottle"}],"event_choices":[{"damage_healed":0.0,"max_hp_gain":0.0,"max_hp_loss":0.0,"gold_gain":75.0,"event_name":"World of Goop","player_choice":"Gather Gold","floor":3.0,"gold_loss":0.0,"damage_taken":11.0},{"damage_healed":0.0,"max_hp_gain":5.0,"max_hp_loss":0.0,"gold_gain":0.0,"event_name":"Big Fish","player_choice":"Donut","floor":4.0,"gold_loss":0.0,"damage_taken":0.0},{"damage_healed":0.0,"max_hp_gain":0.0,"max_hp_loss":0.0,"gold_gain":0.0,"event_name":"Dead Adventurer","player_choice":"Searched \u00271\u0027 times","floor":10.0,"gold_loss":0.0,"damage_taken":0.0},{"damage_healed":0.0,"max_hp_gain":0.0,"max_hp_loss":0.0,"gold_gain":0.0,"event_name":"Accursed Blacksmith","player_choice":"Forge","floor":12.0,"gold_loss":0.0,"damage_taken":0.0,"cards_upgraded":["Wild Strike"]},{"damage_healed":0.0,"max_hp_gain":0.0,"max_hp_loss":0.0,"gold_gain":0.0,"event_name":"Cursed Tome","player_choice":"Obtained Book","floor":19.0,"gold_loss":0.0,"damage_taken":16.0},{"damage_healed":0.0,"max_hp_gain":0.0,"max_hp_loss":0.0,"gold_gain":0.0,"event_name":"The Mausoleum","player_choice":"Opened","floor":20.0,"gold_loss":0.0,"damage_taken":0.0,"relics_obtained":["The Courier"],"cards_obtained":["Writhe"]},{"damage_healed":0.0,"max_hp_gain":0.0,"max_hp_loss":0.0,"gold_gain":99.0,"event_name":"Nest","player_choice":"Stole From Cult","floor":25.0,"gold_loss":0.0,"damage_taken":0.0},{"damage_healed":0.0,"max_hp_gain":0.0,"max_hp_loss":0.0,"gold_gain":0.0,"event_name":"Mysterious Sphere","player_choice":"Ignored","floor":36.0,"gold_loss":0.0,"damage_taken":0.0},{"cards_removed":["Strike_R"],"damage_healed":0.0,"max_hp_gain":0.0,"max_hp_loss":0.0,"gold_gain":0.0,"event_name":"Falling","player_choice":"Removed Attack","floor":45.0,"gold_loss":0.0,"damage_taken":0.0}],"is_beta":false,"boss_relics":[{"not_picked":["SacredBark","Coffee Dripper"],"picked":"Mark of Pain"},{"not_picked":["Runic Pyramid","Philosopher\u0027s Stone"],"picked":"Calling Bell"}],"items_purged_floors":[21,48,53],"is_endless":false,"potions_floor_spawned":[2,8,13,22,23,28,30,31,38,42,46,54],"ascension_level":12}}