{"host":"lvo3mx5xoqblab8l","time":1610162018,"event":{"mods":["AchievementEnabler","Aspiration","Bard","BaseMod","Beaked The Cultist","Better Altar","Better Match","Better Note","Better Sensory Stone","Better Skull","Better Third Choice","BetterRewards","CCEM","Clawfect","Colored Map","Conspire","Downfall","GifTheSpireLib","Googly Eyes","Halation","Hermit","Highlight Path","Hubris","Hunter ??","Infinite Spire","Jedi Mod","Jorbs\u0027s Wanderer Trilogy","Mad Scientist","Marisa????????","Mimic Mod","Minty Spire (QoL Compilation)","Permanent Neow","Replay The Spire","Shade Mod","Shop Mod","Spicy Shops","StSLib","Stuff the Spire","The Administrix","The Blackbeard","The Bug Knight","The Construct","The Cursed","The Disciple","The Gatherer","The Hierophant","The IronCluck","The Jungle","The Mystic","The Necromancer","The Problem Sleuth","The Runesmith","The Servant 0.9.4","The Spell Scribe","The Witch","Unceasing Turn Reminder","[IsaacMod]????","everything is the same but u backflip on backflip","slay the spire mod where everything is the same but ironclad has a cowboy hat"],"gold_per_floor":[109,123,159,178,98,139,139,176,258,258,258,258,300,327,327,447,447,462,462,387,416,416,449,449,449,497,497,524,579,594,619,619,724,724,754,772,124,157,0,27,27,39,69,96,96,107,75,88,88,88,88,88,13,61,61,61],"floor_reached":55,"playtime":6900,"items_purged":["Strike_MRS"],"score":873,"play_id":"a83236ab-85b9-4a32-8e3e-f28429f1e0d9","local_time":"20210109001338","is_ascension_mode":false,"campfire_choices":[{"floor":10.0,"key":"RECALL"},{"floor":12.0,"key":"REST"},{"floor":15.0,"key":"REST"},{"data":"IllusionStar","floor":27.0,"key":"SMITH"},{"floor":32.0,"key":"REST"},{"floor":41.0,"key":"REST"},{"data":"Singularity","floor":45.0,"key":"SMITH"},{"floor":49.0,"key":"DIG"},{"data":"MillisecondPulsars","floor":52.0,"key":"SMITH"}],"circlet_count":0,"master_deck":["Strike_MRS","Strike_MRS","Strike_MRS","Defend_MRS+1","Defend_MRS+1","Defend_MRS","Defend_MRS","MasterSpark","UpSweep+1","GrandCross","AsteroidBelt","IllusionStar+1","WitchOfGreed","PowerUp","Parasite","Parasite","LuminesStrike","DeepEcoloBomb","AlicesGift","JA","OortCloud","Jack Of All Trades","DoubleSpark","StarBarrage+1","EnergyFlow","DoubleSpark+1","MilkyWay","Singularity+1","MillisecondPulsars+1","MachineGunSpark+1","MachineGunSpark+1","Parasite","PowerUp+1","6A+1","IllusionStar","EnergyRecoil+1","UnstableBomb+1","IllusionStar","CollectingQuirk"],"relics":["MiniHakkero","HushsDoor","GuppysTail","Ancient Tea Set","halation:LostSnail","aspiration:ChemicalBlood","hubris:Towel","War Paint","halation:Toothbrush","conspire:RunicOctahedron","MutagenicStrength","Blue Doll","jedi:archwizardhat","Pear","Sundial","jedi:Pinwheel","Gremlin Horn","Calipers","StuffTheSpire:Nightcore","BigShroomBag","aspiration:Lifesprig","Red Mask","infinitespire:Lucky Rock","Bird Faced Urn","StoneCalendar","Bag of Preparation","Toy Ornithopter","Ornamental Fan"],"acts_visited":["Exordium","TheCity","TheBeyond","TheEnding"],"potions_floor_usage":[55,55,55],"damage_taken":[{"damage":1.0,"enemies":"2 Louse","floor":1.0,"turns":2.0},{"damage":0.0,"enemies":"Small Slimes","floor":2.0,"turns":2.0},{"damage":18.0,"enemies":"conspire:MimicChest","floor":3.0,"turns":5.0},{"damage":8.0,"enemies":"Jaw Worm","floor":4.0,"turns":3.0},{"damage":6.0,"enemies":"HollowMod:MossKnight","floor":6.0,"turns":10.0},{"damage":5.0,"enemies":"The Mushroom Lair","floor":8.0,"turns":5.0},{"damage":6.0,"enemies":"Replay:BlueRogue","floor":13.0,"turns":3.0},{"damage":12.0,"enemies":"Large Slime","floor":14.0,"turns":3.0},{"damage":25.0,"enemies":"The Guardian","floor":16.0,"turns":8.0},{"damage":4.0,"enemies":"Spheric Guardian","floor":18.0,"turns":3.0},{"damage":19.0,"enemies":"Shell Parasite","floor":21.0,"turns":6.0},{"damage":15.0,"enemies":"HollowMod:Nosk","floor":23.0,"turns":5.0},{"damage":0.0,"enemies":"Snecko","floor":26.0,"turns":4.0},{"damage":14.0,"enemies":"Snecko","floor":28.0,"turns":5.0},{"damage":0.0,"enemies":"Snake Plant","floor":29.0,"turns":6.0},{"damage":20.0,"enemies":"Snake Plant","floor":30.0,"turns":3.0},{"damage":12.0,"enemies":"conspire:Head Lice","floor":31.0,"turns":3.0},{"damage":44.0,"enemies":"Automaton","floor":33.0,"turns":5.0},{"damage":38.0,"enemies":"3 Darklings","floor":35.0,"turns":4.0},{"damage":0.0,"enemies":"Orb Walker","floor":36.0,"turns":4.0},{"damage":11.0,"enemies":"Writhing Mass","floor":38.0,"turns":6.0},{"damage":21.0,"enemies":"R_Hoarder","floor":40.0,"turns":5.0},{"damage":0.0,"enemies":"Jaw Worm Horde","floor":42.0,"turns":1.0},{"damage":4.0,"enemies":"Spire Growth","floor":43.0,"turns":7.0},{"damage":2.0,"enemies":"Nemesis","floor":44.0,"turns":2.0},{"damage":22.0,"enemies":"Spire Growth","floor":46.0,"turns":3.0},{"damage":0.0,"enemies":"Transient","floor":48.0,"turns":5.0},{"damage":47.0,"enemies":"hubris:GrandSnecko","floor":50.0,"turns":7.0},{"damage":35.0,"enemies":"Shield and Spear","floor":54.0,"turns":4.0},{"damage":113,"enemies":"Delirium","floor":55,"turns":5}],"seed_played":"5270252226775434567","potions_obtained":[{"floor":6.0,"key":"AttackPotion"},{"floor":8.0,"key":"Elixir"},{"floor":14.0,"key":"Elixir"},{"floor":21.0,"key":"SpeedPotion"},{"floor":23.0,"key":"Slimebound:ThreeZeroPotion"},{"floor":28.0,"key":"Reflective Coating"},{"floor":31.0,"key":"jedi:wingpotion"},{"floor":38.0,"key":"Strength Potion"},{"floor":42.0,"key":"Weak Potion"}],"is_trial":false,"path_per_floor":["M","M","?","M","$","E","?","?","T","R","?","R","E","M","R","B",null,"M","?","?","M","?","E","?","AVR","MIM","R","M","MIM","M","E","R","B",null,"M","M","$","M","?","E","R","M","MIM","E","R","M","$","M","R_BF","B",null,"R","$","E","B"],"character_chosen":"MARISA","items_purchased":["halation:LostSnail","StuffTheSpire:Nightcore","BigShroomBag","aspiration:Lifesprig","IllusionStar"],"campfire_rested":4,"item_purchase_floors":[5,37,37,37,47],"current_hp_per_floor":[74,74,56,48,48,42,42,37,37,37,22,44,42,32,54,33,75,73,73,73,58,58,51,51,51,65,65,55,59,43,35,60,20,85,51,53,53,48,48,36,61,61,66,70,70,63,63,78,78,46,85,85,88,80,0,0],"gold":61,"neow_bonus":"UPGRADE_CARD","is_daily":false,"chose_seed":false,"campfire_upgraded":3,"win_rate":0.0,"timestamp":1610162018,"path_taken":["M","M","?","M","$","E","?","?","T","R","?","R","E","M","R","BOSS","M","?","?","?","?","E","?","AVR","MIM","R","?","?","M","E","R","BOSS","M","?","$","M","?","E","R","M","MIM","E","R","?","?","M","R_BF","BOSS","R","$","E","BOSS"],"items_purchased_type":["Relic","Relic","Relic","Relic","Card"],"build_version":"2020-12-22","purchased_purges":1,"victory":false,"max_hp_per_floor":[75,75,75,75,75,75,75,75,75,75,75,75,75,75,75,75,75,75,75,75,75,75,75,75,75,85,85,85,85,85,85,85,85,85,85,85,85,85,85,85,85,85,85,85,85,85,85,85,85,85,85,85,88,88,88,88],"card_choices":[{"not_picked":[],"picked":"Bomb","floor":0.0},{"not_picked":["UnstableBomb","AlicesGift"],"picked":"GrandCross","floor":1.0},{"not_picked":["ManaRampage","GrandCross"],"picked":"AsteroidBelt","floor":2.0},{"not_picked":["LuminesStrike","DeepEcoloBomb"],"picked":"IllusionStar","floor":3.0},{"not_picked":["DragonMeteor","Robbery"],"picked":"WitchOfGreed","floor":4.0},{"not_picked":["GravityBeat","EscapeVelocity"],"picked":"PowerUp","floor":6.0},{"not_picked":["SporeBomb","DC"],"picked":"LuminesStrike","floor":8.0},{"not_picked":["Acceleration","NonDirectionalLaser"],"picked":"DeepEcoloBomb","floor":13.0},{"not_picked":["DeepEcoloBomb","ShootTheMoon"],"picked":"AlicesGift","floor":14.0},{"not_picked":["SatelliteIllusion","MaximisePower"],"picked":"JA","floor":16.0},{"not_picked":["SporeBomb+1","ChargingUp"],"picked":"OortCloud","floor":18.0},{"not_picked":["expansioncontent:TimeRipple","expansioncontent:Sear"],"picked":"Jack Of All Trades","floor":20.0},{"not_picked":["NonDirectionalLaser","DC"],"picked":"DoubleSpark","floor":20.0},{"not_picked":["DoubleSpark","Occultation"],"picked":"StarBarrage+1","floor":21.0},{"not_picked":["ManaConvection+1","EarthLightRay"],"picked":"EnergyFlow","floor":23.0},{"not_picked":["SporeBomb","GalacticHalo","IllusionStar"],"picked":"SKIP","floor":28.0},{"not_picked":["GravityBeat","EscapeVelocity"],"picked":"DoubleSpark+1","floor":29.0},{"not_picked":["AsteroidBelt","GravityBeat"],"picked":"MilkyWay","floor":30.0},{"not_picked":["SporeBomb","DragonMeteor"],"picked":"Singularity","floor":31.0},{"not_picked":["ManaRampage","StarDustReverie"],"picked":"MillisecondPulsars","floor":33.0},{"not_picked":["DoubleSpark+1","WitchLeyline+1"],"picked":"MachineGunSpark+1","floor":35.0},{"not_picked":["WitchOfGreed","Robbery+1"],"picked":"MachineGunSpark+1","floor":36.0},{"not_picked":["MysteriousBeam","WitchLeyline"],"picked":"PowerUp+1","floor":38.0},{"not_picked":["EnergyRecoil","MaximisePower"],"picked":"6A+1","floor":40.0},{"not_picked":["ShootingEcho","ChargeUpSpray"],"picked":"IllusionStar","floor":42.0},{"not_picked":["EventHorizon","GrandCross"],"picked":"EnergyRecoil+1","floor":43.0},{"not_picked":["ShootingEcho","MagicAbsorber","DarkSpark+1"],"picked":"SKIP","floor":44.0},{"not_picked":["WitchLeyline","GravityBeat"],"picked":"UnstableBomb+1","floor":46.0},{"not_picked":["GravityBeat+1","StarlightTyphoon","DC"],"picked":"SKIP","floor":48.0},{"not_picked":["MagicChant","IllusionStar+1"],"picked":"CollectingQuirk","floor":54.0}],"player_experience":169184,"relics_obtained":[{"floor":3.0,"key":"Ancient Tea Set"},{"floor":6.0,"key":"aspiration:ChemicalBlood"},{"floor":8.0,"key":"ShroomBag"},{"floor":13.0,"key":"halation:Toothbrush"},{"floor":23.0,"key":"Blue Doll"},{"floor":26.0,"key":"Pear"},{"floor":26.0,"key":"Sundial"},{"floor":29.0,"key":"jedi:Pinwheel"},{"floor":29.0,"key":"Gremlin Horn"},{"floor":31.0,"key":"Calipers"},{"floor":40.0,"key":"infinitespire:Lucky Rock"},{"floor":43.0,"key":"Bird Faced Urn"},{"floor":43.0,"key":"StoneCalendar"},{"floor":44.0,"key":"Bag of Preparation"},{"floor":49.0,"key":"Toy Ornithopter"},{"floor":54.0,"key":"Ornamental Fan"}],"event_choices":[{"damage_healed":0.0,"max_hp_gain":0.0,"max_hp_loss":0.0,"gold_gain":0.0,"event_name":"Mushrooms_MRS","player_choice":"Fought Mushrooms","floor":8.0,"gold_loss":0.0,"damage_taken":0.0},{"damage_healed":0.0,"max_hp_gain":0.0,"max_hp_loss":0.0,"gold_gain":0.0,"event_name":"betterNote:BetterNote","player_choice":"Ignored","floor":19.0,"gold_loss":0.0,"damage_taken":0.0,"cards_obtained":["DoctorFetus"]},{"damage_healed":0.0,"max_hp_gain":0.0,"max_hp_loss":0.0,"gold_gain":0.0,"event_name":"betterMatch:BetterMatch","player_choice":"1","floor":20.0,"gold_loss":0.0,"damage_taken":0.0,"cards_obtained":["betterMatch:ColorlessUncommonCard","betterMatch:CommonCard"]},{"damage_healed":0.0,"max_hp_gain":0.0,"max_hp_loss":0.0,"gold_gain":0.0,"event_name":"Drug Dealer","player_choice":"Inject Mutagens","floor":22.0,"gold_loss":0.0,"damage_taken":0.0,"relics_obtained":["MutagenicStrength"]},{"damage_healed":0.0,"max_hp_gain":0.0,"max_hp_loss":0.0,"gold_gain":0.0,"event_name":"Tomb of Lord Red Mask","player_choice":"Paid","floor":39.0,"gold_loss":157.0,"damage_taken":0.0,"relics_obtained":["Red Mask"]}],"is_beta":false,"boss_relics":[{"not_picked":["halation:Risk","hubris:VirtuousBlindfold"],"picked":"conspire:RunicOctahedron"},{"not_picked":[]},{"not_picked":["Replay:Wanted Poster","hubris:GrandSneckoEye","CCEMRelics:TransientCore"]}],"items_purged_floors":[53],"is_endless":false,"potions_floor_spawned":[6,8,14,21,28,31,38,42,44],"killed_by":"Delirium","ascension_level":0}}