{"host":"k5ezbu40hxyit46v","time":1610164165,"event":{"mods":["Act Like it!","Aspiration","Astrologer","BaseMod","BetterRewards","Conspire","DeckTracker","Energized Spire","Gensokyo","Googly Eyes","Halation","HexUI Lib","Highlight Path","Hubris","Infinite Spire","Ironclad Rager","Jedi Mod","Mad Scientist","Marisa????????","Minty Spire (QoL Compilation)","Quarter Circle Forward PUNCH!","Quick Restart","Replay The Spire","Reworked Bosses","Shop Mod","Spikes Relics","StSLib","The Administrix","The Awakened One except there are too many feathers","The Bladedancer","The Cursed","The IronCluck","The Servant 0.9.4","The Wild Card","everything is the same but u backflip on backflip","slay the spire mod where everything is the same but ironclad has a cowboy hat","vexMod"],"gold_per_floor":[114,26,26,26,26,26,61,61,61,95,114,114,149,165,165,165,165],"floor_reached":16,"playtime":280,"items_purged":[],"score":332,"play_id":"cbae4526-d2db-4e9d-8110-809e5b8f3c81","local_time":"20210108224925","is_ascension_mode":true,"campfire_choices":[{"data":"Rage","floor":6.0,"key":"SMITH"},{"data":"conspire:ExplosiveBarrier","floor":8.0,"key":"SMITH"},{"data":"Offering","floor":12.0,"key":"SMITH"},{"data":"ReplayReversal","floor":15.0,"key":"SMITH"}],"circlet_count":0,"master_deck":["AscendersBane","Strike_R","Strike_R","Strike_R","Strike_R","Strike_R","Defend_R","Defend_R","Defend_R","Defend_R","Bash","Rage+1","conspire:Charge","conspire:ExplosiveBarrier+1","Offering+1","ReplayReversal+1"],"relics":["Burning Blood","NeowsBlessing","Centennial Puzzle","halation:EternalFortune","infinitespire:Lucky Rock","Kunai","CeramicFish","vexMod:BarristanHead"],"acts_visited":["Exordium"],"potions_floor_usage":[],"damage_taken":[{"damage":0.0,"enemies":"Cultist","floor":1.0,"turns":1.0},{"damage":0.0,"enemies":"Lagavulin","floor":7.0,"turns":1.0},{"damage":0.0,"enemies":"Replay:BlueRogue","floor":10.0,"turns":1.0},{"damage":6.0,"enemies":"Jaw Worm","floor":11.0,"turns":2.0},{"damage":13.0,"enemies":"Gremlin Nob","floor":13.0,"turns":4.0},{"damage":9.0,"enemies":"2 Louse","floor":14.0,"turns":2.0},{"damage":46,"enemies":"Hexaghost","floor":16,"turns":9}],"seed_played":"-7585486819166954897","potions_obtained":[{"floor":1.0,"key":"FearPotion"},{"floor":10.0,"key":"Languid Potion"},{"floor":11.0,"key":"Languid Potion"},{"floor":14.0,"key":"Explosive Potion"}],"is_trial":false,"path_per_floor":["M","$","T","?","$","R","E","R","T","E","M","R","E","M","R","B"],"character_chosen":"IRONCLAD","items_purchased":["conspire:Charge"],"campfire_rested":0,"item_purchase_floors":[2],"current_hp_per_floor":[74,74,74,77,77,77,78,78,78,78,78,78,71,71,71,25,25],"gold":165,"neow_bonus":"THREE_ENEMY_KILL","is_daily":false,"chose_seed":false,"campfire_upgraded":4,"win_rate":0.0,"timestamp":1610164165,"path_taken":["M","$","?","?","$","R","E","R","T","E","M","R","E","M","R","BOSS"],"items_purchased_type":["Card"],"build_version":"2020-12-22","purchased_purges":0,"victory":false,"max_hp_per_floor":[75,75,75,78,78,78,78,78,78,78,78,78,78,81,81,81,81],"card_choices":[{"not_picked":["Pommel Strike","Havoc"],"picked":"Rage","floor":1.0},{"not_picked":["jedi:MakeshiftSword","Anger"],"picked":"conspire:ExplosiveBarrier","floor":7.0},{"not_picked":["Body Slam","Perfected Strike"],"picked":"Offering","floor":10.0},{"not_picked":["Shrug It Off","Clash"],"picked":"ReplayReversal","floor":11.0},{"not_picked":["Absolvement","Reckless Charge","Armaments"],"picked":"SKIP","floor":13.0},{"not_picked":["Sword Boomerang","Dark Embrace","jedi:fear"],"picked":"SKIP","floor":14.0}],"player_experience":1232418,"relics_obtained":[{"floor":3.0,"key":"Centennial Puzzle"},{"floor":7.0,"key":"infinitespire:Lucky Rock"},{"floor":9.0,"key":"Kunai"},{"floor":10.0,"key":"CeramicFish"},{"floor":13.0,"key":"vexMod:BarristanHead"},{"floor":14.0,"key":"halation:EternalFortune"}],"event_choices":[],"is_beta":false,"boss_relics":[],"items_purged_floors":[],"is_endless":false,"potions_floor_spawned":[1,10,11,14],"killed_by":"Hexaghost","ascension_level":20}}