{"host":"aaqofma31c3gm2hj","time":1610202741,"event":{"mods":["BaseMod","Minty Spire (QoL Compilation)","Replay The Spire","Spicy Shops","StSLib"],"gold_per_floor":[113,113,113,131,131,158,158,169,196,219,219,20,20,39,39,121,121,134,134,63,85,110,110,110],"floor_reached":23,"playtime":491,"items_purged":["Strike_B"],"score":432,"play_id":"4daa9f7f-f548-4d4f-ba78-3816617db97b","local_time":"20210109223221","is_ascension_mode":true,"campfire_choices":[{"data":"Dualcast","floor":7,"key":"SMITH"},{"data":"Recycle","floor":15,"key":"SMITH"}],"circlet_count":0,"master_deck":["AscendersBane","Strike_B","Strike_B","Defend_B","Defend_B","Defend_B+1","Zap+1","Dualcast+1","Echo Form","Capacitor","Cold Snap","Skim","Hello World","Recycle+1","Meteor Strike","Hologram","Ball Lightning"],"relics":["Cracked Core","NeowsBlessing","Dream Catcher","CeramicFish","Calling Bell","Replay:WaspNest","Peace Pipe","Replay:Baseball","Turnip"],"acts_visited":["Exordium","TheCity"],"potions_floor_usage":[18,22],"damage_taken":[{"damage":0,"enemies":"Jaw Worm","floor":1,"turns":1},{"damage":0,"enemies":"Cultist","floor":4,"turns":1},{"damage":0,"enemies":"Gremlin Nob","floor":6,"turns":1},{"damage":8,"enemies":"Small Slimes","floor":8,"turns":3},{"damage":0,"enemies":"2 Fungi Beasts","floor":10,"turns":3},{"damage":5,"enemies":"Large Slime","floor":14,"turns":6},{"damage":21,"enemies":"The Guardian","floor":16,"turns":10},{"damage":21,"enemies":"2 Thieves","floor":18,"turns":4},{"damage":6,"enemies":"3 Byrds","floor":21,"turns":3},{"damage":33,"enemies":"Shelled Parasite and Fungi","floor":22,"turns":5},{"damage":0,"enemies":"Snecko","floor":23,"turns":2}],"seed_played":"-6657800045670719662","potions_obtained":[{"floor":4,"key":"BlessingOfTheForge"},{"floor":8,"key":"Energy Potion"}],"is_trial":false,"path_per_floor":["M","?","?","M","?","E","R","M","T","M","?","$","?","M","R","B",null,"M","?","?","M","M","M"],"character_chosen":"DEFECT","items_purchased":["Recycle"],"campfire_rested":0,"item_purchase_floors":[12],"current_hp_per_floor":[64,64,64,64,43,43,43,35,35,35,40,40,40,35,35,14,61,40,40,40,34,1,1,1],"gold":110,"neow_bonus":"THREE_ENEMY_KILL","is_daily":false,"chose_seed":false,"campfire_upgraded":2,"win_rate":0.0,"timestamp":1610202741,"path_taken":["M","?","?","?","?","E","R","M","T","M","?","$","?","M","R","BOSS","M","?","?","?","M","M"],"items_purchased_type":["Card"],"build_version":"2020-12-22","purchased_purges":1,"victory":false,"max_hp_per_floor":[71,71,71,71,71,71,71,71,71,71,76,76,76,76,76,76,76,76,76,76,76,76,76,76],"card_choices":[{"not_picked":["Compile Driver","Barrage","Redo"],"picked":"SKIP","floor":1},{"not_picked":["Fusion","Leap"],"picked":"Capacitor","floor":4},{"not_picked":["Amplify","BasicCrystalCard"],"picked":"Cold Snap","floor":6},{"not_picked":["Compile Driver","Steam"],"picked":"Skim","floor":8},{"not_picked":["Streamline","Lockon"],"picked":"Hello World","floor":10},{"not_picked":["Sunder","BootSequence","ReplaySort"],"picked":"SKIP","floor":14},{"not_picked":["ReplayRNGCard","Fission"],"picked":"Meteor Strike","floor":16},{"not_picked":["Darkness","Conserve Battery","Chill"],"picked":"SKIP","floor":18},{"not_picked":["Sweeping Beam","Seek"],"picked":"Hologram","floor":21},{"not_picked":["Compile Driver","Redo"],"picked":"Ball Lightning","floor":22}],"player_experience":574816,"relics_obtained":[{"floor":6,"key":"Dream Catcher"},{"floor":9,"key":"CeramicFish"},{"floor":17,"key":"Replay:WaspNest"},{"floor":17,"key":"Peace Pipe"},{"floor":17,"key":"Replay:Baseball"}],"event_choices":[{"damage_healed":0,"gold_gain":0,"cards_transformed":["Strike_B"],"player_choice":"Transformed","damage_taken":0,"max_hp_gain":0,"max_hp_loss":0,"event_name":"Transmorgrifier","floor":3,"gold_loss":0,"cards_obtained":["Echo Form"]},{"damage_healed":0,"gold_gain":0,"player_choice":"Entered Light","damage_taken":21,"max_hp_gain":0,"max_hp_loss":0,"event_name":"Shining Light","floor":5,"gold_loss":0,"cards_upgraded":["Defend_B","Zap"]},{"damage_healed":0,"gold_gain":0,"player_choice":"Donut","damage_taken":0,"max_hp_gain":5,"max_hp_loss":0,"event_name":"Big Fish","floor":11,"gold_loss":0},{"damage_healed":0,"gold_gain":0,"player_choice":"Ignored","damage_taken":0,"max_hp_gain":0,"max_hp_loss":0,"event_name":"Liars Game","floor":13,"gold_loss":0},{"damage_healed":0,"gold_gain":0,"player_choice":"Ignored","damage_taken":0,"max_hp_gain":0,"max_hp_loss":0,"event_name":"Vampires","floor":19,"gold_loss":0},{"damage_healed":0,"gold_gain":0,"player_choice":"Paid Gold","damage_taken":0,"relics_obtained":["Turnip"],"max_hp_gain":0,"max_hp_loss":0,"event_name":"WeMeetAgain","floor":20,"gold_loss":71}],"is_beta":false,"boss_relics":[{"not_picked":["Inserter","Sozu"],"picked":"Calling Bell"}],"items_purged_floors":[12],"is_endless":false,"potions_floor_spawned":[4,8,14,16],"killed_by":"Snecko","ascension_level":20}}