{"host":"bf9sa99gaumonoeu","time":1610223464,"event":{"mods":["AchievementEnabler","Act Like it!","BaseMod","Better Sensory Stone","Colored Map","Colored Powertips","Downfall","Friendly Minions","Gensokyo","GifTheSpireLib","Googly Eyes","Hallownest","Hermit","Jorbs\u0027s Wanderer Trilogy","KinomotoSakuraMod(????)","Koishi","Lobotomy","Marisa????????","Minty Spire (QoL Compilation)","Rare Cards Sparkle","Reimu??????","Relic Stats","Remilia??????","StSLib","The Administrix","The Animator","The Bug Knight","The Construct","The Cursed","The Disciple","The Hierophant","The Mystic","The Necromancer","The Poker Player","The Runesmith","The Senshi","The Servant 0.9.4","TheLocksmith"],"gold_per_floor":[0,15,34,45,64,98,124,135,285,285,319,331,331,331,342,342,342,342],"floor_reached":16,"playtime":1439,"items_purged":[],"score":125,"play_id":"5de92c67-5e6b-4922-9237-5f57b44dde2e","local_time":"20210109181744","is_ascension_mode":true,"campfire_choices":[{"data":"hexamod:Float","floor":1,"key":"SMITH"},{"floor":13,"key":"REST"}],"circlet_count":0,"master_deck":["hexamod:Strike","hexamod:Strike","hexamod:Strike","hexamod:Strike","hexamod:Defend","hexamod:Defend","hexamod:Defend","hexamod:Defend","hexamod:Sear","hexamod:Float+1","hexamod:SpectersWail","hexamod:NightmareStrike","hexamod:VolcanoVisage","hexamod:EmpoweredFlame","hexamod:AdvancingGuard","downfall:Icky","hexamod:RetreatToShadows","hexamod:AdvancingGuard","Dark Shackles","hexamod:NightmareGuise"],"relics":["hexamod:SpiritBrand","Lantern","Boot","Tiny Chest"],"acts_visited":["Exordium"],"potions_floor_usage":[6,16,16],"damage_taken":[{"damage":2,"enemies":"Small Slimes","floor":2,"turns":3},{"damage":2,"enemies":"Jaw Worm","floor":3,"turns":4},{"damage":1,"enemies":"2 Louse","floor":4,"turns":2},{"damage":20,"enemies":"Exordium Thugs","floor":5,"turns":4},{"damage":30,"enemies":"Lagavulin","floor":6,"turns":6},{"damage":0,"enemies":"Red Slaver","floor":8,"turns":3},{"damage":22,"enemies":"3 Sentries","floor":11,"turns":6},{"damage":0,"enemies":"Large Slime","floor":12,"turns":6},{"damage":1,"enemies":"2 Fungi Beasts","floor":15,"turns":3},{"damage":33,"enemies":"downfall:Watcher","floor":16,"turns":10}],"seed_played":"-7463741583540941836","potions_obtained":[{"floor":4,"key":"SkillPotion"},{"floor":8,"key":"SmokeBomb"},{"floor":11,"key":"Ancient Potion"},{"floor":12,"key":"construct:ShiftPotion"},{"floor":15,"key":"GrandPatriotsElixir:ReiMu"}],"is_trial":false,"path_per_floor":["R","M","M","M","M","E","T","M","?","?","E","M","R","?","M","B"],"character_chosen":"THE_SPIRIT","items_purchased":[],"campfire_rested":1,"item_purchase_floors":[],"current_hp_per_floor":[84,82,80,79,59,29,29,29,29,29,7,7,32,32,31,0,0,0],"gold":342,"neow_bonus":"TWENTY_PERCENT_HP_BONUS","is_daily":false,"chose_seed":false,"campfire_upgraded":1,"win_rate":0.0,"timestamp":1610223464,"path_taken":["R","M","M","M","M","E","T","M","?","?","E","?","R","?","M","BOSS"],"items_purchased_type":[],"build_version":"2020-12-22","purchased_purges":0,"victory":false,"max_hp_per_floor":[84,84,84,84,84,84,84,84,84,84,84,84,84,84,84,84,84,84],"relic_stats":{"counters":[10,47],"Tiny Chest":0,"Boot":[2],"obtain_stats":[{"Lantern":6,"Tiny Chest":11,"Boot":7,"hexamod:SpiritBrand":0},{"Lantern":5,"Tiny Chest":7,"Boot":5,"hexamod:SpiritBrand":0},{"Lantern":19,"Tiny Chest":28,"Boot":19,"hexamod:SpiritBrand":0}]},"card_choices":[{"not_picked":["hexamod:SpectralAdrenaline","hexamod:Hexaguard"],"picked":"hexamod:SpectersWail","floor":2},{"not_picked":["hexamod:HauntingEcho","hexamod:NightmareGuise"],"picked":"hexamod:NightmareStrike","floor":3},{"not_picked":["hexamod:Firestarter","hexamod:PhantomFireball","hexamod:FastForward"],"picked":"SKIP","floor":4},{"not_picked":["hexamod:SpectralSpark","hexamod:Firestarter"],"picked":"hexamod:VolcanoVisage","floor":5},{"not_picked":["hexamod:AdvancingGuard","hexamod:ShieldOfDarkness"],"picked":"hexamod:EmpoweredFlame","floor":6},{"not_picked":["hexamod:BacktrackSmack","hexamod:GhostOfSpirePast"],"picked":"hexamod:AdvancingGuard","floor":8},{"not_picked":["hexamod:RetreatToShadows","hexamod:HeatCrush","hexamod:VolcanoVisage"],"picked":"SKIP","floor":11},{"not_picked":["hexamod:HeatCrush","hexamod:VolcanoVisage"],"picked":"hexamod:RetreatToShadows","floor":11},{"not_picked":["hexamod:RadiantFlame","hexamod:HauntingEcho"],"picked":"hexamod:AdvancingGuard","floor":12},{"not_picked":["Jack Of All Trades","Blind"],"picked":"Dark Shackles","floor":14},{"not_picked":["hexamod:BurningTouch","hexamod:HauntingEcho"],"picked":"hexamod:NightmareGuise","floor":15}],"player_experience":907933,"relics_obtained":[{"floor":6,"key":"Lantern"},{"floor":7,"key":"Boot"},{"floor":11,"key":"Tiny Chest"}],"event_choices":[{"damage_healed":0,"gold_gain":1,"player_choice":"1","damage_taken":0,"max_hp_gain":0,"max_hp_loss":0,"event_name":"betterStone:BetterStone","floor":14,"gold_loss":0}],"is_beta":false,"boss_relics":[],"items_purged_floors":[],"is_endless":false,"potions_floor_spawned":[4,8,11,12,15],"killed_by":"downfall:Watcher","ascension_level":2}}