{"host":"2se5dq1do2gp0x9k","time":1610177369,"event":{"mods":["AchievementEnabler","BaseMod","Block Reminder","Colored Map","Colored Powertips","Minty Spire (QoL Compilation)","Relic Stats","StSLib","SuperFastMode"],"gold_per_floor":[113,124,142,156,168,168,200,200,200,200,213,213,56,75,75,146,146,158,178,228,228,228],"floor_reached":21,"playtime":671,"items_purged":["Strike_P"],"score":452,"play_id":"4228d7e2-d55a-4f03-9534-b8d53720059c","local_time":"20210108232929","is_ascension_mode":true,"campfire_choices":[{"data":"Worship","floor":6.0,"key":"SMITH"},{"data":"Devotion","floor":8.0,"key":"SMITH"},{"data":"CutThroughFate","floor":10.0,"key":"SMITH"},{"data":"Wireheading","floor":15.0,"key":"SMITH"}],"circlet_count":0,"master_deck":["AscendersBane","Defend_P","Defend_P","Defend_P","Eruption","Vigilance","FlurryOfBlows","CutThroughFate+1","BowlingBash","Worship+1","CarveReality","Devotion+1","Prostrate","Wireheading+1","Prostrate","DevaForm","Establishment+1","Nirvana+1","WheelKick+1","Nirvana"],"relics":["PureWater","NeowsBlessing","Centennial Puzzle","GoldenEye","Astrolabe"],"acts_visited":["Exordium","TheCity"],"potions_floor_usage":[21,21],"damage_taken":[{"damage":0.0,"enemies":"Cultist","floor":1.0,"turns":1.0},{"damage":0.0,"enemies":"Small Slimes","floor":2.0,"turns":1.0},{"damage":0.0,"enemies":"Jaw Worm","floor":3.0,"turns":1.0},{"damage":0.0,"enemies":"Looter","floor":4.0,"turns":2.0},{"damage":11.0,"enemies":"2 Fungi Beasts","floor":5.0,"turns":4.0},{"damage":0.0,"enemies":"Gremlin Nob","floor":7.0,"turns":2.0},{"damage":8.0,"enemies":"Exordium Wildlife","floor":11.0,"turns":7.0},{"damage":1.0,"enemies":"Red Slaver","floor":14.0,"turns":2.0},{"damage":0.0,"enemies":"Slime Boss","floor":16.0,"turns":3.0},{"damage":7.0,"enemies":"Chosen","floor":18.0,"turns":3.0},{"damage":32.0,"enemies":"3 Byrds","floor":19.0,"turns":5.0},{"damage":31,"enemies":"Masked Bandits","floor":21,"turns":3}],"seed_played":"-5473091089941683470","potions_obtained":[{"floor":2.0,"key":"Ambrosia"},{"floor":3.0,"key":"DuplicationPotion"},{"floor":7.0,"key":"BlessingOfTheForge"}],"is_trial":false,"path_per_floor":["M","M","M","M","M","R","E","R","T","R","M","?","$","M","R","B",null,"M","M","?","?"],"character_chosen":"WATCHER","items_purchased":["Wireheading"],"campfire_rested":0,"item_purchase_floors":[13],"current_hp_per_floor":[61,61,61,61,50,50,50,50,50,50,42,35,35,34,34,34,60,53,21,21,0,0],"gold":228,"neow_bonus":"THREE_ENEMY_KILL","is_daily":false,"chose_seed":false,"campfire_upgraded":4,"win_rate":0.0,"timestamp":1610177369,"path_taken":["M","M","?","M","M","R","E","R","T","R","M","?","$","M","R","BOSS","M","M","?","?"],"items_purchased_type":["Card"],"build_version":"2020-12-22","purchased_purges":1,"victory":false,"max_hp_per_floor":[68,68,68,68,68,68,68,68,68,68,68,68,68,68,68,68,68,68,68,68,68,68],"relic_stats":{"Centennial Puzzle":[15],"counters":[12,34],"Astrolabe":["Establishment","Nirvana","WheelKick"],"GoldenEye":[11],"obtain_stats":[{"Centennial Puzzle":7,"NeowsBlessing":0,"Astrolabe":17,"PureWater":0,"GoldenEye":9},{"Centennial Puzzle":6,"NeowsBlessing":0,"Astrolabe":9,"PureWater":0,"GoldenEye":6},{"Centennial Puzzle":11,"NeowsBlessing":0,"Astrolabe":23,"PureWater":0,"GoldenEye":11}]},"card_choices":[{"not_picked":["Evaluate","Pray"],"picked":"FlurryOfBlows","floor":1.0},{"not_picked":["Prostrate","SandsOfTime"],"picked":"CutThroughFate","floor":2.0},{"not_picked":["WreathOfFlame","Evaluate"],"picked":"BowlingBash","floor":3.0},{"not_picked":["EmptyBody","ThirdEye"],"picked":"Worship","floor":4.0},{"not_picked":["Study","Crescendo"],"picked":"CarveReality","floor":5.0},{"not_picked":["ClearTheMind","Perseverance"],"picked":"Devotion","floor":7.0},{"not_picked":["Consecrate","MentalFortress"],"picked":"Prostrate","floor":11.0},{"not_picked":["CutThroughFate","Vengeance"],"picked":"Prostrate","floor":14.0},{"not_picked":["Brilliance","Scrawl"],"picked":"DevaForm","floor":16.0},{"not_picked":["Protect","FollowUp+1","Pray"],"picked":"SKIP","floor":18.0},{"not_picked":["Worship","FlurryOfBlows"],"picked":"Nirvana","floor":19.0}],"player_experience":3815233,"relics_obtained":[{"floor":7.0,"key":"Centennial Puzzle"},{"floor":9.0,"key":"GoldenEye"}],"event_choices":[{"cards_removed":["Strike_P"],"damage_healed":0.0,"max_hp_gain":0.0,"max_hp_loss":0.0,"gold_gain":0.0,"event_name":"Golden Wing","player_choice":"Card Removal","floor":12.0,"gold_loss":0.0,"damage_taken":7.0},{"damage_healed":0.0,"max_hp_gain":0.0,"max_hp_loss":0.0,"gold_gain":50.0,"event_name":"Nest","player_choice":"Stole From Cult","floor":20.0,"gold_loss":0.0,"damage_taken":0.0},{"damage_healed":0,"gold_gain":0,"player_choice":"Fought Bandits","damage_taken":0,"max_hp_gain":0,"max_hp_loss":0,"event_name":"Masked Bandits","floor":21,"gold_loss":0}],"is_beta":false,"boss_relics":[{"not_picked":["Fusion Hammer","Velvet Choker"],"picked":"Astrolabe"}],"items_purged_floors":[13],"is_endless":false,"potions_floor_spawned":[2,3,7,16],"killed_by":"Masked Bandits","ascension_level":15}}