{"host":"z4nt7tdd4gjrinn7","time":1610167441,"event":{"mods":["BaseMod","Minty Spire (QoL Compilation)","StSLib","The Servant 0.9.4"],"gold_per_floor":[117,128,228,246,264,264,283,283,283,298,7,34,34,34,34,129,129,146,107,107,120,137,137,137,137,191,0,0,0,0,29,29,29,29],"floor_reached":33,"playtime":1604,"items_purged":[],"score":263,"play_id":"c211f94b-8967-42da-8532-d2227b3aaac0","local_time":"20210108234401","is_ascension_mode":false,"campfire_choices":[{"data":"Perfected Strike","floor":6,"key":"SMITH"},{"floor":13,"key":"REST"},{"floor":15,"key":"REST"},{"floor":23,"key":"REST"},{"floor":30,"key":"REST"},{"floor":32,"key":"REST"}],"circlet_count":0,"master_deck":["Strike_R+1","Strike_R+1","Strike_R+1","Strike_R+1","Strike_R+1","Defend_R+1","Defend_R+1","Defend_R+1","Defend_R+1","Bash","Perfected Strike+1","Blood for Blood","Anger","Clash","Barricade","Anger","Discovery","Anger+1","Reaper","Sword Boomerang","Fire Breathing","Writhe","Perfected Strike","Rampage","Pain","Demon Form"],"relics":["Burning Blood","Potion Belt","Shuriken","Blood Vial","Juzu Bracelet","Cursed Key","Letter Opener","Ice Cream","MealTicket","Boot"],"acts_visited":["Exordium","TheCity"],"potions_floor_usage":[12,16,16,33],"damage_taken":[{"damage":1,"enemies":"Cultist","floor":1,"turns":4},{"damage":0,"enemies":"Small Slimes","floor":2,"turns":3},{"damage":2,"enemies":"2 Louse","floor":4,"turns":3},{"damage":10,"enemies":"Looter","floor":5,"turns":2},{"damage":0,"enemies":"Large Slime","floor":7,"turns":4},{"damage":12,"enemies":"2 Fungi Beasts","floor":10,"turns":2},{"damage":43,"enemies":"3 Sentries","floor":12,"turns":8},{"damage":53,"enemies":"Hexaghost","floor":16,"turns":6},{"damage":10,"enemies":"Spheric Guardian","floor":18,"turns":3},{"damage":35,"enemies":"2 Thieves","floor":21,"turns":4},{"damage":21,"enemies":"Snake Plant","floor":22,"turns":4},{"damage":61,"enemies":"Slavers","floor":31,"turns":6},{"damage":65,"enemies":"Automaton","floor":33,"turns":6}],"seed_played":"2042378356744326570","potions_obtained":[{"floor":1,"key":"Strength Potion"},{"floor":4,"key":"LiquidBronze"},{"floor":5,"key":"Weak Potion"},{"floor":31,"key":"ColorlessPotion"}],"is_trial":false,"path_per_floor":["M","M","?","M","M","R","M","?","T","M","$","E","R","?","R","B",null,"M","$","?","M","M","R","?","?","T","?","?","?","R","E","R","B"],"character_chosen":"IRONCLAD","items_purchased":["Blood Vial","Discovery","Anger","Fire Breathing"],"campfire_rested":5,"item_purchase_floors":[11,11,11,19],"current_hp_per_floor":[80,80,80,80,76,76,80,80,80,74,74,39,63,47,71,26,80,80,80,80,60,47,71,56,56,56,56,56,56,81,38,63,0,0],"gold":29,"neow_bonus":"RANDOM_COMMON_RELIC","is_daily":false,"chose_seed":false,"campfire_upgraded":1,"win_rate":0.0,"timestamp":1610167441,"path_taken":["M","M","?","?","M","R","M","?","T","M","$","E","R","?","R","BOSS","M","$","?","M","M","R","?","?","T","?","?","?","R","E","R","BOSS"],"items_purchased_type":["Relic","Card","Card","Card"],"build_version":"2020-12-22","purchased_purges":0,"victory":false,"max_hp_per_floor":[80,80,80,80,80,80,80,80,80,80,80,80,80,80,80,80,80,80,80,80,80,80,80,85,85,85,85,85,85,85,85,85,85,85],"card_choices":[{"not_picked":["Inflame","Pommel Strike"],"picked":"Perfected Strike","floor":1},{"not_picked":["Rupture","Battle Trance"],"picked":"Blood for Blood","floor":2},{"not_picked":["Body Slam","Clash"],"picked":"Anger","floor":4},{"not_picked":["Shrug It Off","Shockwave"],"picked":"Clash","floor":5},{"not_picked":["Thunderclap","Uppercut"],"picked":"Barricade","floor":7},{"not_picked":["Bloodletting","Iron Wave"],"picked":"Anger","floor":10},{"not_picked":["Burning Pact","Rupture"],"picked":"Spot Weakness","floor":12},{"not_picked":["Offering","Corruption"],"picked":"Reaper","floor":16},{"not_picked":["Headbutt","Bloodletting+1"],"picked":"Sword Boomerang","floor":18},{"not_picked":["Body Slam+1","Burning Pact"],"picked":"Perfected Strike","floor":21},{"not_picked":["Shrug It Off","Shockwave"],"picked":"Rampage","floor":22},{"not_picked":["Bloodletting","Heavy Blade"],"picked":"Demon Form","floor":31}],"player_experience":9338,"relics_obtained":[{"floor":9,"key":"Shuriken"},{"floor":12,"key":"Juzu Bracelet"},{"floor":26,"key":"MealTicket"},{"floor":31,"key":"Boot"}],"event_choices":[{"damage_healed":0,"gold_gain":100,"player_choice":"Pray","damage_taken":0,"max_hp_gain":0,"max_hp_loss":0,"event_name":"Golden Shrine","floor":3,"gold_loss":0},{"damage_healed":0,"gold_gain":0,"player_choice":"Fled","damage_taken":0,"max_hp_gain":0,"max_hp_loss":0,"event_name":"Scrap Ooze","floor":8,"gold_loss":0},{"damage_healed":0,"gold_gain":0,"player_choice":"Entered Light","damage_taken":16,"max_hp_gain":0,"max_hp_loss":0,"event_name":"Shining Light","floor":14,"gold_loss":0,"cards_upgraded":["Strike_R","Anger"]},{"damage_healed":0,"gold_gain":0,"player_choice":"Opened","damage_taken":0,"relics_obtained":["Letter Opener"],"max_hp_gain":0,"max_hp_loss":0,"event_name":"The Mausoleum","floor":20,"gold_loss":0,"cards_obtained":["Writhe"]},{"damage_healed":0,"gold_gain":0,"player_choice":"Shed Blood","damage_taken":20,"max_hp_gain":5,"max_hp_loss":0,"event_name":"Forgotten Altar","floor":24,"gold_loss":0},{"cards_removed":["Spot Weakness"],"damage_healed":0,"gold_gain":0,"player_choice":"Gave Card","damage_taken":0,"relics_obtained":["Ice Cream"],"max_hp_gain":0,"max_hp_loss":0,"event_name":"WeMeetAgain","floor":25,"gold_loss":0},{"damage_healed":0,"gold_gain":0,"player_choice":"Paid Fearfully","damage_taken":0,"max_hp_gain":0,"max_hp_loss":0,"event_name":"Masked Bandits","floor":27,"gold_loss":191},{"damage_healed":0,"gold_gain":0,"player_choice":"Ignored","damage_taken":0,"max_hp_gain":0,"max_hp_loss":0,"event_name":"Ghosts","floor":28,"gold_loss":0},{"damage_healed":0,"gold_gain":0,"player_choice":"Simplicity","damage_taken":0,"max_hp_gain":0,"max_hp_loss":0,"event_name":"Back to Basics","floor":29,"gold_loss":0,"cards_upgraded":["Strike_R","Strike_R","Strike_R","Strike_R","Defend_R","Defend_R","Defend_R","Defend_R"]}],"is_beta":false,"boss_relics":[{"not_picked":["Busted Crown","Snecko Eye"],"picked":"Cursed Key"}],"items_purged_floors":[],"is_endless":false,"potions_floor_spawned":[1,4,5,31],"killed_by":"Automaton","ascension_level":0}}