{"host":"qojc688juf5ijsln","time":1610199320,"event":{"mods":["AchievementEnabler","BaseMod","BetterRewards","Colored Powertips","Highlight Path","Minty Spire (QoL Compilation)","Quick Restart","Shop Mod","StSLib"],"gold_per_floor":[114,114,114,114,134,134,145,145,145,145,179,191,191,45,45,148,148,148,148,148],"floor_reached":19,"playtime":606,"items_purged":[],"score":200,"play_id":"6a38f4ef-3ea1-4427-ad9d-7a73b21ddd52","local_time":"20210109213520","is_ascension_mode":true,"campfire_choices":[{"floor":6,"key":"DIG"},{"floor":8,"key":"DIG"},{"floor":10,"key":"DIG"},{"floor":13,"key":"DIG"},{"floor":15,"key":"DIG"}],"circlet_count":0,"master_deck":["Strike_B","Strike_B","Strike_B","Defend_B","Defend_B","Defend_B","Defend_B","Zap","Dualcast","Heatsinks","Self Repair","Chill","White Noise","Creative AI"],"relics":["Cracked Core","Shovel","Thread and Needle","Membership Card","Bronze Scales","StoneCalendar","WingedGreaves","Shuriken","MealTicket","White Beast Statue","Kunai","TungstenRod","Happy Flower","Sozu"],"acts_visited":["Exordium","TheCity"],"potions_floor_usage":[16],"damage_taken":[{"damage":0,"enemies":"2 Louse","floor":1,"turns":4},{"damage":0,"enemies":"Small Slimes","floor":5,"turns":3},{"damage":0,"enemies":"Jaw Worm","floor":7,"turns":5},{"damage":0,"enemies":"3 Sentries","floor":11,"turns":7},{"damage":7,"enemies":"Exordium Wildlife","floor":12,"turns":7},{"damage":29,"enemies":"Slime Boss","floor":16,"turns":7},{"damage":46,"enemies":"Chosen","floor":18,"turns":7},{"damage":30,"enemies":"Shell Parasite","floor":19,"turns":3}],"seed_played":"-5785678888395804251","potions_obtained":[{"floor":1,"key":"Explosive Potion"},{"floor":11,"key":"Regen Potion"},{"floor":12,"key":"Dexterity Potion"},{"floor":16,"key":"SteroidPotion"}],"is_trial":false,"path_per_floor":["M","?","?","?","M","R","M","R","T","R","E","M","R","$","R","B",null,"M","M"],"character_chosen":"DEFECT","items_purchased":["Heatsinks","Membership Card","Self Repair","TungstenRod"],"campfire_rested":0,"item_purchase_floors":[0,0,0,14],"current_hp_per_floor":[75,68,68,68,75,75,75,75,75,75,75,75,75,75,75,53,75,29,0,0],"gold":148,"neow_bonus":"","is_daily":false,"chose_seed":false,"campfire_upgraded":0,"win_rate":0.0,"timestamp":1610199320,"path_taken":["M","?","?","?","?","R","M","R","T","R","E","M","R","$","R","BOSS","M","M"],"items_purchased_type":["Card","Relic","Card","Relic"],"build_version":"2020-12-22","purchased_purges":0,"victory":false,"max_hp_per_floor":[75,75,75,75,75,75,75,75,75,75,75,75,75,75,75,75,75,75,75,75],"card_choices":[{"not_picked":["Ball Lightning","Rip and Tear","Steam Power"],"picked":"SKIP","floor":1},{"not_picked":["Hologram","Turbo"],"picked":"Chill","floor":5},{"not_picked":["Aggregate","Beam Cell","Stack"],"picked":"SKIP","floor":7},{"not_picked":["Undo","Reinforced Body"],"picked":"White Noise","floor":11},{"not_picked":["Lockon","Conserve Battery","All For One"],"picked":"SKIP","floor":12},{"not_picked":["Thunder Strike","Meteor Strike"],"picked":"Creative AI","floor":16},{"not_picked":["Force Field+1","Steam","Consume+1"],"picked":"SKIP","floor":18}],"player_experience":132482,"relics_obtained":[{"floor":6,"key":"StoneCalendar"},{"floor":8,"key":"WingedGreaves"},{"floor":9,"key":"Shuriken"},{"floor":10,"key":"MealTicket"},{"floor":11,"key":"White Beast Statue"},{"floor":13,"key":"Kunai"},{"floor":15,"key":"Happy Flower"}],"event_choices":[{"damage_healed":0,"gold_gain":0,"player_choice":"Success","damage_taken":7,"relics_obtained":["Bronze Scales"],"max_hp_gain":0,"max_hp_loss":0,"event_name":"Scrap Ooze","floor":2,"gold_loss":0},{"damage_healed":0,"gold_gain":0,"player_choice":"Ignored","damage_taken":0,"max_hp_gain":0,"max_hp_loss":0,"event_name":"Liars Game","floor":3,"gold_loss":0},{"cards_removed":["Strike_B"],"damage_healed":0,"gold_gain":0,"player_choice":"Forget","damage_taken":0,"max_hp_gain":0,"max_hp_loss":0,"event_name":"Living Wall","floor":4,"gold_loss":0}],"is_beta":false,"boss_relics":[{"not_picked":["Coffee Dripper","Astrolabe"],"picked":"Sozu"}],"items_purged_floors":[],"is_endless":false,"potions_floor_spawned":[1,11,12,16,18],"killed_by":"Shell Parasite","ascension_level":1}}