{"host":"5x08nt64u3vxxcfi","time":1610173601,"event":{"mods":["BaseMod","Minty Spire (QoL Compilation)","StSLib","SuperFastMode"],"gold_per_floor":[114,124,71,71,83,113,113,113,113,128,128,53,53,86,86,187,187,187,127,127,127,127,127,127],"floor_reached":23,"playtime":546,"items_purged":["Strike_G"],"score":251,"play_id":"49bcd0f6-04a4-4dba-a7f7-55b36459bffa","local_time":"20210109152641","is_ascension_mode":true,"campfire_choices":[{"data":"Night Terror","floor":7,"key":"SMITH"},{"data":"Infinite Blades","floor":11,"key":"SMITH"},{"floor":13,"key":"REST"},{"data":"Sucker Punch","floor":15,"key":"SMITH"}],"circlet_count":0,"master_deck":["Strike_G","Strike_G","Strike_G","Strike_G","Defend_G","Defend_G","Defend_G","Defend_G","Defend_G","Survivor","Neutralize","Poisoned Stab","Bane","Poisoned Stab","Night Terror+1","Infinite Blades+1","Deadly Poison+1","Sucker Punch+1","Phantasmal Killer+1","Footwork+1","Blade Dance+1","Backflip+1","Cloak And Dagger+1"],"relics":["Ring of the Snake","NeowsBlessing","Kunai","Omamori","Toxic Egg 2","Bottled Flame","Ectoplasm"],"acts_visited":["Exordium","TheCity"],"potions_floor_usage":[16,23,23,23],"damage_taken":[{"damage":0,"enemies":"Cultist","floor":1,"turns":1},{"damage":0,"enemies":"Small Slimes","floor":2,"turns":1},{"damage":0,"enemies":"2 Louse","floor":5,"turns":1},{"damage":22,"enemies":"Gremlin Nob","floor":6,"turns":4},{"damage":22,"enemies":"Gremlin Gang","floor":10,"turns":7},{"damage":11,"enemies":"Lagavulin","floor":14,"turns":5},{"damage":22,"enemies":"The Guardian","floor":16,"turns":11},{"damage":12,"enemies":"3 Byrds","floor":18,"turns":4},{"damage":17,"enemies":"2 Thieves","floor":19,"turns":3},{"damage":26,"enemies":"Sentry and Sphere","floor":20,"turns":5},{"damage":2,"enemies":"3 Cultists","floor":22,"turns":5},{"damage":30,"enemies":"Gremlin Leader","floor":23,"turns":4}],"seed_played":"-122463599689882763","potions_obtained":[{"floor":2,"key":"LiquidBronze"},{"floor":5,"key":"FairyPotion"},{"floor":8,"key":"DuplicationPotion"},{"floor":8,"key":"Energy Potion"},{"floor":18,"key":"FearPotion"},{"floor":20,"key":"Energy Potion"}],"is_trial":false,"path_per_floor":["M","M","$","?","M","E","R","?","T","M","R","$","R","E","R","B",null,"M","M","M","?","M","E"],"character_chosen":"THE_SILENT","items_purchased":["Poisoned Stab"],"campfire_rested":1,"item_purchase_floors":[3],"current_hp_per_floor":[70,70,70,63,63,41,41,41,41,19,19,19,40,29,29,7,54,42,25,21,21,19,0,0],"gold":127,"neow_bonus":"THREE_ENEMY_KILL","is_daily":false,"chose_seed":false,"campfire_upgraded":3,"win_rate":0.0,"timestamp":1610173601,"path_taken":["M","M","?","?","M","E","R","?","T","M","R","$","R","E","R","BOSS","M","?","M","?","?","E"],"items_purchased_type":["Card"],"build_version":"2020-12-22","purchased_purges":1,"victory":false,"max_hp_per_floor":[70,70,70,70,70,70,70,70,70,70,70,70,70,70,70,70,70,70,70,70,70,70,70,70],"card_choices":[{"not_picked":["Outmaneuver","Eviscerate"],"picked":"Poisoned Stab","floor":1},{"not_picked":["Poisoned Stab","Terror"],"picked":"Bane","floor":2},{"not_picked":["Poisoned Stab","Prepared"],"picked":"Night Terror","floor":5},{"not_picked":["Choke","Flechettes"],"picked":"Infinite Blades","floor":6},{"not_picked":["Backflip+1","Terror+1"],"picked":"Deadly Poison+1","floor":10},{"not_picked":["Heel Hook","All Out Attack"],"picked":"Sucker Punch","floor":14},{"not_picked":["Tools of the Trade","Wraith Form v2"],"picked":"Phantasmal Killer+1","floor":16},{"not_picked":["Infinite Blades","Choke"],"picked":"Footwork+1","floor":18},{"not_picked":["Dodge and Roll+1","Deadly Poison+1"],"picked":"Blade Dance+1","floor":19},{"not_picked":["Deadly Poison+1","Noxious Fumes"],"picked":"Backflip+1","floor":20},{"not_picked":["Sucker Punch","Prepared+1"],"picked":"Cloak And Dagger+1","floor":22}],"player_experience":69191,"relics_obtained":[{"floor":6,"key":"Omamori"},{"floor":9,"key":"Toxic Egg 2"},{"floor":14,"key":"Bottled Flame"}],"event_choices":[{"damage_healed":0,"gold_gain":0,"player_choice":"Success","damage_taken":7,"relics_obtained":["Kunai"],"max_hp_gain":0,"max_hp_loss":0,"event_name":"Scrap Ooze","floor":4,"gold_loss":0},{"damage_healed":0,"gold_gain":0,"player_choice":"Got Potions","damage_taken":0,"max_hp_gain":0,"max_hp_loss":0,"event_name":"Lab","floor":8,"gold_loss":0},{"damage_healed":0,"gold_gain":100,"player_choice":"Pray","damage_taken":0,"max_hp_gain":0,"max_hp_loss":0,"event_name":"Golden Shrine","floor":21,"gold_loss":0}],"is_beta":false,"boss_relics":[{"not_picked":["Fusion Hammer","Velvet Choker"],"picked":"Ectoplasm"}],"items_purged_floors":[12],"is_endless":false,"potions_floor_spawned":[2,5,14,18,20],"killed_by":"Gremlin Leader","ascension_level":5}}