{"host":"qd3c1vk9hihkimug","time":1610234469,"event":{"mods":["BaseMod","BetterRewards","Colored Map","Hubris","Minty Spire (QoL Compilation)","Rare Cards Sparkle","Replay The Spire","StSLib"],"gold_per_floor":[109,109,129,144,144,174,190,190,190],"floor_reached":8,"playtime":826,"items_purged":[],"score":58,"play_id":"945bc786-ab77-4936-aaff-b4a624625a7e","local_time":"20210109232109","is_ascension_mode":false,"campfire_choices":[],"circlet_count":0,"master_deck":["Strike_P","Strike_P","Strike_P","Strike_P","Defend_P","Defend_P","Defend_P","Defend_P","Eruption","Vigilance","Replay:Anticipation","WheelKick","Indignation","CarveReality","FollowUp","Halt","FearNoEvil"],"relics":["PureWater","Letter Opener","Bird Faced Urn"],"acts_visited":["Exordium"],"potions_floor_usage":[7],"damage_taken":[{"damage":0,"enemies":"2 Louse","floor":1,"turns":2},{"damage":9,"enemies":"Small Slimes","floor":3,"turns":4},{"damage":3,"enemies":"Jaw Worm","floor":4,"turns":2},{"damage":19,"enemies":"Replay:BlueRogue","floor":6,"turns":11},{"damage":0,"enemies":"Looter","floor":7,"turns":2},{"damage":29,"enemies":"Lagavulin","floor":8,"turns":8}],"seed_played":"3948201885298883231","potions_obtained":[{"floor":4,"key":"Elixir"},{"floor":6,"key":"Adrenaline Potion"},{"floor":7,"key":"GamblersBrew"}],"is_trial":false,"path_per_floor":["M","?","M","M","?","E","M","E"],"character_chosen":"WATCHER","items_purchased":["Replay:Anticipation","WheelKick"],"campfire_rested":0,"item_purchase_floors":[0,0],"current_hp_per_floor":[72,65,56,53,53,34,34,5,5],"gold":190,"neow_bonus":"","is_daily":false,"chose_seed":false,"campfire_upgraded":0,"win_rate":0.0,"timestamp":1610234469,"path_taken":["M","?","M","M","?","E","M","E"],"items_purchased_type":["Card","Card"],"build_version":"2020-12-22","purchased_purges":0,"victory":false,"max_hp_per_floor":[72,72,72,72,72,72,72,72,72],"card_choices":[{"not_picked":["ThirdEye","SashWhip"],"picked":"Indignation","floor":1},{"not_picked":["Worship","Evaluate"],"picked":"CarveReality","floor":3},{"not_picked":["LikeWater","CarveReality"],"picked":"FollowUp","floor":4},{"not_picked":["Swivel","BowlingBash"],"picked":"Halt","floor":6},{"not_picked":["Meditate","Evaluate"],"picked":"FearNoEvil","floor":7}],"player_experience":91429,"relics_obtained":[{"floor":6,"key":"Bird Faced Urn"}],"event_choices":[{"damage_healed":0,"gold_gain":0,"player_choice":"Success","damage_taken":7,"relics_obtained":["Letter Opener"],"max_hp_gain":0,"max_hp_loss":0,"event_name":"Scrap Ooze","floor":2,"gold_loss":0}],"is_beta":false,"boss_relics":[],"items_purged_floors":[],"is_endless":false,"potions_floor_spawned":[4,6,7],"killed_by":"Lagavulin","ascension_level":0}}