{"host":"19t2eyow02s954g8","time":1610173010,"event":{"mods":["BaseMod","Colored Map","DeckTracker","Minty Spire (QoL Compilation)","StSLib","SuperFastMode"],"gold_per_floor":[17,27,27,40,59,59,83,96,96,96,110,110,123,167,167,258,258,285,210,219,125,40,82,82,82,155,167,197,245,280,342,354,457,550,585,365,365,379,394,427,760,770,770,58,58,58,86,100,100,100,100,100,100,17,17,17],"floor_reached":55,"playtime":4780,"items_purged":["Writhe","Skewer","Glass Knife"],"score":1984,"play_id":"eb9127bb-f9a1-478e-a4f3-e7edce4e9cbe","local_time":"20210109151650","is_ascension_mode":true,"campfire_choices":[{"data":"Bouncing Flask","floor":6.0,"key":"SMITH"},{"data":"Neutralize","floor":10.0,"key":"SMITH"},{"data":"Venomology","floor":12.0,"key":"SMITH"},{"data":"Prepared","floor":15.0,"key":"SMITH"},{"data":"Well Laid Plans","floor":25.0,"key":"SMITH"},{"floor":27.0,"key":"REST"},{"data":"Grand Finale","floor":32.0,"key":"SMITH"},{"floor":46,"key":"REST"},{"floor":49,"key":"RECALL"},{"data":"Tactician","floor":53,"key":"SMITH"}],"circlet_count":0,"master_deck":["AscendersBane","Survivor","Neutralize+1","Dagger Spray","Prepared+1","Bouncing Flask+1","Venomology+1","Leg Sweep","Well Laid Plans+1","Grand Finale+1","CurseOfTheBell","Acrobatics+1","Prepared","Blur","Bullet Time","Envenom","Wraith Form v2","Reflex","Backstab","Tools of the Trade","Eviscerate","Tactician+1","Backflip"],"relics":["Ring of the Snake","Tough Bandages","Strawberry","Art of War","Calling Bell","CeramicFish","Singing Bowl","Girya","PreservedInsect","Matryoshka","Tingsha","MawBank","Pen Nib","Pandora\u0027s Box","Molten Egg 2","Lantern","Pantograph","Eternal Feather","Potion Belt"],"acts_visited":["Exordium","TheCity","TheBeyond","TheEnding"],"potions_floor_usage":[48,48,50,50,50],"damage_taken":[{"damage":2.0,"enemies":"Small Slimes","floor":1.0,"turns":4.0},{"damage":7.0,"enemies":"Jaw Worm","floor":2.0,"turns":5.0},{"damage":1.0,"enemies":"2 Louse","floor":4.0,"turns":3.0},{"damage":2.0,"enemies":"2 Fungi Beasts","floor":5.0,"turns":3.0},{"damage":3.0,"enemies":"Blue Slaver","floor":7.0,"turns":3.0},{"damage":19.0,"enemies":"Lots of Slimes","floor":8.0,"turns":5.0},{"damage":0.0,"enemies":"Looter","floor":11.0,"turns":3.0},{"damage":0.0,"enemies":"Blue Slaver","floor":13.0,"turns":4.0},{"damage":16.0,"enemies":"Gremlin Nob","floor":14.0,"turns":4.0},{"damage":1.0,"enemies":"Hexaghost","floor":16.0,"turns":9.0},{"damage":0.0,"enemies":"Spheric Guardian","floor":18.0,"turns":7.0},{"damage":16.0,"enemies":"Book of Stabbing","floor":23.0,"turns":6.0},{"damage":10.0,"enemies":"Shell Parasite","floor":28.0,"turns":7.0},{"damage":0.0,"enemies":"Gremlin Leader","floor":29.0,"turns":3.0},{"damage":0.0,"enemies":"Shelled Parasite and Fungi","floor":30.0,"turns":6.0},{"damage":50.0,"enemies":"Automaton","floor":33.0,"turns":16.0},{"damage":19.0,"enemies":"3 Darklings","floor":35.0,"turns":5.0},{"damage":4.0,"enemies":"3 Shapes","floor":38.0,"turns":3.0},{"damage":0.0,"enemies":"3 Darklings","floor":39.0,"turns":2.0},{"damage":3.0,"enemies":"Nemesis","floor":40.0,"turns":5.0},{"damage":12,"enemies":"4 Shapes","floor":42,"turns":3},{"damage":3,"enemies":"Giant Head","floor":47,"turns":6},{"damage":3,"enemies":"Writhing Mass","floor":48,"turns":3},{"damage":11,"enemies":"Time Eater","floor":50,"turns":16},{"damage":26,"enemies":"Donu and Deca","floor":51,"turns":7},{"damage":72,"enemies":"Shield and Spear","floor":55,"turns":6}],"seed_played":"3904204187124027857","potions_obtained":[{"floor":5.0,"key":"EssenceOfSteel"},{"floor":8.0,"key":"ColorlessPotion"},{"floor":14.0,"key":"LiquidMemories"},{"floor":16.0,"key":"SpeedPotion"},{"floor":33.0,"key":"Strength Potion"},{"floor":47,"key":"GamblersBrew"}],"is_trial":false,"path_per_floor":["M","M","?","M","M","R","M","M","T","R","M","R","M","E","R","B",null,"M","?","?","$","?","E","$","R","T","R","M","E","M","?","R","B",null,"M","$","?","M","M","E","?","M","T","$","?","R","E","M","R","B","B",null,"R","$","E"],"character_chosen":"THE_SILENT","items_purchased":["Prepared","LiquidMemories","Swift Potion","Tactician","Eternal Feather","Backflip","Potion Belt","BlessingOfTheForge","Regen Potion"],"campfire_rested":2,"item_purchase_floors":[21,36,36,44,44,44,44,44,54],"current_hp_per_floor":[57,50,50,49,47,47,44,25,32,32,32,32,32,16,16,15,54,54,54,54,54,54,38,38,38,38,58,50,52,54,54,54,6,58,41,41,41,39,41,40,40,30,30,30,30,66,65,64,76,74,59,79,85,85,13,13],"gold":17,"neow_bonus":"ONE_RARE_RELIC","is_daily":false,"chose_seed":false,"campfire_upgraded":7,"win_rate":0.0,"timestamp":1610173010,"path_taken":["M","M","?","M","M","R","M","M","T","R","M","R","M","E","R","BOSS","M","?","?","$","?","E","?","R","T","R","M","E","?","?","R","BOSS","M","$","?","M","M","E","?","M","T","$","?","R","E","M","R","BOSS","BOSS","R","$","E"],"items_purchased_type":["Card","Potion","Potion","Card","Relic","Card","Relic","Potion","Potion"],"build_version":"2020-12-22","purchased_purges":3,"victory":false,"max_hp_per_floor":[66,66,60,60,60,60,60,60,67,67,67,67,67,67,67,67,67,67,67,67,67,67,67,67,67,67,67,69,71,73,73,73,75,75,77,77,77,79,81,83,83,85,85,85,81,81,83,85,85,85,85,85,85,85,85,85],"card_choices":[{"not_picked":["Outmaneuver","Quick Slash"],"picked":"Dagger Spray","floor":1.0},{"not_picked":["Deflect","Dodge and Roll"],"picked":"Prepared","floor":2.0},{"not_picked":["Setup","Dagger Throw"],"picked":"Bouncing Flask","floor":4.0},{"not_picked":["Deadly Poison","Riddle With Holes","Setup"],"picked":"SKIP","floor":5.0},{"not_picked":["Poisoned Stab","Underhanded Strike"],"picked":"Venomology","floor":7.0},{"not_picked":["Deadly Poison","Prepared","Slice"],"picked":"SKIP","floor":8.0},{"not_picked":["Poisoned Stab","Flechettes"],"picked":"Leg Sweep","floor":11.0},{"not_picked":["Underhanded Strike","Quick Slash","Blade Dance"],"picked":"SKIP","floor":13.0},{"not_picked":["Underhanded Strike","Quick Slash","Blade Dance"],"picked":"SKIP","floor":13.0},{"not_picked":["Prepared","Glass Knife"],"picked":"Well Laid Plans","floor":14.0},{"not_picked":["Malaise","Corpse Explosion"],"picked":"Grand Finale","floor":16.0},{"not_picked":["Caltrops","Sucker Punch"],"picked":"Acrobatics+1","floor":18.0},{"not_picked":["Distraction","Predator+1"],"picked":"Blur","floor":23.0},{"not_picked":["PiercingWail","Dodge and Roll","Expertise+1"],"picked":"Singing Bowl","floor":28.0},{"not_picked":["Deflect","Bullet Time","Cloak And Dagger"],"picked":"Singing Bowl","floor":29.0},{"not_picked":["Backstab","Deadly Poison","Poisoned Stab+1"],"picked":"Singing Bowl","floor":30.0},{"not_picked":["Glass Knife","A Thousand Cuts","Unload"],"picked":"Singing Bowl","floor":33.0},{"not_picked":["Blade Dance","Prepared","PiercingWail+1"],"picked":"Singing Bowl","floor":35.0},{"not_picked":["Underhanded Strike","Burst","Dagger Spray"],"picked":"Singing Bowl","floor":38.0},{"not_picked":["Dagger Throw+1","Sucker Punch","Flying Knee+1"],"picked":"Singing Bowl","floor":39.0},{"not_picked":["Dagger Spray+1","Heel Hook+1","Underhanded Strike+1"],"picked":"Singing Bowl","floor":40.0},{"not_picked":["Poisoned Stab+1","Eviscerate+1","Prepared"],"picked":"Singing Bowl","floor":42},{"not_picked":["Backflip","Burst","Quick Slash+1"],"picked":"Singing Bowl","floor":47},{"not_picked":["Quick Slash+1","Deadly Poison","Reflex"],"picked":"Singing Bowl","floor":48}],"player_experience":4209120,"relics_obtained":[{"floor":9.0,"key":"Strawberry"},{"floor":14.0,"key":"Art of War"},{"floor":17.0,"key":"CeramicFish"},{"floor":17.0,"key":"Singing Bowl"},{"floor":17.0,"key":"Girya"},{"floor":23.0,"key":"Tingsha"},{"floor":26.0,"key":"MawBank"},{"floor":29.0,"key":"Pen Nib"},{"floor":40.0,"key":"Molten Egg 2"},{"floor":43,"key":"Lantern"},{"floor":43,"key":"Pantograph"}],"event_choices":[{"damage_healed":0.0,"max_hp_gain":0.0,"max_hp_loss":6.0,"gold_gain":0.0,"event_name":"Golden Idol","player_choice":"Lose Max HP","floor":3.0,"gold_loss":0.0,"damage_taken":0.0,"relics_obtained":["Golden Idol"]},{"cards_removed":["Strike_G"],"damage_healed":0.0,"max_hp_gain":0.0,"max_hp_loss":0.0,"gold_gain":0.0,"event_name":"Beggar","player_choice":"Gave Gold","floor":19.0,"gold_loss":75.0,"damage_taken":0.0},{"damage_healed":0.0,"max_hp_gain":0.0,"max_hp_loss":0.0,"gold_gain":0.0,"event_name":"The Mausoleum","player_choice":"Opened","floor":20.0,"gold_loss":0.0,"damage_taken":0.0,"relics_obtained":["PreservedInsect"],"cards_obtained":["Writhe"]},{"damage_healed":0.0,"max_hp_gain":0.0,"max_hp_loss":0.0,"gold_gain":0.0,"event_name":"Addict","player_choice":"Obtained Relic","floor":22.0,"gold_loss":85.0,"damage_taken":0.0,"relics_obtained":["Matryoshka"]},{"damage_healed":0.0,"max_hp_gain":0.0,"max_hp_loss":0.0,"gold_gain":50.0,"event_name":"Nest","player_choice":"Stole From Cult","floor":31.0,"gold_loss":0.0,"damage_taken":0.0},{"damage_healed":0.0,"max_hp_gain":0.0,"max_hp_loss":0.0,"gold_gain":0.0,"event_name":"Tomb of Lord Red Mask","player_choice":"Ignored","floor":37.0,"gold_loss":0.0,"damage_taken":0.0},{"damage_healed":0.0,"max_hp_gain":0.0,"max_hp_loss":0.0,"gold_gain":333.0,"event_name":"The Moai Head","player_choice":"Gave Idol","floor":41.0,"relics_lost":["Golden Idol"],"gold_loss":0.0,"damage_taken":0.0},{"damage_healed":0,"gold_gain":0,"player_choice":"Max HP","damage_taken":0,"max_hp_gain":0,"max_hp_loss":4,"event_name":"Winding Halls","floor":45,"gold_loss":0}],"is_beta":false,"boss_relics":[{"not_picked":["Sozu","Busted Crown"],"picked":"Calling Bell"},{"not_picked":["Philosopher\u0027s Stone","Astrolabe"],"picked":"Pandora\u0027s Box"}],"items_purged_floors":[21,36,44],"is_endless":false,"potions_floor_spawned":[5,8,13,14,16,18,23,33,47],"killed_by":"Shield and Spear","ascension_level":20}}