{"host":"w9yruvs4bqht6bhw","time":1610223247,"event":{"mods":["BaseMod","Colored Powertips","Minty Spire (QoL Compilation)"],"gold_per_floor":[113,132,143,143,243,243,275,293,344,361,361,371,401,417,417,417,417],"floor_reached":16,"playtime":501,"items_purged":[],"score":146,"play_id":"646e9121-8a83-4be6-8937-142bf2262915","local_time":"20210109151407","is_ascension_mode":true,"campfire_choices":[{"data":"Spot Weakness","floor":6,"key":"SMITH"},{"floor":11,"key":"REST"},{"floor":15,"key":"REST"}],"circlet_count":0,"master_deck":["Strike_R","Strike_R","Strike_R","Strike_R","Strike_R","Defend_R","Defend_R","Defend_R","Defend_R","Bash","Spot Weakness+1","Anger","Limit Break+1","Dual Wield","Shrug It Off","Rampage","Immolate"],"relics":["Burning Blood","NeowsBlessing","Self Forming Clay","Dream Catcher"],"acts_visited":["Exordium"],"potions_floor_usage":[8,8,14],"damage_taken":[{"damage":0,"enemies":"Cultist","floor":1,"turns":1},{"damage":0,"enemies":"Small Slimes","floor":2,"turns":1},{"damage":0,"enemies":"Jaw Worm","floor":3,"turns":1},{"damage":30,"enemies":"3 Sentries","floor":7,"turns":6},{"damage":5,"enemies":"Lots of Slimes","floor":8,"turns":6},{"damage":20,"enemies":"2 Fungi Beasts","floor":10,"turns":3},{"damage":23,"enemies":"Exordium Wildlife","floor":12,"turns":5},{"damage":4,"enemies":"3 Louse","floor":14,"turns":3},{"damage":78,"enemies":"Hexaghost","floor":16,"turns":9}],"seed_played":"7669061592679118630","potions_obtained":[{"floor":3,"key":"Block Potion"},{"floor":7,"key":"BlessingOfTheForge"},{"floor":10,"key":"SteroidPotion"}],"is_trial":false,"path_per_floor":["M","M","M","?","?","R","E","M","T","M","R","M","?","M","R","B"],"character_chosen":"IRONCLAD","items_purchased":[],"campfire_rested":2,"item_purchase_floors":[],"current_hp_per_floor":[78,80,80,80,80,80,56,57,57,43,67,50,50,52,76,0,0],"gold":417,"neow_bonus":"THREE_ENEMY_KILL","is_daily":false,"chose_seed":false,"campfire_upgraded":1,"win_rate":0.0,"timestamp":1610223247,"path_taken":["M","M","?","?","?","R","E","?","T","M","R","M","?","M","R","BOSS"],"items_purchased_type":[],"build_version":"2020-12-22","purchased_purges":0,"victory":false,"max_hp_per_floor":[80,80,80,80,80,80,80,80,80,80,80,80,80,80,80,80,80],"card_choices":[{"not_picked":["Armaments","Body Slam"],"picked":"Spot Weakness","floor":1},{"not_picked":["Anger","Pummel","Warcry"],"picked":"SKIP","floor":2},{"not_picked":["Pummel","Warcry"],"picked":"Anger","floor":2},{"not_picked":["Pummel","Spot Weakness"],"picked":"Limit Break","floor":3},{"not_picked":["Dropkick","Shrug It Off"],"picked":"Dual Wield","floor":7},{"not_picked":["True Grit","Sword Boomerang","Clothesline"],"picked":"SKIP","floor":8},{"not_picked":["Perfected Strike","Bloodletting"],"picked":"Shrug It Off","floor":10},{"not_picked":["Searing Blow","Infernal Blade"],"picked":"Rampage","floor":11},{"not_picked":["Dual Wield","Perfected Strike","Hemokinesis"],"picked":"SKIP","floor":12},{"not_picked":["Clash","Fire Breathing","Carnage"],"picked":"SKIP","floor":14},{"not_picked":["Clash","Carnage"],"picked":"Immolate","floor":15}],"player_experience":356491,"relics_obtained":[{"floor":7,"key":"Self Forming Clay"},{"floor":9,"key":"Dream Catcher"}],"event_choices":[{"damage_healed":0,"gold_gain":0,"player_choice":"Grow","damage_taken":0,"max_hp_gain":0,"max_hp_loss":0,"event_name":"Living Wall","floor":4,"gold_loss":0,"cards_upgraded":["Limit Break"]},{"damage_healed":0,"gold_gain":100,"player_choice":"Pray","damage_taken":0,"max_hp_gain":0,"max_hp_loss":0,"event_name":"Golden Shrine","floor":5,"gold_loss":0},{"damage_healed":0,"gold_gain":30,"player_choice":"Searched \u00271\u0027 times","damage_taken":0,"max_hp_gain":0,"max_hp_loss":0,"event_name":"Dead Adventurer","floor":13,"gold_loss":0}],"is_beta":false,"boss_relics":[],"items_purged_floors":[],"is_endless":false,"potions_floor_spawned":[3,7,10],"killed_by":"Hexaghost","ascension_level":8}}