{"host":"Kdaddybrian","time":1610164120,"event":{"mods":["AchievementEnabler","BaseMod","Bestiary","Colored Powertips","Minty Spire (QoL Compilation)","Potion Indicator Mod","Quick Restart","Rare Cards Sparkle","Relic Stats","StSLib","Uncapped"],"gold_per_floor":[115,125,140,315,325,325,359,359,429,14,28,28,88,101,101,225,225,245,261,261,186,186,186],"floor_reached":22,"playtime":702,"items_purged":["Doubt"],"score":294,"play_id":"96730896-4a09-4107-8927-fe6c6c52edf0","local_time":"20210108224840","is_ascension_mode":true,"campfire_choices":[{"data":"Capacitor","floor":6,"key":"SMITH"},{"floor":8,"key":"REST"},{"floor":15,"key":"REST"}],"circlet_count":0,"master_deck":["AscendersBane","Strike_B","Strike_B","Strike_B","Defend_B","Defend_B","Defend_B","Defend_B","Zap+1","Dualcast","Barrage","Ball Lightning","Capacitor+1","Darkness","Conserve Battery","Static Discharge","Cold Snap","Ball Lightning","Barrage","Barrage","Self Repair","Electrodynamics","Chill","Skim"],"relics":["Cracked Core","StoneCalendar","Eternal Feather","Medical Kit","Golden Idol","Boot","Fusion Hammer","Nilry\u0027s Codex"],"acts_visited":["Exordium","TheCity"],"potions_floor_usage":[7,11,13,22],"damage_taken":[{"damage":1,"enemies":"Cultist","floor":1,"turns":3},{"damage":4,"enemies":"Small Slimes","floor":2,"turns":3},{"damage":4,"enemies":"Jaw Worm","floor":3,"turns":3},{"damage":12,"enemies":"Exordium Wildlife","floor":5,"turns":4},{"damage":25,"enemies":"Lagavulin","floor":7,"turns":7},{"damage":8,"enemies":"Blue Slaver","floor":11,"turns":3},{"damage":16,"enemies":"Gremlin Nob","floor":13,"turns":3},{"damage":14,"enemies":"Red Slaver","floor":14,"turns":2},{"damage":13,"enemies":"Slime Boss","floor":16,"turns":7},{"damage":7,"enemies":"3 Byrds","floor":18,"turns":3},{"damage":21,"enemies":"Shell Parasite","floor":19,"turns":3},{"damage":16,"enemies":"Sentry and Sphere","floor":22,"turns":3}],"seed_played":"-5298686544907855989","potions_obtained":[{"floor":3,"key":"AttackPotion"},{"floor":5,"key":"ColorlessPotion"},{"floor":7,"key":"Explosive Potion"},{"floor":19,"key":"ColorlessPotion"}],"is_trial":false,"path_per_floor":["M","M","M","?","M","R","E","R","T","$","M","?","E","M","R","B",null,"M","M","?","?","M"],"character_chosen":"DEFECT","items_purchased":["Medical Kit","Conserve Battery","Static Discharge","Cold Snap","Ball Lightning"],"campfire_rested":2,"item_purchase_floors":[10,10,10,10,10],"current_hp_per_floor":[67,63,59,59,47,47,22,44,44,44,36,36,20,6,38,32,60,53,32,16,16,0,0],"gold":186,"neow_bonus":"UPGRADE_CARD","is_daily":false,"chose_seed":false,"campfire_upgraded":1,"win_rate":0.0,"timestamp":1610164120,"path_taken":["M","?","M","?","M","R","E","R","T","$","M","?","E","?","R","BOSS","M","M","?","?","M"],"items_purchased_type":["Relic","Card","Card","Card","Card"],"build_version":"2020-12-18","purchased_purges":1,"victory":false,"max_hp_per_floor":[75,75,75,75,75,75,75,75,75,75,75,69,69,69,69,69,69,69,69,69,69,69,69],"relic_stats":{"counters":[12,44],"Golden Idol":43,"StoneCalendar":[17],"Eternal Feather":12,"Medical Kit":[0],"Boot":[73],"obtain_stats":[{"Golden Idol":12,"Nilry\u0027s Codex":20,"StoneCalendar":7,"Eternal Feather":9,"Fusion Hammer":17,"Cracked Core":0,"Medical Kit":10,"Boot":13},{"Golden Idol":6,"Nilry\u0027s Codex":11,"StoneCalendar":5,"Eternal Feather":5,"Fusion Hammer":9,"Cracked Core":0,"Medical Kit":5,"Boot":7},{"Golden Idol":23,"Nilry\u0027s Codex":41,"StoneCalendar":20,"Eternal Feather":20,"Fusion Hammer":35,"Cracked Core":0,"Medical Kit":20,"Boot":26}]},"card_choices":[{"not_picked":["Steam","Redo"],"picked":"Barrage","floor":1},{"not_picked":["Reinforced Body","Conserve Battery"],"picked":"Ball Lightning","floor":2},{"not_picked":["Redo","Storm","Leap"],"picked":"SKIP","floor":3},{"not_picked":["Double Energy","Turbo"],"picked":"Capacitor","floor":5},{"not_picked":["White Noise","Steam"],"picked":"Darkness","floor":7},{"not_picked":["Creative AI","Streamline"],"picked":"Barrage","floor":11},{"not_picked":["Double Energy","Leap"],"picked":"Barrage","floor":13},{"not_picked":["Redo","Hologram"],"picked":"Self Repair","floor":14},{"not_picked":["Meteor Strike","Biased Cognition"],"picked":"Electrodynamics","floor":16},{"not_picked":["Stack+1","Coolheaded"],"picked":"Chill","floor":18},{"not_picked":["Compile Driver","Redo"],"picked":"Skim","floor":19}],"player_experience":2944635,"relics_obtained":[{"floor":7,"key":"StoneCalendar"},{"floor":9,"key":"Eternal Feather"},{"floor":13,"key":"Boot"},{"floor":20,"key":"Nilry\u0027s Codex"}],"event_choices":[{"damage_healed":0,"gold_gain":175,"player_choice":"AGREE","damage_taken":0,"max_hp_gain":0,"max_hp_loss":0,"event_name":"Liars Game","floor":4,"gold_loss":0,"cards_obtained":["Doubt"]},{"damage_healed":0,"gold_gain":0,"player_choice":"Lose Max HP","damage_taken":0,"relics_obtained":["Golden Idol"],"max_hp_gain":0,"max_hp_loss":6,"event_name":"Golden Idol","floor":12,"gold_loss":0},{"damage_healed":0,"gold_gain":0,"player_choice":"Obtained Book","damage_taken":16,"max_hp_gain":0,"max_hp_loss":0,"event_name":"Cursed Tome","floor":20,"gold_loss":0},{"cards_removed":["Strike_B"],"damage_healed":0,"gold_gain":0,"player_choice":"Gave Gold","damage_taken":0,"max_hp_gain":0,"max_hp_loss":0,"event_name":"Beggar","floor":21,"gold_loss":75}],"is_beta":true,"boss_relics":[{"not_picked":["Tiny House","Ectoplasm"],"picked":"Fusion Hammer"}],"items_purged_floors":[10],"is_endless":false,"potions_floor_spawned":[3,5,7,19],"killed_by":"Sentry and Sphere","ascension_level":10}}