{"host":"q1ejl7hv5l3527la","time":1610184164,"event":{"mods":["Aspiration","Bard","BaseMod","Better Third Choice","Colored Powertips","Downfall","Energized Spire","Hermit","Highlight Path","Hubris","Infinite Spire","Minty Spire (QoL Compilation)","Replay The Spire","Shop Mod","StSLib","The Bladedancer","The Cursed","The Juggle","The Jungle","The Runesmith"],"gold_per_floor":[110,130,142,155,44,44,77,77,103,103,203,219,237,250,250,349,349,363,33,44,7,7,7,7],"floor_reached":23,"playtime":1591,"items_purged":["champ:Strike","Replay:UnknownCurse"],"score":193,"play_id":"015a05d7-44e2-4680-8c63-2e63bb8172d8","local_time":"20210109032244","is_ascension_mode":false,"campfire_choices":[{"floor":6,"key":"REST"},{"floor":8,"key":"REST"},{"floor":15,"key":"REST"}],"circlet_count":0,"master_deck":["Strike_B","Strike_B","Strike_B","Strike_B","Defend_B","Defend_B","Defend_B","Defend_B","Zap","Dualcast","hermit:Strike_Hermit","Redo","Gash","Streamline","Auto Shields","Melter","Conserve Battery","Burn","Genetic Algorithm","Beam Cell","Gash","Thunder Strike","CommonCold","Writhe","Beam Cell","FTL","Streamline","Gash","Rip and Tear","Genetic Algorithm"],"relics":["Cracked Core","Counterbalance","Bag of Marbles","Smiling Mask","Replay:Ancient Bell","PreservedInsect","InkBottle","Unceasing Top","Lantern"],"acts_visited":["Exordium","TheCity"],"potions_floor_usage":[13,16,16,23],"damage_taken":[{"damage":8,"enemies":"Jaw Worm","floor":1,"turns":3},{"damage":0,"enemies":"2 Louse","floor":2,"turns":1},{"damage":1,"enemies":"Cultist","floor":3,"turns":3},{"damage":15,"enemies":"Lots of Slimes","floor":4,"turns":3},{"damage":31,"enemies":"Lagavulin","floor":7,"turns":6},{"damage":6,"enemies":"Exordium Wildlife","floor":12,"turns":4},{"damage":0,"enemies":"Looter","floor":13,"turns":2},{"damage":0,"enemies":"Large Slime","floor":14,"turns":4},{"damage":58,"enemies":"Hexaghost","floor":16,"turns":12},{"damage":39,"enemies":"2 Thieves","floor":18,"turns":5},{"damage":6,"enemies":"3 Byrds","floor":20,"turns":5},{"damage":47,"enemies":"Book of Stabbing","floor":23,"turns":4}],"seed_played":"-8458778622724196119","potions_obtained":[{"floor":7,"key":"Swift Potion"},{"floor":12,"key":"Block Potion"},{"floor":13,"key":"Fire Potion"},{"floor":14,"key":"FocusPotion"}],"is_trial":false,"path_per_floor":["M","M","M","M","$","R","E","R","T","?","?","M","M","M","R","B",null,"M","$","M","$","?","E"],"character_chosen":"DEFECT","items_purchased":["Melter","Lantern","FTL","Streamline","Rip and Tear"],"campfire_rested":3,"item_purchase_floors":[5,19,19,19,21],"current_hp_per_floor":[67,67,66,51,51,73,42,64,64,64,64,58,58,58,75,17,75,36,36,30,30,30,0,0],"gold":7,"neow_bonus":"ONE_RARE_RELIC","is_daily":false,"chose_seed":false,"campfire_upgraded":0,"win_rate":0.0,"timestamp":1610184164,"path_taken":["M","M","M","M","$","R","E","R","T","?","?","M","M","M","R","BOSS","M","$","M","$","?","E"],"items_purchased_type":["Card","Relic","Card","Card","Card"],"build_version":"2020-12-22","purchased_purges":2,"victory":false,"max_hp_per_floor":[75,75,75,75,75,75,75,75,75,75,75,75,75,75,75,75,75,75,75,75,75,75,75,75],"card_choices":[{"not_picked":["Barrage","Blizzard"],"picked":"Redo","floor":1},{"not_picked":["Reprogram","Chill"],"picked":"Gash","floor":2},{"not_picked":["Hologram","Go for the Eyes"],"picked":"Streamline","floor":3},{"not_picked":["ReplayTheSpireMod:GoodbyeWorld","Force Field"],"picked":"Auto Shields","floor":4},{"not_picked":["Blizzard","Thunder Strike"],"picked":"Conserve Battery","floor":7},{"not_picked":["Chill","ReplaySort"],"picked":"Genetic Algorithm","floor":12},{"not_picked":["Coolheaded","Streamline"],"picked":"Beam Cell","floor":13},{"not_picked":["Redo","Cold Snap"],"picked":"Gash","floor":14},{"not_picked":["ReplayTheSpireMod:Omega Cannon","hubris:Prefetch"],"picked":"Thunder Strike","floor":16},{"not_picked":["Voices","blademaster:WrongfulFootwork"],"picked":"CommonCold","floor":17},{"not_picked":["Doubt","Hallucinations"],"picked":"Writhe","floor":17},{"not_picked":["ReplayTheSpireMod:Restless Dread","sneckomod:Bewildered"],"picked":"Replay:UnknownCurse","floor":17},{"not_picked":["Coolheaded","Compile Driver"],"picked":"Beam Cell","floor":18},{"not_picked":["Compile Driver+1","Panic Button"],"picked":"Gash","floor":20}],"player_experience":98665,"relics_obtained":[{"floor":7,"key":"Bag of Marbles"},{"floor":9,"key":"Smiling Mask"}],"event_choices":[{"damage_healed":64,"gold_gain":0,"player_choice":"Embrace Burn","damage_taken":0,"max_hp_gain":0,"max_hp_loss":75,"event_name":"betterThird:BetterShining","floor":10,"gold_loss":0},{"damage_healed":0,"gold_gain":100,"player_choice":"Pray","damage_taken":0,"max_hp_gain":0,"max_hp_loss":0,"event_name":"Golden Shrine","floor":11,"gold_loss":0},{"damage_healed":0,"gold_gain":0,"player_choice":"Copied","damage_taken":0,"max_hp_gain":0,"max_hp_loss":0,"event_name":"Duplicator","floor":22,"gold_loss":0,"cards_obtained":["Genetic Algorithm"]}],"is_beta":false,"boss_relics":[{"not_picked":["Ring of Chaos","Busted Crown"],"picked":"Replay:Ancient Bell"},{"not_picked":["Boot","infinitespire:Beetle Shell"],"picked":"PreservedInsect"},{"not_picked":["aspiration:FetidBarrel","hubris:SoftwareUpdate"],"picked":"InkBottle"},{"not_picked":["hubris:Zylophone","Du-Vu Doll"],"picked":"Unceasing Top"}],"items_purged_floors":[5,19],"is_endless":false,"potions_floor_spawned":[7,12,13,14],"killed_by":"Book of Stabbing","ascension_level":0}}