{"host":"pno9h1fupbyz205f","time":1610154616,"event":{"mods":["Aspiration","BaseMod","Better Altar","Better Match","Better Note","Better Sensory Stone","Better Skull","Better Third Choice","Colored Map","Colored Powertips","Hubris","Infinite Spire","Jedi Mod","Mad Scientist","Marisa????????","Minty Spire (QoL Compilation)","Permanent Neow","Potionbrewer","Replay The Spire","Shop Mod","StSLib","Td1madao Mod","The Blackbeard","The Gatherer","The Hierophant","The Poker Player","The Runesmith","The Servant 0.9.4","thorton","vexMod"],"gold_per_floor":[117,117,117,5,22,22,22,22,22,22,22,22,40,40,40,59,59,164,214,241,175,75,75,75,75,127,127,127,127,127,163,163,42,42,170,170,193,193,416,458,140,140,184,213,213,246,246,221,255,19,19,19],"floor_reached":53,"playtime":2568,"items_purged":["Normality","thethorton:Strike","thethorton:Defend"],"score":962,"play_id":"2af1f0c5-68f3-459a-9c53-096982e0eb61","local_time":"20210108171016","daily_mods":["Heirloom"],"is_ascension_mode":false,"campfire_choices":[{"data":"Hidden Blade","floor":6,"key":"SMITH"},{"data":"thethorton:MomentaryBreak","floor":8,"key":"SMITH"},{"data":"thethorton:BusinessCard","floor":10,"key":"SMITH"},{"floor":25,"key":"REST"},{"data":"Burst","floor":27,"key":"SMITH"},{"data":"Hologram","floor":42,"key":"SMITH"}],"circlet_count":0,"master_deck":["thethorton:Heckle+1","thethorton:CreditCard","Burst+1","Burst+1","Hidden Blade+1","thethorton:MomentaryBreak+1","thethorton:BusinessCard+1","thethorton:HitAhead","thethorton:StampSmack+1","thethorton:FearfulRun+1","thethorton:BusinessCard+1","ReplayTheSpireMod:Chaos Vortex+1","ReplayTheSpireMod:Chaos Vortex+1","thethorton:PowerUp+1","thethorton:MomentaryBreak","Hologram+1","thethorton:DualBap+1","thethorton:LongTermPayoff+1","thethorton:OddChange","Secret Technique","MadScienceMod:ExploreOptions+1","thethorton:FearfulRun","thethorton:LongTermPayoff","thethorton:ThickSkin","Flash of Steel","thethorton:BusinessCard","Secret Weapon"],"relics":["infinitespire:Lucky Rock","Iron Core","hubris:FruitBowl","Sling","Gatherer:MistGenerator","aspiration:FetidBarrel","m_ScarletBlood","Replay:Bandana","jedi:purplefairy","blackbeard:LoadTheGoldenCannons","Replay:Multitool","aspiration:AnachronicSnailShell","thethorton:BusinessCardPrinter","Sizzling Blood","Replay:Drink Me","MealTicket","MerchantsRug","GremlinMask","Omamori","Peace Pipe","jedi:HeartOfTheCards","vexMod:Spyglass","Turnip","jedi:shrinkray","Garlic","Replay:Ringing Soul","jedi:ominousloannote","aspiration:TomeofQuesting","Vajra"],"acts_visited":["Exordium","TheCity","TheBeyond"],"potions_floor_usage":[13,18,20,20,40,43,52],"damage_taken":[{"damage":15,"enemies":"Jaw Worm","floor":1,"turns":7},{"damage":6,"enemies":"Cultist","floor":5,"turns":4},{"damage":0,"enemies":"Small Slimes","floor":13,"turns":3},{"damage":17,"enemies":"3 Louse","floor":16,"turns":3},{"damage":31,"enemies":"Fading Forest","floor":18,"turns":11},{"damage":0,"enemies":"Chosen","floor":20,"turns":3},{"damage":0,"enemies":"Gremlin Leader","floor":26,"turns":3},{"damage":0,"enemies":"3 Byrds","floor":31,"turns":4},{"damage":0,"enemies":"Collector","floor":35,"turns":6},{"damage":2,"enemies":"3 Shapes","floor":37,"turns":3},{"damage":6,"enemies":"3 Darklings","floor":40,"turns":4},{"damage":0,"enemies":"Giant Head","floor":43,"turns":7},{"damage":0,"enemies":"Sphere and 2 Shapes","floor":44,"turns":3},{"damage":0,"enemies":"Jaw Worm Horde","floor":46,"turns":3},{"damage":11,"enemies":"4 Shapes","floor":49,"turns":4},{"damage":0,"enemies":"hubris:GrandSnecko","floor":52,"turns":6}],"seed_played":"3382558293966630289","potions_obtained":[{"floor":5,"key":"ColorlessPotion"},{"floor":16,"key":"Fire Potion"},{"floor":18,"key":"potionbrewer:MidasPotion"},{"floor":19,"key":"Energy Potion"},{"floor":35,"key":"Energy Potion"},{"floor":37,"key":"Energy Potion"},{"floor":46,"key":"Adrenaline Potion"},{"floor":49,"key":"Death Potion"}],"is_trial":true,"path_per_floor":["M","?","?","$","M","R","?","R","T","R","?","?","M","PTL","PTL","M","R_BF","B",null,"M","?","$","?","$","R","E","R","T","?","AVR","M","?","$","R","B",null,"M","AVR","?","M","$","R","E","M","T","M","R","?","M","$","R_BF","B",null],"character_chosen":"THE_THORT","items_purchased":["thethorton:MomentaryBreak","hubris:EvacipatedBox","DollysMirror","Bottled Tornado","vexMod:TimeEaterHat","MerchantsRug","thethorton:LongTermPayoff","thethorton:OddChange","thethorton:FearfulRun","thethorton:LongTermPayoff","thethorton:ThickSkin","jedi:HeartOfTheCards","vexMod:Spyglass","jedi:ominousloannote","Flash of Steel","aspiration:TomeofQuesting","Vajra","thethorton:BusinessCard","Secret Weapon"],"campfire_rested":1,"item_purchase_floors":[4,24,24,24,24,33,33,33,41,41,41,41,41,50,50,50,50,50,50],"current_hp_per_floor":[53,53,53,53,50,50,36,36,43,43,43,43,51,51,51,42,42,29,80,80,80,80,80,19,43,56,56,56,48,54,55,47,55,55,55,55,55,55,21,26,41,51,55,55,55,55,55,55,54,59,59,59],"gold":19,"neow_bonus":"","is_daily":false,"chose_seed":false,"campfire_upgraded":5,"win_rate":0.0,"timestamp":1610154616,"path_taken":["M","?","?","?","?","R","?","R","T","R","?","?","?","PTL","PTL","M","R_BF","BOSS","M","?","$","?","?","R","E","R","T","?","AVR","?","?","?","R","BOSS","M","AVR","?","M","$","R","E","M","T","M","R","?","M","?","R_BF","BOSS"],"items_purchased_type":["Card","Relic","Relic","Relic","Relic","Relic","Card","Card","Card","Card","Card","Relic","Relic","Relic","Card","Relic","Relic","Card","Card"],"build_version":"2020-12-22","purchased_purges":3,"victory":true,"max_hp_per_floor":[68,68,68,68,68,68,68,68,75,75,75,75,75,75,75,75,75,75,80,80,80,80,80,80,80,80,80,80,80,55,55,55,55,55,55,55,55,55,55,55,55,55,55,55,55,55,55,55,55,59,59,59],"card_choices":[{"not_picked":["thethorton:RunningFeint","thethorton:SicklyRun","thethorton:AngerMoment"],"picked":"SKIP","floor":1},{"not_picked":["thethorton:Rebalance","thethorton:TakeAccounts"],"picked":"thethorton:BusinessCard","floor":5},{"not_picked":["thethorton:SicklyRun","thethorton:CallIn","Flying Knee"],"picked":"SKIP","floor":13},{"not_picked":["thethorton:GoldBuffer","Slice"],"picked":"thethorton:StampSmack","floor":16},{"not_picked":["thethorton:SeeingDouble","thethorton:AngerMoment"],"picked":"thethorton:FearfulRun","floor":19},{"not_picked":["thethorton:CallIn","thethorton:StumblingSlap+1"],"picked":"thethorton:BusinessCard+1","floor":20},{"not_picked":["thethorton:RunningKick","thethorton:ElbowSmash"],"picked":"thethorton:PowerUp","floor":26},{"not_picked":["thethorton:ShoutAndRun","thethorton:LongTermPayoff"],"picked":"Hologram","floor":31},{"not_picked":["thethorton:CashBash","Turbo"],"picked":"thethorton:DualBap+1","floor":32},{"not_picked":["MadScienceMod:MechanicalSnecko","Establishment"],"picked":"Secret Technique","floor":35},{"not_picked":["FIFO Queue","MadScienceMod:AcidSpray","Clothesline"],"picked":"SKIP","floor":37},{"not_picked":["Moondial+1","blackbeard:AgileStrike"],"picked":"MadScienceMod:ExploreOptions+1","floor":40},{"not_picked":["MadScienceMod:ShrinkRay+1","MadScienceMod:ImposingConstruct","MadScienceMod:NowOrNever+1"],"picked":"SKIP","floor":43},{"not_picked":["BattleHymn","potionbrewer:Experimentation+1","Rewind"],"picked":"SKIP","floor":44},{"not_picked":["potionbrewer:OneTwoPunch","PokerPlayerMod:CardBurn","PokerPlayerMod:FlyingCard+1"],"picked":"SKIP","floor":46},{"not_picked":["potionbrewer:Smokescreen+1","PiercingWail+1","WasteNot+1"],"picked":"SKIP","floor":49}],"player_experience":129432,"relics_obtained":[{"floor":9,"key":"Strawberry"},{"floor":26,"key":"hubris:Reverence"},{"floor":28,"key":"Mirror"},{"floor":32,"key":"PrismaticShard"},{"floor":43,"key":"jedi:shrinkray"},{"floor":45,"key":"Garlic"}],"event_choices":[{"damage_healed":50,"gold_gain":0,"player_choice":"Upgrade","damage_taken":14,"max_hp_gain":0,"max_hp_loss":68,"event_name":"betterThird:BetterShining","floor":7,"gold_loss":0,"cards_upgraded":["thethorton:Strike","thethorton:Strike"]},{"damage_healed":0,"gold_gain":0,"player_choice":"Paid Gold","damage_taken":0,"relics_obtained":["potionbrewer:MortarAndPestle"],"max_hp_gain":0,"max_hp_loss":0,"event_name":"WeMeetAgain","floor":21,"gold_loss":66},{"cards_removed":["Burst"],"damage_healed":0,"gold_gain":0,"player_choice":"Take \u0026 Give","damage_taken":0,"max_hp_gain":0,"max_hp_loss":0,"event_name":"betterNote:BetterNote","floor":23,"gold_loss":0,"cards_obtained":["ReplayTheSpireMod:Chaos Vortex"]},{"damage_healed":0,"gold_gain":0,"player_choice":"Anchor","damage_taken":0,"relics_obtained":["Anchor"],"max_hp_gain":0,"max_hp_loss":0,"event_name":"blackbeard:ShipwreckEvent","floor":29,"gold_loss":0},{"damage_healed":0,"gold_gain":0,"player_choice":"Trade","damage_taken":0,"relics_obtained":["GremlinMask"],"max_hp_gain":0,"max_hp_loss":0,"event_name":"FaceTrader","floor":34,"gold_loss":0},{"damage_healed":0,"gold_gain":223,"player_choice":"GO GO UP UP ","damage_taken":40,"relics_obtained":[],"max_hp_gain":0,"max_hp_loss":0,"event_name":"betterSkull:BetterSkull","floor":39,"gold_loss":0,"cards_upgraded":["thethorton:LongTermPayoff","thethorton:FearfulRun"]}],"is_beta":false,"boss_relics":[{"not_picked":["SlaversCollar","Coffee Dripper"],"picked":"Tiny House"},{"not_picked":["aspiration:RunicSpoon","hubris:CrackedHourglass"],"picked":"vexMod:EndlessSickness"}],"items_purged_floors":[4,22,24],"is_endless":false,"potions_floor_spawned":[5,16,18,35,37,46,49],"ascension_level":0}}