{"host":"r53pw7z744tg3fxg","time":1610235204,"event":{"mods":["AchievementEnabler","BaseMod","Colored Map","Colored Powertips","Highlight Path","Minty Spire (QoL Compilation)","Quick Restart","Transform Curses"],"gold_per_floor":[117,131,149,159,175,208,208,7,30,30,30,56,56,69,69,166,216,228,228,247,260,260,260],"floor_reached":22,"playtime":693,"items_purged":[],"score":317,"play_id":"8dbe4ba3-afd4-4f66-9cbb-54a6b4b88dae","local_time":"20210109163324","is_ascension_mode":true,"campfire_choices":[{"data":"Eruption","floor":10,"key":"SMITH"},{"floor":15,"key":"REST"}],"circlet_count":0,"master_deck":["AscendersBane","Strike_P","Strike_P","Strike_P","Strike_P","Defend_P","Defend_P","Defend_P","Defend_P","Eruption+1","Vigilance","Scrawl","Crescendo+1","Wallop","Conclude","WindmillStrike","FollowUp","FlurryOfBlows","Parasite","PathToVictory","Wish","EmptyBody","Judgement","DeceiveReality","BattleHymn","Evaluate","Pray"],"relics":["PureWater","Vajra","HandDrill","Omamori","Strawberry","PreservedInsect","Tiny House"],"acts_visited":["Exordium","TheCity"],"potions_floor_usage":[4,4,6,18],"damage_taken":[{"damage":5.0,"enemies":"2 Louse","floor":1.0,"turns":3.0},{"damage":0.0,"enemies":"Jaw Worm","floor":2.0,"turns":3.0},{"damage":0.0,"enemies":"Cultist","floor":3.0,"turns":2.0},{"damage":0,"enemies":"2 Fungi Beasts","floor":4,"turns":1},{"damage":0,"enemies":"Red Slaver","floor":5,"turns":3},{"damage":22,"enemies":"Lagavulin","floor":6,"turns":3},{"damage":22,"enemies":"Gremlin Nob","floor":12,"turns":3},{"damage":17,"enemies":"Exordium Thugs","floor":14,"turns":5},{"damage":20,"enemies":"Slime Boss","floor":16,"turns":5},{"damage":9,"enemies":"Chosen","floor":18,"turns":5},{"damage":18,"enemies":"Shell Parasite","floor":20,"turns":3},{"damage":38,"enemies":"Snake Plant","floor":21,"turns":4}],"seed_played":"3009401862235212601","potions_obtained":[{"floor":1.0,"key":"FearPotion"},{"floor":3.0,"key":"Fire Potion"},{"floor":4,"key":"PowerPotion"},{"floor":16,"key":"Fire Potion"},{"floor":17,"key":"Weak Potion"}],"is_trial":false,"path_per_floor":["M","M","M","M","M","E","?","$","T","R","$","E","?","M","R","B",null,"M","?","M","M","?"],"character_chosen":"WATCHER","items_purchased":["HandDrill","PathToVictory"],"campfire_rested":1,"item_purchase_floors":[8,8],"current_hp_per_floor":[60,60,60,60,60,38,56,56,56,56,56,41,41,24,47,27,71,62,62,44,6,0,0],"gold":260,"neow_bonus":"ONE_RANDOM_RARE_CARD","is_daily":false,"chose_seed":false,"campfire_upgraded":1,"win_rate":0.0,"timestamp":1610235204,"path_taken":["M","M","M","M","M","E","?","$","T","R","$","E","?","M","R","BOSS","M","?","M","M","?"],"items_purchased_type":["Relic","Card"],"build_version":"2020-12-22","purchased_purges":0,"victory":false,"max_hp_per_floor":[72,72,72,72,72,72,72,72,72,72,72,79,79,79,79,79,84,84,84,84,84,84,84],"card_choices":[{"not_picked":["SignatureMove","FlyingSleeves"],"picked":"Crescendo","floor":1.0},{"not_picked":["Adaptation","ThirdEye"],"picked":"Wallop","floor":2.0},{"not_picked":["FlurryOfBlows","Halt"],"picked":"Conclude","floor":3.0},{"not_picked":["Fasting2","Wireheading"],"picked":"WindmillStrike","floor":4},{"not_picked":["Crescendo","FlyingSleeves"],"picked":"FollowUp","floor":5},{"not_picked":["Crescendo","MentalFortress"],"picked":"FlurryOfBlows","floor":6},{"not_picked":["Weave","WreathOfFlame"],"picked":"Wish","floor":12},{"not_picked":["Vengeance","JustLucky"],"picked":"EmptyBody","floor":14},{"not_picked":["Wish","ConjureBlade"],"picked":"Judgement","floor":16},{"not_picked":["CrushJoints","Indignation"],"picked":"DeceiveReality","floor":17},{"not_picked":["WindmillStrike","Nirvana","Crescendo+1"],"picked":"SKIP","floor":18},{"not_picked":["TalkToTheHand+1","Collect"],"picked":"Evaluate","floor":20},{"not_picked":["EmptyFist","FlurryOfBlows"],"picked":"Pray","floor":21}],"player_experience":1221177,"relics_obtained":[{"floor":6,"key":"Vajra"},{"floor":9,"key":"Omamori"},{"floor":12,"key":"Strawberry"}],"event_choices":[{"damage_healed":18,"gold_gain":0,"player_choice":"Healed and dodged fight","damage_taken":0,"max_hp_gain":0,"max_hp_loss":0,"event_name":"Mushrooms","floor":7,"gold_loss":0,"cards_obtained":["Parasite"]},{"damage_healed":0,"gold_gain":0,"player_choice":"Box","damage_taken":0,"relics_obtained":["PreservedInsect"],"max_hp_gain":0,"max_hp_loss":0,"event_name":"Big Fish","floor":13,"gold_loss":0,"cards_obtained":["Regret"]},{"damage_healed":0,"gold_gain":0,"player_choice":"Read","damage_taken":0,"max_hp_gain":0,"max_hp_loss":0,"event_name":"The Library","floor":19,"gold_loss":0,"cards_obtained":["BattleHymn"]},{"damage_healed":0,"gold_gain":0,"player_choice":"Joined the Cult","damage_taken":6,"max_hp_gain":0,"max_hp_loss":0,"event_name":"Nest","floor":22,"gold_loss":0,"cards_obtained":["RitualDagger"]}],"is_beta":false,"boss_relics":[{"not_picked":["Astrolabe","Sozu"],"picked":"Tiny House"}],"items_purged_floors":[],"is_endless":false,"potions_floor_spawned":[1,3,4,16],"ascension_level":12}}