{"host":"3asmp5aovk69ekg9","time":1610180499,"event":{"mods":["100% Spire Juice","BaseMod","BetterRewards","Colored Map","Colored Powertips","Dark Map","Hermit","Koishi","Magitek Elite","Minty Spire (QoL Compilation)","Permanent Neow","Remove Card Discount Mod","Shade Mod","StSLib","The Alterego","The Cursed","The Death Knight","The Fake Hero","The IronCluck","The Marked","The Senshi","The Wild Card"],"gold_per_floor":[149,185,185,250,250,300,342,383,383,400,457,457,120,158,158,256,256,293,347,361,12,12,12,39,39,39,81,81,141,159,173,173,269,269,286,330,330,330,346,371,371,400,425,172,190,201,227,245,245,245],"floor_reached":51,"playtime":8470,"items_purged":["Moonworks:Strike","Moonworks:Strike","Moonworks:Assault","Moonworks:Defend","Moonworks:Strike","Moonworks:Strike","Moonworks:Defend","Moonworks:Ambush","Moonworks:Defend","Moonworks:Defend"],"score":814,"play_id":"d65366dc-f451-4ec5-a10b-d7756f7a6520","local_time":"20210109002139","is_ascension_mode":false,"campfire_choices":[{"data":"Moonworks:CloudOfSeagulls","floor":12.0,"key":"SMITH"},{"data":"Moonworks:RagingMadness","floor":15.0,"key":"SMITH"},{"data":"Moonworks:CloudOfSeagulls","floor":23.0,"key":"SMITH"},{"data":"Panacea","floor":25.0,"key":"SMITH"},{"data":"Moonworks:Wanted","floor":32.0,"key":"SMITH"},{"data":"Moonworks:SubspaceTunnel","floor":41.0,"key":"SMITH"},{"data":"Moonworks:DeployBits","floor":49,"key":"SMITH"}],"circlet_count":0,"master_deck":["Moonworks:LongDistanceShot","Moonworks:RagingMadness+1","Moonworks:Dinner","Panacea+1","Moonworks:CookingTime","Moonworks:DeployBits+1","Moonworks:JonathanRush+1","Moonworks:LulusLuckyEgg","Moonworks:DeployBits","Moonworks:LulusLuckyEgg","Moonworks:JonathanRush+1","Moonworks:CloudOfSeagulls+1","Moonworks:MiracleWalker","Moonworks:ForcedRevival","Moonworks:StiffCrystal","Moonworks:Wanted+1","Moonworks:WindyEnchantment+1","Moonworks:LulusLuckyEgg","Moonworks:CloudOfSeagulls+1","Moonworks:DeployBits+1","Moonworks:ForcedRevival","Moonworks:TreasureThief","Moonworks:SubspaceTunnel+1","Moonworks:RagingMadness","Moonworks:NicePresent+1","Forethought","Moonworks:WindyEnchantment","Moonworks:LuckyCharm","Moonworks:SakisCookie+1","Moonworks:WindyEnchantment+1","Moonworks:WindyEnchantment"],"relics":["Moonworks:BrokenBomb","Moonworks:Homemark","Medical Kit","Shuriken","Anchor","DeathKnight:PutricidesVial","Angel_Ring","Black Star","Red Mask","theSenshi:SpiralHeartMoonRodRelic","Pen Nib","Bottled Tornado","CaptainsWheel","Lantern","Whetstone","Gem_Box","Darkstone Periapt","Omamori","Ribbon","Bottled Lightning","Oddly Smooth Stone","Old Coin","Orichalcum","Centennial Puzzle"],"acts_visited":["Exordium","TheCity","TheBeyond"],"potions_floor_usage":[47],"damage_taken":[{"damage":1.0,"enemies":"Small Slimes","floor":1.0,"turns":6.0},{"damage":0.0,"enemies":"2 Louse","floor":2.0,"turns":3.0},{"damage":13.0,"enemies":"Lagavulin","floor":6.0,"turns":7.0},{"damage":14.0,"enemies":"Jaw Worm","floor":7.0,"turns":4.0},{"damage":1.0,"enemies":"Looter","floor":8.0,"turns":4.0},{"damage":18.0,"enemies":"Large Slime","floor":10.0,"turns":5.0},{"damage":14.0,"enemies":"3 Sentries","floor":11.0,"turns":6.0},{"damage":3.0,"enemies":"2 Fungi Beasts","floor":14.0,"turns":4.0},{"damage":8.0,"enemies":"Hexaghost","floor":16.0,"turns":9.0},{"damage":12.0,"enemies":"3 Byrds","floor":18.0,"turns":6.0},{"damage":18.0,"enemies":"Masked Bandits","floor":19.0,"turns":5.0},{"damage":4.0,"enemies":"2 Thieves","floor":20.0,"turns":4.0},{"damage":25.0,"enemies":"Gremlin Leader","floor":24.0,"turns":7.0},{"damage":11.0,"enemies":"Centurion and Healer","floor":27.0,"turns":6.0},{"damage":10.0,"enemies":"Slavers","floor":29.0,"turns":6.0},{"damage":17.0,"enemies":"Cultist and Chosen","floor":30.0,"turns":6.0},{"damage":3.0,"enemies":"Snecko","floor":31.0,"turns":5.0},{"damage":18.0,"enemies":"Collector","floor":33.0,"turns":7.0},{"damage":16.0,"enemies":"Orb Walker","floor":35.0,"turns":4.0},{"damage":14.0,"enemies":"3 Shapes","floor":36.0,"turns":4.0},{"damage":14.0,"enemies":"3 Darklings","floor":39.0,"turns":6.0},{"damage":16.0,"enemies":"Giant Head","floor":40.0,"turns":7.0},{"damage":11,"enemies":"Reptomancer","floor":42,"turns":4},{"damage":18,"enemies":"2 Orb Walkers","floor":44,"turns":5},{"damage":0,"enemies":"Sphere and 2 Shapes","floor":45,"turns":3},{"damage":0,"enemies":"Spire Growth","floor":46,"turns":5},{"damage":30,"enemies":"Nemesis","floor":47,"turns":7},{"damage":33,"enemies":"4 Shapes","floor":48,"turns":6},{"damage":31,"enemies":"Awakened One","floor":50,"turns":9}],"seed_played":"-726938440884800765","potions_obtained":[{"floor":2.0,"key":"Dexterity Potion"},{"floor":8.0,"key":"Swift Potion"},{"floor":10.0,"key":"Block Potion"},{"floor":11.0,"key":"DeathKnight:RimePotion"},{"floor":16.0,"key":"Ancient Potion"},{"floor":27.0,"key":"Dexterity Potion"},{"floor":29.0,"key":"Explosive Potion"},{"floor":36.0,"key":"Fire Potion"},{"floor":44,"key":"PowerPotion"},{"floor":45,"key":"Weak Potion"},{"floor":47,"key":"CultistPotion"},{"floor":48,"key":"DuplicationPotion"}],"is_trial":false,"path_per_floor":["M","M","?","?","?","E","M","M","T","M","E","R","$","M","R","B",null,"M","?","M","$","?","R","E","R","T","M","?","E","M","M","R","B",null,"M","M","?","?","M","E","R","E","T","?","M","M","E","M","R","B",null],"character_chosen":"THE_STARBREAKER","items_purchased":["Medical Kit","Moonworks:RagingMadness","HandOfGreed","Moonworks:Dinner","Panacea","Moonworks:Assault","Moonworks:CookingTime","Moonworks:DeployBits","PowerPotion","EssenceOfSteel","Moonworks:ForcedRevival","DeathKnight:PutricidesVial","Angel_Ring","theSenshi:SpiralHeartMoonRodRelic","Moonworks:CloudOfSeagulls"],"campfire_rested":0,"item_purchase_floors":[0,0,0,0,0,0,0,0,0,0,13,13,13,21,21],"current_hp_per_floor":[38,46,51,51,51,44,36,38,38,29,15,15,15,22,22,27,65,53,46,50,50,50,50,44,44,44,48,48,63,52,61,61,52,65,56,63,63,75,75,74,74,70,70,67,75,75,63,59,59,62],"gold":245,"neow_bonus":"","is_daily":false,"chose_seed":false,"campfire_upgraded":7,"win_rate":0.0,"timestamp":1610180499,"path_taken":["M","M","?","?","?","E","M","M","T","M","E","R","$","M","R","BOSS","M","?","M","$","?","R","E","R","T","M","?","E","M","M","R","BOSS","M","M","?","?","?","E","R","E","T","?","M","M","E","M","R","BOSS"],"items_purchased_type":["Relic","Card","Card","Card","Card","Card","Card","Card","Potion","Potion","Card","Relic","Relic","Relic","Card"],"build_version":"2020-12-22","purchased_purges":10,"victory":true,"max_hp_per_floor":[60,60,65,65,65,65,65,65,65,65,65,65,65,65,65,65,65,65,65,65,65,65,65,65,65,65,65,65,65,65,65,65,65,65,65,65,65,75,75,75,75,75,75,75,75,75,75,75,75,75],"card_choices":[{"not_picked":["Moonworks:SealedMemories","Moonworks:Assault"],"picked":"Moonworks:JonathanRush","floor":1.0},{"not_picked":["Moonworks:SakisCookie","Moonworks:CastOff"],"picked":"Moonworks:LulusLuckyEgg","floor":2.0},{"not_picked":["Moonworks:MiracleRedBeanIceCream","Moonworks:PlushieMaster"],"picked":"Moonworks:DeployBits","floor":6.0},{"not_picked":["Moonworks:CastOff","Moonworks:ImOnFire"],"picked":"Moonworks:LulusLuckyEgg","floor":7.0},{"not_picked":["Moonworks:ImOnFire","Moonworks:IndiscriminateFireSupport"],"picked":"Moonworks:JonathanRush","floor":8.0},{"not_picked":["Moonworks:BigMagnum","Moonworks:EvilSpyWorkPreparation"],"picked":"Moonworks:CloudOfSeagulls","floor":10.0},{"not_picked":["Moonworks:CompletionReward","Moonworks:Blazing"],"picked":"Moonworks:MiracleWalker","floor":11.0},{"not_picked":["Moonworks:CloudOfSeagulls","Moonworks:Assault"],"picked":"Moonworks:StiffCrystal","floor":14.0},{"not_picked":["Moonworks:AccelHyper","Moonworks:WeAreWaruda"],"picked":"Moonworks:Wanted","floor":16.0},{"not_picked":["Moonworks:JonathanRush","Moonworks:EvilSpyWorkPreparation"],"picked":"Moonworks:WindyEnchantment+1","floor":18.0},{"not_picked":["Moonworks:SakisCookie","Moonworks:DeployBits"],"picked":"Moonworks:LulusLuckyEgg","floor":20.0},{"not_picked":["Moonworks:SubspaceTunnel","Moonworks:Blazing"],"picked":"Moonworks:DeployBits+1","floor":24.0},{"not_picked":["Moonworks:IndiscriminateFireSupport","Moonworks:DeployBits+1"],"picked":"Moonworks:ForcedRevival","floor":27.0},{"not_picked":["Moonworks:Heat300Percent","Moonworks:Assault"],"picked":"Moonworks:TreasureThief","floor":29.0},{"not_picked":["Moonworks:RedAndBlue","Moonworks:SakisCookie+1","Moonworks:SelfDestruct+1"],"picked":"SKIP","floor":30.0},{"not_picked":["Moonworks:Assault+1","Moonworks:IndiscriminateFireSupport+1","Moonworks:AngelHand+1"],"picked":"SKIP","floor":31.0},{"not_picked":["Moonworks:PlushieMaster","Moonworks:Accelerator"],"picked":"Moonworks:SubspaceTunnel","floor":33.0},{"not_picked":["Moonworks:SealedMemories","Moonworks:AngelHand+1"],"picked":"Moonworks:RagingMadness","floor":35.0},{"not_picked":["Moonworks:FullSpeedAlicianrone+1","Moonworks:SelfDestruct"],"picked":"Moonworks:NicePresent+1","floor":36.0},{"not_picked":["Blind","The Bomb"],"picked":"Forethought","floor":37.0},{"not_picked":["Moonworks:RagingMadness","Moonworks:EvilSpyWorkPreparation+1","Moonworks:AngelHand"],"picked":"SKIP","floor":39.0},{"not_picked":["Moonworks:SealedMemories","Moonworks:IndiscriminateFireSupport+1","Moonworks:ImOnFire+1"],"picked":"SKIP","floor":40.0},{"not_picked":["Moonworks:DevilHand+1","Moonworks:FinalBattle"],"picked":"Moonworks:WindyEnchantment","floor":42},{"not_picked":["Moonworks:CastOff+1","Moonworks:Assault+1"],"picked":"Moonworks:LuckyCharm","floor":44},{"not_picked":["Moonworks:ImOnFire+1","Moonworks:Assault+1"],"picked":"Moonworks:SakisCookie+1","floor":45},{"not_picked":["Moonworks:IndiscriminateFireSupport+1","Moonworks:ImOnFire+1"],"picked":"Moonworks:WindyEnchantment+1","floor":46},{"not_picked":["Moonworks:RedAndBlue","Moonworks:DeployBits","Moonworks:Assault"],"picked":"SKIP","floor":47},{"not_picked":["Moonworks:Assault+1","Moonworks:UnpaidWork+1"],"picked":"Moonworks:WindyEnchantment","floor":48}],"player_experience":1194018,"relics_obtained":[{"floor":6.0,"key":"Shuriken"},{"floor":11.0,"key":"Anchor"},{"floor":19.0,"key":"Red Mask"},{"floor":24.0,"key":"Pen Nib"},{"floor":24.0,"key":"Bottled Tornado"},{"floor":26.0,"key":"CaptainsWheel"},{"floor":29.0,"key":"Lantern"},{"floor":29.0,"key":"Whetstone"},{"floor":40.0,"key":"Darkstone Periapt"},{"floor":40.0,"key":"Omamori"},{"floor":42,"key":"Ribbon"},{"floor":42,"key":"Bottled Lightning"},{"floor":43,"key":"Oddly Smooth Stone"},{"floor":44,"key":"Old Coin"},{"floor":47,"key":"Orichalcum"},{"floor":47,"key":"Centennial Puzzle"}],"event_choices":[{"damage_healed":0.0,"max_hp_gain":5.0,"max_hp_loss":0.0,"gold_gain":0.0,"event_name":"Big Fish","player_choice":"Donut","floor":3.0,"gold_loss":0.0,"damage_taken":0.0},{"damage_healed":0.0,"max_hp_gain":0.0,"max_hp_loss":0.0,"gold_gain":65.0,"event_name":"Golden Wing","player_choice":"Gained Gold","floor":4.0,"gold_loss":0.0,"damage_taken":0.0},{"damage_healed":0.0,"max_hp_gain":0.0,"max_hp_loss":0.0,"gold_gain":0.0,"event_name":"Living Wall","player_choice":"Grow","floor":5.0,"gold_loss":0.0,"damage_taken":0.0,"cards_upgraded":["HandOfGreed"]},{"damage_healed":0.0,"max_hp_gain":0.0,"max_hp_loss":0.0,"gold_gain":0.0,"event_name":"Masked Bandits","player_choice":"Fought Bandits","floor":19.0,"gold_loss":0.0,"damage_taken":0.0},{"damage_healed":0.0,"max_hp_gain":0.0,"max_hp_loss":0.0,"gold_gain":0.0,"event_name":"Back to Basics","player_choice":"Simplicity","floor":28.0,"gold_loss":0.0,"damage_taken":0.0,"cards_upgraded":[]},{"damage_healed":0.0,"max_hp_gain":0.0,"max_hp_loss":0.0,"gold_gain":0.0,"event_name":"SensoryStone","player_choice":"Memory 1","floor":37.0,"gold_loss":0.0,"damage_taken":0.0},{"cards_removed":["HandOfGreed"],"damage_healed":2.0,"max_hp_gain":10.0,"max_hp_loss":0.0,"gold_gain":0.0,"event_name":"Bonfire Elementals","player_choice":"Offered Rare","floor":38.0,"gold_loss":0.0,"damage_taken":0.0},{"damage_healed":0,"gold_gain":0,"player_choice":"Fight","damage_taken":0,"max_hp_gain":0,"max_hp_loss":0,"event_name":"Mysterious Sphere","floor":44,"gold_loss":0}],"is_beta":false,"boss_relics":[{"not_picked":["Calling Bell","Velvet Choker"],"picked":"Black Star"},{"not_picked":["Pandora\u0027s Box","theSenshi:MoonKaleidoScopeRelic"],"picked":"Gem_Box"}],"items_purged_floors":[0,0,0,0,13,13,13,13,13,21],"is_endless":false,"potions_floor_spawned":[2,8,10,11,16,18,27,29,30,31,36,44,45,47,48],"ascension_level":0}}