{"host":"vx45j8cu2uwqk4g9","time":1610194179,"event":{"mods":["BaseMod","Marisa£®ÏF”Í°°ƒß¿Ì…≥£©","Minty Spire (QoL Compilation)","Remilia£®¿Ÿ√◊¿Ú—«£©","Replay The Spire","StSLib","The Servant 0.9.4","Yakumo Yukari mod"],"gold_per_floor":[134,309,309,309,323,350,350,350,398,410,432,464,486,516,528,638,650,672,697,478,488,488,488,488,488],"floor_reached":24,"playtime":1979,"items_purged":["Boundary_ObjectiveBoundary_purple"],"score":223,"play_id":"405b0251-3de6-4102-bc95-5f4eb4a6b17b","local_time":"20210109200939","is_ascension_mode":false,"campfire_choices":[{"floor":7,"key":"RECALL"},{"data":"Charmbait_purple","floor":10,"key":"SMITH"},{"data":"RuleDissolution_purple","floor":15,"key":"SMITH"},{"data":"RuptureOfTimeAndSpace_purple","floor":23,"key":"SMITH"}],"circlet_count":0,"master_deck":["AT_purpleEX","AT_purpleEX","AT_purpleEX","AT_purpleEX","Defend_purpleEX","Defend_purpleEX","Defend_purpleEX","Defend_purpleEX","Observe_purple_1","Observe_purple_2+1","Charmbait_purple+1","Doubt","WeekHit_purple","CommonSense_AntiCommonSense_purple","RuleDissolution_purple+1","StateErode_purple","Boundary_LightAndDark_purple","Monsters_DoubleDeathButterfly_purple+1","WangLiang_OokamiKakushi_purple+1","StateErode_purple","Fancifulhole_purple+1","RuptureOfTimeAndSpace_purple+1","Writhe"],"relics":["Boundary_crack","Memoryfragments_purpleEX","NeowsBlessing","Golden Egg","Nunchaku","MawBank","Runic Pyramid","Simple Rune"],"acts_visited":["Exordium","TheCity"],"potions_floor_usage":[16,19,24],"damage_taken":[{"damage":0,"enemies":"Jaw Worm","floor":1,"turns":1},{"damage":0,"enemies":"2 Louse","floor":5,"turns":1},{"damage":20,"enemies":"3 Sentries","floor":6,"turns":1},{"damage":0,"enemies":"Small Slimes","floor":11,"turns":2},{"damage":0,"enemies":"Gremlin Gang","floor":12,"turns":4},{"damage":8,"enemies":"Exordium Wildlife","floor":13,"turns":4},{"damage":13,"enemies":"Red Slaver","floor":14,"turns":4},{"damage":30,"enemies":"The Guardian","floor":16,"turns":8},{"damage":15,"enemies":"Chosen","floor":18,"turns":4},{"damage":7,"enemies":"3 Byrds","floor":19,"turns":6},{"damage":15,"enemies":"Centurion and Healer","floor":21,"turns":6},{"damage":56,"enemies":"Gremlin Leader","floor":24,"turns":3}],"seed_played":"887670277198920723","potions_obtained":[{"floor":6,"key":"Swift Potion"},{"floor":12,"key":"Toxic Potion"},{"floor":16,"key":"Elixir"},{"floor":21,"key":"AttackPotion"}],"is_trial":false,"path_per_floor":["M","?","?","?","M","E","R","T","T","R","M","M","M","M","R","B",null,"M","M","$","M","?","R","E"],"character_chosen":"Youkari","items_purchased":["Fancifulhole_purple"],"campfire_rested":0,"item_purchase_floors":[20],"current_hp_per_floor":[70,70,67,67,67,47,47,47,47,47,48,48,45,37,37,17,70,64,61,61,56,56,56,0,0],"gold":488,"neow_bonus":"THREE_ENEMY_KILL","is_daily":false,"chose_seed":false,"campfire_upgraded":3,"win_rate":0.0,"timestamp":1610194179,"path_taken":["M","?","?","?","?","E","R","?","T","R","M","?","M","M","R","BOSS","M","M","$","?","?","R","E"],"items_purchased_type":["Card"],"build_version":"2020-12-22","purchased_purges":1,"victory":false,"max_hp_per_floor":[70,70,70,70,70,70,70,70,70,70,70,70,70,70,70,70,70,70,70,70,70,70,70,70,70],"card_choices":[{"not_picked":["OmniscientAndOmnipotent_Monster_purple","EighthInstrument_OneDividesIntoTwo_purple"],"picked":"Charmbait_purple","floor":1},{"not_picked":["Worldmountain_purple","SfantasyHide_purple"],"picked":"WeekHit_purple","floor":5},{"not_picked":["SfantasyHide_purple","MeetDecomposer_purple"],"picked":"CommonSense_AntiCommonSense_purple","floor":6},{"not_picked":["StateDuplicate_purple","AdvanceAttack_purple"],"picked":"RuleDissolution_purple","floor":11},{"not_picked":["Boundary_LightAndDark_purple","Line_surface_state_purple"],"picked":"StateErode_purple","floor":12},{"not_picked":["Mirror_FormAndEmptin_purple","Fantasy_PerpetualMotionMachine_purple"],"picked":"Boundary_LightAndDark_purple","floor":13},{"not_picked":["Mirror_FormAndEmptin_purple","RuleDissolution_purple"],"picked":"Monsters_DoubleDeathButterfly_purple","floor":14},{"not_picked":["Theboundaryofcreation_purpleEX","LoveAcrossDimensions_purple"],"picked":"WangLiang_OokamiKakushi_purple","floor":16},{"not_picked":["Realm_recovery_purpleEX+1","Photoelasticity_Doppler_Effect_purple"],"picked":"Boundary_ObjectiveBoundary_purple","floor":18},{"not_picked":["ExistenceContinue_purple","Shallow_ocean_purpleEX"],"picked":"StateErode_purple","floor":19},{"not_picked":["Shallow_ocean_purpleEX","AdvanceAttack_purple"],"picked":"RuptureOfTimeAndSpace_purple","floor":21}],"player_experience":152022,"relics_obtained":[{"floor":6,"key":"Nunchaku"},{"floor":9,"key":"MawBank"}],"event_choices":[{"damage_healed":0,"gold_gain":175,"player_choice":"AGREE","damage_taken":0,"max_hp_gain":0,"max_hp_loss":0,"event_name":"Liars Game","floor":2,"gold_loss":0,"cards_obtained":["Doubt"]},{"damage_healed":0,"gold_gain":0,"player_choice":"Success","damage_taken":3,"relics_obtained":["Golden Egg"],"max_hp_gain":0,"max_hp_loss":0,"event_name":"Scrap Ooze","floor":3,"gold_loss":0},{"damage_healed":0,"gold_gain":0,"player_choice":"Forge","damage_taken":0,"max_hp_gain":0,"max_hp_loss":0,"event_name":"Accursed Blacksmith","floor":4,"gold_loss":0,"cards_upgraded":["Observe_purple_2"]},{"damage_healed":0,"gold_gain":0,"player_choice":"Opened","damage_taken":0,"relics_obtained":["Simple Rune"],"max_hp_gain":0,"max_hp_loss":0,"event_name":"The Mausoleum","floor":22,"gold_loss":0,"cards_obtained":["Writhe"]}],"is_beta":false,"boss_relics":[{"not_picked":["Kintsugi","Coffee Dripper"],"picked":"Runic Pyramid"}],"items_purged_floors":[20],"is_endless":false,"potions_floor_spawned":[6,12,16,21],"killed_by":"Gremlin Leader","ascension_level":0}}