{"host":"8f8ps4z875kp1oop","time":1610163857,"event":{"mods":["BaseMod","Colored Map","Minty Spire (QoL Compilation)"],"gold_per_floor":[115,25,25,0,0,33,33,58,58,87,87,107,107,126,126,200,200,214,214,240,240,155,155,190,19,19,19,30,30,30,55,55,55,55],"floor_reached":33,"playtime":1674,"items_purged":[],"score":634,"play_id":"871f5734-dc42-46e3-af72-d62da3a3bdfa","local_time":"20210108224417","is_ascension_mode":true,"campfire_choices":[{"floor":7.0,"key":"REST"},{"floor":13.0,"key":"REST"},{"floor":15.0,"key":"REST"},{"data":"Ghostly","floor":23.0,"key":"SMITH"},{"floor":27,"key":"REST"},{"data":"Ghostly","floor":30,"key":"SMITH"},{"data":"Ghostly","floor":32,"key":"SMITH"}],"circlet_count":0,"master_deck":["AscendersBane","Strike_B+1","Strike_B","Defend_B+1","Defend_B","Defend_B","Zap","Dualcast","Ball Lightning+1","Auto Shields+1","Go for the Eyes","Loop","Undo","Sunder+1","Coolheaded","FTL+1","Amplify","Capacitor+1","Ghostly+1","Ghostly+1","Ghostly+1","Writhe","Glacier","Defragment","Static Discharge","All For One+1"],"relics":["Cracked Core","NeowsBlessing","Ornamental Fan","Strawberry","Molten Egg 2","Whetstone","Black Star","Pen Nib","Bag of Preparation","Blood Vial","Tiny Chest","Pantograph","PreservedInsect","Letter Opener","Vajra"],"acts_visited":["Exordium","TheCity"],"potions_floor_usage":[24],"damage_taken":[{"damage":0.0,"enemies":"Cultist","floor":1.0,"turns":1.0},{"damage":0.0,"enemies":"Gremlin Nob","floor":6.0,"turns":1.0},{"damage":0.0,"enemies":"Lagavulin","floor":8.0,"turns":1.0},{"damage":63.0,"enemies":"Gremlin Nob","floor":10.0,"turns":5.0},{"damage":0.0,"enemies":"Jaw Worm","floor":12.0,"turns":3.0},{"damage":0.0,"enemies":"Small Slimes","floor":14.0,"turns":1.0},{"damage":22.0,"enemies":"Hexaghost","floor":16.0,"turns":11.0},{"damage":19.0,"enemies":"3 Byrds","floor":18.0,"turns":5.0},{"damage":22,"enemies":"Book of Stabbing","floor":24,"turns":6},{"damage":2,"enemies":"Chosen","floor":28,"turns":8},{"damage":75,"enemies":"Automaton","floor":33,"turns":6}],"seed_played":"1537880521210435743","potions_obtained":[{"floor":10.0,"key":"Block Potion"},{"floor":12.0,"key":"PowerPotion"},{"floor":18.0,"key":"EssenceOfDarkness"},{"floor":24,"key":"Weak Potion"}],"is_trial":false,"path_per_floor":["M","$","?","$","?","E","R","E","T","E","?","M","R","M","R","B",null,"M","?","T","?","?","R","E","$","T","R","M","?","R","T","R","B"],"character_chosen":"DEFECT","items_purchased":["Auto Shields","Go for the Eyes","PreservedInsect"],"campfire_rested":4,"item_purchase_floors":[2,4,25],"current_hp_per_floor":[64,64,43,43,36,36,57,64,64,1,1,1,24,24,47,25,65,46,39,39,39,39,39,17,17,17,28,28,28,28,28,28,0,0],"gold":55,"neow_bonus":"THREE_ENEMY_KILL","is_daily":false,"chose_seed":false,"campfire_upgraded":3,"win_rate":0.0,"timestamp":1610163857,"path_taken":["M","$","?","$","?","E","R","E","T","E","?","M","R","M","R","BOSS","M","?","?","?","?","R","E","?","T","R","?","?","R","?","R","BOSS"],"items_purchased_type":["Card","Card","Relic"],"build_version":"2020-12-22","purchased_purges":0,"victory":false,"max_hp_per_floor":[71,71,71,71,71,71,71,78,78,78,78,78,78,78,78,78,78,78,39,39,39,39,39,39,39,39,39,39,39,39,39,39,39,39],"card_choices":[{"not_picked":["Melter","Conserve Battery"],"picked":"Ball Lightning","floor":1.0},{"not_picked":["Fusion","Meteor Strike"],"picked":"Loop","floor":6.0},{"not_picked":["Chill","Sweeping Beam"],"picked":"Undo","floor":8.0},{"not_picked":["Seek","Steam"],"picked":"Sunder+1","floor":10.0},{"not_picked":["Recycle","Loop"],"picked":"Coolheaded","floor":12.0},{"not_picked":["Turbo","Compile Driver+1"],"picked":"FTL+1","floor":14.0},{"not_picked":["Creative AI","Echo Form"],"picked":"Amplify","floor":16.0},{"not_picked":["Leap","Gash+1"],"picked":"Capacitor+1","floor":18.0},{"not_picked":["Consume","Go for the Eyes+1"],"picked":"Glacier","floor":24},{"not_picked":["Hologram","Redo"],"picked":"Defragment","floor":28}],"player_experience":395786,"relics_obtained":[{"floor":6.0,"key":"Ornamental Fan"},{"floor":8.0,"key":"Strawberry"},{"floor":9.0,"key":"Molten Egg 2"},{"floor":10.0,"key":"Whetstone"},{"floor":20.0,"key":"Pen Nib"},{"floor":24,"key":"Tiny Chest"},{"floor":24,"key":"Pantograph"},{"floor":26,"key":"Letter Opener"},{"floor":31,"key":"Vajra"}],"event_choices":[{"damage_healed":0.0,"max_hp_gain":0.0,"max_hp_loss":0.0,"gold_gain":0.0,"event_name":"Shining Light","player_choice":"Entered Light","floor":3.0,"gold_loss":0.0,"damage_taken":21.0,"cards_upgraded":["Defend_B","Auto Shields"]},{"cards_removed":["Strike_B"],"damage_healed":0.0,"max_hp_gain":0.0,"max_hp_loss":0.0,"gold_gain":0.0,"event_name":"Golden Wing","player_choice":"Card Removal","floor":5.0,"gold_loss":0.0,"damage_taken":7.0},{"damage_healed":0.0,"max_hp_gain":0.0,"max_hp_loss":0.0,"gold_gain":0.0,"event_name":"Dead Adventurer","player_choice":"Searched \u00270\u0027 times","floor":11.0,"gold_loss":0.0,"damage_taken":0.0},{"damage_healed":0.0,"max_hp_gain":0.0,"max_hp_loss":39.0,"gold_gain":0.0,"event_name":"Ghosts","player_choice":"Became a Ghost","floor":19.0,"gold_loss":0.0,"damage_taken":0.0,"cards_obtained":["Ghostly","Ghostly","Ghostly"]},{"damage_healed":0.0,"max_hp_gain":0.0,"max_hp_loss":0.0,"gold_gain":0.0,"event_name":"The Mausoleum","player_choice":"Opened","floor":21.0,"gold_loss":0.0,"damage_taken":0.0,"relics_obtained":["Bag of Preparation"],"cards_obtained":["Writhe"]},{"damage_healed":0.0,"max_hp_gain":0.0,"max_hp_loss":0.0,"gold_gain":0.0,"event_name":"Addict","player_choice":"Obtained Relic","floor":22.0,"gold_loss":85.0,"damage_taken":0.0,"relics_obtained":["Blood Vial"]},{"damage_healed":0,"gold_gain":0,"cards_transformed":["Defend_B","Strike_B"],"player_choice":"Became Test Subject","damage_taken":0,"max_hp_gain":0,"max_hp_loss":0,"event_name":"Drug Dealer","floor":29,"gold_loss":0,"cards_obtained":["Static Discharge","All For One"]}],"is_beta":false,"boss_relics":[{"not_picked":["FrozenCore","Coffee Dripper"],"picked":"Black Star"}],"items_purged_floors":[],"is_endless":false,"potions_floor_spawned":[10,12,14,18,24],"killed_by":"Automaton","ascension_level":19}}