{"host":"4328iixd8pca51w5","time":1610197175,"event":{"mods":["2.2 Compatiblity","BaseMod","CapriCore","KOR Keyword Fix","Minty Spire (QoL Compilation)","StSLib","The Immortal"],"gold_per_floor":[116,66,66,86,86,112,128,128,200,27,61,61,77,111,111,212,212,224,25,25,35,35,60,60,79,79,49,68,93,93,93,93,190,240,256,276,295,165,1164,1164,1179,1179,1204,1204,1204,125,125,125,125,125],"floor_reached":51,"playtime":5382,"items_purged":["MokouMod:Strike","MokouMod:Defend","Writhe","Normality"],"score":764,"play_id":"90e39133-8e9a-4f00-81ac-6f96003e995b","local_time":"20210109215935","is_ascension_mode":true,"campfire_choices":[{"data":"MokouMod:FujiyamaVolcano","floor":8.0,"key":"SMITH"},{"data":"MokouMod:RisingSunBarrier","floor":12.0,"key":"SMITH"},{"data":"MokouMod:ResonanceReactor","floor":15.0,"key":"SMITH"},{"data":"MokouMod:RisingSunBarrier","floor":24.0,"key":"SMITH"},{"data":"MokouMod:Sear","floor":30.0,"key":"SMITH"},{"floor":32.0,"key":"REST"},{"data":"MokouMod:FujiyamaVolcano","floor":40.0,"key":"SMITH"},{"data":"1","floor":42,"key":"LIFT"},{"data":"2","floor":44,"key":"LIFT"},{"data":"3","floor":49,"key":"LIFT"}],"circlet_count":0,"master_deck":["MokouMod:Strike","MokouMod:HeatSpark","MokouMod:FujiyamaVolcano+1","MokouMod:ScorchingColumn","MokouMod:Sear+1","MokouMod:ResoluteFlare","MokouMod:Ember+1","MokouMod:ScorchedEarth","MokouMod:RisingSunBarrier+1","MokouMod:ResonanceReactor+1","MokouMod:Ventilation","MokouMod:RisingSunBarrier+1","MokouMod:IgneousBlow","MokouMod:FlareStarter","MokouMod:IndiscriminateIgnition","MokouMod:ScorchedEarth","MokouMod:Firecracker+1","MokouMod:Geothermal","MokouMod:FujiyamaVolcano+1","MokouMod:RisingSunBarrier+1","MokouMod:ScorchingColumn+1","MokouMod:HeartofFire","Normality","Dramatic Entrance"],"relics":["MokouMod:PhoenixFeather","Nunchaku","The Courier","Singing Bowl","Girya","Empty Cage","Bronze Scales","Ornamental Fan","Calipers","Question Card","Lantern","Tiny House","Akabeko","ClockworkSouvenir","Bag of Preparation","Mercury Hourglass","Ancient Tea Set","Orichalcum","Bird Faced Urn"],"acts_visited":["Exordium","TheCity","TheBeyond"],"potions_floor_usage":[41,50,50],"damage_taken":[{"damage":7.0,"enemies":"2 Louse","floor":1.0,"turns":2.0},{"damage":11.0,"enemies":"Small Slimes","floor":4.0,"turns":3.0},{"damage":31.0,"enemies":"Lagavulin","floor":6.0,"turns":7.0},{"damage":1.0,"enemies":"Cultist","floor":7.0,"turns":3.0},{"damage":8.0,"enemies":"3 Sentries","floor":11.0,"turns":5.0},{"damage":1.0,"enemies":"2 Fungi Beasts","floor":13.0,"turns":2.0},{"damage":3.0,"enemies":"Lagavulin","floor":14.0,"turns":6.0},{"damage":2.0,"enemies":"Hexaghost","floor":16.0,"turns":5.0},{"damage":7.0,"enemies":"Chosen","floor":18.0,"turns":3.0},{"damage":4.0,"enemies":"Spheric Guardian","floor":21.0,"turns":4.0},{"damage":30.0,"enemies":"Book of Stabbing","floor":23.0,"turns":4.0},{"damage":8.0,"enemies":"Snecko","floor":25.0,"turns":4.0},{"damage":4.0,"enemies":"Chosen and Byrds","floor":28.0,"turns":3.0},{"damage":29.0,"enemies":"Gremlin Leader","floor":29.0,"turns":3.0},{"damage":52.0,"enemies":"Champ","floor":33.0,"turns":8.0},{"damage":12.0,"enemies":"3 Shapes","floor":35.0,"turns":4.0},{"damage":4.0,"enemies":"Orb Walker","floor":36.0,"turns":2.0},{"damage":31.0,"enemies":"Spire Growth","floor":37.0,"turns":6.0},{"damage":29,"enemies":"Sphere and 2 Shapes","floor":41,"turns":6},{"damage":57,"enemies":"Time Eater","floor":50,"turns":6}],"seed_played":"-1146714804096304584","potions_obtained":[{"floor":4.0,"key":"AttackPotion"},{"floor":5.0,"key":"LiquidMemories"},{"floor":5.0,"key":"SneckoOil"},{"floor":11.0,"key":"SteroidPotion"},{"floor":14.0,"key":"CultistPotion"},{"floor":16.0,"key":"SteroidPotion"},{"floor":21.0,"key":"DistilledChaos"},{"floor":29.0,"key":"LiquidBronze"},{"floor":33.0,"key":"ColorlessPotion"},{"floor":34.0,"key":"LiquidMemories"},{"floor":36.0,"key":"EssenceOfSteel"},{"floor":37.0,"key":"Fruit Juice"},{"floor":41,"key":"CultistPotion"}],"is_trial":false,"path_per_floor":["M","?","?","M","?","E","M","R","T","$","E","R","M","E","R","B",null,"M","$","?","M","?","E","R","M","T","$","M","E","R","?","R","B",null,"M","M","M","$","?","R","M","R","T","R","?","$","?","?","R","B",null],"character_chosen":"MKU","items_purchased":["MokouMod:ScorchedEarth","MokouMod:RisingSunBarrier","Bronze Scales","MokouMod:ScorchedEarth","MokouMod:HeartofFire","ClockworkSouvenir","Bag of Preparation","Mercury Hourglass","Ancient Tea Set","Orichalcum","Bird Faced Urn","Fire Potion"],"campfire_rested":1,"item_purchase_floors":[10,10,19,27,38,46,46,46,46,46,46,46],"current_hp_per_floor":[68,68,68,57,57,26,25,25,25,25,19,19,20,17,17,15,79,72,72,72,70,70,42,42,36,36,36,34,5,5,5,31,21,92,80,78,47,52,52,52,25,25,25,25,25,25,25,25,25,26],"gold":125,"neow_bonus":"THREE_CARDS","is_daily":false,"chose_seed":false,"campfire_upgraded":6,"win_rate":0.0,"timestamp":1610197175,"path_taken":["M","?","?","?","?","E","M","R","T","$","E","R","M","E","R","BOSS","M","$","?","M","?","E","R","M","T","$","?","E","R","?","R","BOSS","M","M","M","$","?","R","M","R","T","R","?","$","?","?","R","BOSS"],"items_purchased_type":["Card","Card","Relic","Card","Card","Relic","Relic","Relic","Relic","Relic","Relic","Potion"],"build_version":"2020-12-22","purchased_purges":4,"victory":true,"max_hp_per_floor":[75,75,75,75,75,75,75,75,75,75,77,77,79,79,79,79,79,79,79,79,81,81,83,83,85,85,85,87,87,87,87,87,87,92,92,94,94,99,99,99,101,101,101,101,101,101,101,96,96,96],"card_choices":[{"not_picked":["MokouMod:RoaringFlare","MokouMod:InfernalWave"],"picked":"MokouMod:FujiyamaVolcano","floor":0.0},{"not_picked":["MokouMod:EternalBurstReactor","MokouMod:BlazingComet"],"picked":"MokouMod:ScorchingColumn","floor":1.0},{"not_picked":["MokouMod:InfernalWave","MokouMod:ControlledCombustion"],"picked":"MokouMod:Sear","floor":4.0},{"not_picked":["MokouMod:Cataclysm","MokouMod:Wildfire"],"picked":"MokouMod:ResoluteFlare","floor":6.0},{"not_picked":["MokouMod:Firecracker","MokouMod:DanceofFlames"],"picked":"MokouMod:Ember","floor":7.0},{"not_picked":["MokouMod:Stoke","MokouMod:EternalBurstReactor","MokouMod:HeatTransfer"],"picked":"Singing Bowl","floor":11.0},{"not_picked":["MokouMod:Overheat","MokouMod:Afterburner","MokouMod:ScorchingColumn"],"picked":"Singing Bowl","floor":13.0},{"not_picked":["MokouMod:FlareStarter","MokouMod:FlickeringFlame"],"picked":"MokouMod:ResonanceReactor","floor":14.0},{"not_picked":["MokouMod:Extinguish","MokouMod:Rekindle"],"picked":"MokouMod:Ventilation","floor":16.0},{"not_picked":["MokouMod:SubterraneanCore+1","MokouMod:FlamingFireTalons"],"picked":"MokouMod:RisingSunBarrier","floor":18.0},{"not_picked":["MokouMod:ImperishableFlame","MokouMod:Trailblazer","MokouMod:SearingShot"],"picked":"Singing Bowl","floor":21.0},{"not_picked":["MokouMod:HeatFactory","MokouMod:RoaringFlare","MokouMod:ScorchingColumn"],"picked":"Singing Bowl","floor":23.0},{"not_picked":["MokouMod:RoaringFlare","MokouMod:HeatCyclone","MokouMod:Stoke"],"picked":"Singing Bowl","floor":25.0},{"not_picked":["MokouMod:Stoke+1","MokouMod:Singe","MokouMod:ImperishableFlame"],"picked":"Singing Bowl","floor":28.0},{"not_picked":["MokouMod:CrimsonFlare+1","MokouMod:Fireball"],"picked":"MokouMod:Firecracker+1","floor":29.0},{"not_picked":["MokouMod:BurningHiddenBullet","MokouMod:SpontaneousHumanCombustion","MokouMod:Extinguish"],"picked":"MokouMod:Geothermal","floor":33.0},{"not_picked":["MokouMod:FlareStarter","MokouMod:Meltdown","MokouMod:RoaringFlare"],"picked":"MokouMod:FujiyamaVolcano","floor":34.0},{"not_picked":["MokouMod:Afterburner+1","MokouMod:Firecracker+1","MokouMod:AdaptivePyromancy"],"picked":"MokouMod:RisingSunBarrier+1","floor":35.0},{"not_picked":["MokouMod:Singe+1","MokouMod:EternalBurstReactor","MokouMod:Fireball","MokouMod:Stoke"],"picked":"Singing Bowl","floor":36.0},{"not_picked":["MokouMod:FujiyamaVolcano","MokouMod:ExplosiveFlame","MokouMod:TemporalFireSeal"],"picked":"MokouMod:ScorchingColumn+1","floor":37.0},{"not_picked":["MokouMod:Sear","MokouMod:ControlledCombustion","MokouMod:BurningDraft+1","MokouMod:Stoke"],"picked":"Singing Bowl","floor":41},{"not_picked":["Jack Of All Trades","Forethought","PanicButton"],"picked":"Dramatic Entrance","floor":45}],"player_experience":173200,"relics_obtained":[{"floor":6.0,"key":"Nunchaku"},{"floor":9.0,"key":"The Courier"},{"floor":11.0,"key":"Singing Bowl"},{"floor":14.0,"key":"Girya"},{"floor":23.0,"key":"Ornamental Fan"},{"floor":26.0,"key":"Calipers"},{"floor":29.0,"key":"Question Card"},{"floor":43,"key":"Akabeko"}],"event_choices":[{"cards_removed":["MokouMod:Strike"],"damage_healed":0.0,"max_hp_gain":0.0,"max_hp_loss":0.0,"gold_gain":0.0,"event_name":"The Cleric","player_choice":"Card Removal","floor":2.0,"gold_loss":50.0,"damage_taken":0.0},{"cards_removed":["MokouMod:Strike"],"damage_healed":0.0,"max_hp_gain":0.0,"max_hp_loss":0.0,"gold_gain":0.0,"event_name":"Purifier","player_choice":"Purged","floor":3.0,"gold_loss":0.0,"damage_taken":0.0},{"damage_healed":0.0,"max_hp_gain":0.0,"max_hp_loss":0.0,"gold_gain":0.0,"event_name":"Lab","player_choice":"Got Potions","floor":5.0,"gold_loss":0.0,"damage_taken":0.0},{"damage_healed":0.0,"max_hp_gain":0.0,"max_hp_loss":0.0,"gold_gain":0.0,"cards_transformed":["MokouMod:Strike","MokouMod:Defend"],"event_name":"Drug Dealer","player_choice":"Became Test Subject","floor":20.0,"gold_loss":0.0,"damage_taken":0.0,"cards_obtained":["MokouMod:IgneousBlow","MokouMod:FlareStarter"]},{"damage_healed":0.0,"max_hp_gain":0.0,"max_hp_loss":0.0,"gold_gain":0.0,"event_name":"The Library","player_choice":"Read","floor":22.0,"gold_loss":0.0,"damage_taken":0.0,"cards_obtained":["MokouMod:IndiscriminateIgnition"]},{"damage_healed":0.0,"max_hp_gain":0.0,"max_hp_loss":0.0,"gold_gain":0.0,"event_name":"The Mausoleum","player_choice":"Opened","floor":31.0,"gold_loss":0.0,"damage_taken":0.0,"relics_obtained":["Lantern"],"cards_obtained":["Writhe"]},{"damage_healed":0.0,"max_hp_gain":0.0,"max_hp_loss":0.0,"gold_gain":999.0,"event_name":"MindBloom","player_choice":"Gold","floor":39.0,"gold_loss":0.0,"damage_taken":0.0,"cards_obtained":["Normality","Normality"]},{"damage_healed":0,"gold_gain":0,"player_choice":"Memory 1","damage_taken":0,"max_hp_gain":0,"max_hp_loss":0,"event_name":"SensoryStone","floor":45,"gold_loss":0},{"damage_healed":0,"gold_gain":0,"player_choice":"Ignored","damage_taken":0,"max_hp_gain":0,"max_hp_loss":0,"event_name":"Mysterious Sphere","floor":47,"gold_loss":0},{"damage_healed":0,"gold_gain":0,"player_choice":"Max HP","damage_taken":0,"max_hp_gain":0,"max_hp_loss":5,"event_name":"Winding Halls","floor":48,"gold_loss":0}],"is_beta":false,"boss_relics":[{"not_picked":["Fusion Hammer","Snecko Eye"],"picked":"Empty Cage"},{"not_picked":["Velvet Choker","SlaversCollar"],"picked":"Tiny House"}],"items_purged_floors":[10,19,38,46],"is_endless":false,"potions_floor_spawned":[4,11,14,16,21,29,33,36,37,41],"ascension_level":2}}