{"host":"xrbutm0tzv4qwo7u","time":1610234329,"event":{"mods":["AchievementEnabler","BaseMod","Colored Map","Colored Powertips","Dark Map","Hermit","Minty Spire (QoL Compilation)","Quick Restart","StSLib","The Cursed","The Marked"],"gold_per_floor":[112,112,112,126,1,1,15,34,34,64,31,56,21,38,38,143,143,156,156,156,174,184,184,218,235,315,515,534,534,579,597,597,695,695,708,44,97,97,114,114,128,128,151,151,11,11,25,42,42,42],"floor_reached":51,"playtime":2890,"items_purged":[],"score":727,"play_id":"999c1d44-ac42-4c39-9cb9-e34bdfba2929","local_time":"20210109171849","is_ascension_mode":false,"campfire_choices":[{"data":"Chill","floor":6,"key":"SMITH"},{"data":"Defragment","floor":15,"key":"SMITH"},{"data":"Double Energy","floor":23,"key":"SMITH"},{"floor":32,"key":"REST"},{"floor":40,"key":"REST"},{"floor":42,"key":"REST"},{"data":"Creative AI","floor":44,"key":"SMITH"},{"data":"Blizzard","floor":49,"key":"SMITH"}],"circlet_count":0,"master_deck":["Strike_B","Strike_B+1","Strike_B","Defend_B","Defend_B","Defend_B+1","Zap+1","Dualcast","Hologram+1","Glacier+1","Chill+1","Conserve Battery+1","Coolheaded","Double Energy+1","Cold Snap","Defragment+1","Force Field","Go for the Eyes","Machine Learning","Streamline+1","Loop+1","Lockon+1","Melter","Self Repair","Core Surge","Hello World+1","Creative AI+1","Force Field","Defragment","Conserve Battery","Dramatic Entrance","Gash+1","Hologram+1","Genetic Algorithm+1","Loop","Cold Snap","Rebound","Beam Cell","Blizzard+1"],"relics":["Cracked Core","Toy Ornithopter","FossilizedHelix","CaptainsWheel","StoneCalendar","Empty Cage","WingedGreaves","War Paint","Bottled Tornado","Vajra","Nuclear Battery","Whetstone","TungstenRod","Peace Pipe","Boot","Anchor","Ornamental Fan"],"acts_visited":["Exordium","TheCity","TheBeyond"],"potions_floor_usage":[12,25,33,33,37,48],"damage_taken":[{"damage":6,"enemies":"Jaw Worm","floor":1,"turns":3},{"damage":0,"enemies":"Small Slimes","floor":4,"turns":3},{"damage":0,"enemies":"2 Louse","floor":7,"turns":3},{"damage":0,"enemies":"Blue Slaver","floor":8,"turns":3},{"damage":16,"enemies":"Gremlin Nob","floor":10,"turns":5},{"damage":0,"enemies":"Lagavulin","floor":12,"turns":9},{"damage":0,"enemies":"Exordium Thugs","floor":14,"turns":6},{"damage":6,"enemies":"The Guardian","floor":16,"turns":13},{"damage":0,"enemies":"3 Byrds","floor":18,"turns":7},{"damage":0,"enemies":"Spheric Guardian","floor":21,"turns":7},{"damage":9,"enemies":"Snecko","floor":22,"turns":6},{"damage":13,"enemies":"Book of Stabbing","floor":24,"turns":7},{"damage":24,"enemies":"Cultist and Chosen","floor":25,"turns":7},{"damage":0,"enemies":"Centurion and Healer","floor":28,"turns":7},{"damage":18,"enemies":"Snake Plant","floor":31,"turns":6},{"damage":13,"enemies":"Collector","floor":33,"turns":11},{"damage":35,"enemies":"3 Shapes","floor":35,"turns":6},{"damage":36,"enemies":"2 Orb Walkers","floor":37,"turns":5},{"damage":0,"enemies":"Orb Walker","floor":39,"turns":5},{"damage":0,"enemies":"Transient","floor":41,"turns":5},{"damage":9,"enemies":"4 Shapes","floor":47,"turns":7},{"damage":0,"enemies":"3 Darklings","floor":48,"turns":7},{"damage":51,"enemies":"Donu and Deca","floor":50,"turns":15}],"seed_played":"-8206531680900244067","potions_obtained":[{"floor":7,"key":"LiquidMemories"},{"floor":8,"key":"PowerPotion"},{"floor":16,"key":"Ancient Potion"},{"floor":18,"key":"AttackPotion"},{"floor":25,"key":"ColorlessPotion"},{"floor":33,"key":"DuplicationPotion"},{"floor":39,"key":"Block Potion"}],"is_trial":false,"path_per_floor":["M","?","?","M","$","R","M","M","T","E","$","E","?","M","R","B",null,"M","?","?","M","M","R","E","M","T","?","M","?","T","M","R","B",null,"M","$","?","T","M","R","M","R","T","R","$","T","M","M","R","B",null],"character_chosen":"DEFECT","items_purchased":["Chill","Conserve Battery","Defragment","Whetstone","Defragment","Conserve Battery","Dramatic Entrance","TungstenRod","Loop","Cold Snap","Rebound"],"campfire_rested":3,"item_purchase_floors":[5,5,11,36,36,36,36,36,45,45,45],"current_hp_per_floor":[69,69,54,54,54,54,54,54,54,38,38,43,61,61,61,55,75,75,75,75,75,66,66,53,34,34,34,41,27,27,16,40,44,80,45,45,14,14,14,38,45,69,69,69,69,69,67,79,79,28],"gold":42,"neow_bonus":"RANDOM_COMMON_RELIC","is_daily":false,"chose_seed":false,"campfire_upgraded":5,"win_rate":0.0,"timestamp":1610234329,"path_taken":["M","?","?","M","?","R","M","M","T","E","$","E","?","M","R","BOSS","M","?","?","M","?","R","E","M","T","?","?","?","?","M","R","BOSS","M","$","?","?","M","R","M","R","T","R","?","?","M","?","R","BOSS"],"items_purchased_type":["Card","Card","Card","Relic","Card","Card","Card","Relic","Card","Card","Card"],"build_version":"2020-12-22","purchased_purges":0,"victory":true,"max_hp_per_floor":[75,75,75,75,75,75,75,75,75,75,75,75,75,75,75,75,75,75,75,75,75,75,75,75,75,75,75,75,80,80,80,80,80,80,80,80,80,80,80,80,80,80,80,80,80,80,80,80,80,80],"card_choices":[{"not_picked":["Steam","Rebound"],"picked":"Hologram","floor":1},{"not_picked":["Streamline","Compile Driver"],"picked":"Glacier","floor":4},{"not_picked":["White Noise","Reprogram"],"picked":"Coolheaded","floor":7},{"not_picked":["Go for the Eyes","Barrage"],"picked":"Double Energy","floor":8},{"not_picked":["Coolheaded","All For One"],"picked":"Cold Snap","floor":10},{"not_picked":["Doom and Gloom","Tempest"],"picked":"Force Field","floor":12},{"not_picked":["Reprogram","Gash"],"picked":"Go for the Eyes","floor":14},{"not_picked":["Reboot","Hyperbeam"],"picked":"Machine Learning","floor":16},{"not_picked":["Gash","Compile Driver"],"picked":"Streamline","floor":18},{"not_picked":["Cold Snap","Stack"],"picked":"Loop+1","floor":21},{"not_picked":["Beam Cell","Gash"],"picked":"Lockon+1","floor":22},{"not_picked":["Reinforced Body+1","Rebound"],"picked":"Melter","floor":24},{"not_picked":["Ball Lightning+1","White Noise"],"picked":"Self Repair","floor":25},{"not_picked":["Beam Cell","Gash"],"picked":"Core Surge","floor":28},{"not_picked":["Barrage","Ball Lightning"],"picked":"Hello World+1","floor":31},{"not_picked":["Rainbow","Hyperbeam"],"picked":"Creative AI","floor":33},{"not_picked":["Glacier+1","Leap+1"],"picked":"Force Field","floor":35},{"not_picked":["Scrape","Lockon+1"],"picked":"Gash+1","floor":37},{"not_picked":["Steam+1","Barrage"],"picked":"Hologram+1","floor":39},{"not_picked":["Sunder+1","Glacier+1"],"picked":"Genetic Algorithm+1","floor":41},{"not_picked":["Tempest","Turbo"],"picked":"Beam Cell","floor":47},{"not_picked":["Chaos","Glacier+1"],"picked":"Blizzard","floor":48}],"player_experience":38825,"relics_obtained":[{"floor":9,"key":"FossilizedHelix"},{"floor":10,"key":"CaptainsWheel"},{"floor":12,"key":"StoneCalendar"},{"floor":24,"key":"War Paint"},{"floor":26,"key":"Bottled Tornado"},{"floor":30,"key":"Vajra"},{"floor":37,"key":"Peace Pipe"},{"floor":38,"key":"Boot"},{"floor":43,"key":"Anchor"},{"floor":46,"key":"Ornamental Fan"}],"event_choices":[{"damage_healed":0,"gold_gain":0,"player_choice":"Grow","damage_taken":0,"max_hp_gain":0,"max_hp_loss":0,"event_name":"Living Wall","floor":2,"gold_loss":0,"cards_upgraded":["Hologram"]},{"damage_healed":0,"gold_gain":0,"player_choice":"Entered Light","damage_taken":15,"max_hp_gain":0,"max_hp_loss":0,"event_name":"Shining Light","floor":3,"gold_loss":0,"cards_upgraded":["Defend_B","Zap"]},{"damage_healed":18,"gold_gain":0,"player_choice":"Healed","damage_taken":0,"max_hp_gain":0,"max_hp_loss":0,"event_name":"The Cleric","floor":13,"gold_loss":35},{"damage_healed":0,"gold_gain":0,"player_choice":"Opened","damage_taken":0,"relics_obtained":["WingedGreaves"],"max_hp_gain":0,"max_hp_loss":0,"event_name":"The Mausoleum","floor":19,"gold_loss":0,"cards_obtained":["Writhe"]},{"cards_removed":["Writhe"],"damage_healed":0,"gold_gain":0,"player_choice":"Removed Curses","damage_taken":0,"max_hp_gain":0,"max_hp_loss":0,"event_name":"Fountain of Cleansing","floor":20,"gold_loss":0},{"damage_healed":0,"gold_gain":200,"player_choice":"Gold","damage_taken":0,"max_hp_gain":0,"max_hp_loss":0,"event_name":"Wheel of Change","floor":27,"gold_loss":0},{"damage_healed":0,"gold_gain":0,"player_choice":"Shed Blood","damage_taken":19,"max_hp_gain":5,"max_hp_loss":0,"event_name":"Forgotten Altar","floor":29,"gold_loss":0},{"damage_healed":0,"gold_gain":0,"player_choice":"Fight","damage_taken":0,"max_hp_gain":0,"max_hp_loss":0,"event_name":"Mysterious Sphere","floor":37,"gold_loss":0}],"is_beta":false,"boss_relics":[{"not_picked":["FrozenCore","Fusion Hammer"],"picked":"Empty Cage"},{"not_picked":["SlaversCollar","Velvet Choker"],"picked":"Nuclear Battery"}],"items_purged_floors":[],"is_endless":false,"potions_floor_spawned":[7,8,16,18,25,33,39],"ascension_level":0}}