{"host":"7k7fhzlbqzyu5ijh","time":1610165131,"event":{"mods":["AchievementEnabler","BaseMod","Bestiary","Colored Powertips","Filter the Spire","Highlight Path","Minty Spire (QoL Compilation)","Potion Indicator Mod","RNG Fix","Relic Stats"],"gold_per_floor":[112,123,141,160,110,110,140,140,140,170,170,46,64,81,81,176,176,190,43,43,43,61,89,89,37,37,51,51,76,89,39,39,142,192,208,223,223,240,240,266,286,316,342,353,369,369,386,419,419,419,419],"floor_reached":50,"playtime":4962,"items_purged":["Strike_R","Strike_R"],"score":842,"play_id":"11c07186-effe-4c5e-a716-729cb1b34de4","local_time":"20210108230531","is_ascension_mode":true,"campfire_choices":[{"data":"Whirlwind","floor":6,"key":"SMITH"},{"data":"Bash","floor":8,"key":"SMITH"},{"data":"Inflame","floor":11,"key":"SMITH"},{"data":"Heavy Blade","floor":15,"key":"SMITH"},{"data":"Berserk","floor":24,"key":"SMITH"},{"data":"Metallicize","floor":28,"key":"SMITH"},{"data":"Flex","floor":32,"key":"SMITH"},{"floor":46,"key":"REST"},{"floor":49,"key":"RECALL"}],"circlet_count":0,"master_deck":["Strike_R+1","Strike_R+1","Defend_R+1","Defend_R+1","Defend_R+1","Defend_R+1","Bash+1","Feed","Battle Trance","Whirlwind+1","Pommel Strike","Thunderclap+1","Cleave","Inflame+1","Flex+1","Heavy Blade+1","Pummel","Reaper","Metallicize+1","Shrug It Off","Berserk+1","Doubt","Immolate","Sword Boomerang","Offering","Disarm","Ghostly Armor+1","Ghostly Armor+1","Decay","Shrug It Off","Disarm","Shrug It Off+1"],"relics":["Burning Blood","Akabeko","MealTicket","Cursed Key","Nloth\u0027s Gift","Blue Candle","Bottled Flame","Lantern","Tiny House","Bag of Marbles","Vajra","Darkstone Periapt"],"acts_visited":["Exordium","TheCity","TheBeyond"],"potions_floor_usage":[7,10,14,23,29,33,33,33,36,41,42,42,42,48,48],"damage_taken":[{"damage":0,"enemies":"Cultist","floor":1,"turns":2},{"damage":0,"enemies":"2 Louse","floor":2,"turns":2},{"damage":0,"enemies":"Small Slimes","floor":3,"turns":2},{"damage":17,"enemies":"Gremlin Gang","floor":4,"turns":5},{"damage":33,"enemies":"3 Sentries","floor":7,"turns":7},{"damage":35,"enemies":"Lagavulin","floor":10,"turns":5},{"damage":8,"enemies":"Large Slime","floor":13,"turns":4},{"damage":6,"enemies":"Looter","floor":14,"turns":2},{"damage":3,"enemies":"Slime Boss","floor":16,"turns":6},{"damage":12,"enemies":"Chosen","floor":18,"turns":2},{"damage":12,"enemies":"Shell Parasite","floor":22,"turns":3},{"damage":0,"enemies":"Gremlin Leader","floor":23,"turns":5},{"damage":0,"enemies":"3 Cultists","floor":27,"turns":1},{"damage":9,"enemies":"Slavers","floor":29,"turns":3},{"damage":8,"enemies":"Snecko","floor":30,"turns":4},{"damage":77,"enemies":"Champ","floor":33,"turns":7},{"damage":0,"enemies":"3 Darklings","floor":35,"turns":1},{"damage":1,"enemies":"Orb Walker","floor":36,"turns":1},{"damage":0,"enemies":"Jaw Worm Horde","floor":38,"turns":1},{"damage":48,"enemies":"Giant Head","floor":40,"turns":7},{"damage":20,"enemies":"4 Shapes","floor":41,"turns":1},{"damage":20,"enemies":"Nemesis","floor":42,"turns":3},{"damage":42,"enemies":"Maw","floor":44,"turns":9},{"damage":42,"enemies":"Writhing Mass","floor":45,"turns":2},{"damage":0,"enemies":"Jaw Worm Horde","floor":47,"turns":1},{"damage":45,"enemies":"Reptomancer","floor":48,"turns":7},{"damage":123,"enemies":"Donu and Deca","floor":50,"turns":7}],"seed_played":"-1849468590085743038","potions_obtained":[{"floor":1,"key":"Dexterity Potion"},{"floor":3,"key":"BloodPotion"},{"floor":10,"key":"BloodPotion"},{"floor":13,"key":"Fire Potion"},{"floor":14,"key":"Explosive Potion"},{"floor":16,"key":"SkillPotion"},{"floor":18,"key":"Weak Potion"},{"floor":27,"key":"LiquidMemories"},{"floor":34,"key":"EntropicBrew"},{"floor":41,"key":"GamblersBrew"},{"floor":44,"key":"SpeedPotion"},{"floor":45,"key":"DuplicationPotion"}],"is_trial":false,"path_per_floor":["M","M","M","M","?","R","E","R","T","E","R","$","M","M","R","B",null,"M","$","?","?","M","E","R","$","T","M","R","E","M","$","R","B",null,"M","M","?","M","?","E","M","E","T","M","M","R","M","E","R","B"],"character_chosen":"IRONCLAD","items_purchased":["Flex","Shrug It Off","FearPotion","Energy Potion"],"campfire_rested":1,"item_purchase_floors":[12,19,25,31],"current_hp_per_floor":[81,86,89,81,81,81,64,64,64,59,59,74,75,78,78,84,107,114,117,117,117,114,123,123,123,123,123,123,123,124,129,129,71,122,128,133,133,137,130,91,103,92,92,71,45,86,92,92,92,0,0],"gold":419,"neow_bonus":"ONE_RANDOM_RARE_CARD","is_daily":false,"chose_seed":false,"campfire_upgraded":7,"win_rate":0.0,"timestamp":1610165131,"path_taken":["M","M","M","M","?","R","E","R","T","E","R","$","M","M","R","BOSS","M","$","?","?","M","E","R","?","T","M","R","E","M","?","R","BOSS","M","M","?","M","?","E","?","E","T","M","M","R","M","E","R","BOSS"],"items_purchased_type":["Card","Card","Potion","Potion"],"build_version":"2020-12-22","purchased_purges":2,"victory":false,"max_hp_per_floor":[83,86,89,92,92,92,102,102,102,105,105,105,108,111,111,114,114,117,117,117,117,120,123,123,123,123,123,123,126,129,129,129,132,137,137,137,137,137,130,133,133,136,136,139,139,139,139,142,142,142,142],"relic_stats":{"Darkstone Periapt":0,"counters":[27,100],"Blue Candle":[10],"MealTicket":23,"Nloth\u0027s Gift":9,"Cursed Key":2,"obtain_stats":[{"Darkstone Periapt":48,"Lantern":29,"Tiny House":34,"Blue Candle":23,"Vajra":42,"Cursed Key":17,"Burning Blood":0,"Akabeko":9,"Bottled Flame":26,"Strawberry":7,"MealTicket":10,"Nloth\u0027s Gift":20,"Bag of Marbles":40},{"Darkstone Periapt":26,"Lantern":14,"Tiny House":16,"Blue Candle":12,"Vajra":22,"Cursed Key":9,"Burning Blood":0,"Akabeko":5,"Bottled Flame":12,"Strawberry":5,"MealTicket":6,"Nloth\u0027s Gift":10,"Bag of Marbles":20},{"Darkstone Periapt":93,"Lantern":49,"Tiny House":60,"Blue Candle":45,"Vajra":74,"Cursed Key":35,"Burning Blood":0,"Akabeko":18,"Bottled Flame":45,"Strawberry":18,"MealTicket":23,"Nloth\u0027s Gift":37,"Bag of Marbles":70}],"Burning Blood":138},"card_choices":[{"not_picked":["Seeing Red","Disarm"],"picked":"Battle Trance","floor":1},{"not_picked":["Rupture","Flex"],"picked":"Whirlwind","floor":2},{"not_picked":["Searing Blow","Seeing Red"],"picked":"Pommel Strike","floor":3},{"not_picked":["Flex","Anger"],"picked":"Thunderclap","floor":4},{"not_picked":["Pommel Strike","Flex"],"picked":"Cleave","floor":7},{"not_picked":["Perfected Strike","Flex"],"picked":"Inflame","floor":10},{"not_picked":["Armaments","Spot Weakness"],"picked":"Heavy Blade","floor":13},{"not_picked":["Headbutt","Perfected Strike"],"picked":"Pummel","floor":14},{"not_picked":["Berserk","Corruption"],"picked":"Reaper","floor":16},{"not_picked":["Twin Strike","Armaments"],"picked":"Metallicize","floor":18},{"not_picked":["Clothesline","Twin Strike+1","Cleave"],"picked":"SKIP","floor":22},{"not_picked":["Headbutt","Disarm"],"picked":"Berserk","floor":23},{"not_picked":["Battle Trance","Reaper","Sever Soul"],"picked":"SKIP","floor":27},{"not_picked":["Clothesline+1","Dark Embrace"],"picked":"Immolate","floor":29},{"not_picked":["Corruption","Armaments+1"],"picked":"Sword Boomerang","floor":30},{"not_picked":["Berserk","Reaper"],"picked":"Offering","floor":33},{"not_picked":["Anger","Headbutt","Flex+1"],"picked":"SKIP","floor":35},{"not_picked":["Pommel Strike+1","Dropkick+1"],"picked":"Disarm","floor":36},{"not_picked":["Clash+1","Evolve","Thunderclap"],"picked":"SKIP","floor":38},{"not_picked":["Hemokinesis","Cleave"],"picked":"Ghostly Armor+1","floor":40},{"not_picked":["Clash+1","Perfected Strike+1","Warcry+1"],"picked":"SKIP","floor":41},{"not_picked":["Fiend Fire","Reckless Charge+1"],"picked":"Ghostly Armor+1","floor":42},{"not_picked":["Twin Strike+1","Cleave+1"],"picked":"Shrug It Off","floor":44},{"not_picked":["Bludgeon","Clash"],"picked":"Disarm","floor":45},{"not_picked":["Sever Soul","Offering"],"picked":"Shrug It Off+1","floor":47},{"not_picked":["Berserk","Immolate","Carnage"],"picked":"SKIP","floor":48}],"player_experience":390632,"relics_obtained":[{"floor":7,"key":"Strawberry"},{"floor":9,"key":"Akabeko"},{"floor":10,"key":"MealTicket"},{"floor":23,"key":"Blue Candle"},{"floor":26,"key":"Bottled Flame"},{"floor":29,"key":"Lantern"},{"floor":40,"key":"Bag of Marbles"},{"floor":42,"key":"Vajra"},{"floor":48,"key":"Darkstone Periapt"}],"event_choices":[{"cards_removed":["Strike_R"],"damage_healed":0,"gold_gain":0,"player_choice":"Card Removal","damage_taken":0,"max_hp_gain":0,"max_hp_loss":0,"event_name":"The Cleric","floor":5,"gold_loss":50},{"damage_healed":0,"gold_gain":0,"player_choice":"Traded Relic","damage_taken":0,"relics_obtained":["Nloth\u0027s Gift"],"max_hp_gain":0,"max_hp_loss":0,"event_name":"N\u0027loth","floor":20,"relics_lost":["Strawberry"],"gold_loss":0},{"damage_healed":0,"gold_gain":0,"player_choice":"Simplicity","damage_taken":0,"max_hp_gain":0,"max_hp_loss":0,"event_name":"Back to Basics","floor":21,"gold_loss":0,"cards_upgraded":["Strike_R","Strike_R","Defend_R","Defend_R","Defend_R","Defend_R"]},{"damage_healed":0,"gold_gain":0,"player_choice":"Ignored","damage_taken":0,"max_hp_gain":0,"max_hp_loss":0,"event_name":"Tomb of Lord Red Mask","floor":37,"gold_loss":0},{"damage_healed":0,"gold_gain":0,"player_choice":"Max HP","damage_taken":0,"max_hp_gain":0,"max_hp_loss":7,"event_name":"Winding Halls","floor":39,"gold_loss":0}],"is_beta":false,"boss_relics":[{"not_picked":["Runic Cube","Coffee Dripper"],"picked":"Cursed Key"},{"not_picked":["Empty Cage","Pandora\u0027s Box"],"picked":"Tiny House"}],"items_purged_floors":[12,19],"is_endless":false,"potions_floor_spawned":[1,3,10,13,14,16,18,27,38,41,44,45],"killed_by":"Donu and Deca","ascension_level":6}}