{"host":"fnk117zi8wf5078t","time":1610193709,"event":{"mods":["AchievementEnabler","BaseMod","Colored Map","Minty Spire (QoL Compilation)","Rare Cards Sparkle","SuperFastMode","everything is the same but u backflip on backflip"],"gold_per_floor":[116,135,60,60,60,86,101,116,116,129,129,29,41,59,59,136,136,156,116,116,116,131,131,165,184,211,211,227,259,259,273,273,347,347,364,78,98,0,0,0,13,13,36,53,53,98,42,55,55,55,55,55,55,81,81,81],"floor_reached":55,"playtime":2180,"items_purged":["Strike_R","Strike_R","Strike_R"],"score":1358,"play_id":"a464e164-6628-42de-98d6-7b24ab202591","local_time":"20210109210149","is_ascension_mode":true,"campfire_choices":[{"data":"Entrench","floor":11.0,"key":"SMITH"},{"data":"Body Slam","floor":15.0,"key":"SMITH"},{"data":"Body Slam","floor":23.0,"key":"SMITH"},{"floor":27.0,"key":"REST"},{"data":"Dual Wield","floor":30.0,"key":"SMITH"},{"floor":32.0,"key":"REST"},{"data":"Impervious","floor":40.0,"key":"SMITH"},{"data":"Impervious","floor":42.0,"key":"SMITH"},{"floor":45.0,"key":"RECALL"},{"data":"Offering","floor":49.0,"key":"SMITH"},{"data":"Shockwave","floor":52.0,"key":"SMITH"}],"circlet_count":0,"master_deck":["AscendersBane","Strike_R","Defend_R","Defend_R","Defend_R","Defend_R","Bash","Hemokinesis","Body Slam+1","Body Slam+1","Immolate","Entrench+1","Ghostly Armor","Shrug It Off","Impervious+1","Shockwave+1","Dual Wield+1","Seeing Red","Offering+1","Exhume","Impervious+1","Ghostly Armor","Ghostly Armor","Armaments","Armaments+1","Infernal Blade"],"relics":["Black Blood","NeowsBlessing","Mummified Hand","InkBottle","Runic Dome","Gambling Chip","Incense Burner","Regal Pillow","Calipers","DollysMirror","Red Mask","Art of War","Charon\u0027s Ashes","StoneCalendar"],"acts_visited":["Exordium","TheCity","TheBeyond","TheEnding"],"potions_floor_usage":[55,55],"damage_taken":[{"damage":0.0,"enemies":"Cultist","floor":1.0,"turns":1.0},{"damage":0.0,"enemies":"Small Slimes","floor":2.0,"turns":1.0},{"damage":0.0,"enemies":"Lagavulin","floor":6.0,"turns":1.0},{"damage":4.0,"enemies":"Jaw Worm","floor":7.0,"turns":3.0},{"damage":14.0,"enemies":"Exordium Wildlife","floor":8.0,"turns":2.0},{"damage":0.0,"enemies":"Lots of Slimes","floor":10.0,"turns":1.0},{"damage":6.0,"enemies":"3 Louse","floor":13.0,"turns":3.0},{"damage":8.0,"enemies":"Looter","floor":14.0,"turns":3.0},{"damage":68.0,"enemies":"The Guardian","floor":16.0,"turns":14.0},{"damage":4.0,"enemies":"3 Byrds","floor":18.0,"turns":5.0},{"damage":10.0,"enemies":"Chosen","floor":22.0,"turns":5.0},{"damage":27.0,"enemies":"Slavers","floor":24.0,"turns":7.0},{"damage":7.0,"enemies":"Centurion and Healer","floor":25.0,"turns":3.0},{"damage":0.0,"enemies":"3 Cultists","floor":28.0,"turns":4.0},{"damage":39.0,"enemies":"Book of Stabbing","floor":29.0,"turns":5.0},{"damage":16.0,"enemies":"Snake Plant","floor":31.0,"turns":3.0},{"damage":59.0,"enemies":"Collector","floor":33.0,"turns":9.0},{"damage":31.0,"enemies":"3 Shapes","floor":35.0,"turns":5.0},{"damage":0.0,"enemies":"Orb Walker","floor":37.0,"turns":4.0},{"damage":6.0,"enemies":"Writhing Mass","floor":41.0,"turns":4.0},{"damage":6.0,"enemies":"Spire Growth","floor":44.0,"turns":2.0},{"damage":0.0,"enemies":"2 Orb Walkers","floor":46.0,"turns":2.0},{"damage":10.0,"enemies":"Maw","floor":48.0,"turns":4.0},{"damage":24.0,"enemies":"Awakened One","floor":50.0,"turns":9.0},{"damage":6.0,"enemies":"Shield and Spear","floor":54.0,"turns":4.0},{"damage":84,"enemies":"The Heart","floor":55,"turns":9}],"seed_played":"8736255904059750837","potions_obtained":[{"floor":8.0,"key":"DistilledChaos"},{"floor":10.0,"key":"DistilledChaos"},{"floor":14.0,"key":"EssenceOfSteel"},{"floor":16.0,"key":"Ancient Potion"},{"floor":28.0,"key":"SpeedPotion"},{"floor":29.0,"key":"Weak Potion"},{"floor":41.0,"key":"GamblersBrew"},{"floor":44.0,"key":"SneckoOil"},{"floor":48.0,"key":"Dexterity Potion"}],"is_trial":false,"path_per_floor":["M","M","$","?","T","E","M","M","T","M","R","$","M","M","R","B",null,"M","$","T","?","M","R","E","M","T","R","M","E","R","M","R","B",null,"M","$","M","?","?","R","M","R","T","M","R","?","$","M","R","B",null,"R","$","E","B"],"character_chosen":"IRONCLAD","items_purchased":["Dual Wield","DollysMirror","Armaments"],"campfire_rested":2,"item_purchase_floors":[19,36,47],"current_hp_per_floor":[74,75,75,75,75,75,75,67,67,73,73,73,73,71,71,9,59,61,61,61,61,57,57,36,38,38,76,78,45,45,35,73,20,64,48,48,60,60,60,60,66,66,66,72,72,81,81,81,81,69,78,78,78,81,0,0],"gold":81,"neow_bonus":"THREE_ENEMY_KILL","is_daily":false,"chose_seed":false,"campfire_upgraded":8,"win_rate":0.0,"timestamp":1610193709,"path_taken":["M","?","$","?","?","E","M","M","T","M","R","?","M","M","R","BOSS","M","$","?","?","M","R","E","M","T","R","M","E","R","M","R","BOSS","M","$","M","?","?","R","M","R","T","M","R","?","$","?","R","BOSS","R","$","E","BOSS"],"items_purchased_type":["Card","Relic","Card"],"build_version":"2020-12-22","purchased_purges":3,"victory":false,"max_hp_per_floor":[75,75,75,75,75,75,75,75,75,75,75,75,75,75,75,75,75,75,75,75,75,75,75,75,78,78,78,78,78,78,78,78,78,78,81,81,81,81,81,81,81,81,81,81,81,81,81,81,81,81,81,81,81,81,81,81],"card_choices":[{"not_picked":["Thunderclap","Armaments"],"picked":"Hemokinesis","floor":1.0},{"not_picked":["Clash","Wild Strike"],"picked":"Body Slam","floor":2.0},{"not_picked":["Uppercut","Inflame"],"picked":"Immolate","floor":6.0},{"not_picked":["Reckless Charge","Flex","Dropkick"],"picked":"SKIP","floor":7.0},{"not_picked":["Iron Wave","Hemokinesis"],"picked":"Entrench","floor":8.0},{"not_picked":["Anger","Warcry"],"picked":"Ghostly Armor","floor":10.0},{"not_picked":["Thunderclap","Bloodletting"],"picked":"Shrug It Off","floor":13.0},{"not_picked":["Havoc","Sword Boomerang","Twin Strike"],"picked":"SKIP","floor":14.0},{"not_picked":["Corruption","Juggernaut"],"picked":"Impervious","floor":16.0},{"not_picked":["Cleave","Armaments"],"picked":"Shockwave","floor":18.0},{"not_picked":["Rampage","Anger","Warcry"],"picked":"SKIP","floor":22.0},{"not_picked":["Entrench","Twin Strike+1"],"picked":"Feed","floor":24.0},{"not_picked":["Headbutt","True Grit","Havoc"],"picked":"SKIP","floor":25.0},{"not_picked":["Spot Weakness","Cleave"],"picked":"Seeing Red","floor":28.0},{"not_picked":["Hemokinesis","Offering","Anger"],"picked":"SKIP","floor":29.0},{"not_picked":["Hemokinesis","Anger"],"picked":"Offering","floor":29.0},{"not_picked":["Rage","Carnage","Warcry"],"picked":"SKIP","floor":31.0},{"not_picked":["Demon Form","Juggernaut"],"picked":"Exhume","floor":33.0},{"not_picked":["Anger+1","Headbutt+1","Iron Wave+1"],"picked":"SKIP","floor":35.0},{"not_picked":["Clash+1","Warcry","Twin Strike"],"picked":"SKIP","floor":37.0},{"not_picked":["Anger","Perfected Strike+1"],"picked":"Ghostly Armor","floor":41.0},{"not_picked":["Sentinel","Headbutt"],"picked":"Ghostly Armor","floor":44.0},{"not_picked":["Inflame","Battle Trance+1"],"picked":"Armaments+1","floor":48.0},{"not_picked":["Heavy Blade+1","Reckless Charge"],"picked":"Infernal Blade","floor":54.0}],"player_experience":357763,"relics_obtained":[{"floor":5.0,"key":"Mummified Hand"},{"floor":6.0,"key":"InkBottle"},{"floor":20.0,"key":"Gambling Chip"},{"floor":24.0,"key":"Incense Burner"},{"floor":26.0,"key":"Regal Pillow"},{"floor":29.0,"key":"Calipers"},{"floor":43.0,"key":"Art of War"},{"floor":46.0,"key":"Charon\u0027s Ashes"},{"floor":54.0,"key":"StoneCalendar"}],"event_choices":[{"damage_healed":0.0,"max_hp_gain":0.0,"max_hp_loss":0.0,"gold_gain":0.0,"cards_transformed":["Strike_R"],"event_name":"Living Wall","player_choice":"Change","floor":4.0,"gold_loss":0.0,"damage_taken":0.0,"cards_obtained":["Body Slam"]},{"damage_healed":0.0,"max_hp_gain":0.0,"max_hp_loss":0.0,"gold_gain":0.0,"event_name":"Tomb of Lord Red Mask","player_choice":"Paid","floor":38.0,"gold_loss":98.0,"damage_taken":0.0,"relics_obtained":["Red Mask"]},{"cards_removed":["Feed"],"damage_healed":0.0,"max_hp_gain":0.0,"max_hp_loss":0.0,"gold_gain":0.0,"event_name":"Falling","player_choice":"Removed Attack","floor":39.0,"gold_loss":0.0,"damage_taken":0.0},{"damage_healed":0.0,"max_hp_gain":0.0,"max_hp_loss":0.0,"gold_gain":0.0,"event_name":"Mysterious Sphere","player_choice":"Fight","floor":46.0,"gold_loss":0.0,"damage_taken":0.0}],"is_beta":false,"boss_relics":[{"not_picked":["Coffee Dripper","Runic Cube"],"picked":"Runic Dome"},{"not_picked":["Philosopher\u0027s Stone","Astrolabe"],"picked":"Black Blood"}],"items_purged_floors":[3,12,36],"is_endless":false,"potions_floor_spawned":[8,10,14,16,28,29,31,41,44,46,48],"killed_by":"The Heart","ascension_level":17}}