{"host":"9d9dhukr2jywmy0f","time":1610201686,"event":{"mods":["2.2 Compatiblity","Alarm Clock","BaseMod","Bestiary","Block Reminder","Colored Map","Colored Powertips","Curses Come First","DeckTracker","Energized Spire","Highlight Path","Key Reminder","Minty Spire (QoL Compilation)","Quick Restart","Rare Cards Sparkle","Relic Sorter","Relic Stats","Spire Birthday Party","StSLib","SuperFastMode","Synergy Search","Unceasing Turn Reminder","Unknown Chances"],"gold_per_floor":[117,42,53,68,68,68,68,68,91,91,36,36,51,51,51,128,128,144,158,158,58,69,69,95,95,176,187,202,236,236,286,286,364,364,384,384,6,22,22,50,50,62,89,89,105,136,136,136,136,136,136],"floor_reached":50,"playtime":1783,"items_purged":["Strike_R","Strike_R","Strike_R"],"score":1327,"play_id":"73769f07-9103-4385-8b4b-3adc127a0640","local_time":"20210109221446","is_ascension_mode":true,"campfire_choices":[{"data":"Armaments","floor":6.0,"key":"SMITH"},{"data":"Bash","floor":8.0,"key":"SMITH"},{"data":"Impervious","floor":10.0,"key":"SMITH"},{"data":"Body Slam","floor":12.0,"key":"SMITH"},{"floor":15.0,"key":"RECALL"},{"data":"Barricade","floor":23.0,"key":"SMITH"},{"data":"Battle Trance","floor":30.0,"key":"SMITH"},{"data":"Body Slam","floor":32.0,"key":"SMITH"},{"data":"Exhume","floor":41.0,"key":"SMITH"},{"data":"True Grit","floor":44.0,"key":"SMITH"},{"data":"Power Through","floor":47.0,"key":"SMITH"},{"data":"Shrug It Off","floor":49.0,"key":"SMITH"}],"circlet_count":0,"master_deck":["AscendersBane","Strike_R","Strike_R","Defend_R","Defend_R","Defend_R","Bash+1","Armaments+1","Ghostly Armor","Impervious+1","Body Slam+1","Shrug It Off+1","Barricade+1","Body Slam+1","Battle Trance+1","True Grit+1","True Grit+1","Shrug It Off+1","Exhume+1","Power Through+1"],"relics":["Burning Blood","NeowsBlessing","Ornamental Fan","Art of War","Philosopher\u0027s Stone","HornCleat","FaceOfCleric","Meat on the Bone","Pear","energizedSpire:MagnifyingGlass","OrangePellets","Boot","The Courier"],"acts_visited":["Exordium","TheCity","TheBeyond"],"potions_floor_usage":[],"damage_taken":[{"damage":0.0,"enemies":"Small Slimes","floor":1.0,"turns":1.0},{"damage":0.0,"enemies":"Jaw Worm","floor":3.0,"turns":1.0},{"damage":0.0,"enemies":"Cultist","floor":4.0,"turns":1.0},{"damage":3.0,"enemies":"Blue Slaver","floor":13.0,"turns":6.0},{"damage":46.0,"enemies":"The Guardian","floor":16.0,"turns":17.0},{"damage":0.0,"enemies":"Spheric Guardian","floor":18.0,"turns":1.0},{"damage":0.0,"enemies":"Chosen","floor":19.0,"turns":5.0},{"damage":9.0,"enemies":"Snake Plant","floor":22.0,"turns":5.0},{"damage":25.0,"enemies":"Slavers","floor":24.0,"turns":8.0},{"damage":0.0,"enemies":"Snecko","floor":27.0,"turns":4.0},{"damage":0.0,"enemies":"3 Cultists","floor":28.0,"turns":6.0},{"damage":0.0,"enemies":"Gremlin Leader","floor":29.0,"turns":4.0},{"damage":0.0,"enemies":"Automaton","floor":33.0,"turns":6.0},{"damage":0.0,"enemies":"3 Shapes","floor":35.0,"turns":7.0},{"damage":0.0,"enemies":"Orb Walker","floor":38.0,"turns":3.0},{"damage":0.0,"enemies":"Giant Head","floor":40.0,"turns":5.0},{"damage":7.0,"enemies":"Spire Growth","floor":42.0,"turns":4.0},{"damage":0.0,"enemies":"Writhing Mass","floor":45.0,"turns":5.0},{"damage":29.0,"enemies":"Reptomancer","floor":46.0,"turns":4.0},{"damage":39,"enemies":"Time Eater","floor":50,"turns":11}],"seed_played":"-8570477664724012439","potions_obtained":[{"floor":1.0,"key":"SteroidPotion"},{"floor":3.0,"key":"AttackPotion"},{"floor":16.0,"key":"FairyPotion"},{"floor":18.0,"key":"FearPotion"},{"floor":22.0,"key":"Regen Potion"},{"floor":29.0,"key":"BlessingOfTheForge"},{"floor":33.0,"key":"SpeedPotion"},{"floor":36.0,"key":"DuplicationPotion"}],"is_trial":false,"path_per_floor":["M","$","M","M","?","R","?","R","T","R","$","R","M","$","R","B",null,"M","M","?","$","M","R","E","?","T","M","M","E","R","?","R","B",null,"M","?","$","M","?","E","R","M","T","R","M","E","R","?","R","B"],"character_chosen":"IRONCLAD","items_purchased":["Body Slam","Power Through","OrangePellets"],"campfire_rested":0,"item_purchase_floors":[11,37,37],"current_hp_per_floor":[74,74,75,75,57,57,57,57,57,57,57,57,60,60,60,20,61,67,73,73,73,70,70,66,66,66,73,77,88,88,88,88,89,89,90,90,90,91,91,92,92,92,92,92,94,72,72,72,72,33,33],"gold":136,"neow_bonus":"THREE_ENEMY_KILL","is_daily":false,"chose_seed":false,"campfire_upgraded":11,"win_rate":0.0,"timestamp":1610201686,"path_taken":["M","$","M","M","?","R","?","R","T","R","$","R","M","?","R","BOSS","M","M","?","$","M","R","E","?","T","?","M","E","R","?","R","BOSS","M","?","$","?","?","E","R","M","T","R","M","E","R","?","R","BOSS"],"items_purchased_type":["Card","Card","Relic"],"build_version":"2020-11-30","purchased_purges":3,"victory":false,"max_hp_per_floor":[75,75,75,75,75,75,75,75,75,75,75,75,75,75,75,75,75,75,75,75,75,75,75,75,75,75,76,77,88,88,88,88,89,89,90,90,90,91,91,92,92,93,93,93,94,95,95,95,95,95,95],"relic_stats":{"OrangePellets":[2],"FaceOfCleric":10,"counters":[20,104],"Ornamental Fan":[36],"Art of War":[33],"Boot":[3],"obtain_stats":[{"Pear":29,"NeowsBlessing":0,"The Courier":46,"Boot":40,"Burning Blood":0,"keyreminder:keyreminder":15,"OrangePellets":37,"HornCleat":24,"FaceOfCleric":25,"Ornamental Fan":5,"Philosopher\u0027s Stone":17,"Art of War":9,"energizedSpire:MagnifyingGlass":34,"Meat on the Bone":26},{"Pear":12,"NeowsBlessing":0,"The Courier":19,"Boot":16,"Burning Blood":0,"keyreminder:keyreminder":4,"OrangePellets":14,"HornCleat":9,"FaceOfCleric":9,"Ornamental Fan":3,"Philosopher\u0027s Stone":5,"Art of War":3,"energizedSpire:MagnifyingGlass":13,"Meat on the Bone":9},{"Pear":59,"NeowsBlessing":0,"The Courier":93,"Boot":80,"Burning Blood":0,"keyreminder:keyreminder":9,"OrangePellets":72,"HornCleat":45,"FaceOfCleric":45,"Ornamental Fan":3,"Philosopher\u0027s Stone":26,"Art of War":3,"energizedSpire:MagnifyingGlass":65,"Meat on the Bone":45}],"Burning Blood":65,"Meat on the Bone":0},"card_choices":[{"not_picked":["Rampage","Shrug It Off"],"picked":"Armaments","floor":1.0},{"not_picked":["Shrug It Off","Cleave"],"picked":"Ghostly Armor","floor":3.0},{"not_picked":["Whirlwind","Wild Strike"],"picked":"Impervious","floor":4.0},{"not_picked":["Iron Wave","Inflame"],"picked":"Shrug It Off","floor":13.0},{"not_picked":["Exhume","Corruption"],"picked":"Barricade","floor":16.0},{"not_picked":["Clothesline","Thunderclap"],"picked":"Body Slam","floor":18.0},{"not_picked":["True Grit","Pummel"],"picked":"Battle Trance","floor":19.0},{"not_picked":["Bloodletting","Spot Weakness"],"picked":"True Grit","floor":22.0},{"not_picked":["Spot Weakness","Reckless Charge","Headbutt"],"picked":"SKIP","floor":24.0},{"not_picked":["Combust","Heavy Blade"],"picked":"True Grit+1","floor":27.0},{"not_picked":["Flame Barrier","Clothesline","Heavy Blade"],"picked":"SKIP","floor":28.0},{"not_picked":["Thunderclap+1","Clash"],"picked":"Shrug It Off+1","floor":29.0},{"not_picked":["Immolate","Feed"],"picked":"Exhume","floor":33.0},{"not_picked":["Blood for Blood","Ghostly Armor","Cleave"],"picked":"SKIP","floor":35.0},{"not_picked":["Pummel+1","Heavy Blade"],"picked":"Feel No Pain","floor":38.0},{"not_picked":["Power Through","Thunderclap+1","Pommel Strike"],"picked":"SKIP","floor":40.0},{"not_picked":["Twin Strike","Cleave+1","Clash"],"picked":"SKIP","floor":42.0},{"not_picked":["Iron Wave","Heavy Blade","Anger+1"],"picked":"SKIP","floor":45.0},{"not_picked":["Perfected Strike","Double Tap","Fiend Fire"],"picked":"SKIP","floor":46.0}],"player_experience":793971,"relics_obtained":[{"floor":9.0,"key":"Art of War"},{"floor":24.0,"key":"HornCleat"},{"floor":26.0,"key":"Meat on the Bone"},{"floor":29.0,"key":"Pear"},{"floor":40.0,"key":"Boot"},{"floor":46.0,"key":"The Courier"}],"event_choices":[{"damage_healed":0.0,"max_hp_gain":0.0,"max_hp_loss":0.0,"gold_gain":0.0,"event_name":"Scrap Ooze","player_choice":"Success","floor":5.0,"gold_loss":0.0,"damage_taken":18.0,"relics_obtained":["Ornamental Fan"]},{"cards_removed":["Defend_R"],"damage_healed":0.0,"max_hp_gain":0.0,"max_hp_loss":0.0,"gold_gain":0.0,"event_name":"Living Wall","player_choice":"Forget","floor":7.0,"gold_loss":0.0,"damage_taken":0.0},{"damage_healed":0.0,"max_hp_gain":0.0,"max_hp_loss":0.0,"gold_gain":0.0,"event_name":"Cursed Tome","player_choice":"Ignored","floor":20.0,"gold_loss":0.0,"damage_taken":0.0},{"damage_healed":0.0,"max_hp_gain":0.0,"max_hp_loss":0.0,"gold_gain":0.0,"event_name":"FaceTrader","player_choice":"Trade","floor":25.0,"gold_loss":0.0,"damage_taken":0.0,"relics_obtained":["FaceOfCleric"]},{"damage_healed":0.0,"max_hp_gain":0.0,"max_hp_loss":0.0,"gold_gain":50.0,"event_name":"Nest","player_choice":"Stole From Cult","floor":31.0,"gold_loss":0.0,"damage_taken":0.0},{"damage_healed":0.0,"max_hp_gain":0.0,"max_hp_loss":0.0,"gold_gain":0.0,"event_name":"Lab","player_choice":"Got Potions","floor":36.0,"gold_loss":0.0,"damage_taken":0.0},{"cards_removed":["Feel No Pain"],"damage_healed":0.0,"max_hp_gain":0.0,"max_hp_loss":0.0,"gold_gain":0.0,"event_name":"Falling","player_choice":"Removed Power","floor":39.0,"gold_loss":0.0,"damage_taken":0.0},{"damage_healed":0.0,"max_hp_gain":0.0,"max_hp_loss":0.0,"gold_gain":0.0,"event_name":"SensoryStone","player_choice":"Memory 1","floor":48.0,"gold_loss":0.0,"damage_taken":0.0}],"is_beta":false,"boss_relics":[{"not_picked":["Velvet Choker","Mark of Pain"],"picked":"Philosopher\u0027s Stone"},{"not_picked":["Runic Dome","Cursed Key"],"picked":"energizedSpire:MagnifyingGlass"}],"items_purged_floors":[2,21,37],"is_endless":false,"potions_floor_spawned":[1,3,16,18,22,29,33,42,45],"killed_by":"Time Eater","ascension_level":20}}