{"host":"pvafbce70weqvzks","time":1610154666,"event":{"mods":["BaseMod","Gremlin Mod","Hermit","Minty Spire (QoL Compilation)","StSLib","themimic"],"gold_per_floor":[110,125,145,163,176,176,176,176,203,216,236,236,257,257,257,257,257],"floor_reached":16,"playtime":666,"items_purged":[],"score":94,"play_id":"5fc88c15-8f7b-4615-9e47-fd436e8fa35c","local_time":"20210108221106","is_ascension_mode":false,"campfire_choices":[{"floor":6,"key":"REST"},{"floor":8,"key":"REST"},{"floor":12,"key":"REST"},{"floor":15,"key":"REST"}],"circlet_count":0,"master_deck":["Strike_R+1","Strike_R","Strike_R","Strike_R","Strike_R","Defend_R","Defend_R","Defend_R","Defend_R","Bash","Pommel Strike","Flex","Flex","Wild Strike","Armaments+1","Thunderclap","Perfected Strike","Anger","Thunderclap","Headbutt","Shrug It Off"],"relics":["Burning Blood","Dream Catcher","Juzu Bracelet","Odd Mushroom","Golden Idol"],"acts_visited":["Exordium"],"potions_floor_usage":[10,16],"damage_taken":[{"damage":2,"enemies":"2 Louse","floor":1,"turns":3},{"damage":6,"enemies":"Jaw Worm","floor":2,"turns":4},{"damage":2,"enemies":"Small Slimes","floor":3,"turns":4},{"damage":21,"enemies":"Exordium Thugs","floor":4,"turns":5},{"damage":43,"enemies":"Gremlin Gang","floor":5,"turns":6},{"damage":9,"enemies":"Blue Slaver","floor":10,"turns":3},{"damage":13,"enemies":"3 Louse","floor":11,"turns":3},{"damage":15,"enemies":"The Mushroom Lair","floor":13,"turns":4},{"damage":91,"enemies":"The Guardian","floor":16,"turns":10}],"seed_played":"7419106354433505524","potions_obtained":[{"floor":2,"key":"Regen Potion"},{"floor":4,"key":"SpeedPotion"},{"floor":5,"key":"BloodPotion"}],"is_trial":false,"path_per_floor":["M","M","M","M","M","R","?","R","T","M","M","R","?","?","R","B"],"character_chosen":"IRONCLAD","items_purchased":[],"campfire_rested":4,"item_purchase_floors":[],"current_hp_per_floor":[80,80,80,65,28,52,36,60,60,66,59,80,71,51,75,0,0],"gold":257,"neow_bonus":"RANDOM_COMMON_RELIC","is_daily":false,"chose_seed":false,"campfire_upgraded":0,"win_rate":0.0,"timestamp":1610154666,"path_taken":["M","M","M","M","M","R","?","R","T","M","M","R","?","?","R","BOSS"],"items_purchased_type":[],"build_version":"2020-12-22","purchased_purges":0,"victory":false,"max_hp_per_floor":[80,80,80,80,80,80,80,80,80,80,80,80,80,80,80,80,80],"card_choices":[{"not_picked":["Headbutt","Twin Strike"],"picked":"Pommel Strike","floor":1},{"not_picked":["Reckless Charge","Intimidate"],"picked":"Flex","floor":2},{"not_picked":["Uppercut","Wild Strike"],"picked":"Flex","floor":3},{"not_picked":["Dark Embrace","Combust"],"picked":"Wild Strike","floor":4},{"not_picked":["Havoc","Hemokinesis"],"picked":"Armaments","floor":5},{"not_picked":["Dark Embrace","Burning Pact"],"picked":"Thunderclap","floor":6},{"not_picked":["Impervious","Carnage"],"picked":"Perfected Strike","floor":10},{"not_picked":["Pommel Strike","Warcry"],"picked":"Anger","floor":11},{"not_picked":["Pummel","Dark Embrace"],"picked":"Thunderclap","floor":12},{"not_picked":["Sever Soul","Ghostly Armor"],"picked":"Headbutt","floor":13},{"not_picked":["Wild Strike","Sentinel"],"picked":"Shrug It Off","floor":15}],"player_experience":58849,"relics_obtained":[{"floor":9,"key":"Juzu Bracelet"},{"floor":13,"key":"Odd Mushroom"}],"event_choices":[{"damage_healed":0,"gold_gain":0,"player_choice":"Entered Light","damage_taken":16,"max_hp_gain":0,"max_hp_loss":0,"event_name":"Shining Light","floor":7,"gold_loss":0,"cards_upgraded":["Armaments","Strike_R"]},{"damage_healed":0,"gold_gain":0,"player_choice":"Fought Mushrooms","damage_taken":0,"max_hp_gain":0,"max_hp_loss":0,"event_name":"Mushrooms","floor":13,"gold_loss":0},{"damage_healed":0,"gold_gain":0,"player_choice":"Take Damage","damage_taken":20,"relics_obtained":["Golden Idol"],"max_hp_gain":0,"max_hp_loss":0,"event_name":"Golden Idol","floor":14,"gold_loss":0}],"is_beta":false,"boss_relics":[],"items_purged_floors":[],"is_endless":false,"potions_floor_spawned":[2,4,5],"killed_by":"The Guardian","ascension_level":0}}