{"host":"pvafbce70weqvzks","time":1610178640,"event":{"mods":["BaseMod","Gremlin Mod","Hermit","Minty Spire (QoL Compilation)","StSLib","themimic"],"gold_per_floor":[111,111,111,15,32,62,62,80,135,148,160,174,185,203,203,302,302,319,333,351,382,401,401,413,328,382,397,397,397,397,409,409,409,409],"floor_reached":33,"playtime":902,"items_purged":[],"score":305,"play_id":"fa0d39a8-3f86-4895-9251-fd6f67eabd06","local_time":"20210109045040","is_ascension_mode":false,"campfire_choices":[{"data":"Zap","floor":7,"key":"SMITH"},{"floor":15,"key":"REST"},{"floor":23,"key":"REST"},{"floor":30,"key":"REST"},{"floor":32,"key":"REST"}],"circlet_count":0,"master_deck":["Strike_B","Strike_B","Strike_B","Strike_B","Defend_B","Defend_B","Defend_B","Defend_B","Zap+1","Dualcast","Gash","Flash of Steel","Ball Lightning","Gash","Gash","Sweeping Beam","Ball Lightning","Electrodynamics","Melter","Doom and Gloom","Go for the Eyes","Static Discharge","Coolheaded","Sunder+1","Hologram+1","Steam","Compile Driver","Steam+1","Auto Shields","Sweeping Beam"],"relics":["Cracked Core","Bag of Marbles","Vajra","Pen Nib","Inserter","Red Mask","Unceasing Top","Art of War","Dream Catcher"],"acts_visited":["Exordium","TheCity"],"potions_floor_usage":[6,6,16,19,20,24,31,33],"damage_taken":[{"damage":0,"enemies":"2 Louse","floor":1,"turns":1},{"damage":11,"enemies":"Jaw Worm","floor":5,"turns":2},{"damage":15,"enemies":"Lagavulin","floor":6,"turns":5},{"damage":2,"enemies":"Small Slimes","floor":8,"turns":2},{"damage":0,"enemies":"2 Fungi Beasts","floor":10,"turns":2},{"damage":8,"enemies":"Red Slaver","floor":11,"turns":2},{"damage":0,"enemies":"Lots of Slimes","floor":12,"turns":1},{"damage":5,"enemies":"Looter","floor":13,"turns":2},{"damage":0,"enemies":"Exordium Thugs","floor":14,"turns":2},{"damage":0,"enemies":"Slime Boss","floor":16,"turns":4},{"damage":0,"enemies":"Chosen","floor":18,"turns":3},{"damage":5,"enemies":"3 Byrds","floor":19,"turns":3},{"damage":23,"enemies":"Snecko","floor":20,"turns":3},{"damage":7,"enemies":"Masked Bandits","floor":21,"turns":3},{"damage":23,"enemies":"Centurion and Healer","floor":22,"turns":3},{"damage":12,"enemies":"3 Cultists","floor":24,"turns":4},{"damage":12,"enemies":"Snake Plant","floor":27,"turns":4},{"damage":14,"enemies":"Cultist and Chosen","floor":31,"turns":6},{"damage":49,"enemies":"Collector","floor":33,"turns":5}],"seed_played":"-1731341471957951996","potions_obtained":[{"floor":1,"key":"FearPotion"},{"floor":5,"key":"ColorlessPotion"},{"floor":8,"key":"Explosive Potion"},{"floor":13,"key":"EssenceOfDarkness"},{"floor":19,"key":"ColorlessPotion"},{"floor":22,"key":"Energy Potion"},{"floor":27,"key":"Block Potion"},{"floor":31,"key":"Dexterity Potion"}],"is_trial":false,"path_per_floor":["M","?","?","$","M","E","R","M","T","M","M","M","M","M","R","B",null,"M","M","M","?","M","R","M","?","T","M","?","?","R","M","R","B"],"character_chosen":"DEFECT","items_purchased":["Flash of Steel"],"campfire_rested":4,"item_purchase_floors":[4],"current_hp_per_floor":[75,75,75,75,64,49,49,47,47,47,39,39,34,34,56,56,75,75,70,47,40,17,39,27,27,27,15,1,1,25,11,35,0,0],"gold":409,"neow_bonus":"RANDOM_COMMON_RELIC","is_daily":false,"chose_seed":false,"campfire_upgraded":1,"win_rate":0.0,"timestamp":1610178640,"path_taken":["M","?","?","$","M","E","R","M","T","M","M","M","M","M","R","BOSS","M","M","M","?","M","R","M","?","T","M","?","?","R","M","R","BOSS"],"items_purchased_type":["Card"],"build_version":"2020-12-22","purchased_purges":0,"victory":false,"max_hp_per_floor":[75,75,75,75,75,75,75,75,75,75,75,75,75,75,75,75,75,75,75,75,75,75,75,75,75,75,75,80,80,80,80,80,80,80],"card_choices":[{"not_picked":["Self Repair","Darkness"],"picked":"Gash","floor":1},{"not_picked":["Rebound","Cold Snap"],"picked":"Ball Lightning","floor":5},{"not_picked":["Stack","Streamline"],"picked":"Gash","floor":6},{"not_picked":["Redo","Doom and Gloom"],"picked":"Gash","floor":8},{"not_picked":["Defragment","Tempest"],"picked":"Sweeping Beam","floor":10},{"not_picked":["Blizzard","All For One"],"picked":"Ball Lightning","floor":11},{"not_picked":["Ball Lightning","Hologram"],"picked":"Electrodynamics","floor":12},{"not_picked":["Turbo","Lockon"],"picked":"Melter","floor":13},{"not_picked":["Ball Lightning","Undo"],"picked":"Doom and Gloom","floor":14},{"not_picked":["Redo","Gash"],"picked":"Go for the Eyes","floor":18},{"not_picked":["Fusion","Skim+1"],"picked":"Static Discharge","floor":19},{"not_picked":["Doom and Gloom","Rainbow"],"picked":"Coolheaded","floor":20},{"not_picked":["Compile Driver","Coolheaded+1"],"picked":"Sunder+1","floor":21},{"not_picked":["Leap","Aggregate"],"picked":"Hologram+1","floor":22},{"not_picked":["Cold Snap","Coolheaded"],"picked":"Steam","floor":24},{"not_picked":["Scrape","Hologram"],"picked":"Compile Driver","floor":27},{"not_picked":["Force Field","Fusion"],"picked":"Steam+1","floor":30},{"not_picked":["Biased Cognition","Blizzard"],"picked":"Auto Shields","floor":31},{"not_picked":["Double Energy","Loop"],"picked":"Sweeping Beam","floor":32}],"player_experience":68328,"relics_obtained":[{"floor":6,"key":"Vajra"},{"floor":9,"key":"Pen Nib"},{"floor":21,"key":"Red Mask"},{"floor":26,"key":"Art of War"}],"event_choices":[{"damage_healed":0,"gold_gain":0,"player_choice":"Ignored","damage_taken":0,"max_hp_gain":0,"max_hp_loss":0,"event_name":"Golden Wing","floor":2,"gold_loss":0},{"damage_healed":0,"gold_gain":0,"player_choice":"Ignored","damage_taken":0,"max_hp_gain":0,"max_hp_loss":0,"event_name":"Liars Game","floor":3,"gold_loss":0},{"damage_healed":0,"gold_gain":0,"player_choice":"Fought Bandits","damage_taken":0,"max_hp_gain":0,"max_hp_loss":0,"event_name":"Masked Bandits","floor":21,"gold_loss":0},{"damage_healed":0,"gold_gain":0,"player_choice":"Obtained Relic","damage_taken":0,"relics_obtained":["Unceasing Top"],"max_hp_gain":0,"max_hp_loss":0,"event_name":"Addict","floor":25,"gold_loss":85},{"damage_healed":0,"gold_gain":0,"player_choice":"Shed Blood","damage_taken":19,"max_hp_gain":5,"max_hp_loss":0,"event_name":"Forgotten Altar","floor":28,"gold_loss":0},{"damage_healed":0,"gold_gain":0,"player_choice":"Opened","damage_taken":0,"relics_obtained":["Dream Catcher"],"max_hp_gain":0,"max_hp_loss":0,"event_name":"The Mausoleum","floor":29,"gold_loss":0}],"is_beta":false,"boss_relics":[{"not_picked":["Ectoplasm","SacredBark"],"picked":"Inserter"}],"items_purged_floors":[],"is_endless":false,"potions_floor_spawned":[1,5,8,13,19,22,27,31],"killed_by":"Collector","ascension_level":0}}