{"host":"mytek2nu1hrzdnew","time":1610206288,"event":{"mods":["100% Spire Juice","Aspiration","BaseMod","Conspire","GifTheSpireLib","Gold Saver","Hubris","Minty Spire (QoL Compilation)","Replay The Spire","StSLib","Stuff the Spire","Uncapped"],"gold_per_floor":[658,671,499,515,68,68,95,95,95,95,121,76,96,96,96,199,199,219,238,238,238,248,248,248,248],"floor_reached":24,"playtime":1339,"items_purged":["Moonworks:Strike","Moonworks:Strike"],"score":239,"play_id":"ea304ce2-0118-46ef-8db0-8690c6c22b1f","local_time":"20210109103128","is_ascension_mode":true,"campfire_choices":[{"data":"Crow Ritual","floor":6,"key":"SMITH"},{"floor":8,"key":"REST"},{"data":"Moonworks:EvilSpyWorkPreparation","floor":10,"key":"SMITH"},{"floor":15,"key":"REST"},{"floor":23,"key":"REST"}],"circlet_count":0,"master_deck":["Moonworks:Strike","Moonworks:Strike","Moonworks:Defend","Moonworks:Defend","Moonworks:Defend","Moonworks:Defend","Moonworks:Ambush","Moonworks:LongDistanceShot","Moonworks:JonathanRush","Moonworks:JonathanRush","Crow Ritual+1","Moonworks:EvilSpyWorkPreparation+1","Moonworks:JonathanRush","Moonworks:JonathanRush","Moonworks:AccelHyper","Moonworks:ScrambledEve","Moonworks:JonathanRush","Moonworks:CloudOfSeagulls"],"relics":["Moonworks:BrokenBomb","Moonworks:Homemark","Bird Faced Urn","TheAbacus","StuffTheSpire:CocoNut","hubris:Towel","Ring of Chaos","PrismaticShard","Enchiridion"],"acts_visited":["Exordium","TheCity"],"potions_floor_usage":[7,11,13],"damage_taken":[{"damage":0,"enemies":"conspire:RoseBush","floor":1,"turns":5},{"damage":1,"enemies":"Jaw Worm","floor":2,"turns":4},{"damage":1,"enemies":"Small Slimes","floor":4,"turns":4},{"damage":38,"enemies":"Gremlin Nob","floor":7,"turns":4},{"damage":12,"enemies":"3 Sentries","floor":11,"turns":3},{"damage":1,"enemies":"3 Louse","floor":13,"turns":3},{"damage":21,"enemies":"Fading Forest","floor":16,"turns":11},{"damage":4,"enemies":"Chosen","floor":18,"turns":5},{"damage":22,"enemies":"2 Thieves","floor":19,"turns":3},{"damage":13,"enemies":"conspire:HollyBat","floor":22,"turns":5},{"damage":48,"enemies":"Slavers","floor":24,"turns":3}],"seed_played":"-6932925115557546544","potions_obtained":[{"floor":1,"key":"ColorlessPotion"},{"floor":4,"key":"Strength Potion"},{"floor":7,"key":"Strength Potion"},{"floor":11,"key":"Fire Potion"}],"is_trial":false,"path_per_floor":["M","M","$","M","$","R","E","R","T","R","E","$","M","?","R","B",null,"M","M","?","?","M","R","E"],"character_chosen":"THE_STARBREAKER","items_purchased":["FairyPotion","Crow Ritual","TheAbacus","Moonworks:JonathanRush"],"campfire_rested":3,"item_purchase_floors":[3,5,5,12],"current_hp_per_floor":[54,53,53,52,52,52,23,41,41,41,31,31,32,32,50,41,61,57,37,29,13,4,22,0,0],"gold":248,"neow_bonus":"ONE_RARE_RELIC","is_daily":false,"chose_seed":false,"campfire_upgraded":2,"win_rate":0.0,"timestamp":1610206288,"path_taken":["M","?","$","M","$","R","E","R","T","R","E","$","M","?","R","BOSS","M","M","?","?","M","R","E"],"items_purchased_type":["Potion","Card","Relic","Card"],"build_version":"2020-12-22","purchased_purges":2,"victory":false,"max_hp_per_floor":[54,54,54,54,54,54,61,61,61,61,61,61,61,61,61,61,61,61,61,61,61,61,61,61,61],"card_choices":[{"not_picked":["Moonworks:Dinner","Moonworks:AngelHand"],"picked":"Moonworks:JonathanRush","floor":1},{"not_picked":["Moonworks:DeployBits","Moonworks:NicePresent"],"picked":"Moonworks:JonathanRush","floor":2},{"not_picked":["Moonworks:WindyEnchantment","Moonworks:BigMagnum","Moonworks:ImOnFire"],"picked":"SKIP","floor":4},{"not_picked":["Moonworks:FinalBattle","Moonworks:Bloodlust"],"picked":"Moonworks:EvilSpyWorkPreparation","floor":7},{"not_picked":["Moonworks:FinalSurgery","Moonworks:NicePresent","Moonworks:LuckyCharm"],"picked":"SKIP","floor":11},{"not_picked":["Moonworks:BeyondHell","Moonworks:CookingTime"],"picked":"Moonworks:JonathanRush","floor":13},{"not_picked":["Moonworks:StarBlastingFuse","Moonworks:Gamble"],"picked":"Moonworks:AccelHyper","floor":16},{"not_picked":["Moonworks:Bloodlust","Moonworks:ImOnFire","Moonworks:BigBangBell+1"],"picked":"SKIP","floor":18},{"not_picked":["Moonworks:NicePresent","Moonworks:Heat300Percent"],"picked":"Moonworks:ScrambledEve","floor":19},{"not_picked":["Moonworks:BindingChains","Moonworks:BigMagnum+1"],"picked":"Moonworks:JonathanRush","floor":20},{"not_picked":["ClearTheMind","Poisoned Stab"],"picked":"Moonworks:CloudOfSeagulls","floor":22}],"player_experience":1032748,"relics_obtained":[{"floor":7,"key":"StuffTheSpire:CocoNut"},{"floor":20,"key":"PrismaticShard"},{"floor":21,"key":"Enchiridion"}],"event_choices":[{"damage_healed":0,"gold_gain":0,"player_choice":"Obtained Book","damage_taken":16,"max_hp_gain":0,"max_hp_loss":0,"event_name":"Cursed Tome","floor":21,"gold_loss":0}],"is_beta":false,"boss_relics":[{"not_picked":["Abe\u0027s Treasure","conspire:SeveredTorchhead"],"picked":"Ring of Chaos"}],"items_purged_floors":[3,5],"is_endless":false,"potions_floor_spawned":[1,4,7,11],"killed_by":"Slavers","ascension_level":1}}