{"host":"u499vgr0907g2fby","time":1610191444,"event":{"mods":["BaseMod","Downfall","Googly Eyes","Minty Spire (QoL Compilation)","StSLib"],"gold_per_floor":[99,119,137,47,47,81,106,106,121,131,158,158,176,192,212,313,313,238,59,59,159,171,190,190,208,208,233,158,158,168,196,211,312,312,312,331,381,381,397,408,408,408,439,454,488,504,504,504],"floor_reached":47,"playtime":5168,"items_purged":["sneckomod:Strike"],"score":850,"play_id":"d0fa1e22-f7e1-4b0e-8f86-17955ff46893","local_time":"20210109072404","is_ascension_mode":true,"campfire_choices":[{"floor":1.0,"key":"RECALL"},{"data":"sneckomod:MorePower","floor":18.0,"key":"SMITH"},{"data":"sneckomod:Transmogrify","floor":28.0,"key":"SMITH"},{"data":"sneckomod:SoulExchange","floor":35.0,"key":"SMITH"}],"circlet_count":0,"master_deck":["sneckomod:Strike","sneckomod:Defend","sneckomod:Defend","sneckomod:TailWhip","sneckomod:SnekBite","sneckomod:Unknown","sneckomod:Unknown","sneckomod:Rotation","sneckomod:Cheat","sneckomod:UnknownStrength","sneckomod:DiceBlock","sneckomod:UnknownClassSLIMEBOUND","sneckomod:MorePower+1","sneckomod:UnlimitedRolls","sneckomod:UnknownStrength+1","sneckomod:UnknownRareAttack+1","sneckomod:UnknownClassTHE_CHAMP_GRAY","sneckomod:Unknown3Cost","Shame","sneckomod:UnknownEthereal+1","sneckomod:UnknownClassGREEN+1","sneckomod:UnknownRareSkill+1","sneckomod:Transmogrify+1","sneckomod:Unknown+1","sneckomod:UnknownClassRED","sneckomod:UnknownExhaust+1","sneckomod:DiceCrush+1","sneckomod:UnknownColorless+1","sneckomod:SoulExchange+1","sneckomod:SnakeSap","sneckomod:UnknownUncommonAttack+1","sneckomod:UnknownCommonAttack+1","sneckomod:UnknownRareSkill+1","sneckomod:Unknown3Cost","sneckomod:UnknownRareSkill+1","sneckomod:UnknownCommonAttack","sneckomod:UnknownVulnerable+1","sneckomod:UnknownRareAttack","sneckomod:UnknownRareAttack+1","sneckomod:Nope+1","sneckomod:Unknown3Cost+1","sneckomod:UnknownClassHEXA_GHOST_PURPLE+1","sneckomod:Unknown1Cost+1","sneckomod:UnknownColorless+1","sneckomod:MorePower+1","sneckomod:Unknown0Cost+1","sneckomod:UnknownUncommonPower+1","sneckomod:UnknownUncommonSkill","sneckomod:UnknownRareAttack+1","sneckomod:UnknownUncommonPower","sneckomod:UnknownRareSkill+1","sneckomod:UnknownUncommonSkill+1","sneckomod:SoulRoll+1","sneckomod:Restock"],"relics":["sneckomod:SneckoSoul","Anchor","downfall:ShatteredFragment","downfall:HeartBlessingRed","Gremlin Horn","Regal Pillow","downfall:HeartBlessingBlue","Bag of Marbles","White Beast Statue","TungstenRod","Ancient Tea Set","Coffee Dripper","Lantern","Lizard Tail","Velvet Choker","Happy Flower","Vajra","sneckomod:LoadedDie"],"acts_visited":["Exordium","TheCity","TheBeyond"],"potions_floor_usage":[47],"damage_taken":[{"damage":0.0,"enemies":"Jaw Worm","floor":2.0,"turns":3.0},{"damage":5.0,"enemies":"2 Louse","floor":3.0,"turns":3.0},{"damage":0.0,"enemies":"downfall:FleeingMerchant","floor":4.0,"turns":4.0},{"damage":10.0,"enemies":"Gremlin Nob","floor":6.0,"turns":3.0},{"damage":0.0,"enemies":"Cultist","floor":9.0,"turns":2.0},{"damage":4.0,"enemies":"Large Slime","floor":10.0,"turns":5.0},{"damage":13.0,"enemies":"Lagavulin","floor":11.0,"turns":5.0},{"damage":8.0,"enemies":"Exordium Thugs","floor":13.0,"turns":4.0},{"damage":0.0,"enemies":"2 Fungi Beasts","floor":14.0,"turns":3.0},{"damage":0.0,"enemies":"Lots of Slimes","floor":15.0,"turns":1.0},{"damage":41.0,"enemies":"downfall:Silent","floor":16.0,"turns":7.0},{"damage":5.0,"enemies":"downfall:FleeingMerchant","floor":19.0,"turns":4.0},{"damage":27.0,"enemies":"downfall:LadyInBlue","floor":21.0,"turns":9.0},{"damage":9.0,"enemies":"3 Byrds","floor":22.0,"turns":3.0},{"damage":14.0,"enemies":"3 Cultists","floor":23.0,"turns":4.0},{"damage":16.0,"enemies":"Snecko","floor":25.0,"turns":4.0},{"damage":2.0,"enemies":"Slavers","floor":27.0,"turns":3.0},{"damage":4.0,"enemies":"Chosen and Byrds","floor":30.0,"turns":8.0},{"damage":6.0,"enemies":"Gremlin Leader","floor":31.0,"turns":5.0},{"damage":24.0,"enemies":"Snake Plant","floor":32.0,"turns":3.0},{"damage":32.0,"enemies":"downfall:Ironclad","floor":33.0,"turns":6.0},{"damage":1.0,"enemies":"3 Shapes","floor":36.0,"turns":1.0},{"damage":58.0,"enemies":"Mind Bloom Boss Battle","floor":37.0,"turns":5.0},{"damage":0.0,"enemies":"Orb Walker","floor":39.0,"turns":1.0},{"damage":52.0,"enemies":"Maw","floor":40.0,"turns":6.0},{"damage":0.0,"enemies":"Reptomancer","floor":43.0,"turns":2.0},{"damage":41.0,"enemies":"Writhing Mass","floor":44.0,"turns":4.0},{"damage":12.0,"enemies":"Nemesis","floor":45.0,"turns":5.0},{"damage":22.0,"enemies":"Jaw Worm Horde","floor":46.0,"turns":5.0},{"damage":68,"enemies":"Reptomancer","floor":47,"turns":3}],"seed_played":"-8574289011377978032","potions_obtained":[{"floor":3.0,"key":"LiquidMemories"},{"floor":10.0,"key":"SpeedPotion"},{"floor":11.0,"key":"EssenceOfSteel"},{"floor":14.0,"key":"SpeedPotion"},{"floor":16.0,"key":"sneckomod:MuddlingPotion"},{"floor":21.0,"key":"sneckomod:CheatPotion"},{"floor":21.0,"key":"SneckoOil"},{"floor":21.0,"key":"SneckoOil"},{"floor":23.0,"key":"Energy Potion"},{"floor":31.0,"key":"sneckomod:CheatPotion"},{"floor":32.0,"key":"hexamod:EctoCoolerPotion"},{"floor":33.0,"key":"sneckomod:MuddlingPotion"},{"floor":36.0,"key":"sneckomod:DiceRollPotion"},{"floor":37.0,"key":"PowerPotion"},{"floor":38.0,"key":"downfall:CursedFountainPotion"},{"floor":39.0,"key":"sneckomod:MuddlingPotion"},{"floor":40.0,"key":"SneckoOil"},{"floor":43.0,"key":"Weak Potion"},{"floor":44.0,"key":"GamblersBrew"},{"floor":45.0,"key":"ColorlessPotion"},{"floor":46,"key":"DuplicationPotion"}],"is_trial":false,"path_per_floor":["R","M","M","$","?","E","T","?","M","M","E","?","M","M","M","B",null,"R","$","?","?","M","M","T","M","?","E","R","?","M","E","M","B",null,"R","M","?","?","M","M","T","?","E","M","E","M","E"],"character_chosen":"THE_SNECKO","items_purchased":["sneckomod:Unknown3Cost"],"campfire_rested":0,"item_purchase_floors":[19],"current_hp_per_floor":[99,100,97,97,94,84,91,70,70,67,54,54,47,47,47,7,110,110,108,108,83,79,67,67,56,56,59,69,69,80,80,60,42,138,138,138,83,83,86,37,37,37,52,17,11,65,0,0],"gold":504,"neow_bonus":"TEN_PERCENT_HP_BONUS","is_daily":false,"chose_seed":false,"campfire_upgraded":3,"win_rate":0.0,"timestamp":1610191444,"path_taken":["R","M","M","$","?","E","T","?","M","M","E","?","?","M","M","BOSS","R","$","?","?","M","M","T","?","?","E","R","?","?","E","M","BOSS","R","M","?","?","?","M","T","?","E","M","E","?","E"],"items_purchased_type":["Card"],"build_version":"2020-12-22","purchased_purges":1,"victory":false,"max_hp_per_floor":[99,100,100,100,100,100,107,107,107,108,108,108,109,109,109,110,110,110,113,113,115,116,118,118,119,119,120,130,130,132,134,136,138,138,138,139,141,141,142,143,143,143,146,148,150,150,150,150],"card_choices":[{"not_picked":["sneckomod:Rotation","sneckomod:UnknownCommonAttack"],"picked":"sneckomod:UnknownClassGUARDIAN","floor":2.0},{"not_picked":["sneckomod:DiceBlock","sneckomod:UnknownClassTHE_CHAMP_GRAY"],"picked":"sneckomod:Rotation","floor":3.0},{"not_picked":["sneckomod:MasterEye","sneckomod:UnknownCommonSkill","sneckomod:SoulDraw"],"picked":"SKIP","floor":4.0},{"not_picked":["sneckomod:DiceCrush","sneckomod:Rotation"],"picked":"sneckomod:Cheat","floor":6.0},{"not_picked":["sneckomod:SoulDraw","sneckomod:UnknownCommonAttack","sneckomod:DefensiveFlair"],"picked":"SKIP","floor":9.0},{"not_picked":["sneckomod:UnknownClassTHE_CHAMP_GRAY","sneckomod:UnknownClassRED"],"picked":"sneckomod:UnknownStrength","floor":10.0},{"not_picked":["sneckomod:SlitherStrike","sneckomod:UnknownStrike"],"picked":"sneckomod:DiceBlock","floor":11.0},{"not_picked":["sneckomod:SoulRoll","sneckomod:WideSting"],"picked":"sneckomod:UnknownClassSLIMEBOUND","floor":13.0},{"not_picked":["sneckomod:IronFang","sneckomod:QuickMove"],"picked":"sneckomod:MorePower","floor":14.0},{"not_picked":["sneckomod:RainOfDice","sneckomod:UnknownCommonAttack","sneckomod:UnknownVulnerable"],"picked":"SKIP","floor":15.0},{"not_picked":["sneckomod:DangerNoodle","sneckomod:GlitteringGambit"],"picked":"sneckomod:UnlimitedRolls","floor":16.0},{"not_picked":["sneckomod:UnknownClassHEXA_GHOST_PURPLE+1","sneckomod:UnknownUncommonPower+1"],"picked":"sneckomod:UnknownStrength+1","floor":16.0},{"not_picked":["sneckomod:UnknownRareSkill+1","sneckomod:UnknownDexterity+1"],"picked":"sneckomod:UnknownRareAttack+1","floor":19.0},{"not_picked":["sneckomod:IronFang","sneckomod:UnknownStrike"],"picked":"sneckomod:UnknownClassTHE_CHAMP_GRAY","floor":19.0},{"not_picked":["sneckomod:Unknown+1","sneckomod:UnknownVulnerable+1"],"picked":"sneckomod:UnknownEthereal+1","floor":21.0},{"not_picked":["sneckomod:UnknownClassRED","sneckomod:DiceBoulder"],"picked":"sneckomod:UnknownClassGREEN+1","floor":21.0},{"not_picked":["sneckomod:UnknownEthereal+1","sneckomod:UnknownBlock+1"],"picked":"sneckomod:UnknownRareSkill+1","floor":22.0},{"not_picked":["sneckomod:ImprovisedGuard","sneckomod:SoulRoll+1"],"picked":"sneckomod:Transmogrify","floor":22.0},{"not_picked":["sneckomod:UnknownClassPURPLE+1","sneckomod:UnknownStrike+1"],"picked":"sneckomod:Unknown+1","floor":23.0},{"not_picked":["sneckomod:CheapStock","sneckomod:Unknown1Cost"],"picked":"sneckomod:UnknownClassRED","floor":23.0},{"not_picked":["sneckomod:UnknownCommonAttack+1","sneckomod:UnknownClassSLIMEBOUND+1"],"picked":"sneckomod:UnknownExhaust+1","floor":25.0},{"not_picked":["sneckomod:QuickBite","sneckomod:UnknownX+1"],"picked":"sneckomod:DiceCrush+1","floor":25.0},{"not_picked":["sneckomod:UnknownUncommonSkill+1","sneckomod:UnknownX+1"],"picked":"sneckomod:UnknownColorless+1","floor":27.0},{"not_picked":["sneckomod:DangerNoodle","sneckomod:IronFang"],"picked":"sneckomod:SoulExchange","floor":27.0},{"not_picked":["sneckomod:Unknown2Cost+1","sneckomod:UnknownX+1"],"picked":"sneckomod:UnknownUncommonAttack+1","floor":30.0},{"not_picked":["sneckomod:UnknownClassBLUE","sneckomod:UnknownClassHEXA_GHOST_PURPLE"],"picked":"sneckomod:UnknownCommonAttack+1","floor":30.0},{"not_picked":["sneckomod:Unknown3Cost+1","sneckomod:UnknownBlock+1"],"picked":"sneckomod:UnknownRareSkill+1","floor":31.0},{"not_picked":["sneckomod:QuickBite","sneckomod:WideSting"],"picked":"sneckomod:Unknown3Cost","floor":31.0},{"not_picked":["sneckomod:UnknownCommonAttack+1","sneckomod:UnknownStrength+1"],"picked":"sneckomod:UnknownRareSkill+1","floor":32.0},{"not_picked":["sneckomod:RainOfDice+1","sneckomod:IronFang"],"picked":"sneckomod:UnknownCommonAttack","floor":32.0},{"not_picked":["sneckomod:UnknownClassHEXA_GHOST_PURPLE+1","sneckomod:Unknown2Cost+1"],"picked":"sneckomod:UnknownVulnerable+1","floor":33.0},{"not_picked":["sneckomod:Unknown3Cost","sneckomod:UnknownColorless"],"picked":"sneckomod:UnknownRareAttack","floor":33.0},{"not_picked":["sneckomod:UnknownX+1","sneckomod:UnknownCommonAttack+1"],"picked":"sneckomod:UnknownRareAttack+1","floor":36.0},{"not_picked":["sneckomod:UnknownWeak+1","sneckomod:MasterEye+1"],"picked":"sneckomod:Nope+1","floor":36.0},{"not_picked":["sneckomod:Unknown+1","sneckomod:UnknownCommonSkill+1"],"picked":"sneckomod:Unknown3Cost+1","floor":37.0},{"not_picked":["sneckomod:Nope","sneckomod:UnknownBlock+1"],"picked":"sneckomod:UnknownClassHEXA_GHOST_PURPLE+1","floor":37.0},{"not_picked":["sneckomod:SoulDraw+1","sneckomod:Mudshield"],"picked":"sneckomod:Unknown1Cost+1","floor":39.0},{"not_picked":["sneckomod:Unknown2Cost+1","sneckomod:UnknownWeak+1"],"picked":"sneckomod:UnknownColorless+1","floor":40.0},{"not_picked":["sneckomod:UnknownClassGREEN","sneckomod:RainOfDice","sneckomod:Unknown1Cost"],"picked":"SKIP","floor":40.0},{"not_picked":["sneckomod:UnknownClassSLIMEBOUND+1","sneckomod:UnknownExhaust+1"],"picked":"sneckomod:Unknown0Cost+1","floor":43.0},{"not_picked":["sneckomod:UnknownStrength+1","sneckomod:UnknownCommonAttack+1"],"picked":"sneckomod:UnknownUncommonPower+1","floor":43.0},{"not_picked":["sneckomod:DiceBlock","sneckomod:WideSting+1"],"picked":"sneckomod:UnknownUncommonSkill","floor":43.0},{"not_picked":["sneckomod:UnknownClassGREEN+1","sneckomod:UnknownWeak+1"],"picked":"sneckomod:UnknownRareAttack+1","floor":44.0},{"not_picked":["sneckomod:UnknownStrike","sneckomod:UnknownEthereal"],"picked":"sneckomod:UnknownUncommonPower","floor":44.0},{"not_picked":["sneckomod:UnknownCommonSkill+1","sneckomod:Unknown1Cost+1"],"picked":"sneckomod:UnknownRareSkill+1","floor":45.0},{"not_picked":["sneckomod:UnknownCommonSkill+1","sneckomod:UnknownClassBLUE+1"],"picked":"sneckomod:UnknownUncommonSkill+1","floor":45.0},{"not_picked":["sneckomod:UnknownClassTHE_CHAMP_GRAY","sneckomod:DiceCrush"],"picked":"sneckomod:SoulRoll+1","floor":45.0},{"not_picked":["sneckomod:UnknownX+1","sneckomod:Unknown1Cost"],"picked":"sneckomod:Restock","floor":46}],"player_experience":1930079,"relics_obtained":[{"floor":6.0,"key":"Bag of Marbles"},{"floor":7.0,"key":"Strawberry"},{"floor":11.0,"key":"Gremlin Horn"},{"floor":21.0,"key":"Potion Belt"},{"floor":23.0,"key":"Gremlin Horn"},{"floor":27.0,"key":"Bag of Marbles"},{"floor":27.0,"key":"Regal Pillow"},{"floor":30.0,"key":"Bag of Marbles"},{"floor":31.0,"key":"Blood Vial"},{"floor":31.0,"key":"White Beast Statue"},{"floor":32.0,"key":"TungstenRod"},{"floor":33.0,"key":"Ancient Tea Set"},{"floor":37.0,"key":"Shovel"},{"floor":40.0,"key":"Lantern"},{"floor":41.0,"key":"sneckomod:LoadedDie"},{"floor":43.0,"key":"Lizard Tail"},{"floor":45.0,"key":"Velvet Choker"},{"floor":45.0,"key":"Happy Flower"},{"floor":46,"key":"Vajra"},{"floor":46,"key":"sneckomod:LoadedDie"}],"event_choices":[{"damage_healed":0.0,"max_hp_gain":0.0,"max_hp_loss":0.0,"gold_gain":0.0,"event_name":"Scrap Ooze","player_choice":"Success","floor":5.0,"gold_loss":0.0,"damage_taken":3.0,"relics_obtained":["Anchor"]},{"damage_healed":0.0,"max_hp_gain":0.0,"max_hp_loss":0.0,"gold_gain":0.0,"event_name":"Addict","player_choice":"Stole Relic","floor":20.0,"gold_loss":0.0,"damage_taken":0.0,"relics_obtained":["TungstenRod"],"cards_obtained":["Shame"]},{"damage_healed":0.0,"max_hp_gain":0.0,"max_hp_loss":0.0,"gold_gain":0.0,"event_name":"Ghosts","player_choice":"Ignored","floor":26.0,"gold_loss":0.0,"damage_taken":0.0},{"damage_healed":0.0,"max_hp_gain":0.0,"max_hp_loss":0.0,"gold_gain":0.0,"cards_transformed":["sneckomod:UnknownClassGUARDIAN"],"event_name":"Transmorgrifier","player_choice":"Transformed","floor":29.0,"gold_loss":0.0,"damage_taken":0.0,"cards_obtained":["sneckomod:SnakeSap"]},{"damage_healed":0.0,"max_hp_gain":0.0,"max_hp_loss":0.0,"gold_gain":0.0,"event_name":"Duplicator","player_choice":"Copied","floor":42.0,"gold_loss":0.0,"damage_taken":0.0,"cards_obtained":["sneckomod:MorePower"]}],"is_beta":false,"boss_relics":[{"not_picked":["Black Star","Sozu"],"picked":"Empty Cage"},{"not_picked":["Runic Dome","SlaversCollar"],"picked":"Coffee Dripper"}],"items_purged_floors":[4],"is_endless":false,"potions_floor_spawned":[3,10,11,14,16,23,31,32,33,36,37,39,40,43,44,45,46],"killed_by":"Reptomancer","ascension_level":2}}