{"host":"q1yq0ibtlljsjzm9","time":1610219568,"event":{"mods":["BaseMod","DeckTracker","GifTheSpireLib","Minty Spire (QoL Compilation)","StSLib","The Servant 0.9.4"],"gold_per_floor":[112,19,30,42,61,61,92,110,133,153,153,8,8,19,19,121,121,137,137,147,111,111,146,220,186,186,186,186,205,205,205,205],"floor_reached":31,"playtime":1761,"items_purged":[],"score":257,"play_id":"3fa6db58-2903-4183-960a-47d3d4fe231b","local_time":"20210109111248","is_ascension_mode":false,"campfire_choices":[{"floor":6,"key":"REST"},{"floor":11,"key":"RECALL"},{"floor":13,"key":"REST"},{"floor":15,"key":"REST"},{"floor":27,"key":"REST"}],"circlet_count":0,"master_deck":["Strike_B","Strike_B","Strike_B","Defend_B","Defend_B","Defend_B","Defend_B+1","Zap+1","Dualcast","Sweeping Beam","Go for the Eyes","Conserve Battery","Doom and Gloom","Steam","Streamline","Undo","Storm","All For One","CurseOfTheBell","Gash","Turbo","Hello World","Sunder","Go for the Eyes","Lockon","Defragment+1","Rainbow"],"relics":["Cracked Core","War Paint","Nunchaku","Tiny Chest","Calling Bell","Dream Catcher","Ornamental Fan","Pocketwatch","MutagenicStrength","Lantern","Matryoshka","Bag of Marbles","Ancient Tea Set"],"acts_visited":["Exordium","TheCity"],"potions_floor_usage":[7,7,20,28,29],"damage_taken":[{"damage":17,"enemies":"Small Slimes","floor":1,"turns":4},{"damage":1,"enemies":"Cultist","floor":3,"turns":4},{"damage":7,"enemies":"2 Louse","floor":4,"turns":2},{"damage":1,"enemies":"Red Slaver","floor":5,"turns":4},{"damage":12,"enemies":"3 Sentries","floor":7,"turns":5},{"damage":4,"enemies":"2 Fungi Beasts","floor":8,"turns":3},{"damage":9,"enemies":"Large Slime","floor":10,"turns":4},{"damage":4,"enemies":"Blue Slaver","floor":14,"turns":4},{"damage":39,"enemies":"Slime Boss","floor":16,"turns":8},{"damage":17,"enemies":"2 Thieves","floor":18,"turns":4},{"damage":11,"enemies":"3 Byrds","floor":20,"turns":5},{"damage":53,"enemies":"Slavers","floor":23,"turns":8},{"damage":0,"enemies":"Sentry and Sphere","floor":28,"turns":1},{"damage":14,"enemies":"Snake Plant","floor":29,"turns":3},{"damage":12,"enemies":"Shelled Parasite and Fungi","floor":31,"turns":1}],"seed_played":"5616170443390977065","potions_obtained":[{"floor":4,"key":"Explosive Potion"},{"floor":5,"key":"FocusPotion"},{"floor":7,"key":"SmokeBomb"},{"floor":16,"key":"AttackPotion"},{"floor":23,"key":"FearPotion"}],"is_trial":false,"path_per_floor":["M","?","M","M","M","R","E","M","T","M","R","$","R","M","R","B",null,"M","?","M","$","?","E","T","$","T","R","M","M","$","M"],"character_chosen":"DEFECT","items_purchased":["Tiny Chest","Sunder","Lockon"],"campfire_rested":4,"item_purchase_floors":[12,21,25],"current_hp_per_floor":[65,65,64,57,56,80,68,64,64,55,55,55,79,75,82,43,82,65,65,54,54,54,1,1,1,1,25,25,11,11,0,0],"gold":205,"neow_bonus":"TEN_PERCENT_HP_BONUS","is_daily":false,"chose_seed":false,"campfire_upgraded":0,"win_rate":0.0,"timestamp":1610219568,"path_taken":["M","?","?","M","M","R","E","M","T","M","R","$","R","M","R","BOSS","M","?","?","$","?","E","?","$","T","R","M","M","$","M"],"items_purchased_type":["Relic","Card","Card"],"build_version":"2020-12-22","purchased_purges":0,"victory":false,"max_hp_per_floor":[82,82,82,82,82,82,82,82,82,82,82,82,82,82,82,82,82,82,82,82,82,82,82,82,82,82,82,82,82,82,82,82],"card_choices":[{"not_picked":["Go for the Eyes","Blizzard"],"picked":"Sweeping Beam","floor":1},{"not_picked":["Cold Snap","Reprogram"],"picked":"Go for the Eyes","floor":3},{"not_picked":["Sweeping Beam","Steam Power"],"picked":"Conserve Battery","floor":4},{"not_picked":["Barrage","Reprogram"],"picked":"Doom and Gloom","floor":5},{"not_picked":["Coolheaded","Force Field"],"picked":"Steam","floor":7},{"not_picked":["Force Field","Go for the Eyes"],"picked":"Streamline","floor":8},{"not_picked":["Leap","Barrage"],"picked":"Undo","floor":10},{"not_picked":["Beam Cell","Go for the Eyes"],"picked":"Storm","floor":14},{"not_picked":["Meteor Strike","Fission"],"picked":"All For One","floor":16},{"not_picked":["Ball Lightning","Rebound"],"picked":"Gash","floor":18},{"not_picked":["Coolheaded+1","Hologram"],"picked":"Hello World","floor":20},{"not_picked":["Rebound","Tempest"],"picked":"Go for the Eyes","floor":23},{"not_picked":["Sunder+1","Sweeping Beam"],"picked":"Defragment+1","floor":27},{"not_picked":["Compile Driver","Stack"],"picked":"Rainbow","floor":29}],"player_experience":65211,"relics_obtained":[{"floor":7,"key":"Nunchaku"},{"floor":17,"key":"Dream Catcher"},{"floor":17,"key":"Ornamental Fan"},{"floor":17,"key":"Pocketwatch"},{"floor":23,"key":"Lantern"},{"floor":24,"key":"Matryoshka"},{"floor":26,"key":"Bag of Marbles"},{"floor":26,"key":"Ancient Tea Set"}],"event_choices":[{"damage_healed":0,"gold_gain":0,"player_choice":"Paid Gold","damage_taken":0,"relics_obtained":["War Paint"],"max_hp_gain":0,"max_hp_loss":0,"event_name":"WeMeetAgain","floor":2,"gold_loss":93},{"damage_healed":0,"gold_gain":0,"cards_transformed":["Strike_B"],"player_choice":"Transformed","damage_taken":0,"max_hp_gain":0,"max_hp_loss":0,"event_name":"Transmorgrifier","floor":19,"gold_loss":0,"cards_obtained":["Turbo"]},{"damage_healed":0,"gold_gain":0,"player_choice":"Inject Mutagens","damage_taken":0,"relics_obtained":["MutagenicStrength"],"max_hp_gain":0,"max_hp_loss":0,"event_name":"Drug Dealer","floor":22,"gold_loss":0}],"is_beta":false,"boss_relics":[{"not_picked":["Busted Crown","Black Star"],"picked":"Calling Bell"}],"items_purged_floors":[],"is_endless":false,"potions_floor_spawned":[4,5,7,16,23,28],"killed_by":"Shelled Parasite and Fungi","ascension_level":0}}