{"host":"5f3w3xqo483bhjcu","time":1610186588,"event":{"mods":["Act Like it!","BaseMod","KinomotoSakuraMod(ƒæ÷Æ±æ”£)","Koishi","Marisa£®ÏF”Í°°ƒß¿Ì…≥£©","Minty Spire (QoL Compilation)","Reimu£®≤©¿ˆ¡È√Œ£©","Remilia£®¿Ÿ√◊¿Ú—«£©","StSLib","The Servant 0.9.4","Waifu the Spire","WarShipGirlsR/’ΩΩ¢…Ÿ≈ÆR mod","Yakumo Yukari mod","Youmu£®ªÍ∆«—˝√Œ£©","Yuyuko","°æ“≈ŒÔø®≈∆°øREMEMod"],"gold_per_floor":[111,129,144,319,95,95,120,132,168,280,292,319,331,357,369,479,491,522,534,268,295,315,315,327,327,406,423,423,423],"floor_reached":28,"playtime":3675,"items_purged":["Doubt","ClowCardTheShield"],"score":238,"play_id":"84857bf0-d235-4377-83c0-8462f64c8a63","local_time":"20210109180308","is_ascension_mode":false,"campfire_choices":[{"data":"Apotheosis","floor":6,"key":"SMITH"},{"data":"ClowCardTheMove","floor":11,"key":"SMITH"},{"data":"ClowCardTheErase","floor":15,"key":"SMITH"},{"data":"ClowCardTheLight","floor":23,"key":"SMITH"}],"circlet_count":0,"master_deck":["SakuraCardTheSword+","ClowCardTheSword","ClowCardTheSword+1","ClowCardTheSword","ClowCardTheShield","ClowCardTheShield","ClowCardTheShield","SpellCardSeal+1","SpellCardRelease","ClowCardTheMove+1","Apotheosis+1","ClowCardTheFlower","ClowCardTheFirey","ClowCardTheErase+1","ClowCardTheLight+1","ClowCardTheRain+1","ClowCardTheFirey+1","ClowCardTheMist"],"relics":["KSMOD_SealedBook","KSMOD_SealedWand","REME_ComplimentaryCards","NeowsBlessing","Juzu Bracelet","MawBank","Tiny Chest","Strawberry","SlaversCollar","Membership Card","Vajra","Whetstone"],"acts_visited":["Exordium","TheCity"],"potions_floor_usage":[7,16,25],"damage_taken":[{"damage":0,"enemies":"Jaw Worm","floor":1,"turns":1},{"damage":0,"enemies":"2 Louse","floor":2,"turns":1},{"damage":0,"enemies":"Cultist","floor":3,"turns":1},{"damage":19,"enemies":"3 Sentries","floor":7,"turns":5},{"damage":7,"enemies":"Blue Slaver","floor":12,"turns":3},{"damage":7,"enemies":"Exordium Wildlife","floor":14,"turns":3},{"damage":33,"enemies":"The Guardian","floor":16,"turns":11},{"damage":4,"enemies":"3 Byrds","floor":18,"turns":4},{"damage":18,"enemies":"2 Thieves","floor":22,"turns":4},{"damage":20,"enemies":"Cultist and Chosen","floor":24,"turns":4},{"damage":10,"enemies":"REME_1_Revenger","floor":25,"turns":3},{"damage":13,"enemies":"Chosen and Byrds","floor":27,"turns":3},{"damage":33,"enemies":"Snecko","floor":28,"turns":4}],"seed_played":"-6064144877665996689","potions_obtained":[{"floor":1,"key":"LiquidBronze"},{"floor":3,"key":"AttackPotion"},{"floor":7,"key":"KSMOD_MagickBottle"},{"floor":12,"key":"SmokeBomb"},{"floor":16,"key":"BlessingOfTheForge"}],"is_trial":false,"path_per_floor":["M","M","M","?","$","R","E","?","T","?","R","M","?","M","R","B",null,"M","?","$","T","M","R","M","E","T","M","M"],"character_chosen":"KINOMOTOSAKURA","items_purchased":["Juzu Bracelet","Membership Card","Vajra"],"campfire_rested":0,"item_purchase_floors":[5,20,20],"current_hp_per_floor":[70,70,70,70,70,70,51,48,55,55,55,48,53,46,46,13,82,78,78,78,78,60,60,40,30,30,17,0,0],"gold":423,"neow_bonus":"THREE_ENEMY_KILL","is_daily":false,"chose_seed":false,"campfire_upgraded":4,"win_rate":0.0,"timestamp":1610186588,"path_taken":["M","M","M","?","$","R","E","?","T","?","R","M","?","M","R","BOSS","M","?","$","?","M","R","M","E","T","M","M"],"items_purchased_type":["Relic","Relic","Relic"],"build_version":"2020-12-22","purchased_purges":2,"victory":false,"max_hp_per_floor":[70,70,70,70,70,70,70,70,77,77,77,77,82,82,82,82,82,82,82,82,82,82,82,82,82,82,82,82,82],"card_choices":[{"not_picked":["ClowCardTheWood","ClowCardTheShadow"],"picked":"ClowCardTheMove","floor":1},{"not_picked":["ClowCardTheFlower","ClowCardTheVoice","ClowCardTheSnow"],"picked":"SKIP","floor":2},{"not_picked":["ClowCardTheVoice","ClowCardTheSnow"],"picked":"ClowCardTheFlower","floor":2},{"not_picked":["ClowCardThePower","ClowCardTheVoice","ClowCardTheMirror"],"picked":"SKIP","floor":3},{"not_picked":["ClowCardTheVoice","ClowCardTheLibra","ClowCardTheLock"],"picked":"SKIP","floor":7},{"not_picked":["ClowCardTheBubbles","ClowCardTheMaze"],"picked":"ClowCardTheFirey","floor":12},{"not_picked":["ClowCardTheWood","ClowCardTheLibra"],"picked":"ClowCardTheErase","floor":14},{"not_picked":["ClowCardTheDash","ClowCardTheTwin"],"picked":"ClowCardTheLight","floor":16},{"not_picked":["ClowCardTheWatery","ClowCardTheVoice"],"picked":"ClowCardTheRain+1","floor":18},{"not_picked":["ClowCardTheSweet+1","ClowCardTheRain","ClowCardTheFlower"],"picked":"SKIP","floor":22},{"not_picked":["ClowCardTheBig","ClowCardTheIllusion"],"picked":"ClowCardTheFirey+1","floor":24},{"not_picked":["ClowCardTheLibra","ClowCardTheSand"],"picked":"ClowCardTheMist","floor":27}],"player_experience":381530,"relics_obtained":[{"floor":7,"key":"MawBank"},{"floor":9,"key":"Strawberry"},{"floor":21,"key":"Whetstone"}],"event_choices":[{"damage_healed":0,"gold_gain":175,"player_choice":"AGREE","damage_taken":0,"max_hp_gain":0,"max_hp_loss":0,"event_name":"Liars Game","floor":4,"gold_loss":0,"cards_obtained":["Doubt"]},{"damage_healed":0,"gold_gain":0,"player_choice":"Success","damage_taken":3,"relics_obtained":["Tiny Chest"],"max_hp_gain":0,"max_hp_loss":0,"event_name":"Scrap Ooze","floor":8,"gold_loss":0},{"damage_healed":0,"gold_gain":100,"player_choice":"Pray","damage_taken":0,"max_hp_gain":0,"max_hp_loss":0,"event_name":"Golden Shrine","floor":10,"gold_loss":0},{"damage_healed":0,"gold_gain":0,"player_choice":"Donut","damage_taken":0,"max_hp_gain":5,"max_hp_loss":0,"event_name":"Big Fish","floor":13,"gold_loss":0},{"damage_healed":0,"gold_gain":0,"player_choice":"Ignored","damage_taken":0,"max_hp_gain":0,"max_hp_loss":0,"event_name":"Vampires","floor":19,"gold_loss":0}],"is_beta":false,"boss_relics":[{"not_picked":["Coffee Dripper","Empty Cage"],"picked":"SlaversCollar"}],"items_purged_floors":[5,20],"is_endless":false,"potions_floor_spawned":[1,3,7,12,16,22,24],"killed_by":"Snecko","ascension_level":0}}