{"host":"wwo1kwxjf4eyz37q","time":1610158485,"event":{"mods":["AchievementEnabler","BaseMod","Colored Map","Minty Spire (QoL Compilation)","Quick Restart","SuperFastMode"],"gold_per_floor":[114,114,114,39,39,73,73,107,152,172,182,215,215,244,244,340,340,359,359,38,49,67,67,83,110,110,110,124,124,124,139,139,243,243,254,254,272,147,167,94,94,94,94,94,112,125,125,141,141,141],"floor_reached":51,"playtime":2830,"items_purged":["Strike_P","Defend_P","Defend_P"],"score":879,"play_id":"5b0a9891-6268-4433-8f1e-511387e6bd56","local_time":"20210109111445","is_ascension_mode":true,"campfire_choices":[{"data":"Eruption","floor":7.0,"key":"SMITH"},{"data":"CutThroughFate","floor":13.0,"key":"SMITH"},{"data":"FearNoEvil","floor":15.0,"key":"SMITH"},{"data":"MentalFortress","floor":23.0,"key":"SMITH"},{"data":"TalkToTheHand","floor":27.0,"key":"SMITH"},{"data":"Study","floor":29.0,"key":"SMITH"},{"data":"Blasphemy","floor":32.0,"key":"SMITH"},{"data":"Halt","floor":49,"key":"SMITH"}],"circlet_count":0,"master_deck":["Strike_P","Strike_P","Defend_P","Eruption+1","Vigilance","FearNoEvil+1","CutThroughFate+1","Blasphemy+1","TalkToTheHand+1","Study+1","MentalFortress+1","Halt+1","DeusExMachina","Indignation","MentalFortress+1","Fasting2"],"relics":["PureWater","NeowsBlessing","Nunchaku","Toy Ornithopter","Pantograph","Art of War","Happy Flower","Odd Mushroom","Coffee Dripper","MealTicket","CaptainsWheel","Meat on the Bone","Runic Pyramid","Oddly Smooth Stone","Mercury Hourglass"],"acts_visited":["Exordium","TheCity","TheBeyond"],"potions_floor_usage":[48,50,50,50,50,50],"damage_taken":[{"damage":0.0,"enemies":"Small Slimes","floor":1.0,"turns":1.0},{"damage":0.0,"enemies":"Lagavulin","floor":6.0,"turns":1.0},{"damage":0.0,"enemies":"3 Sentries","floor":8.0,"turns":1.0},{"damage":0.0,"enemies":"2 Louse","floor":10.0,"turns":2.0},{"damage":0.0,"enemies":"Jaw Worm","floor":11.0,"turns":2.0},{"damage":0.0,"enemies":"Gremlin Nob","floor":12.0,"turns":2.0},{"damage":47.0,"enemies":"The Mushroom Lair","floor":14.0,"turns":6.0},{"damage":23.0,"enemies":"Hexaghost","floor":16.0,"turns":8.0},{"damage":16.0,"enemies":"Spheric Guardian","floor":18.0,"turns":5.0},{"damage":3.0,"enemies":"Shell Parasite","floor":21.0,"turns":4.0},{"damage":6.0,"enemies":"Centurion and Healer","floor":22.0,"turns":5.0},{"damage":11.0,"enemies":"Cultist and Chosen","floor":24.0,"turns":8.0},{"damage":22.0,"enemies":"Book of Stabbing","floor":25.0,"turns":7.0},{"damage":0.0,"enemies":"Snecko","floor":28.0,"turns":3.0},{"damage":0.0,"enemies":"Snake Plant","floor":30.0,"turns":1.0},{"damage":0.0,"enemies":"3 Cultists","floor":31.0,"turns":5.0},{"damage":27.0,"enemies":"Automaton","floor":33.0,"turns":9.0},{"damage":0.0,"enemies":"Orb Walker","floor":35.0,"turns":5.0},{"damage":36.0,"enemies":"3 Shapes","floor":37.0,"turns":3.0},{"damage":17.0,"enemies":"Sphere and 2 Shapes","floor":39.0,"turns":4.0},{"damage":7.0,"enemies":"Writhing Mass","floor":45.0,"turns":6.0},{"damage":0.0,"enemies":"Spire Growth","floor":46.0,"turns":4.0},{"damage":18,"enemies":"3 Darklings","floor":48,"turns":6},{"damage":55,"enemies":"Donu and Deca","floor":50,"turns":8}],"seed_played":"3888807432255322100","potions_obtained":[{"floor":8.0,"key":"LiquidBronze"},{"floor":10.0,"key":"Ancient Potion"},{"floor":11.0,"key":"DistilledChaos"},{"floor":16.0,"key":"Energy Potion"},{"floor":24.0,"key":"Block Potion"},{"floor":25.0,"key":"SmokeBomb"},{"floor":33.0,"key":"BottledMiracle"},{"floor":35.0,"key":"EntropicBrew"},{"floor":37.0,"key":"Fire Potion"},{"floor":45.0,"key":"Block Potion"}],"is_trial":false,"path_per_floor":["M","?","?","$","?","E","R","E","T","M","M","E","R","?","R","B",null,"M","?","$","M","M","R","M","E","T","R","M","R","M","M","R","B",null,"M","?","M","$","M","$","?","?","T","T","M","M","$","M","R","B",null],"character_chosen":"WATCHER","items_purchased":["MealTicket","Study","Fasting2"],"campfire_rested":0,"item_purchase_floors":[20,20,40],"current_hp_per_floor":[72,72,65,65,58,58,58,58,58,58,58,58,58,11,11,18,72,56,50,50,47,41,41,30,13,13,13,30,30,47,47,47,45,72,72,72,48,63,46,61,61,61,61,61,54,54,69,54,54,39],"gold":141,"neow_bonus":"THREE_ENEMY_KILL","is_daily":false,"chose_seed":false,"campfire_upgraded":8,"win_rate":0.0,"timestamp":1610158485,"path_taken":["M","?","?","$","?","E","R","E","T","M","M","E","R","?","R","BOSS","M","?","$","M","?","R","M","E","T","R","M","R","M","M","R","BOSS","M","?","M","?","M","$","?","?","T","?","M","M","$","M","R","BOSS"],"items_purchased_type":["Relic","Card","Card"],"build_version":"2020-12-22","purchased_purges":3,"victory":true,"max_hp_per_floor":[72,72,72,72,72,72,72,72,72,72,72,72,72,72,72,72,72,72,72,72,72,72,72,72,72,72,72,72,72,72,72,72,72,72,72,72,72,72,72,72,72,72,72,72,72,72,72,72,72,72],"card_choices":[{"not_picked":["EmptyFist","BattleHymn"],"picked":"FearNoEvil","floor":1.0},{"not_picked":["Omniscience","FlurryOfBlows"],"picked":"CutThroughFate","floor":6.0},{"not_picked":["Protect","FlurryOfBlows","Sanctity"],"picked":"SKIP","floor":8.0},{"not_picked":["Consecrate","Sanctity","PathToVictory"],"picked":"SKIP","floor":10.0},{"not_picked":["Prostrate","Wireheading","Conclude"],"picked":"SKIP","floor":11.0},{"not_picked":["PathToVictory","EmptyFist","Devotion"],"picked":"SKIP","floor":12.0},{"not_picked":["DeusExMachina","Omniscience"],"picked":"Blasphemy","floor":16.0},{"not_picked":["BowlingBash","WreathOfFlame+1"],"picked":"TalkToTheHand","floor":18.0},{"not_picked":["JustLucky","Crescendo"],"picked":"MentalFortress","floor":21.0},{"not_picked":["Collect+1","WreathOfFlame"],"picked":"Halt","floor":22.0},{"not_picked":["SashWhip","FlyingSleeves","PathToVictory"],"picked":"SKIP","floor":24.0},{"not_picked":["TalkToTheHand","InnerPeace+1","Worship+1"],"picked":"SKIP","floor":25.0},{"not_picked":["PathToVictory","WaveOfTheHand","FlyingSleeves+1"],"picked":"SKIP","floor":28.0},{"not_picked":["Collect","EmptyFist+1","Wish"],"picked":"SKIP","floor":31.0},{"not_picked":["Devotion","SpiritShield"],"picked":"DeusExMachina","floor":33.0},{"not_picked":["Perseverance+1","LikeWater+1","Prostrate"],"picked":"SKIP","floor":35.0},{"not_picked":["FlyingSleeves+1","Evaluate+1","SignatureMove+1"],"picked":"SKIP","floor":37.0},{"not_picked":["Protect","ThirdEye"],"picked":"Indignation","floor":39.0},{"not_picked":["ClearTheMind","Crescendo+1"],"picked":"MentalFortress+1","floor":45.0},{"not_picked":["JustLucky+1","Halt+1","Vengeance+1"],"picked":"SKIP","floor":46.0},{"not_picked":["Halt+1","Protect"],"picked":"Fasting2","floor":48}],"player_experience":196688,"relics_obtained":[{"floor":6.0,"key":"Toy Ornithopter"},{"floor":8.0,"key":"Pantograph"},{"floor":9.0,"key":"Art of War"},{"floor":12.0,"key":"Happy Flower"},{"floor":14.0,"key":"Odd Mushroom"},{"floor":25.0,"key":"CaptainsWheel"},{"floor":26.0,"key":"Meat on the Bone"},{"floor":43.0,"key":"Oddly Smooth Stone"},{"floor":44.0,"key":"Mercury Hourglass"}],"event_choices":[{"cards_removed":["Strike_P"],"damage_healed":0.0,"max_hp_gain":0.0,"max_hp_loss":0.0,"gold_gain":0.0,"event_name":"Living Wall","player_choice":"Forget","floor":2.0,"gold_loss":0.0,"damage_taken":0.0},{"cards_removed":["Defend_P"],"damage_healed":0.0,"max_hp_gain":0.0,"max_hp_loss":0.0,"gold_gain":0.0,"event_name":"Golden Wing","player_choice":"Card Removal","floor":3.0,"gold_loss":0.0,"damage_taken":7.0},{"damage_healed":0.0,"max_hp_gain":0.0,"max_hp_loss":0.0,"gold_gain":0.0,"event_name":"Scrap Ooze","player_choice":"Success","floor":5.0,"gold_loss":0.0,"damage_taken":7.0,"relics_obtained":["Nunchaku"]},{"damage_healed":0.0,"max_hp_gain":0.0,"max_hp_loss":0.0,"gold_gain":0.0,"event_name":"Mushrooms","player_choice":"Fought Mushrooms","floor":14.0,"gold_loss":0.0,"damage_taken":0.0},{"damage_healed":0.0,"max_hp_gain":0.0,"max_hp_loss":0.0,"gold_gain":0.0,"event_name":"Knowing Skull","player_choice":"","floor":19.0,"potions_obtained":[],"gold_loss":0.0,"damage_taken":6.0,"cards_obtained":[]},{"damage_healed":0.0,"max_hp_gain":0.0,"max_hp_loss":0.0,"gold_gain":0.0,"event_name":"The Woman in Blue","player_choice":"Bought 0 Potions","floor":36.0,"gold_loss":0.0,"damage_taken":0.0},{"damage_healed":0.0,"max_hp_gain":0.0,"max_hp_loss":0.0,"gold_gain":0.0,"event_name":"Tomb of Lord Red Mask","player_choice":"Ignored","floor":41.0,"gold_loss":0.0,"damage_taken":0.0},{"cards_removed":["Fasting2"],"damage_healed":0.0,"max_hp_gain":0.0,"max_hp_loss":0.0,"gold_gain":0.0,"event_name":"Falling","player_choice":"Removed Power","floor":42.0,"gold_loss":0.0,"damage_taken":0.0}],"is_beta":false,"boss_relics":[{"not_picked":["SacredBark","Velvet Choker"],"picked":"Coffee Dripper"},{"not_picked":["VioletLotus","Fusion Hammer"],"picked":"Runic Pyramid"}],"items_purged_floors":[4,20,38],"is_endless":false,"potions_floor_spawned":[8,10,11,16,21,24,25,30,33,35,37,45],"ascension_level":4}}