{"host":"idnw6fyeq3u7eand","time":1610169148,"event":{"mods":["BaseMod","Card Forge","Colored Map","DeckTracker","GungeonMod","Hermit","KOR Keyword Fix","Lobotomy","Minty Spire (QoL Compilation)","Quick Restart","Random Character Button","Replay The Spire","StSLib","SuperFastMode","The Bug Knight","The Cursed","The Dragon Tamer","The Hierophant","The Runesmith"],"gold_per_floor":[110,73,73,92,22,50,50,80,80,100,100,114,137,161,161,161,161],"floor_reached":16,"playtime":3857,"items_purged":["Strike_R"],"score":118,"play_id":"442c5315-0a14-4c9b-a518-d8b429a95de1","local_time":"20210109141228","is_ascension_mode":true,"campfire_choices":[{"data":"Body Slam","floor":7,"key":"SMITH"}],"circlet_count":0,"master_deck":["Strike_R","Strike_R","Defend_R","Defend_R","Defend_R","Defend_R","Bash","Wellcheers","Anger+1","BeautyBeast","True Grit","Clumsy","CrumblingArmor","Body Slam+1","WallGazer","Woodsman","Shrug It Off","Injury","HappyTeddy","Armaments","VoidDream","Hemogenesis","ShyLook","Dark Embrace","Burning Pact"],"relics":["Burning Blood","Hammer of Thor","Seething Fire","Anvil of the Gods","CogitoBucket","ReplayTheSpireMod:CursedCoin","King of Hearts","HollowMod:PaleOreRelic","Smiling Mask","Blue Candle","Golden Idol","ResearcherNote"],"acts_visited":["Exordium"],"potions_floor_usage":[13],"damage_taken":[{"damage":1,"enemies":"2 Louse","floor":1,"turns":4},{"damage":0,"enemies":"Cultist","floor":4,"turns":3},{"damage":42,"enemies":"3 Sentries","floor":6,"turns":17},{"damage":19,"enemies":"Gremlin Nob","floor":8,"turns":4},{"damage":4,"enemies":"Jaw Worm","floor":10,"turns":4},{"damage":18,"enemies":"Exordium Wildlife","floor":12,"turns":5},{"damage":21,"enemies":"Looter","floor":13,"turns":6},{"damage":2,"enemies":"2 Fungi Beasts","floor":14,"turns":4},{"damage":50,"enemies":"Hexaghost","floor":16,"turns":5}],"seed_played":"-6483055962239060974","potions_obtained":[{"floor":8,"key":"EssenceOfSteel"},{"floor":10,"key":"SpeedPotion"},{"floor":12,"key":"Explosive Potion"}],"is_trial":false,"path_per_floor":["M","$","?","M","$","E","R","E","T","M","?","M","M","M","R_BF","B"],"character_chosen":"IRONCLAD","items_purchased":["Anger+1","ReplayTheSpireMod:CursedCoin","King of Hearts"],"campfire_rested":0,"item_purchase_floors":[2,5,5],"current_hp_per_floor":[80,80,80,80,80,50,50,37,37,42,42,48,39,63,63,16,6],"gold":161,"neow_bonus":"","is_daily":false,"chose_seed":false,"campfire_upgraded":1,"win_rate":0.0,"timestamp":1610169148,"path_taken":["M","$","?","M","?","E","R","E","T","?","?","M","M","M","R_BF","BOSS"],"items_purchased_type":["Card","Relic","Relic"],"build_version":"2020-12-22","purchased_purges":1,"victory":false,"max_hp_per_floor":[80,80,80,80,80,80,80,80,80,80,80,80,80,80,80,80,80],"card_choices":[{"not_picked":["Bloodbath","MeatLantern"],"picked":"Wellcheers","floor":1},{"not_picked":["Run Through","Seeing Red"],"picked":"Flame Barrier","floor":1},{"not_picked":["Murderer","SpiderBud"],"picked":"BeautyBeast","floor":4},{"not_picked":["Dual Wield","ReplayTheSpireMod:Strike From Hell"],"picked":"True Grit","floor":4},{"not_picked":["UniverseFragment","MHz"],"picked":"CrumblingArmor","floor":6},{"not_picked":["True Grit","Blood for Blood"],"picked":"Body Slam","floor":6},{"not_picked":["FieryBird","UniverseFragment"],"picked":"WallGazer","floor":8},{"not_picked":["Wild Strike","True Grit","Heavy Blade"],"picked":"SKIP","floor":8},{"not_picked":["Yin","Bloodbath"],"picked":"Woodsman","floor":10},{"not_picked":["Run Through","Body Slam"],"picked":"Shrug It Off","floor":10},{"not_picked":["OSAHOGD","FieryBird"],"picked":"HappyTeddy","floor":12},{"not_picked":["Shrug It Off","Iron Wave"],"picked":"Armaments","floor":12},{"not_picked":["UniverseFragment","Bloodbath"],"picked":"VoidDream","floor":13},{"not_picked":["Clothesline","Burning Pact"],"picked":"Hemogenesis","floor":13},{"not_picked":["DreamingCurrent","MeatLantern"],"picked":"ShyLook","floor":14},{"not_picked":["Twin Strike","Flex"],"picked":"Dark Embrace","floor":14}],"player_experience":336301,"relics_obtained":[{"floor":6,"key":"HollowMod:PaleOreRelic"},{"floor":8,"key":"Smiling Mask"},{"floor":9,"key":"Blue Candle"}],"event_choices":[{"cards_removed":["Strike_R"],"damage_healed":0,"gold_gain":0,"player_choice":"Purged","damage_taken":0,"max_hp_gain":0,"max_hp_loss":0,"event_name":"Purifier","floor":3,"gold_loss":0},{"damage_healed":0,"gold_gain":0,"player_choice":"Take Wound","damage_taken":0,"relics_obtained":["Golden Idol"],"max_hp_gain":0,"max_hp_loss":0,"event_name":"Golden Idol","floor":11,"gold_loss":0,"cards_obtained":["Injury"]}],"is_beta":false,"boss_relics":[],"items_purged_floors":[5],"is_endless":false,"potions_floor_spawned":[8,10,12],"killed_by":"Hexaghost","ascension_level":1}}