{"host":"wkcoec525dnrk4jw","time":1610187211,"event":{"mods":["BaseMod","Conspire","Lobotomy","Minty Spire (QoL Compilation)","Quick Restart","Replay The Spire","Shop Mod","StSLib","TestMod","The Bug Knight","The Cursed","[IsaacMod]ÒÔÈö¼âËþ","vexMod","¡¾ÒÅÎï¿¨ÅÆ¡¿REMEMod"],"gold_per_floor":[363,377,393,173,223,305,317,391,403,415,427,509,568,580,592,611,611],"floor_reached":16,"playtime":700,"items_purged":["Clumsy"],"score":287,"play_id":"2600d0c1-d452-4a42-9abd-77319c2e8ca7","local_time":"20210109181331","is_ascension_mode":true,"campfire_choices":[{"floor":7.0,"key":"REST"},{"floor":10.0,"key":"REST"},{"floor":15,"key":"REST"}],"circlet_count":0,"master_deck":["AscendersBane","Strike_R","Strike_R","Strike_R","Strike_R","Strike_R","Defend_R","Defend_R","Defend_R","Defend_R","DoctorFetus","testmod-AdversityCounterattack","Inflame","Bloodletting","Cleave","ReplayTheSpireMod:Stacked","Bloodletting","Amnesia","Overencumbered","Wild Strike","Regret","ReplayTheSpireMod:Doomed","ReplayTheSpireMod:Faulty Equipment","Shame","Injury","ReplayTheSpireMod:Limb From Limb","Feed"],"relics":["Burning Blood","HushsDoor","testmod-TestBox","REME_ComplimentaryCards","testmod-SaigiyounoYou","YumHeart","ReplayTheSpireMod:Ring of Challenge","Ring of Greed","MawBank","Membership Card","Pear","AnarchistCookbook","Nunchaku","SalivaCoin","vexMod:ScavengeHelm"],"acts_visited":["Exordium"],"potions_floor_usage":[],"damage_taken":[{"damage":12.0,"enemies":"Jaw Worm","floor":1.0,"turns":3.0},{"damage":18.0,"enemies":"2 Louse","floor":2.0,"turns":3.0},{"damage":10.0,"enemies":"Cultist","floor":3.0,"turns":4.0},{"damage":71.0,"enemies":"Gremlin Nob","floor":6.0,"turns":6.0},{"damage":13.0,"enemies":"Looter","floor":8.0,"turns":2.0},{"damage":55,"enemies":"3 Sentries","floor":12,"turns":7},{"damage":9,"enemies":"Large Slime","floor":13,"turns":5},{"damage":8,"enemies":"Fading Forest","floor":16,"turns":2}],"seed_played":"-1556808853547860688","potions_obtained":[{"floor":3.0,"key":"Elixir"},{"floor":13,"key":"BloodPotion"}],"is_trial":false,"path_per_floor":["M","M","M","$","?","E","R","M","T","R","?","E","M","?","R","B"],"character_chosen":"IRONCLAD","items_purchased":["ReplayTheSpireMod:Stacked","Bloodletting"],"campfire_rested":3,"item_purchase_floors":[4,4],"current_hp_per_floor":[66,75,75,75,75,28,53,50,50,75,75,33,64,64,85,77,77],"gold":611,"neow_bonus":"TWO_FIFTY_GOLD","is_daily":false,"chose_seed":false,"campfire_upgraded":0,"win_rate":0.0,"timestamp":1610187211,"path_taken":["M","M","M","$","?","E","R","?","T","R","?","E","?","?","R","BOSS"],"items_purchased_type":["Card","Card"],"build_version":"2020-12-22","purchased_purges":1,"victory":false,"max_hp_per_floor":[75,75,75,75,75,85,85,85,85,85,85,85,85,85,85,85,85],"card_choices":[{"not_picked":[],"picked":"DoctorFetus","floor":0.0},{"not_picked":["Replay:Undeath\u0027s Touch","Bomb"],"picked":"Inflame","floor":1.0},{"not_picked":["Headbutt","Twin Strike"],"picked":"Bloodletting","floor":2.0},{"not_picked":["conspire:HitWhereItHurts","True Grit"],"picked":"Cleave","floor":3.0},{"not_picked":["Iron Wave","ReplayTheSpireMod:Strike From Hell"],"picked":"Bomb","floor":6.0},{"not_picked":["Intimidate","Clothesline"],"picked":"Wild Strike","floor":8.0},{"not_picked":["Fire Breathing","Iron Wave"],"picked":"ReplayTheSpireMod:Limb From Limb","floor":12},{"not_picked":["ReplayTheSpireMod:Strike From Hell","Rampage","Shrug It Off"],"picked":"SKIP","floor":13}],"player_experience":216344,"relics_obtained":[{"floor":5.0,"key":"ReplayTheSpireMod:Ring of Challenge"},{"floor":5.0,"key":"Ring of Greed"},{"floor":5.0,"key":"MawBank"},{"floor":5.0,"key":"Membership Card"},{"floor":6.0,"key":"Pear"},{"floor":9.0,"key":"AnarchistCookbook"},{"floor":12,"key":"SalivaCoin"},{"floor":13,"key":"vexMod:ScavengeHelm"}],"event_choices":[{"damage_healed":0.0,"max_hp_gain":0.0,"max_hp_loss":0.0,"gold_gain":0.0,"event_name":"Big Fish","player_choice":"Box","floor":11.0,"gold_loss":0.0,"damage_taken":0.0,"relics_obtained":["Nunchaku"],"cards_obtained":["Regret"]},{"damage_healed":0,"gold_gain":0,"cards_transformed":["Bash"],"player_choice":"Change","damage_taken":0,"max_hp_gain":0,"max_hp_loss":0,"event_name":"Living Wall","floor":14,"gold_loss":0,"cards_obtained":["Feed"]}],"is_beta":false,"boss_relics":[],"items_purged_floors":[4],"is_endless":false,"potions_floor_spawned":[3,13],"killed_by":"Fading Forest","ascension_level":14}}