{"host":"ci7ivtocgfxh0ueo","time":1610195356,"event":{"mods":["BaseMod","GifTheSpireLib","Minty Spire (QoL Compilation)","StSLib"],"gold_per_floor":[112,112,5,17,17,17,46,46,46,46,57,28,38,58,58,130,130,107,107,120,145,145,145,180,191,214,214,231,231,331,4,4,4,4],"floor_reached":33,"playtime":1031,"items_purged":[],"score":487,"play_id":"7e502675-b5ff-407f-982c-4be38c1c3265","local_time":"20210109202916","is_ascension_mode":true,"campfire_choices":[{"data":"Metallicize","floor":6,"key":"SMITH"},{"data":"Flame Barrier","floor":8,"key":"SMITH"},{"data":"Shockwave","floor":15,"key":"SMITH"},{"data":"Juggernaut","floor":23,"key":"SMITH"},{"floor":27,"key":"REST"},{"data":"True Grit","floor":29,"key":"SMITH"},{"floor":32,"key":"REST"}],"circlet_count":0,"master_deck":["AscendersBane","Strike_R","Strike_R","Strike_R","Defend_R","Defend_R","Defend_R","Bash","Twin Strike","Metallicize+1","Flame Barrier+1","Spot Weakness","Shockwave+1","Juggernaut+1","Bloodletting","True Grit+1","Flex+1","Iron Wave","Corruption+1","Flame Barrier","Searing Blow"],"relics":["Burning Blood","Dream Catcher","CaptainsWheel","The Courier","Busted Crown","Bronze Scales","Frozen Egg 2","Akabeko","Ginger","Bottled Flame","Dead Branch"],"acts_visited":["Exordium","TheCity"],"potions_floor_usage":[3,16,24,28,33,33],"damage_taken":[{"damage":14,"enemies":"2 Louse","floor":1,"turns":5},{"damage":1,"enemies":"Cultist","floor":4,"turns":3},{"damage":44,"enemies":"3 Sentries","floor":7,"turns":11},{"damage":0,"enemies":"Jaw Worm","floor":11,"turns":3},{"damage":10,"enemies":"Exordium Wildlife","floor":13,"turns":5},{"damage":4,"enemies":"2 Fungi Beasts","floor":14,"turns":4},{"damage":25,"enemies":"Hexaghost","floor":16,"turns":11},{"damage":15,"enemies":"2 Thieves","floor":18,"turns":4},{"damage":8,"enemies":"3 Byrds","floor":20,"turns":3},{"damage":31,"enemies":"Slavers","floor":24,"turns":4},{"damage":28,"enemies":"Snake Plant","floor":25,"turns":3},{"damage":0,"enemies":"3 Cultists","floor":28,"turns":4},{"damage":18,"enemies":"Colosseum Slavers","floor":30,"turns":4},{"damage":23,"enemies":"Colosseum Nobs","floor":30,"turns":5},{"damage":71,"enemies":"Champ","floor":33,"turns":14}],"seed_played":"-6749368015374584350","potions_obtained":[{"floor":4,"key":"ElixirPotion"},{"floor":7,"key":"EssenceOfSteel"},{"floor":18,"key":"ColorlessPotion"},{"floor":24,"key":"PowerPotion"},{"floor":28,"key":"Weak Potion"}],"is_trial":false,"path_per_floor":["M","?","$","M","$","R","E","R","T","?","M","$","M","M","R","B",null,"M","?","M","T","?","R","E","M","T","R","M","R","?","$","R","B"],"character_chosen":"IRONCLAD","items_purchased":["Fruit Juice","Shockwave","Dead Branch","Regen Potion"],"campfire_rested":2,"item_purchase_floors":[3,12,31,31],"current_hp_per_floor":[60,65,70,75,75,75,37,37,37,37,43,43,39,41,41,22,69,60,60,58,58,58,58,33,11,11,36,42,42,13,13,38,0,0],"gold":4,"neow_bonus":"RANDOM_COMMON_RELIC","is_daily":false,"chose_seed":false,"campfire_upgraded":5,"win_rate":0.0,"timestamp":1610195356,"path_taken":["M","?","$","M","$","R","E","R","T","?","M","$","?","M","R","BOSS","M","?","M","?","?","R","E","M","T","R","?","R","?","?","R","BOSS"],"items_purchased_type":["Potion","Card","Relic","Potion"],"build_version":"2020-12-22","purchased_purges":0,"victory":false,"max_hp_per_floor":[75,80,85,85,85,85,85,85,85,85,85,85,85,85,85,85,85,85,85,85,85,85,85,85,85,85,85,85,85,85,85,85,85,85],"card_choices":[{"not_picked":["Warcry","Perfected Strike"],"picked":"Twin Strike","floor":1},{"not_picked":["Combust","Evolve"],"picked":"Metallicize","floor":4},{"not_picked":["Carnage","Sword Boomerang"],"picked":"Flame Barrier","floor":7},{"not_picked":["Heavy Blade","Combust"],"picked":"Spot Weakness","floor":11},{"not_picked":["Evolve","Shrug It Off","Thunderclap"],"picked":"SKIP","floor":13},{"not_picked":["Headbutt","Shrug It Off","True Grit"],"picked":"SKIP","floor":14},{"not_picked":["Feed","Barricade"],"picked":"Juggernaut","floor":16},{"not_picked":["Entrench"],"picked":"SKIP","floor":18},{"not_picked":[],"picked":"Flex+1","floor":20},{"not_picked":[],"picked":"Iron Wave","floor":24},{"not_picked":["Sword Boomerang"],"picked":"SKIP","floor":25},{"not_picked":[],"picked":"Corruption+1","floor":28},{"not_picked":[],"picked":"Flame Barrier","floor":30},{"not_picked":[],"picked":"Searing Blow","floor":32}],"player_experience":1326166,"relics_obtained":[{"floor":7,"key":"CaptainsWheel"},{"floor":9,"key":"The Courier"},{"floor":21,"key":"Bronze Scales"},{"floor":24,"key":"Frozen Egg 2"},{"floor":26,"key":"Akabeko"},{"floor":30,"key":"Ginger"},{"floor":30,"key":"Bottled Flame"}],"event_choices":[{"damage_healed":0,"gold_gain":0,"player_choice":"Donut","damage_taken":0,"max_hp_gain":5,"max_hp_loss":0,"event_name":"Big Fish","floor":2,"gold_loss":0},{"cards_removed":["Defend_R"],"damage_healed":0,"gold_gain":0,"player_choice":"Offered Basic","damage_taken":0,"max_hp_gain":0,"max_hp_loss":0,"event_name":"Bonfire Elementals","floor":10,"gold_loss":0},{"damage_healed":0,"gold_gain":0,"cards_transformed":["Strike_R","Strike_R"],"player_choice":"Became Test Subject","damage_taken":0,"max_hp_gain":0,"max_hp_loss":0,"event_name":"Drug Dealer","floor":19,"gold_loss":0,"cards_obtained":["Bloodletting","True Grit"]},{"damage_healed":0,"gold_gain":0,"player_choice":"Ignored","damage_taken":0,"max_hp_gain":0,"max_hp_loss":0,"event_name":"Vampires","floor":22,"gold_loss":0},{"damage_healed":0,"gold_gain":0,"player_choice":"Fight","damage_taken":0,"max_hp_gain":0,"max_hp_loss":0,"event_name":"Colosseum","floor":30,"gold_loss":0},{"damage_healed":0,"gold_gain":0,"player_choice":"Fought Nobs","damage_taken":0,"max_hp_gain":0,"max_hp_loss":0,"event_name":"Colosseum","floor":30,"gold_loss":0}],"is_beta":false,"boss_relics":[{"not_picked":["Velvet Choker","Sozu"],"picked":"Busted Crown"}],"items_purged_floors":[],"is_endless":false,"potions_floor_spawned":[4,7,13,18,24,28,30],"killed_by":"Champ","ascension_level":17}}