{"host":"b7j598ve05halrwk","time":1610165518,"event":{"mods":["2.2 Compatiblity","BaseMod","Block Reminder","DeckTracker","Minty Spire (QoL Compilation)","Relic Stats","Slay the Relics Exporter","StSLib","ojb\u0027s Better Paths Mod","ojb\u0027s Info Mod"],"gold_per_floor":[117,117,8,23,33,64,79,114,114,130,130,130,150,184,184,258,258,273,273,6,16,35,35,63,63,63,63,83,83,96,128,128,128,128],"floor_reached":33,"playtime":2241,"items_purged":[],"score":664,"play_id":"1ddbd1f8-e927-46e6-b8a9-94b14b26860f","local_time":"20210108231158","is_ascension_mode":true,"campfire_choices":[{"data":"Fission","floor":11.0,"key":"SMITH"},{"data":"Go for the Eyes","floor":15.0,"key":"SMITH"},{"data":"Biased Cognition","floor":23.0,"key":"SMITH"},{"data":"Sweeping Beam","floor":25,"key":"SMITH"},{"data":"Zap","floor":27,"key":"SMITH"},{"floor":29,"key":"REST"},{"floor":32,"key":"REST"}],"circlet_count":0,"master_deck":["AscendersBane","Defend_B","Defend_B","Defend_B","Defend_B","Zap+1","Dualcast","Fission+1","Thunder Strike","Sweeping Beam+1","Sweeping Beam","Beam Cell","Cold Snap","Ball Lightning","Go for the Eyes+1","Ball Lightning","Rebound+1","Turbo","Glacier","Biased Cognition+1","Sunder+1","Genetic Algorithm","Compile Driver+1","Cold Snap+1","Doom and Gloom+1","Heatsinks+1","Chill","Chaos"],"relics":["FrozenCore","CultistMask","Blood Vial","Molten Egg 2","Ornamental Fan","Potion Belt","Frozen Egg 2","StrikeDummy","Letter Opener","HornCleat"],"acts_visited":["Exordium","TheCity"],"potions_floor_usage":[28,31,33,33],"damage_taken":[{"damage":1.0,"enemies":"Small Slimes","floor":1.0,"turns":5.0},{"damage":0.0,"enemies":"Cultist","floor":4.0,"turns":3.0},{"damage":11.0,"enemies":"2 Louse","floor":5.0,"turns":2.0},{"damage":36.0,"enemies":"Lagavulin","floor":6.0,"turns":7.0},{"damage":11.0,"enemies":"Exordium Thugs","floor":7.0,"turns":4.0},{"damage":0.0,"enemies":"Gremlin Nob","floor":8.0,"turns":2.0},{"damage":10.0,"enemies":"3 Louse","floor":10.0,"turns":2.0},{"damage":4.0,"enemies":"Large Slime","floor":13.0,"turns":2.0},{"damage":9.0,"enemies":"3 Sentries","floor":14.0,"turns":4.0},{"damage":36.0,"enemies":"The Guardian","floor":16.0,"turns":11.0},{"damage":10.0,"enemies":"2 Thieves","floor":18.0,"turns":5.0},{"damage":24.0,"enemies":"Shell Parasite","floor":21.0,"turns":4.0},{"damage":5.0,"enemies":"Snecko","floor":22.0,"turns":3.0},{"damage":18,"enemies":"Gremlin Leader","floor":24,"turns":6},{"damage":10,"enemies":"Snake Plant","floor":28,"turns":5},{"damage":8,"enemies":"Cultist and Chosen","floor":30,"turns":4},{"damage":31,"enemies":"Slavers","floor":31,"turns":3},{"damage":27,"enemies":"Automaton","floor":33,"turns":8}],"seed_played":"-4533542446685903511","potions_obtained":[{"floor":1.0,"key":"Regen Potion"},{"floor":4.0,"key":"Swift Potion"},{"floor":5.0,"key":"FairyPotion"},{"floor":10.0,"key":"DistilledChaos"},{"floor":14.0,"key":"SkillPotion"},{"floor":18.0,"key":"SpeedPotion"},{"floor":22.0,"key":"Block Potion"},{"floor":28,"key":"Weak Potion"},{"floor":31,"key":"EssenceOfSteel"}],"is_trial":false,"path_per_floor":["M","?","$","M","M","E","M","E","T","M","R","?","M","E","R","B",null,"M","?","$","M","M","R","E","R","T","R","M","R","M","E","R","B"],"character_chosen":"DEFECT","items_purchased":["Sweeping Beam","Beam Cell","Frozen Egg 2"],"campfire_rested":2,"item_purchase_floors":[3,3,20],"current_hp_per_floor":[63,63,63,63,52,16,19,21,21,13,13,64,60,53,53,19,53,45,45,45,23,20,20,4,4,4,4,19,38,32,3,22,0,0],"gold":128,"neow_bonus":"TRANSFORM_TWO_CARDS","is_daily":false,"chose_seed":false,"campfire_upgraded":5,"win_rate":0.0,"timestamp":1610165518,"path_taken":["M","?","$","?","M","E","M","E","T","M","R","?","M","E","R","BOSS","M","?","$","M","M","R","E","R","T","R","M","R","M","E","R","BOSS"],"items_purchased_type":["Card","Card","Relic"],"build_version":"2020-12-22","purchased_purges":0,"victory":false,"max_hp_per_floor":[64,64,64,64,64,64,64,64,64,64,64,64,64,64,64,64,64,64,64,64,64,64,64,64,64,64,64,64,64,64,64,64,64,64],"relic_stats":{"Blood Vial":26,"counters":[18,80],"Ornamental Fan":[104],"Letter Opener":[20],"obtain_stats":[{"Blood Vial":6,"Potion Belt":14,"HornCleat":31,"Ornamental Fan":9,"Molten Egg 2":8,"CultistMask":2,"Letter Opener":26,"Frozen Egg 2":20,"Cracked Core":0,"StrikeDummy":24,"FrozenCore":17},{"Blood Vial":4,"Potion Belt":9,"HornCleat":17,"Ornamental Fan":6,"Molten Egg 2":6,"CultistMask":1,"Letter Opener":14,"Frozen Egg 2":11,"Cracked Core":0,"StrikeDummy":14,"FrozenCore":10},{"Blood Vial":17,"Potion Belt":31,"HornCleat":72,"Ornamental Fan":23,"Molten Egg 2":23,"CultistMask":5,"Letter Opener":60,"Frozen Egg 2":47,"Cracked Core":0,"StrikeDummy":60,"FrozenCore":42}],"FrozenCore":[14]},"card_choices":[{"not_picked":["Loop","Static Discharge"],"picked":"Sweeping Beam","floor":1.0},{"not_picked":["Undo","Auto Shields"],"picked":"Cold Snap","floor":4.0},{"not_picked":["Static Discharge","Sweeping Beam"],"picked":"Ball Lightning","floor":5.0},{"not_picked":["Scrape","Blizzard"],"picked":"Go for the Eyes","floor":6.0},{"not_picked":["Coolheaded","Auto Shields"],"picked":"Ball Lightning","floor":7.0},{"not_picked":["Go for the Eyes+1","Leap"],"picked":"Rebound+1","floor":8.0},{"not_picked":["Sweeping Beam+1","Lockon+1"],"picked":"Turbo","floor":10.0},{"not_picked":["Go for the Eyes+1","Consume","Redo"],"picked":"SKIP","floor":13.0},{"not_picked":["Sweeping Beam+1","Coolheaded"],"picked":"Glacier","floor":14.0},{"not_picked":["Amplify","Fission"],"picked":"Biased Cognition","floor":16.0},{"not_picked":["Reprogram","Recycle"],"picked":"Sunder+1","floor":18.0},{"not_picked":["Force Field+1","Compile Driver+1"],"picked":"Cold Snap+1","floor":21.0},{"not_picked":["Streamline+1","Barrage+1"],"picked":"Doom and Gloom+1","floor":22.0},{"not_picked":["Melter+1","Chaos"],"picked":"Heatsinks+1","floor":24},{"not_picked":["Streamline+1","Leap"],"picked":"Chill","floor":28},{"not_picked":["Darkness","Conserve Battery","Turbo"],"picked":"SKIP","floor":30},{"not_picked":["Go for the Eyes+1","Recycle"],"picked":"Chaos","floor":31}],"player_experience":878579,"relics_obtained":[{"floor":6.0,"key":"Blood Vial"},{"floor":8.0,"key":"Molten Egg 2"},{"floor":9.0,"key":"Ornamental Fan"},{"floor":14.0,"key":"Potion Belt"},{"floor":24,"key":"StrikeDummy"},{"floor":26,"key":"Letter Opener"},{"floor":31,"key":"HornCleat"}],"event_choices":[{"damage_healed":0.0,"max_hp_gain":0.0,"max_hp_loss":0.0,"gold_gain":0.0,"event_name":"FaceTrader","player_choice":"Trade","floor":2.0,"gold_loss":0.0,"damage_taken":0.0,"relics_obtained":["CultistMask"]},{"damage_healed":51.0,"max_hp_gain":0.0,"max_hp_loss":0.0,"gold_gain":0.0,"event_name":"Wheel of Change","player_choice":"Full Heal","floor":12.0,"gold_loss":0.0,"damage_taken":0.0},{"damage_healed":0.0,"max_hp_gain":0.0,"max_hp_loss":0.0,"gold_gain":0.0,"cards_transformed":["Strike_B","Strike_B"],"event_name":"Drug Dealer","player_choice":"Became Test Subject","floor":19.0,"gold_loss":0.0,"damage_taken":0.0,"cards_obtained":["Genetic Algorithm","Compile Driver"]}],"is_beta":false,"boss_relics":[{"not_picked":["Sozu","Black Star"],"picked":"FrozenCore"}],"items_purged_floors":[],"is_endless":false,"potions_floor_spawned":[1,4,5,10,14,18,22,28,31],"killed_by":"Automaton","ascension_level":20}}