{"host":"pbf6u3tyx46snqc7","time":1610157443,"event":{"mods":["AchievementEnabler","BaseMod","Colored Map","Minty Spire (QoL Compilation)","Rare Cards Sparkle","SuperFastMode"],"gold_per_floor":[20,35,35,52,67,102,102,102,127,127,161,12,25,25,25,151,151,171,184,184,198,214,247,247,288,334,353,367,367,405,419,419,548,548,573,573,14,30,55,96,115,139,139,158,158,189,189,522,522,522,522,522,54,83,83,83],"floor_reached":55,"playtime":2847,"items_purged":["Defend_R"],"score":1156,"play_id":"57e55a9c-3fbf-44ff-a1c0-ada558647fe9","local_time":"20210109105723","is_ascension_mode":true,"campfire_choices":[{"data":"True Grit","floor":8.0,"key":"SMITH"},{"floor":10.0,"key":"REST"},{"data":"Bash","floor":15.0,"key":"SMITH"},{"data":"Power Through","floor":24.0,"key":"SMITH"},{"data":"Flex","floor":32.0,"key":"SMITH"},{"data":"Limit Break","floor":45.0,"key":"SMITH"},{"data":"Pommel Strike","floor":47.0,"key":"SMITH"},{"floor":49.0,"key":"RECALL"},{"data":"Sword Boomerang","floor":52.0,"key":"SMITH"}],"circlet_count":0,"master_deck":["Strike_R","Strike_R","Strike_R+1","Strike_R","Defend_R+1","Defend_R","Defend_R","Bash+1","Reaper","Spot Weakness","Fire Breathing","Power Through+1","True Grit+1","Wild Strike","Feel No Pain","Impervious","Reckless Charge+1","Havoc+1","Sword Boomerang+1","Second Wind","Flex+1","Sword Boomerang+1","Pummel","Limit Break+1","CurseOfTheBell","Heavy Blade+1","Madness","Madness","Master of Strategy","Pommel Strike+1","Body Slam+1","Pommel Strike+1","Armaments+1","Headbutt","Havoc+1"],"relics":["Burning Blood","Orichalcum","Bag of Preparation","Pen Nib","Brimstone","Vajra","Velvet Choker","Boot","Potion Belt","Sundial","Calling Bell","Ginger","The Courier","PreservedInsect","Sling","Oddly Smooth Stone","Lantern","Mummified Hand","MealTicket","Dead Branch","Ornamental Fan"],"acts_visited":["Exordium","TheCity","TheBeyond","TheEnding"],"potions_floor_usage":[55,55,55,55,55],"damage_taken":[{"damage":10.0,"enemies":"Small Slimes","floor":1.0,"turns":4.0},{"damage":19.0,"enemies":"Jaw Worm","floor":2.0,"turns":5.0},{"damage":4.0,"enemies":"2 Louse","floor":4.0,"turns":4.0},{"damage":16.0,"enemies":"Lots of Slimes","floor":5.0,"turns":6.0},{"damage":37.0,"enemies":"Lagavulin","floor":6.0,"turns":10.0},{"damage":64.0,"enemies":"Gremlin Nob","floor":11.0,"turns":6.0},{"damage":0.0,"enemies":"3 Louse","floor":13.0,"turns":2.0},{"damage":38.0,"enemies":"The Guardian","floor":16.0,"turns":8.0},{"damage":7.0,"enemies":"Shell Parasite","floor":18.0,"turns":3.0},{"damage":5.0,"enemies":"Spheric Guardian","floor":19.0,"turns":3.0},{"damage":0.0,"enemies":"Centurion and Healer","floor":21.0,"turns":4.0},{"damage":9.0,"enemies":"Snake Plant","floor":22.0,"turns":4.0},{"damage":31.0,"enemies":"Book of Stabbing","floor":23.0,"turns":4.0},{"damage":33.0,"enemies":"Slavers","floor":25.0,"turns":5.0},{"damage":0.0,"enemies":"Snecko","floor":27.0,"turns":3.0},{"damage":29.0,"enemies":"Shelled Parasite and Fungi","floor":28.0,"turns":3.0},{"damage":0.0,"enemies":"Gremlin Leader","floor":30.0,"turns":6.0},{"damage":0.0,"enemies":"Cultist and Chosen","floor":31.0,"turns":4.0},{"damage":80.0,"enemies":"Automaton","floor":33.0,"turns":7.0},{"damage":1.0,"enemies":"3 Shapes","floor":35.0,"turns":4.0},{"damage":5.0,"enemies":"Orb Walker","floor":38.0,"turns":3.0},{"damage":36.0,"enemies":"Jaw Worm Horde","floor":39.0,"turns":3.0},{"damage":0.0,"enemies":"Giant Head","floor":40.0,"turns":3.0},{"damage":32.0,"enemies":"Transient","floor":41.0,"turns":5.0},{"damage":9.0,"enemies":"Maw","floor":42.0,"turns":4.0},{"damage":0.0,"enemies":"Sphere and 2 Shapes","floor":44.0,"turns":3.0},{"damage":0.0,"enemies":"Reptomancer","floor":46.0,"turns":2.0},{"damage":41.0,"enemies":"Donu and Deca","floor":50.0,"turns":4.0},{"damage":9.0,"enemies":"Shield and Spear","floor":54.0,"turns":2.0},{"damage":82,"enemies":"The Heart","floor":55,"turns":5}],"seed_played":"8145622552625081947","potions_obtained":[{"floor":1.0,"key":"Weak Potion"},{"floor":4.0,"key":"SpeedPotion"},{"floor":5.0,"key":"Block Potion"},{"floor":13.0,"key":"SkillPotion"},{"floor":16.0,"key":"EntropicBrew"},{"floor":22.0,"key":"Swift Potion"},{"floor":25.0,"key":"EssenceOfSteel"},{"floor":27.0,"key":"EssenceOfSteel"},{"floor":28.0,"key":"Dexterity Potion"},{"floor":38.0,"key":"ColorlessPotion"},{"floor":39.0,"key":"Fire Potion"},{"floor":44.0,"key":"Swift Potion"},{"floor":46.0,"key":"Fruit Juice"}],"is_trial":false,"path_per_floor":["M","M","?","M","M","E","?","R","T","R","E","$","M","?","R","B",null,"M","M","?","M","M","E","R","E","T","M","M","?","E","M","R","B",null,"M","?","$","M","M","E","M","M","T","M","R","E","R","?","R","B",null,"R","$","E","B"],"character_chosen":"IRONCLAD","items_purchased":["Brimstone","Master of Strategy","Sling","Oddly Smooth Stone","Energy Potion","Strength Potion","Block Potion","Dead Branch","GamblersBrew","Weak Potion","Fire Potion","ColorlessPotion","Block Potion"],"campfire_rested":1,"item_purchase_floors":[12,37,37,37,37,37,37,53,53,53,53,53,53],"current_hp_per_floor":[72,66,50,60,62,40,40,40,40,62,11,11,49,49,49,17,60,59,60,60,74,72,47,47,41,41,63,40,40,59,74,74,36,65,70,61,61,62,70,74,48,45,45,65,65,71,71,71,71,68,76,76,79,76,0,0],"gold":83,"neow_bonus":"THREE_RARE_CARDS","is_daily":false,"chose_seed":false,"campfire_upgraded":7,"win_rate":0.0,"timestamp":1610157443,"path_taken":["M","M","?","M","M","E","?","R","T","R","E","$","M","?","R","BOSS","M","?","?","M","?","E","R","E","T","M","M","?","E","M","R","BOSS","M","?","$","M","M","E","M","M","T","M","R","E","R","?","R","BOSS","R","$","E","BOSS"],"items_purchased_type":["Relic","Card","Relic","Relic","Potion","Potion","Potion","Relic","Potion","Potion","Potion","Potion","Potion"],"build_version":"2020-12-22","purchased_purges":1,"victory":false,"max_hp_per_floor":[80,80,80,80,80,80,74,74,74,74,74,74,74,74,74,74,74,74,74,74,74,74,74,74,74,74,74,74,74,74,74,74,74,74,74,74,74,74,74,74,74,74,74,74,74,74,74,74,74,79,79,79,79,79,79,79],"card_choices":[{"not_picked":["Brutality","Fiend Fire"],"picked":"Reaper","floor":0.0},{"not_picked":["Flame Barrier","Thunderclap"],"picked":"Spot Weakness","floor":1.0},{"not_picked":["Sever Soul","Clothesline"],"picked":"Fire Breathing","floor":2.0},{"not_picked":["Shrug It Off","Clothesline"],"picked":"Power Through","floor":4.0},{"not_picked":["Blood for Blood","Combust"],"picked":"True Grit","floor":5.0},{"not_picked":["True Grit","Clash","Dropkick"],"picked":"SKIP","floor":6.0},{"not_picked":["Clothesline","Havoc"],"picked":"Wild Strike","floor":11.0},{"not_picked":["True Grit","Pommel Strike"],"picked":"Feel No Pain","floor":13.0},{"not_picked":["Brutality","Berserk"],"picked":"Impervious","floor":16.0},{"not_picked":["Bloodletting","Armaments"],"picked":"Reckless Charge+1","floor":18.0},{"not_picked":["Combust","Feel No Pain+1","Anger"],"picked":"SKIP","floor":19.0},{"not_picked":["Burning Pact+1","Brutality"],"picked":"Havoc+1","floor":21.0},{"not_picked":["Pommel Strike","Clash"],"picked":"Sword Boomerang+1","floor":22.0},{"not_picked":["Cleave","Warcry"],"picked":"Second Wind","floor":23.0},{"not_picked":["Havoc","Searing Blow","Flame Barrier"],"picked":"SKIP","floor":25.0},{"not_picked":["Iron Wave","Warcry","Intimidate"],"picked":"SKIP","floor":27.0},{"not_picked":["True Grit","Warcry+1"],"picked":"Flex","floor":28.0},{"not_picked":["Clash+1","Searing Blow"],"picked":"Pummel","floor":30.0},{"not_picked":["Rampage","Flex","Berserk"],"picked":"SKIP","floor":31.0},{"not_picked":["Bludgeon","Exhume"],"picked":"Limit Break","floor":33.0},{"not_picked":["Cleave+1","Second Wind"],"picked":"Heavy Blade+1","floor":35.0},{"not_picked":["Iron Wave","Combust+1","Flex+1"],"picked":"SKIP","floor":38.0},{"not_picked":["True Grit","Clash+1"],"picked":"Pommel Strike","floor":39.0},{"not_picked":["Flame Barrier","Headbutt"],"picked":"Body Slam+1","floor":40.0},{"not_picked":["True Grit","Heavy Blade"],"picked":"Pommel Strike+1","floor":41.0},{"not_picked":["Flex","Brutality","Iron Wave+1"],"picked":"SKIP","floor":42.0},{"not_picked":["Hemokinesis+1","Sword Boomerang+1"],"picked":"Armaments+1","floor":44.0},{"not_picked":["Searing Blow+1","Reckless Charge"],"picked":"Headbutt","floor":46.0},{"not_picked":["Rampage+1","Pommel Strike+1"],"picked":"Havoc+1","floor":54.0}],"player_experience":390299,"relics_obtained":[{"floor":6.0,"key":"Orichalcum"},{"floor":9.0,"key":"Bag of Preparation"},{"floor":11.0,"key":"Pen Nib"},{"floor":23.0,"key":"Boot"},{"floor":25.0,"key":"Potion Belt"},{"floor":30.0,"key":"Sundial"},{"floor":34.0,"key":"Ginger"},{"floor":34.0,"key":"The Courier"},{"floor":34.0,"key":"PreservedInsect"},{"floor":40.0,"key":"Lantern"},{"floor":43.0,"key":"Mummified Hand"},{"floor":46.0,"key":"MealTicket"},{"floor":54.0,"key":"Ornamental Fan"}],"event_choices":[{"damage_healed":0.0,"max_hp_gain":0.0,"max_hp_loss":0.0,"gold_gain":0.0,"event_name":"Shining Light","player_choice":"Entered Light","floor":3.0,"gold_loss":0.0,"damage_taken":16.0,"cards_upgraded":["Defend_R","Strike_R"]},{"damage_healed":0.0,"max_hp_gain":0.0,"max_hp_loss":6.0,"gold_gain":0.0,"event_name":"Golden Idol","player_choice":"Lose Max HP","floor":7.0,"gold_loss":0.0,"damage_taken":0.0,"relics_obtained":["Golden Idol"]},{"damage_healed":0.0,"max_hp_gain":0.0,"max_hp_loss":0.0,"gold_gain":0.0,"event_name":"WeMeetAgain","player_choice":"Gave Potion","floor":14.0,"gold_loss":0.0,"damage_taken":0.0,"relics_obtained":["Vajra"]},{"cards_removed":["Strike_R"],"damage_healed":0.0,"max_hp_gain":0.0,"max_hp_loss":0.0,"gold_gain":0.0,"event_name":"Purifier","player_choice":"Purged","floor":20.0,"gold_loss":0.0,"damage_taken":0.0},{"damage_healed":0.0,"max_hp_gain":0.0,"max_hp_loss":0.0,"gold_gain":0.0,"event_name":"The Library","player_choice":"Read","floor":29.0,"gold_loss":0.0,"damage_taken":0.0,"cards_obtained":["Sword Boomerang"]},{"damage_healed":0.0,"max_hp_gain":0.0,"max_hp_loss":0.0,"gold_gain":0.0,"event_name":"Winding Halls","player_choice":"Embrace Madness","floor":36.0,"gold_loss":0.0,"damage_taken":9.0,"cards_obtained":["Madness","Madness"]},{"damage_healed":0.0,"max_hp_gain":0.0,"max_hp_loss":0.0,"gold_gain":333.0,"event_name":"The Moai Head","player_choice":"Gave Idol","floor":48.0,"relics_lost":["Golden Idol"],"gold_loss":0.0,"damage_taken":0.0}],"is_beta":false,"boss_relics":[{"not_picked":["Runic Dome","Philosopher\u0027s Stone"],"picked":"Velvet Choker"},{"not_picked":["Fusion Hammer","Runic Pyramid"],"picked":"Calling Bell"}],"items_purged_floors":[37],"is_endless":false,"potions_floor_spawned":[1,4,5,13,16,19,22,25,27,28,38,39,44,46],"killed_by":"The Heart","ascension_level":6}}