{"host":"i0avyit1s6jb1siw","time":1610186917,"event":{"mods":["BaseMod","DeckTracker","Dota2Spire","Highlight Path","Minty Spire (QoL Compilation)","Quick Restart","StSLib","SuperFastMode"],"gold_per_floor":[111,36,54,2,22,22,22,22,70,88,107,121,156,167,167,245,245,201,201,44,44,59,59,59,59],"floor_reached":24,"playtime":446,"items_purged":["Strike_R","Strike_R"],"score":396,"play_id":"9055c2ac-43a4-4eb6-888e-2a198744586a","local_time":"20210109110837","is_ascension_mode":true,"campfire_choices":[{"data":"Shockwave","floor":6.0,"key":"SMITH"},{"data":"Uppercut","floor":15.0,"key":"SMITH"},{"floor":23.0,"key":"RECALL"}],"circlet_count":0,"master_deck":["AscendersBane","Strike_R","Defend_R","Defend_R+1","Defend_R+1","Defend_R","Bash","Sentinel","Dropkick","Shockwave+1","Reckless Charge","Inflame","Rampage","Dropkick","Uppercut+1","Limit Break","Shrug It Off","Rage"],"relics":["Burning Blood","Champion Belt","Oddly Smooth Stone","War Paint","Fusion Hammer"],"acts_visited":["Exordium","TheCity"],"potions_floor_usage":[24],"damage_taken":[{"damage":9.0,"enemies":"Jaw Worm","floor":1.0,"turns":4.0},{"damage":3.0,"enemies":"Cultist","floor":3.0,"turns":5.0},{"damage":9.0,"enemies":"Small Slimes","floor":5.0,"turns":4.0},{"damage":23.0,"enemies":"Exordium Thugs","floor":10.0,"turns":7.0},{"damage":12.0,"enemies":"Lots of Slimes","floor":11.0,"turns":6.0},{"damage":3.0,"enemies":"Exordium Wildlife","floor":12.0,"turns":3.0},{"damage":15.0,"enemies":"Lagavulin","floor":13.0,"turns":5.0},{"damage":0.0,"enemies":"2 Fungi Beasts","floor":14.0,"turns":2.0},{"damage":36.0,"enemies":"Slime Boss","floor":16.0,"turns":7.0},{"damage":31.0,"enemies":"2 Thieves","floor":18.0,"turns":5.0},{"damage":10.0,"enemies":"Shell Parasite","floor":22.0,"turns":7.0},{"damage":41,"enemies":"Slavers","floor":24,"turns":4}],"seed_played":"2645963774329109306","potions_obtained":[{"floor":5.0,"key":"Swift Potion"},{"floor":12.0,"key":"Block Potion"},{"floor":22.0,"key":"Dexterity Potion"}],"is_trial":false,"path_per_floor":["M","$","M","?","M","R","$","?","T","M","M","M","E","M","R","B",null,"M","?","$","$","M","R","E"],"character_chosen":"IRONCLAD","items_purchased":["Shrug It Off"],"campfire_rested":0,"item_purchase_floors":[20],"current_hp_per_floor":[65,65,68,68,65,65,65,70,70,53,47,50,41,47,47,17,64,39,39,39,39,35,35,0,0],"gold":59,"neow_bonus":"TRANSFORM_CARD","is_daily":false,"chose_seed":false,"campfire_upgraded":2,"win_rate":0.0,"timestamp":1610186917,"path_taken":["M","$","M","?","M","R","?","?","T","M","M","M","E","M","R","BOSS","M","?","?","$","M","R","E"],"items_purchased_type":["Card"],"build_version":"2020-12-22","purchased_purges":2,"victory":false,"max_hp_per_floor":[75,75,75,75,75,75,75,80,80,80,80,80,80,80,80,80,80,80,80,80,80,80,80,80,80],"card_choices":[{"not_picked":["Body Slam","Sword Boomerang"],"picked":"Dropkick","floor":1.0},{"not_picked":["Seeing Red","Disarm"],"picked":"Shockwave","floor":3.0},{"not_picked":["Ghostly Armor","Iron Wave"],"picked":"Reckless Charge","floor":5.0},{"not_picked":["Flex","Armaments"],"picked":"Inflame","floor":10.0},{"not_picked":["Heavy Blade","Bludgeon"],"picked":"Rampage","floor":11.0},{"not_picked":["Twin Strike","Thunderclap"],"picked":"Dropkick","floor":12.0},{"not_picked":["Anger","Perfected Strike"],"picked":"Uppercut","floor":13.0},{"not_picked":["Bloodletting","Thunderclap","Sword Boomerang"],"picked":"SKIP","floor":14.0},{"not_picked":["Barricade","Fiend Fire"],"picked":"Limit Break","floor":16.0},{"not_picked":["Clothesline","Warcry","True Grit"],"picked":"SKIP","floor":18.0},{"not_picked":["Flex","True Grit"],"picked":"Rage","floor":22.0}],"player_experience":2190758,"relics_obtained":[{"floor":9.0,"key":"Oddly Smooth Stone"},{"floor":13.0,"key":"War Paint"}],"event_choices":[{"damage_healed":0.0,"max_hp_gain":0.0,"max_hp_loss":0.0,"gold_gain":0.0,"event_name":"WeMeetAgain","player_choice":"Paid Gold","floor":4.0,"gold_loss":52.0,"damage_taken":0.0,"relics_obtained":["Champion Belt"]},{"damage_healed":0.0,"max_hp_gain":5.0,"max_hp_loss":0.0,"gold_gain":0.0,"event_name":"Big Fish","player_choice":"Donut","floor":8.0,"gold_loss":0.0,"damage_taken":0.0},{"cards_removed":["Strike_R"],"damage_healed":0.0,"max_hp_gain":0.0,"max_hp_loss":0.0,"gold_gain":0.0,"event_name":"Bonfire Elementals","player_choice":"Offered Basic","floor":19.0,"gold_loss":0.0,"damage_taken":0.0}],"is_beta":false,"boss_relics":[{"not_picked":["Black Star","Pandora\u0027s Box"],"picked":"Fusion Hammer"}],"items_purged_floors":[2,20],"is_endless":false,"potions_floor_spawned":[5,12,22],"killed_by":"Slavers","ascension_level":20}}