{"host":"jm9833yuloeli2yd","time":1610163670,"event":{"mods":["BaseMod","Better Altar","Better Match","Better Note","Better Sensory Stone","Better Skull","Better Third Choice","Better Vampires","BetterRewards","Colored Map","Colored Powertips","DeckTracker","Minty Spire (QoL Compilation)","Permanent Neow","Quick Restart","Slay-I","StSLib","SuperFastMode"],"gold_per_floor":[109,109,127,139,139,139,163,198,198,198,214,214,250,271,271,365,365,379,422,422,12,36,36,77,77,77,77,95,134,152,52,52,145,145,165,196,196,219,238,238,269,269,324,294,294,337,351,392,392,392,392,392,392,98,98,98],"floor_reached":55,"playtime":1866,"items_purged":["Sweeping Beam","Defend_B"],"score":2506,"play_id":"9c3b2c82-78c7-41b9-bf01-1c063284e28d","local_time":"20210108224110","is_ascension_mode":true,"campfire_choices":[{"data":"Compile Driver","floor":6,"key":"SMITH"},{"data":"Dualcast","floor":10,"key":"SMITH"},{"data":"Strike_B","floor":12,"key":"SMITH"},{"data":"Go for the Eyes","floor":15,"key":"SMITH"},{"data":"Creative AI","floor":23,"key":"SMITH"},{"data":"Meteor Strike","floor":27,"key":"SMITH"},{"data":"Coolheaded","floor":32,"key":"SMITH"},{"data":"Defragment","floor":40,"key":"SMITH"},{"data":"Hologram","floor":42,"key":"SMITH"},{"data":"Reinforced Body","floor":45,"key":"SMITH"},{"floor":49,"key":"RECALL"},{"data":"Buffer","floor":53,"key":"SMITH"}],"circlet_count":0,"master_deck":["AscendersBane","Defend_B","Zap","Dualcast+1","Streamline+1","BootSequence","Biased Cognition","Compile Driver+1","Auto Shields","Coolheaded","Go for the Eyes+1","Creative AI+1","Biased Cognition+1","Tempest+1","Electrodynamics+1","Doom and Gloom+1","Cold Snap","Meteor Strike+1","Conserve Battery","Coolheaded+1","Storm","FTL","Gash","Defragment+1","Core Surge","Undo+1","Hologram+1","Reinforced Body+1","Go for the Eyes+1","Buffer+1","Heatsinks","Panache"],"relics":["Cracked Core","Toy Ornithopter","Torii","Golden Idol","Du-Vu Doll","Ornamental Fan","Mummified Hand","Astrolabe","Red Mask","Happy Flower","Symbiotic Virus","Kunai","Nunchaku","Philosopher\u0027s Stone","Calipers","Pear","Bird Faced Urn","Gremlin Horn"],"acts_visited":["Exordium","TheCity","TheBeyond","TheEnding"],"potions_floor_usage":[8,13,13,16,24,33,41,48,55],"damage_taken":[{"damage":1,"enemies":"Cultist","floor":1,"turns":3},{"damage":1,"enemies":"Small Slimes","floor":3,"turns":3},{"damage":0,"enemies":"Jaw Worm","floor":4,"turns":2},{"damage":7,"enemies":"Large Slime","floor":7,"turns":5},{"damage":0,"enemies":"3 Sentries","floor":8,"turns":3},{"damage":1,"enemies":"Looter","floor":11,"turns":2},{"damage":8,"enemies":"Gremlin Nob","floor":13,"turns":3},{"damage":0,"enemies":"Exordium Wildlife","floor":14,"turns":3},{"damage":1,"enemies":"The Guardian","floor":16,"turns":9},{"damage":0,"enemies":"Spheric Guardian","floor":18,"turns":3},{"damage":1,"enemies":"Masked Bandits","floor":19,"turns":2},{"damage":7,"enemies":"Chosen","floor":22,"turns":4},{"damage":10,"enemies":"Slavers","floor":24,"turns":4},{"damage":7,"enemies":"3 Cultists","floor":28,"turns":4},{"damage":15,"enemies":"Book of Stabbing","floor":29,"turns":3},{"damage":0,"enemies":"Centurion and Healer","floor":30,"turns":2},{"damage":11,"enemies":"Champ","floor":33,"turns":8},{"damage":1,"enemies":"3 Shapes","floor":35,"turns":4},{"damage":0,"enemies":"Mind Bloom Boss Battle","floor":36,"turns":4},{"damage":1,"enemies":"3 Darklings","floor":38,"turns":2},{"damage":0,"enemies":"Writhing Mass","floor":39,"turns":4},{"damage":37,"enemies":"Reptomancer","floor":41,"turns":4},{"damage":1,"enemies":"Giant Head","floor":46,"turns":5},{"damage":11,"enemies":"Transient","floor":47,"turns":6},{"damage":0,"enemies":"Reptomancer","floor":48,"turns":4},{"damage":13,"enemies":"Donu and Deca","floor":50,"turns":7},{"damage":75,"enemies":"Awakened One","floor":51,"turns":13},{"damage":82,"enemies":"Shield and Spear","floor":55,"turns":3}],"seed_played":"-7608775256780859548","potions_obtained":[{"floor":3,"key":"FearPotion"},{"floor":11,"key":"PowerPotion"},{"floor":14,"key":"Ancient Potion"},{"floor":19,"key":"EssenceOfSteel"},{"floor":24,"key":"BlessingOfTheForge"},{"floor":44,"key":"Dexterity Potion"},{"floor":44,"key":"FearPotion"},{"floor":46,"key":"DistilledChaos"},{"floor":48,"key":"LiquidBronze"}],"is_trial":false,"path_per_floor":["M","?","M","M","?","R","M","E","T","R","M","R","E","M","R","B",null,"M","?","?","$","M","R","E","$","T","R","M","E","M","$","R","B",null,"M","?","?","M","M","R","E","R","T","?","R","E","M","E","R","B","B",null,"R","$","E"],"character_chosen":"DEFECT","items_purchased":["Toy Ornithopter","PowerPotion","EssenceOfDarkness","Happy Flower","Conserve Battery","Heatsinks","Panache"],"campfire_rested":0,"item_purchase_floors":[0,0,21,21,21,54,54],"current_hp_per_floor":[56,56,55,55,55,55,48,53,53,53,52,52,54,54,54,58,63,63,62,62,62,55,55,50,50,50,50,43,28,28,28,28,22,54,53,53,53,52,52,52,30,30,30,30,30,29,34,57,57,58,31,63,63,63,0,0],"gold":98,"neow_bonus":"","is_daily":false,"chose_seed":false,"campfire_upgraded":11,"win_rate":0.0,"timestamp":1610163670,"path_taken":["M","?","M","M","?","R","?","E","T","R","M","R","E","M","R","BOSS","M","?","?","$","M","R","E","$","T","R","M","E","M","?","R","BOSS","M","?","?","M","M","R","E","R","T","?","R","E","M","E","R","BOSS","BOSS","R","$","E"],"items_purchased_type":["Relic","Potion","Potion","Relic","Card","Card","Card"],"build_version":"2020-12-22","purchased_purges":2,"victory":false,"max_hp_per_floor":[71,71,71,71,64,64,64,64,64,64,64,64,64,64,64,64,64,64,64,64,64,64,64,64,64,64,64,64,64,64,64,64,64,64,64,64,64,64,64,64,74,74,74,74,74,74,74,74,74,74,74,74,74,74,74,74],"card_choices":[{"not_picked":["Hologram","Gash"],"picked":"BootSequence","floor":1},{"not_picked":["Steam Power","Stack"],"picked":"Biased Cognition","floor":3},{"not_picked":["Redo","Conserve Battery"],"picked":"Compile Driver","floor":4},{"not_picked":["Hello World","Stack","Leap"],"picked":"SKIP","floor":7},{"not_picked":["Compile Driver","Leap"],"picked":"Auto Shields","floor":8},{"not_picked":["Streamline","Stack"],"picked":"Coolheaded","floor":11},{"not_picked":["Hyperbeam","Redo"],"picked":"Go for the Eyes","floor":13},{"not_picked":["Barrage","Turbo","Auto Shields"],"picked":"SKIP","floor":14},{"not_picked":["Amplify","Hyperbeam"],"picked":"Creative AI","floor":16},{"not_picked":["Scrape","Ball Lightning+1"],"picked":"Doom and Gloom+1","floor":18},{"not_picked":["Storm","Sweeping Beam"],"picked":"Cold Snap","floor":19},{"not_picked":["Cold Snap","Hologram"],"picked":"Coolheaded","floor":22},{"not_picked":["Lockon","Doom and Gloom"],"picked":"Storm","floor":24},{"not_picked":["Multi-Cast","Streamline"],"picked":"FTL","floor":28},{"not_picked":["Steam Power","Cold Snap"],"picked":"Gash","floor":29},{"not_picked":["Skim","Cold Snap"],"picked":"Defragment","floor":30},{"not_picked":["Multi-Cast","Buffer"],"picked":"Core Surge","floor":33},{"not_picked":["Beam Cell+1","Sweeping Beam","Barrage"],"picked":"SKIP","floor":35},{"not_picked":["Leap+1","Darkness+1"],"picked":"Undo+1","floor":36},{"not_picked":["Heatsinks","Conserve Battery+1"],"picked":"Hologram","floor":38},{"not_picked":["Turbo+1","Streamline"],"picked":"Reinforced Body","floor":39},{"not_picked":["Steam","Storm","Gash"],"picked":"SKIP","floor":41},{"not_picked":["Sweeping Beam","Rebound"],"picked":"Go for the Eyes+1","floor":46},{"not_picked":["Storm","Doom and Gloom+1","Darkness"],"picked":"SKIP","floor":47},{"not_picked":["Storm","Doom and Gloom+1","Darkness"],"picked":"SKIP","floor":47},{"not_picked":["Conserve Battery","Auto Shields+1"],"picked":"Buffer","floor":48}],"player_experience":1289244,"relics_obtained":[{"floor":8,"key":"Du-Vu Doll"},{"floor":9,"key":"Ornamental Fan"},{"floor":13,"key":"Mummified Hand"},{"floor":19,"key":"Red Mask"},{"floor":24,"key":"Symbiotic Virus"},{"floor":26,"key":"Kunai"},{"floor":29,"key":"Nunchaku"},{"floor":36,"key":"Calipers"},{"floor":41,"key":"Pear"},{"floor":46,"key":"Bird Faced Urn"},{"floor":48,"key":"Gremlin Horn"}],"event_choices":[{"damage_healed":0,"gold_gain":0,"player_choice":"Grow","damage_taken":0,"max_hp_gain":0,"max_hp_loss":0,"event_name":"Living Wall","floor":2,"gold_loss":0,"cards_upgraded":["Streamline"]},{"damage_healed":0,"gold_gain":0,"player_choice":"Lose Max HP","damage_taken":0,"relics_obtained":["Golden Idol"],"max_hp_gain":0,"max_hp_loss":7,"event_name":"Golden Idol","floor":5,"gold_loss":0},{"damage_healed":0,"gold_gain":0,"player_choice":"Fought Bandits","damage_taken":0,"max_hp_gain":0,"max_hp_loss":0,"event_name":"Masked Bandits","floor":19,"gold_loss":0},{"damage_healed":0,"gold_gain":0,"cards_transformed":["Defend_B","Strike_B"],"player_choice":"Became Test Subject","damage_taken":0,"max_hp_gain":0,"max_hp_loss":0,"event_name":"Drug Dealer","floor":20,"gold_loss":0,"cards_obtained":["Sweeping Beam","Meteor Strike"]},{"damage_healed":0,"gold_gain":0,"player_choice":"Fight","damage_taken":0,"max_hp_gain":0,"max_hp_loss":0,"event_name":"MindBloom","floor":36,"gold_loss":0},{"cards_removed":["Defend_B"],"damage_healed":0,"gold_gain":0,"player_choice":"Removed Skill","damage_taken":0,"max_hp_gain":0,"max_hp_loss":0,"event_name":"Falling","floor":37,"gold_loss":0},{"damage_healed":0,"gold_gain":0,"player_choice":"Bought 2 Potions","damage_taken":0,"max_hp_gain":0,"max_hp_loss":0,"event_name":"The Woman in Blue","floor":44,"gold_loss":0}],"is_beta":false,"boss_relics":[{"not_picked":["Runic Dome","Busted Crown"],"picked":"Astrolabe"},{"not_picked":["Velvet Choker","FrozenCore"],"picked":"Philosopher\u0027s Stone"}],"items_purged_floors":[21,31],"is_endless":false,"potions_floor_spawned":[3,11,14,19,24,30,46,47,48],"killed_by":"Shield and Spear","ascension_level":20}}