{"host":"9n6i2vl93jt4o42q","time":1610232727,"event":{"mods":["BaseMod","Downfall","Minty Spire (QoL Compilation)","Relic Stats","StSLib"],"gold_per_floor":[199,215,230,243,243,271,271,285,285,297,311,311,161,180,195,295,295,220,240,240,250,89,115,115,115,215,235,43,73,73,88,102,207,257,257,10,34,48,48,61,61,86,97,122,22,49,49,78,93,93,93,120,70,70,70],"floor_reached":56,"playtime":8695,"items_purged":["Guardian:Defend_Guardian","Guardian:Defend_Guardian"],"score":2156,"play_id":"928e98b9-3aaf-47f0-ab01-c1b3e11b8ad9","local_time":"20210109235207","is_ascension_mode":true,"campfire_choices":[{"data":"Guardian:TwinSlam","floor":1.0,"key":"SMITH"},{"floor":13.0,"key":"RECALL"},{"data":"Guardian:PrismaticBarrier","floor":18.0,"key":"SMITH"},{"data":"Guardian:Clone","floor":25,"key":"SMITH"},{"data":"Guardian:ArmoredProtocol","floor":30,"key":"SMITH"},{"data":"Guardian:SpikerProtocol","floor":35,"key":"SMITH"},{"floor":47,"key":"REST"},{"floor":54,"key":"REST"}],"circlet_count":0,"master_deck":["AscendersBane","Guardian:Strike_Guardian+1","Guardian:Defend_Guardian","Guardian:CurlUp","Guardian:TwinSlam+1","Guardian:PiercingHide","Guardian:ChargeCore","Guardian:BronzeArmor","Guardian:SphericShield","Guardian:PrimingBeam+1","Guardian:ChargeUp","Guardian:PrismaticBarrier+1","Guardian:TemporalShield","Guardian:Clone+1","Guardian:CompilePackage+1","Guardian:ConstructionForm+1","Guardian:PrimingBeam","Guardian:Recover","Guardian:SpikerProtocol+1","Guardian:DecasProtection+1","Guardian:PrimingBeam+1","Guardian:ShieldCharger","Guardian:PolyBeam","Guardian:Planning","Guardian:ArmoredProtocol+1","Guardian:BronzeArmor+1","Guardian:Reroute+1","Guardian:PolyBeam","Guardian:Recover","Guardian:SentryBeam+1","Guardian:CrystalBeam+1","Guardian:BronzeOrb+1","Guardian:DecasProtection+1","Guardian:ArmoredProtocol+1","Guardian:TemporalStrike+1","Guardian:RevengeProtocol"],"relics":["Guardian:ModeShifter","Akabeko","downfall:HeartBlessingBlue","downfall:HeartBlessingGreen","Astrolabe","downfall:HeartBlessingRed","Guardian:StasisCodex","StrikeDummy","Mercury Hourglass","Tiny House","Whetstone","Molten Egg 2","Guardian:PickAxe","Juzu Bracelet","PreservedInsect","Pantograph","HornCleat","Mango","Kunai"],"acts_visited":["Exordium","TheCity","TheBeyond","TheEnding"],"potions_floor_usage":[53,55],"damage_taken":[{"damage":0.0,"enemies":"Small Slimes","floor":2.0,"turns":3.0},{"damage":0.0,"enemies":"2 Louse","floor":3.0,"turns":2.0},{"damage":0.0,"enemies":"Cultist","floor":4.0,"turns":3.0},{"damage":29.0,"enemies":"3 Sentries","floor":6.0,"turns":10.0},{"damage":8.0,"enemies":"Large Slime","floor":8.0,"turns":7.0},{"damage":13.0,"enemies":"Exordium Thugs","floor":10.0,"turns":5.0},{"damage":0.0,"enemies":"3 Louse","floor":11.0,"turns":2.0},{"damage":2.0,"enemies":"Red Slaver","floor":14.0,"turns":2.0},{"damage":0.0,"enemies":"Exordium Thugs","floor":15.0,"turns":4.0},{"damage":11.0,"enemies":"downfall:Defect","floor":16.0,"turns":8.0},{"damage":0.0,"enemies":"Shell Parasite","floor":19.0,"turns":4.0},{"damage":0,"enemies":"Cultist and Chosen","floor":21,"turns":4},{"damage":0,"enemies":"downfall:FleeingMerchant","floor":22,"turns":4},{"damage":0,"enemies":"Gremlin Leader","floor":23,"turns":5},{"damage":8,"enemies":"Snake Plant","floor":27,"turns":4},{"damage":0,"enemies":"downfall:FleeingMerchant","floor":28,"turns":4},{"damage":0,"enemies":"Book of Stabbing","floor":29,"turns":5},{"damage":2,"enemies":"Shelled Parasite and Fungi","floor":31,"turns":4},{"damage":7,"enemies":"Centurion and Healer","floor":32,"turns":5},{"damage":2,"enemies":"downfall:Ironclad","floor":33,"turns":6},{"damage":0,"enemies":"downfall:FleeingMerchant","floor":36,"turns":4},{"damage":13,"enemies":"downfall:FleeingMerchant","floor":37,"turns":3},{"damage":9,"enemies":"3 Darklings","floor":38,"turns":5},{"damage":0,"enemies":"3 Shapes","floor":40,"turns":3},{"damage":0,"enemies":"Writhing Mass","floor":43,"turns":7},{"damage":20,"enemies":"Reptomancer","floor":44,"turns":6},{"damage":0,"enemies":"Giant Head","floor":46,"turns":7},{"damage":23,"enemies":"Reptomancer","floor":48,"turns":5},{"damage":0,"enemies":"Transient","floor":49,"turns":5},{"damage":26,"enemies":"downfall:Silent","floor":50,"turns":11},{"damage":24,"enemies":"downfall:CharBossMerchant","floor":52,"turns":8},{"damage":0,"enemies":"downfall:NeowBoss","floor":55,"turns":21}],"seed_played":"5770678523010526484","potions_obtained":[{"floor":6.0,"key":"Regen Potion"},{"floor":10.0,"key":"Guardian:DefensiveModePotion"},{"floor":11.0,"key":"Guardian:StasisDiscoveryPotion"},{"floor":15.0,"key":"FearPotion"},{"floor":16.0,"key":"Weak Potion"},{"floor":33,"key":"FairyPotion"},{"floor":48,"key":"Fruit Juice"}],"is_trial":false,"path_per_floor":["R","M","M","M","?","E","T","M","?","M","M","?","R","M","M","B",null,"R","M","?","M","$","E","T","R","?","M","$","E","R","M","M","B",null,"R","?","$","M","?","M","T","T","M","E","$","E","R","E","M","B",null,"E","$","R","B",null],"character_chosen":"GUARDIAN","items_purchased":["Guardian:SpikerProtocol","Guardian:PolyBeam","Guardian:Planning","Guardian:ArmoredProtocol","Guardian:PolyBeam","Whetstone","Molten Egg 2","Guardian:SentryBeam+1","Block Potion"],"campfire_rested":2,"item_purchase_floors":[22,28,28,28,36,36,37,37,53],"current_hp_per_floor":[72,72,72,72,72,43,43,35,35,36,36,36,46,44,44,33,76,76,76,76,76,76,76,76,76,76,68,68,68,68,66,59,57,87,87,87,74,65,65,65,65,65,65,45,45,45,73,64,64,63,98,74,79,113,114],"gold":70,"neow_bonus":"HUNDRED_GOLD","is_daily":false,"chose_seed":false,"campfire_upgraded":5,"win_rate":0.0,"timestamp":1610232727,"path_taken":["R","M","M","M","?","E","T","M","?","M","?","?","R","M","M","BOSS","R","M","?","M","$","E","T","R","?","?","$","E","R","M","M","BOSS","R","?","$","M","?","?","T","?","M","E","$","E","R","E","M","BOSS","E","$","R","BOSS"],"items_purchased_type":["Card","Card","Card","Card","Card","Relic","Relic","Card","Potion"],"build_version":"2020-12-22","purchased_purges":2,"victory":true,"max_hp_per_floor":[80,80,80,80,80,80,80,80,80,80,80,80,90,90,90,90,90,90,90,90,90,90,90,90,90,90,90,90,90,90,90,90,90,95,95,95,95,95,95,95,95,95,95,95,95,95,95,109,109,109,109,109,114,114,114],"relic_stats":{"counters":[32,176],"Astrolabe":["Guardian:CompilePackage","Guardian:ConstructionForm","Guardian:Gem_Yellow"],"Pantograph":26,"PreservedInsect":355,"Juzu Bracelet":0,"Whetstone":["Guardian:Strike_Guardian","Guardian:Reroute"],"Kunai":[15],"obtain_stats":[{"Tiny House":34,"downfall:HeartBlessingRed":18,"Astrolabe":17,"Guardian:ModeShifter":0,"downfall:HeartBlessingGreen":13,"Guardian:StasisCodex":23,"Mango":48,"PreservedInsect":42,"Juzu Bracelet":41,"Whetstone":36,"Akabeko":6,"Mercury Hourglass":29,"Guardian:PickAxe":39,"downfall:BrokenWingStatue":12,"HornCleat":46,"downfall:HeartBlessingBlue":13,"Pantograph":44,"Molten Egg 2":37,"Kunai":52,"StrikeDummy":24},{"Tiny House":20,"downfall:HeartBlessingRed":10,"Astrolabe":10,"Guardian:ModeShifter":0,"downfall:HeartBlessingGreen":7,"Guardian:StasisCodex":14,"Mango":28,"PreservedInsect":24,"Juzu Bracelet":24,"Whetstone":21,"Akabeko":4,"Mercury Hourglass":17,"Guardian:PickAxe":23,"downfall:BrokenWingStatue":7,"HornCleat":27,"downfall:HeartBlessingBlue":7,"Pantograph":26,"Molten Egg 2":22,"Kunai":31,"StrikeDummy":14},{"Tiny House":91,"downfall:HeartBlessingRed":46,"Astrolabe":46,"Guardian:ModeShifter":0,"downfall:HeartBlessingGreen":32,"Guardian:StasisCodex":63,"Mango":131,"PreservedInsect":106,"Juzu Bracelet":106,"Whetstone":95,"Akabeko":18,"Mercury Hourglass":76,"Guardian:PickAxe":103,"downfall:BrokenWingStatue":32,"HornCleat":126,"downfall:HeartBlessingBlue":32,"Pantograph":119,"Molten Egg 2":98,"Kunai":155,"StrikeDummy":63}],"Mercury Hourglass":[261]},"card_choices":[{"not_picked":["Guardian:Gem_Lightblue","Guardian:ChargeCore"],"picked":"Guardian:PiercingHide","floor":2.0},{"not_picked":["Guardian:Gem_Lightblue","Guardian:Suspension"],"picked":"Guardian:ChargeCore","floor":3.0},{"not_picked":["Guardian:ShieldCharger","Guardian:TimeCapacitor"],"picked":"Guardian:BronzeArmor","floor":4.0},{"not_picked":["Guardian:ArmoredProtocol","Guardian:TimeBomb"],"picked":"Guardian:PrimingBeam","floor":6.0},{"not_picked":["Guardian:CrystalBeam","Guardian:PrimingBeam"],"picked":"Guardian:ChargeUp","floor":8.0},{"not_picked":["Guardian:ChargeCore","Guardian:GemFire"],"picked":"Guardian:PrismaticBarrier","floor":10.0},{"not_picked":["Guardian:Emergency","Guardian:Planning"],"picked":"Guardian:Gem_Green","floor":11.0},{"not_picked":["Guardian:ExploitGems","Guardian:Gem_Red"],"picked":"Guardian:TemporalShield","floor":14.0},{"not_picked":["Guardian:TemporalStrike","Guardian:PiercingHide"],"picked":"Guardian:Clone","floor":15.0},{"not_picked":["Guardian:GemFinder","Guardian:GatlingBeam"],"picked":"Guardian:Gem_Orange","floor":16.0},{"not_picked":["Guardian:Gem_Red","Guardian:TemporalShield"],"picked":"Guardian:Gem_Cyan","floor":19},{"not_picked":["Guardian:Gem_Blue","Guardian:Gem_Lightblue"],"picked":"Guardian:PrimingBeam","floor":21},{"not_picked":["Guardian:TimeBomb","Guardian:ChargeCore"],"picked":"Guardian:Recover","floor":22},{"not_picked":["Guardian:Clone","Guardian:BronzeOrb"],"picked":"Guardian:DecasProtection+1","floor":23},{"not_picked":["Guardian:ChargeCore","Guardian:Gem_Cyan"],"picked":"Guardian:PrimingBeam+1","floor":27},{"not_picked":["Guardian:Gem_Lightblue","Guardian:Reroute"],"picked":"Guardian:ShieldCharger","floor":28},{"not_picked":["Guardian:Planning","Guardian:DecasProtection","Guardian:AncientConstruct"],"picked":"SKIP","floor":29},{"not_picked":["Guardian:ChargeCore","Guardian:VentSteam","Guardian:Gem_Green"],"picked":"SKIP","floor":31},{"not_picked":["Guardian:RollAttack","Guardian:Gem_Green"],"picked":"Guardian:BronzeArmor+1","floor":32},{"not_picked":["Guardian:BaubleBeam","Guardian:ExploitGems"],"picked":"Guardian:Gem_Orange","floor":33},{"not_picked":["Guardian:PrismaticBeam","Guardian:Gem_Crimson"],"picked":"Guardian:Reroute","floor":34},{"not_picked":["Guardian:ShieldSpikes","Guardian:Gem_Red"],"picked":"Guardian:Gem_Yellow","floor":36},{"not_picked":["Guardian:DonusPower","Guardian:ChargeUp"],"picked":"Guardian:Recover","floor":37},{"not_picked":["Guardian:PiercingHide","Guardian:Gem_Green"],"picked":"Guardian:CrystalBeam+1","floor":38},{"not_picked":["Guardian:BronzeArmor","Guardian:EvasiveProtocol"],"picked":"Guardian:BronzeOrb+1","floor":40},{"not_picked":["Guardian:Gem_Blue","Guardian:ShieldSpikes"],"picked":"Guardian:DecasProtection+1","floor":43},{"not_picked":["Guardian:PiercingHide","Guardian:ShieldCharger"],"picked":"Guardian:ArmoredProtocol+1","floor":44},{"not_picked":["Guardian:PiercingHide","Guardian:Incinerate+1"],"picked":"Guardian:TemporalStrike+1","floor":46},{"not_picked":["Guardian:Recover","Guardian:FloatingOrbs"],"picked":"Guardian:RevengeProtocol","floor":48},{"not_picked":["Guardian:Emergency+1","Guardian:Suspension","Guardian:ChargeCore+1"],"picked":"SKIP","floor":49},{"not_picked":["Guardian:Gem_Red","Guardian:ArmoredProtocol"],"picked":"Guardian:Gem_Synthetic","floor":52}],"player_experience":2277191,"relics_obtained":[{"floor":6.0,"key":"Akabeko"},{"floor":23,"key":"Guardian:StasisCodex"},{"floor":24,"key":"StrikeDummy"},{"floor":29,"key":"Mercury Hourglass"},{"floor":39,"key":"Guardian:PickAxe"},{"floor":41,"key":"Juzu Bracelet"},{"floor":42,"key":"PreservedInsect"},{"floor":44,"key":"Pantograph"},{"floor":46,"key":"HornCleat"},{"floor":48,"key":"Mango"},{"floor":52,"key":"Kunai"}],"event_choices":[{"damage_healed":0.0,"max_hp_gain":0.0,"max_hp_loss":0.0,"gold_gain":0.0,"cards_transformed":["Guardian:Strike_Guardian"],"event_name":"Living Wall","player_choice":"Change","floor":5.0,"gold_loss":0.0,"damage_taken":0.0,"cards_obtained":["Guardian:SphericShield"]},{"damage_healed":0,"gold_gain":0,"player_choice":"Ignored","damage_taken":0,"max_hp_gain":0,"max_hp_loss":0,"event_name":"Ghosts","floor":20,"gold_loss":0},{"damage_healed":0,"gold_gain":0,"player_choice":"Relic","damage_taken":0,"max_hp_gain":0,"max_hp_loss":0,"event_name":"Wheel of Change","floor":39,"gold_loss":0}],"is_beta":false,"boss_relics":[{"not_picked":["Coffee Dripper","Sozu"],"picked":"Astrolabe"},{"not_picked":["SacredBark","Calling Bell"],"picked":"Tiny House"}],"items_purged_floors":[22,45],"is_endless":false,"potions_floor_spawned":[6,10,11,14,15,16,19,23,29,31,33,38,44,48],"ascension_level":12}}