{"host":"0v07cr0k93jhgkpm","time":1610230246,"event":{"mods":["BaseMod","Colored Map","DeckTracker","Minty Spire (QoL Compilation)","Quick Restart","SuperFastMode"],"gold_per_floor":[110,25,25,43,43,43,59,82,106,106,120,31,31,69,69,69,69],"floor_reached":16,"playtime":435,"items_purged":[],"score":200,"play_id":"31713687-c6b4-4880-a8df-5fef4b64e236","local_time":"20210110071046","is_ascension_mode":true,"campfire_choices":[{"floor":6.0,"key":"REST"},{"floor":10.0,"key":"REST"},{"data":"Fusion","floor":13.0,"key":"SMITH"},{"floor":15.0,"key":"REST"}],"circlet_count":0,"master_deck":["AscendersBane","Strike_B","Strike_B","Strike_B","Strike_B","Defend_B","Defend_B","Defend_B","Defend_B","Zap+1","Dualcast","Meteor Strike+1","Streamline","Steam Power","Turbo","Sunder","Coolheaded","Hologram","Fusion+1","Skim"],"relics":["Cracked Core","Golden Idol","Nunchaku","Toy Ornithopter"],"acts_visited":["Exordium"],"potions_floor_usage":[16,16],"damage_taken":[{"damage":1.0,"enemies":"Cultist","floor":1.0,"turns":3.0},{"damage":1.0,"enemies":"2 Louse","floor":4.0,"turns":2.0},{"damage":9.0,"enemies":"Small Slimes","floor":7.0,"turns":3.0},{"damage":14.0,"enemies":"Exordium Wildlife","floor":8.0,"turns":3.0},{"damage":5.0,"enemies":"3 Louse","floor":11.0,"turns":3.0},{"damage":19.0,"enemies":"3 Sentries","floor":14.0,"turns":8.0},{"damage":46,"enemies":"Slime Boss","floor":16,"turns":7}],"seed_played":"2286070658621917622","potions_obtained":[{"floor":4.0,"key":"FearPotion"},{"floor":8.0,"key":"Dexterity Potion"}],"is_trial":false,"path_per_floor":["M","$","?","M","?","R","M","M","T","R","M","$","R","E","R","B"],"character_chosen":"DEFECT","items_purchased":["Steam Power","Fusion"],"campfire_rested":3,"item_purchase_floors":[2,12],"current_hp_per_floor":[63,63,39,38,17,38,29,15,15,36,31,31,31,12,33,0,0],"gold":69,"neow_bonus":"ONE_RANDOM_RARE_CARD","is_daily":false,"chose_seed":false,"campfire_upgraded":1,"win_rate":0.0,"timestamp":1610230246,"path_taken":["M","$","?","M","?","R","M","M","T","R","M","$","R","E","R","BOSS"],"items_purchased_type":["Card","Card"],"build_version":"2020-12-22","purchased_purges":0,"victory":false,"max_hp_per_floor":[71,71,71,71,71,71,71,71,71,71,71,71,71,71,71,71,71],"card_choices":[{"not_picked":["Leap","Rebound"],"picked":"Streamline","floor":1.0},{"not_picked":["Ball Lightning","Storm"],"picked":"Turbo","floor":4.0},{"not_picked":["Redo","Undo"],"picked":"Sunder","floor":7.0},{"not_picked":["Darkness","Rebound"],"picked":"Coolheaded","floor":8.0},{"not_picked":["Chill","Gash"],"picked":"Hologram","floor":11.0},{"not_picked":["Static Discharge","Steam"],"picked":"Skim","floor":14.0}],"player_experience":2484632,"relics_obtained":[{"floor":9.0,"key":"Nunchaku"},{"floor":14.0,"key":"Toy Ornithopter"}],"event_choices":[{"damage_healed":0.0,"max_hp_gain":0.0,"max_hp_loss":0.0,"gold_gain":0.0,"event_name":"Golden Idol","player_choice":"Take Damage","floor":3.0,"gold_loss":0.0,"damage_taken":24.0,"relics_obtained":["Golden Idol"]},{"damage_healed":0.0,"max_hp_gain":0.0,"max_hp_loss":0.0,"gold_gain":0.0,"event_name":"Shining Light","player_choice":"Entered Light","floor":5.0,"gold_loss":0.0,"damage_taken":21.0,"cards_upgraded":["Zap","Meteor Strike"]}],"is_beta":false,"boss_relics":[],"items_purged_floors":[],"is_endless":false,"potions_floor_spawned":[4,8,11],"killed_by":"Slime Boss","ascension_level":20}}