{"host":"evny4tziu33vpgm7","time":1610222871,"event":{"mods":["100% Spire Juice","Arknights The Spire","BaseMod","BetterRewards","Booster Modes","Card Filter","Colored Map","Colored Powertips","Dota2Spire","Evolution","Fox Events","Friendly Minions","GifTheSpireLib","Minty Spire (QoL Compilation)","Puzzle Mod","Random Character Button","Random Character Mod","Rare Cards Sparkle","Relic Filter","Relic Sorter","Shop Mod","StSLib","SuperFastMode","The Caster","The Marked","Thieving Mod","????"],"gold_per_floor":[111,111,124,124,124,124,124,157,210,210,64,64,95,129,9,9,9],"floor_reached":16,"playtime":1456,"items_purged":[],"score":146,"play_id":"7b2a48f9-7bde-44ab-859b-483708a6ae67","local_time":"20210109130751","daily_mods":["SealedDeck","Heirloom","Flight","DeadlyEvents","Night Terrors"],"is_ascension_mode":true,"campfire_choices":[{"data":"Moonworks:HolyNight","floor":6,"key":"SMITH"},{"data":"Moonworks:BigMagnum","floor":7,"key":"SMITH"},{"data":"Moonworks:ReflectiveShell","floor":10,"key":"SMITH"},{"data":"Moonworks:RagingMadness","floor":12,"key":"SMITH"},{"data":"Moonworks:Dash","floor":15,"key":"SMITH"}],"circlet_count":0,"master_deck":["Moonworks:JonathanRush","Moonworks:CloudOfSeagulls","Moonworks:JonathanRush","Moonworks:WindyEnchantment","Moonworks:Flamethrower","Moonworks:Flamethrower","Moonworks:BeyondHell","Moonworks:ReflectiveShell+1","Moonworks:HolyNight+1","Moonworks:LuckyCharm","Moonworks:IntelligenceOfficer","Moonworks:BigMagnum+1","Moonworks:Dash+1","Moonworks:x16BigRocket","Moonworks:RagingMadness+1","Flash of Steel","Moonworks:Poppoformation","Moonworks:RocketCannon"],"relics":["Moonworks:BrokenBomb","Moonworks:Homemark","Prayer Wheel","MealTicket","Smiling Mask","Toy Ornithopter","PreservedInsect","MerchantsRug","Strawberry","Dota2Spire:Vanguard"],"acts_visited":["Exordium"],"potions_floor_usage":[],"damage_taken":[{"damage":16,"enemies":"2 Louse","floor":1,"turns":2},{"damage":0,"enemies":"Cultist","floor":3,"turns":2},{"damage":18,"enemies":"Lagavulin","floor":8,"turns":3},{"damage":6,"enemies":"Gremlin Nob","floor":13,"turns":3},{"damage":33,"enemies":"3 Sentries","floor":14,"turns":3},{"damage":3,"enemies":"The Guardian","floor":16,"turns":3}],"seed_played":"507428007417240819","potions_obtained":[{"floor":8,"key":"PlaceholderMod:PlaceholderPotion"},{"floor":14,"key":"Energy Potion"}],"is_trial":true,"path_per_floor":["M","?","M","?","T","R","R","E","T","R","$","R","E","E","R","B"],"character_chosen":"THE_STARBREAKER","items_purchased":["MerchantsRug","Moonworks:RagingMadness","Flash of Steel"],"campfire_rested":0,"item_purchase_floors":[11,11,11],"current_hp_per_floor":[44,44,44,37,37,37,37,19,19,19,34,34,35,2,2,0,0],"gold":9,"neow_bonus":"","is_daily":false,"chose_seed":false,"campfire_upgraded":5,"win_rate":0.0,"timestamp":1610222871,"path_taken":["M","?","?","?","?","R","R","E","T","R","$","R","?","E","R","BOSS"],"items_purchased_type":["Relic","Card","Card"],"build_version":"2020-12-22","purchased_purges":0,"victory":false,"max_hp_per_floor":[60,60,60,60,60,60,60,60,60,60,60,60,67,67,67,67,67],"card_choices":[{"not_picked":["Moonworks:ExtendedPhotonRifle","Moonworks:SakisCookie"],"picked":"Moonworks:LuckyCharm","floor":1},{"not_picked":["Moonworks:Bloodlust","Moonworks:SealedMemories"],"picked":"Moonworks:IntelligenceOfficer","floor":1},{"not_picked":["Moonworks:IndiscriminateFireSupport","Moonworks:LulusLuckyEgg"],"picked":"Moonworks:BigMagnum","floor":3},{"not_picked":["Moonworks:ExtendedPhotonRifle","Moonworks:UnluckyCharm"],"picked":"Moonworks:Dash","floor":3},{"not_picked":["Moonworks:LulusLuckyEgg","Moonworks:NicePresent"],"picked":"Moonworks:x16BigRocket","floor":8},{"not_picked":["Moonworks:DeployBits","Moonworks:FinalSurgery"],"picked":"Moonworks:Poppoformation","floor":13},{"not_picked":["Moonworks:TacticalRetreat","Moonworks:Poppoformation"],"picked":"Moonworks:RocketCannon","floor":14}],"player_experience":874093,"relics_obtained":[{"floor":2,"key":"Matryoshka"},{"floor":5,"key":"MealTicket"},{"floor":5,"key":"Smiling Mask"},{"floor":8,"key":"Toy Ornithopter"},{"floor":9,"key":"Dota2Spire:BladeMail"},{"floor":9,"key":"PreservedInsect"},{"floor":13,"key":"Strawberry"},{"floor":14,"key":"Dota2Spire:Vanguard"}],"event_choices":[{"damage_healed":0,"gold_gain":0,"player_choice":"Relic","damage_taken":0,"max_hp_gain":0,"max_hp_loss":0,"event_name":"Wheel of Change","floor":2,"gold_loss":0},{"cards_removed":["Moonworks:ImOnFire"],"damage_healed":0,"gold_gain":0,"player_choice":"Card Removal","damage_taken":7,"max_hp_gain":0,"max_hp_loss":0,"event_name":"Golden Wing","floor":4,"gold_loss":0}],"is_beta":false,"boss_relics":[],"items_purged_floors":[],"is_endless":false,"potions_floor_spawned":[8,14],"killed_by":"The Guardian","ascension_level":1}}