{"host":"y3h3n3f7seyagppx","time":1610209024,"event":{"mods":["AlwaysNeverKeys","BaseMod","Better Vampires","Colored Powertips","DeckTracker","Emptier Cage","Minty Spire (QoL Compilation)","Permanent Neow","Quick Restart","Rare Cards Sparkle","Relic Sorter","Relic Stats","StSLib","Transform Curses"],"gold_per_floor":[152,202,238,254,311,339,339,408,408,458,497,524,552,552,552,657,657,706,706,706,750,798,857,857,925,999,493,541,643,223,263,263,367,367,415,446,103,135,194,233,233,314,337,376,426,426,471,496,496,496,546,546,546,76,119,119],"floor_reached":57,"playtime":11704,"items_purged":["Strike_G+1","Strike_G+1","Masterful Stab+1"],"score":3375,"play_id":"9c581623-21a1-471f-bfd6-2d719bbadf59","local_time":"20210109111704","is_ascension_mode":true,"campfire_choices":[{"data":"HandOfGreed","floor":7,"key":"SMITH"},{"data":"Noxious Fumes","floor":15,"key":"SMITH"},{"floor":24,"key":"REST"},{"data":"Catalyst","floor":32,"key":"SMITH"},{"data":"Catalyst","floor":41,"key":"SMITH"},{"data":"Burst","floor":46,"key":"SMITH"},{"data":"Footwork","floor":49,"key":"SMITH"},{"data":"Footwork","floor":53,"key":"SMITH"}],"circlet_count":0,"master_deck":["AscendersBane","Defend_G+1","Defend_G+1","Defend_G+1","Defend_G+1","Defend_G+1","Survivor","Neutralize+1","HandOfGreed+1","Terror","Bouncing Flask","Skewer+1","Backflip","Backflip","Sucker Punch+1","After Image","Noxious Fumes+1","Glass Knife+1","Backstab+1","PiercingWail+1","Burst+1","Catalyst+1","Die Die Die+1","Catalyst+1","Malaise","Footwork+1","Leg Sweep","Footwork+1","PanicButton","Tactician"],"relics":["Ring of the Snake","Art of War","Molten Egg 2","CeramicFish","Mummified Hand","FossilizedHelix","Blood Vial","Golden Idol","Empty Cage","Enchiridion","Shovel","Whetstone","Bottled Lightning","Pen Nib","Frozen Eye","Darkstone Periapt","DollysMirror","Akabeko","Mercury Hourglass","Runic Pyramid","Tough Bandages","TwistedFunnel","Oddly Smooth Stone","Boot","Turnip","Smiling Mask","Omamori","Bag of Marbles","ClockworkSouvenir","Bronze Scales"],"acts_visited":["Exordium","TheCity","TheBeyond","TheEnding"],"potions_floor_usage":[6,11,23,40,55,56],"damage_taken":[{"damage":1,"enemies":"Small Slimes","floor":1,"turns":4},{"damage":1,"enemies":"Cultist","floor":3,"turns":5},{"damage":2,"enemies":"Jaw Worm","floor":4,"turns":4},{"damage":4,"enemies":"3 Louse","floor":5,"turns":6},{"damage":7,"enemies":"Lagavulin","floor":6,"turns":5},{"damage":0,"enemies":"Gremlin Nob","floor":8,"turns":2},{"damage":4,"enemies":"2 Fungi Beasts","floor":10,"turns":3},{"damage":17,"enemies":"3 Sentries","floor":11,"turns":8},{"damage":0,"enemies":"Large Slime","floor":12,"turns":4},{"damage":0,"enemies":"Gremlin Nob","floor":13,"turns":3},{"damage":0,"enemies":"Hexaghost","floor":16,"turns":7},{"damage":0,"enemies":"Chosen","floor":18,"turns":4},{"damage":0,"enemies":"2 Thieves","floor":21,"turns":3},{"damage":0,"enemies":"Snecko","floor":22,"turns":3},{"damage":12,"enemies":"Slavers","floor":23,"turns":5},{"damage":8,"enemies":"Gremlin Leader","floor":25,"turns":8},{"damage":0,"enemies":"3 Cultists","floor":28,"turns":4},{"damage":5,"enemies":"Slavers","floor":29,"turns":10},{"damage":8,"enemies":"Book of Stabbing","floor":31,"turns":4},{"damage":7,"enemies":"Collector","floor":33,"turns":4},{"damage":0,"enemies":"Orb Walker","floor":35,"turns":4},{"damage":0,"enemies":"Mind Bloom Boss Battle","floor":36,"turns":5},{"damage":0,"enemies":"3 Darklings","floor":38,"turns":3},{"damage":0,"enemies":"Sphere and 2 Shapes","floor":39,"turns":4},{"damage":0,"enemies":"Giant Head","floor":40,"turns":8},{"damage":0,"enemies":"2 Orb Walkers","floor":42,"turns":4},{"damage":0,"enemies":"Nemesis","floor":44,"turns":3},{"damage":0,"enemies":"4 Shapes","floor":45,"turns":4},{"damage":0,"enemies":"Giant Head","floor":47,"turns":5},{"damage":0,"enemies":"Writhing Mass","floor":48,"turns":5},{"damage":0,"enemies":"Time Eater","floor":50,"turns":3},{"damage":19,"enemies":"Awakened One","floor":51,"turns":27},{"damage":21,"enemies":"Shield and Spear","floor":55,"turns":6},{"damage":31,"enemies":"The Heart","floor":56,"turns":7}],"seed_played":"-7793756483584293123","potions_obtained":[{"floor":3,"key":"BlessingOfTheForge"},{"floor":6,"key":"DuplicationPotion"},{"floor":8,"key":"Weak Potion"},{"floor":18,"key":"Poison Potion"},{"floor":21,"key":"FearPotion"},{"floor":22,"key":"GamblersBrew"},{"floor":40,"key":"Weak Potion"},{"floor":44,"key":"AttackPotion"},{"floor":48,"key":"SpeedPotion"},{"floor":55,"key":"SteroidPotion"}],"is_trial":false,"path_per_floor":["M","?","M","M","M","E","R","E","T","M","E","M","E","?","R","B",null,"M","?","?","M","M","E","R","E","T","$","M","E","$","E","R","B",null,"M","?","$","M","M","E","R","?","T","E","M","R","E","M","R","B","B",null,"R","$","E","B",null],"character_chosen":"THE_SILENT","items_purchased":["Pen Nib","Frozen Eye","GhostInAJar","DollysMirror","Akabeko","TwistedFunnel","Oddly Smooth Stone","ClockworkSouvenir","Art of War","PanicButton"],"campfire_rested":1,"item_purchase_floors":[27,27,27,30,30,37,37,54,54,54],"current_hp_per_floor":[58,52,51,49,45,38,38,38,38,34,17,17,17,17,17,19,45,47,47,26,28,30,20,36,30,30,30,32,29,29,23,23,18,45,47,49,49,51,53,54,54,54,54,54,54,54,54,54,54,54,35,49,49,49,30,1],"gold":119,"neow_bonus":"RANDOM_COLORLESS_2","is_daily":false,"chose_seed":false,"campfire_upgraded":7,"win_rate":0.0,"timestamp":1610209024,"path_taken":["M","?","M","M","?","E","R","E","T","M","E","M","E","?","R","BOSS","M","?","?","M","M","E","R","E","T","$","M","E","$","E","R","BOSS","M","?","$","M","M","E","R","?","T","E","M","R","E","M","R","BOSS","BOSS","R","$","E","BOSS"],"items_purchased_type":["Relic","Relic","Potion","Relic","Relic","Relic","Relic","Relic","Relic","Card"],"build_version":"2020-12-22","purchased_purges":3,"victory":true,"max_hp_per_floor":[60,60,60,60,60,60,60,60,60,60,60,60,60,54,54,54,54,54,54,54,54,54,54,54,54,54,54,54,54,54,54,54,54,54,54,54,54,54,54,54,54,54,54,54,54,54,54,54,54,54,54,54,54,54,54,54],"relic_stats":{"Darkstone Periapt":0,"counters":[34,183],"Golden Idol":210,"CeramicFish":153,"Pen Nib":[13],"Whetstone":["Skewer","Neutralize"],"Boot":[9],"Smiling Mask":75,"Mercury Hourglass":[323],"Blood Vial":33,"Tough Bandages":[48],"Shovel":0,"Mummified Hand":[81],"Bronze Scales":[59],"Turnip":[2],"Art of War":[5],"obtain_stats":[{"Darkstone Periapt":29,"TwistedFunnel":37,"CeramicFish":8,"Enchiridion":20,"Whetstone":25,"Empty Cage":17,"Boot":40,"Smiling Mask":43,"ClockworkSouvenir":54,"Blood Vial":13,"Frozen Eye":27,"Tough Bandages":36,"Shovel":23,"Mummified Hand":9,"DollysMirror":30,"Ring of the Snake":0,"Runic Pyramid":34,"Golden Idol":14,"Oddly Smooth Stone":37,"Pen Nib":27,"Omamori":44,"Akabeko":30,"Mercury Hourglass":31,"Bronze Scales":55,"Molten Egg 2":6,"Turnip":42,"Bag of Marbles":47,"Art of War":54,"Bottled Lightning":26,"FossilizedHelix":11},{"Darkstone Periapt":18,"TwistedFunnel":22,"CeramicFish":6,"Enchiridion":12,"Whetstone":16,"Empty Cage":11,"Boot":25,"Smiling Mask":26,"ClockworkSouvenir":32,"Blood Vial":10,"Frozen Eye":16,"Tough Bandages":22,"Shovel":15,"Mummified Hand":6,"DollysMirror":18,"Ring of the Snake":0,"Runic Pyramid":20,"Golden Idol":10,"Oddly Smooth Stone":22,"Pen Nib":16,"Omamori":27,"Akabeko":18,"Mercury Hourglass":19,"Bronze Scales":33,"Molten Egg 2":5,"Turnip":26,"Bag of Marbles":29,"Art of War":32,"Bottled Lightning":16,"FossilizedHelix":8},{"Darkstone Periapt":88,"TwistedFunnel":105,"CeramicFish":26,"Enchiridion":55,"Whetstone":74,"Empty Cage":51,"Boot":120,"Smiling Mask":124,"ClockworkSouvenir":170,"Blood Vial":44,"Frozen Eye":74,"Tough Bandages":105,"Shovel":66,"Mummified Hand":26,"DollysMirror":88,"Ring of the Snake":0,"Runic Pyramid":96,"Golden Idol":44,"Oddly Smooth Stone":105,"Pen Nib":74,"Omamori":127,"Akabeko":88,"Mercury Hourglass":92,"Bronze Scales":176,"Molten Egg 2":24,"Turnip":124,"Bag of Marbles":136,"Art of War":170,"Bottled Lightning":74,"FossilizedHelix":37}],"Ring of the Snake":[68]},"card_choices":[{"not_picked":["The Bomb","Apotheosis"],"picked":"HandOfGreed","floor":0},{"not_picked":["Cloak And Dagger","Well Laid Plans"],"picked":"Terror","floor":1},{"not_picked":["Slice","Quick Slash"],"picked":"Bouncing Flask","floor":3},{"not_picked":["Outmaneuver","Deadly Poison"],"picked":"Skewer","floor":4},{"not_picked":["PiercingWail","Distraction"],"picked":"Backflip","floor":5},{"not_picked":["Tools of the Trade","Infinite Blades"],"picked":"Masterful Stab+1","floor":6},{"not_picked":["Underhanded Strike+1","Blur"],"picked":"Backflip","floor":8},{"not_picked":["Cloak And Dagger","Masterful Stab+1"],"picked":"Sucker Punch+1","floor":10},{"not_picked":["Prepared","Deflect"],"picked":"After Image","floor":11},{"not_picked":["Skewer+1","Concentrate"],"picked":"Noxious Fumes","floor":12},{"not_picked":["Quick Slash+1","Bane+1","Flying Knee+1"],"picked":"SKIP","floor":13},{"not_picked":["Quick Slash+1","Bane+1","Flying Knee+1"],"picked":"SKIP","floor":13},{"not_picked":["Quick Slash+1","Bane+1","Flying Knee+1"],"picked":"SKIP","floor":13},{"not_picked":["Quick Slash+1","Bane+1","Flying Knee+1"],"picked":"SKIP","floor":13},{"not_picked":["Quick Slash+1","Bane+1","Flying Knee+1"],"picked":"SKIP","floor":13},{"not_picked":["Grand Finale+1","Tools of the Trade"],"picked":"Glass Knife+1","floor":16},{"not_picked":["PiercingWail","Deadly Poison"],"picked":"Backstab+1","floor":18},{"not_picked":["Quick Slash+1","Bane+1","Reflex+1"],"picked":"SKIP","floor":21},{"not_picked":["Poisoned Stab+1","Dodge and Roll"],"picked":"PiercingWail+1","floor":22},{"not_picked":["Predator+1","Bane+1","Cloak And Dagger"],"picked":"SKIP","floor":23},{"not_picked":["Acrobatics+1","Distraction"],"picked":"Burst","floor":25},{"not_picked":["Slice+1","Infinite Blades"],"picked":"Catalyst","floor":28},{"not_picked":["Deadly Poison","Outmaneuver"],"picked":"Die Die Die+1","floor":29},{"not_picked":["Quick Slash+1","Blade Dance","Flying Knee+1"],"picked":"SKIP","floor":31},{"not_picked":["Tools of the Trade","Unload+1"],"picked":"Malaise","floor":33},{"not_picked":["Caltrops","Distraction","Deadly Poison"],"picked":"SKIP","floor":35},{"not_picked":["Predator+1","Cloak And Dagger+1"],"picked":"Footwork","floor":38},{"not_picked":["Flying Knee+1","Dash+1"],"picked":"Leg Sweep","floor":39},{"not_picked":["Choke+1","Deflect","Flying Knee+1"],"picked":"SKIP","floor":40},{"not_picked":["Envenom","Sucker Punch+1","Underhanded Strike+1"],"picked":"SKIP","floor":44},{"not_picked":["Envenom","Sucker Punch+1","Underhanded Strike+1"],"picked":"SKIP","floor":44},{"not_picked":["Envenom","Sucker Punch+1","Underhanded Strike+1"],"picked":"SKIP","floor":44},{"not_picked":["Envenom","Sucker Punch+1","Underhanded Strike+1"],"picked":"SKIP","floor":44},{"not_picked":["Sucker Punch+1","Poisoned Stab+1","Terror"],"picked":"SKIP","floor":45},{"not_picked":["Choke+1","Predator+1"],"picked":"Footwork","floor":47},{"not_picked":["Deadly Poison","Prepared","Poisoned Stab+1"],"picked":"SKIP","floor":48},{"not_picked":["Deadly Poison","Prepared","Poisoned Stab+1"],"picked":"SKIP","floor":48},{"not_picked":["Dagger Spray+1","Underhanded Strike+1"],"picked":"Tactician","floor":55}],"player_experience":20517936,"relics_obtained":[{"floor":6,"key":"Molten Egg 2"},{"floor":8,"key":"CeramicFish"},{"floor":9,"key":"Mummified Hand"},{"floor":11,"key":"FossilizedHelix"},{"floor":13,"key":"Blood Vial"},{"floor":20,"key":"Enchiridion"},{"floor":23,"key":"Shovel"},{"floor":25,"key":"Whetstone"},{"floor":26,"key":"Bottled Lightning"},{"floor":29,"key":"Darkstone Periapt"},{"floor":31,"key":"Mercury Hourglass"},{"floor":36,"key":"Tough Bandages"},{"floor":40,"key":"Boot"},{"floor":42,"key":"Turnip"},{"floor":43,"key":"Smiling Mask"},{"floor":44,"key":"Omamori"},{"floor":47,"key":"Bag of Marbles"},{"floor":55,"key":"Bronze Scales"}],"event_choices":[{"damage_healed":0,"gold_gain":50,"player_choice":"Touch","damage_taken":6,"max_hp_gain":0,"max_hp_loss":0,"event_name":"FaceTrader","floor":2,"gold_loss":0},{"damage_healed":0,"gold_gain":0,"player_choice":"Lose Max HP","damage_taken":0,"relics_obtained":["Golden Idol"],"max_hp_gain":0,"max_hp_loss":6,"event_name":"Golden Idol","floor":14,"gold_loss":0},{"damage_healed":0,"gold_gain":0,"player_choice":"Simplicity","damage_taken":0,"max_hp_gain":0,"max_hp_loss":0,"event_name":"Back to Basics","floor":19,"gold_loss":0,"cards_upgraded":["Strike_G","Strike_G","Defend_G","Defend_G","Defend_G","Defend_G","Defend_G"]},{"damage_healed":0,"gold_gain":0,"player_choice":"Obtained Book","damage_taken":21,"max_hp_gain":0,"max_hp_loss":0,"event_name":"Cursed Tome","floor":20,"gold_loss":0},{"damage_healed":0,"gold_gain":0,"player_choice":"Fight","damage_taken":0,"max_hp_gain":0,"max_hp_loss":0,"event_name":"MindBloom","floor":36,"gold_loss":0},{"damage_healed":0,"gold_gain":0,"player_choice":"Fight","damage_taken":0,"max_hp_gain":0,"max_hp_loss":0,"event_name":"Mysterious Sphere","floor":42,"gold_loss":0}],"is_beta":false,"boss_relics":[{"not_picked":["Busted Crown","Ring of the Serpent"],"picked":"Empty Cage"},{"not_picked":["Pandora\u0027s Box","Fusion Hammer"],"picked":"Runic Pyramid"}],"items_purged_floors":[27,30,54],"is_endless":false,"potions_floor_spawned":[3,6,8,10,18,21,22,33,35,39,40,44,45,48,55],"ascension_level":20}}