{"host":"ct28ocsd8g8yr2ah","time":1610211482,"event":{"mods":["BaseMod","Better Third Choice","Hero for Fun","Lobotomy","LobotomyExtend","Mimic Mod","Minty Spire (QoL Compilation)","Replay The Spire","StSLib","Waifu the Spire","egg"],"gold_per_floor":[20,20,20,30,41,73,90,90,90,108,124,142,169,169,263,388,388,407,30,55,74,92,92,92,111,111,124,124,143,143],"floor_reached":29,"playtime":936,"items_purged":["Defend_Y"],"score":445,"play_id":"e711de53-9101-4166-973d-be329fe410b0","local_time":"20210109215802","is_ascension_mode":false,"campfire_choices":[{"data":"Wear_Disguise","floor":8,"key":"SMITH"},{"data":"Terrifying_Presence","floor":23,"key":"SMITH"}],"circlet_count":0,"master_deck":["Strike_Y","Strike_Y","Strike_Y","Strike_Y","Strike_Y","Defend_Y","Woodsman","Ignore","Yawn","Normal_Punch","CrumblingArmor","Slap","SpiderBud","Toss_Stone","Murderer","Wear_Disguise+1","Wellcheers","Slap","PunishingBird","Normal_Punch","Laetitia","Consecutive_Normal_Punch","Normal_Punch","VoidDream","Rudolta","Do_Nothing","MeatLantern","Hip_Strike","FairyFestival","Toss_Stone+1","FieryBird","Oh","MHz","Do_Nothing+1","Terrifying_Presence+1","Slap","DespairKnight","Ignore","Do_Nothing+1","Consecutive_Normal_Punch"],"relics":["Cape","CogitoBucket","LetterFromLob","MagicBullet_r","Amita_r","Bag of Preparation","Meat on the Bone","LuminousBracelet","Replay:Bottled Flurry","Golden Idol","Empty Cage","Theresia","Replay:Towering Pillar of Hats","Quantum Egg","AtMidnight","AspirationHeart"],"acts_visited":["Exordium","TheCity"],"potions_floor_usage":[],"damage_taken":[{"damage":0,"enemies":"Small Slimes","floor":1,"turns":1},{"damage":0,"enemies":"Cultist","floor":4,"turns":13},{"damage":0,"enemies":"2 Louse","floor":5,"turns":1},{"damage":0,"enemies":"Replay:BlueRogue","floor":6,"turns":1},{"damage":0,"enemies":"Red Slaver","floor":7,"turns":1},{"damage":0,"enemies":"Large Slime","floor":10,"turns":2},{"damage":0,"enemies":"Blue Slaver","floor":11,"turns":2},{"damage":0,"enemies":"Looter","floor":12,"turns":1},{"damage":0,"enemies":"Lagavulin","floor":13,"turns":2},{"damage":0,"enemies":"Slime Boss","floor":16,"turns":2},{"damage":0,"enemies":"Spheric Guardian","floor":18,"turns":5},{"damage":0,"enemies":"3 Byrds","floor":20,"turns":1},{"damage":0,"enemies":"Snake Plant","floor":21,"turns":1},{"damage":0,"enemies":"Sentry and Sphere","floor":22,"turns":1},{"damage":0,"enemies":"Snecko","floor":25,"turns":4},{"damage":0,"enemies":"Shelled Parasite and Fungi","floor":27,"turns":1},{"damage":0,"enemies":"Centurion and Healer","floor":28,"turns":1},{"damage":0,"enemies":"Snake Plant","floor":29,"turns":1}],"seed_played":"-7034560673564942257","potions_obtained":[{"floor":4,"key":"CultistPotion"},{"floor":5,"key":"Explosive Potion"},{"floor":10,"key":"Swift Potion"},{"floor":13,"key":"Cursed Concoction"}],"is_trial":false,"path_per_floor":["M","?","?","M","M","E","M","R","T","M","M","M","E","?","R","B",null,"M","$","M","M","M","R","?","M","T","M","M","M"],"character_chosen":"OPM","items_purchased":["Replay:Towering Pillar of Hats"],"campfire_rested":0,"item_purchase_floors":[19],"current_hp_per_floor":[999,999,999,999,999,1000,1001,1001,1001,1019,1020,1021,1022,1022,1022,1023,1023,1014,1014,1017,1018,1020,1020,1020,1021,1021,1032,1034,1035,1035],"gold":143,"neow_bonus":"","is_daily":false,"chose_seed":false,"campfire_upgraded":2,"win_rate":0.0,"timestamp":1610211482,"path_taken":["M","?","?","M","M","E","M","R","T","?","M","?","E","?","R","BOSS","M","$","M","M","M","R","?","M","T","M","M","M"],"items_purchased_type":["Relic"],"build_version":"2020-12-22","purchased_purges":1,"victory":false,"max_hp_per_floor":[999,999,999,999,999,1000,1001,1001,1001,1019,1020,1021,1022,1022,1022,1023,1023,1014,1014,1017,1018,1020,1020,1020,1021,1021,1032,1034,1035,1035],"card_choices":[{"not_picked":["BigBird","ShyLook"],"picked":"Woodsman","floor":1},{"not_picked":["Side_Hop","Slap"],"picked":"Ignore","floor":1},{"not_picked":["DespairKnight","SingingMachine"],"picked":"CrumblingArmor","floor":4},{"not_picked":["Yawn","Hop"],"picked":"Slap","floor":4},{"not_picked":["BeautyBeast","SnowQueen"],"picked":"SpiderBud","floor":5},{"not_picked":["Slap","Side_Hop"],"picked":"Toss_Stone","floor":5},{"not_picked":["LongBird","Scarecrow"],"picked":"Murderer","floor":6},{"not_picked":["Slap","Yawn"],"picked":"Wear_Disguise","floor":6},{"not_picked":["Bloodbath","Porccubus"],"picked":"Wellcheers","floor":7},{"not_picked":["Yawn","Side_Hop"],"picked":"Slap","floor":7},{"not_picked":["OldLady","Bloodbath"],"picked":"PunishingBird","floor":10},{"not_picked":["Side_Hop","Slap"],"picked":"Normal_Punch","floor":10},{"not_picked":["LittlePrince","ShyLook"],"picked":"Laetitia","floor":11},{"not_picked":["Hop","Side_Hop"],"picked":"Consecutive_Normal_Punch","floor":11},{"not_picked":["Side_Hop","Wear_Disguise"],"picked":"Normal_Punch","floor":12},{"not_picked":["DespairKnight","Scorched"],"picked":"VoidDream","floor":12},{"not_picked":["DreamingCurrent","UniverseFragment"],"picked":"Rudolta","floor":13},{"not_picked":["Normal_Punch","Side_Hop"],"picked":"Do_Nothing","floor":13},{"not_picked":["MHz","LaLuna"],"picked":"MeatLantern","floor":16},{"not_picked":["Oh","Serious_Punch"],"picked":"Hip_Strike","floor":16},{"not_picked":["Bloodbath","Mercenary"],"picked":"FairyFestival","floor":18},{"not_picked":["Hop","Slap"],"picked":"Toss_Stone+1","floor":18},{"not_picked":["ShyLook","BlackSwan"],"picked":"FieryBird","floor":20},{"not_picked":["Side_Hop+1","Hop"],"picked":"Oh","floor":20},{"not_picked":["Yin","Variant"],"picked":"MHz","floor":21},{"not_picked":["Wear_Disguise","Slap+1"],"picked":"Do_Nothing+1","floor":21},{"not_picked":["Consecutive_Normal_Punch","Wear_Disguise+1"],"picked":"Terrifying_Presence","floor":22},{"not_picked":["Yawn","Toss_Stone"],"picked":"Slap","floor":25},{"not_picked":["Funeral","OldLady"],"picked":"DespairKnight","floor":27},{"not_picked":["Normal_Punch","Toss_Stone"],"picked":"Ignore","floor":27},{"not_picked":["LongBird","ShyLook","OSAHOGD"],"picked":"Singing Bowl","floor":28},{"not_picked":["Normal_Punch","Yawn+1"],"picked":"Do_Nothing+1","floor":28},{"not_picked":["Ignore","Slap"],"picked":"Consecutive_Normal_Punch","floor":29}],"player_experience":450810,"relics_obtained":[{"floor":1,"key":"LetterFromLob"},{"floor":6,"key":"Bag of Preparation"},{"floor":9,"key":"Meat on the Bone"},{"floor":13,"key":"Replay:Bottled Flurry"},{"floor":26,"key":"Quantum Egg"},{"floor":27,"key":"AtMidnight"}],"event_choices":[{"damage_healed":0,"gold_gain":0,"player_choice":"2 cards matched","damage_taken":0,"max_hp_gain":0,"max_hp_loss":0,"event_name":"Match and Keep!","floor":3,"gold_loss":0,"cards_obtained":["Yawn","Normal_Punch"]},{"damage_healed":0,"gold_gain":0,"player_choice":"Take Damage","damage_taken":255,"relics_obtained":["Golden Idol"],"max_hp_gain":0,"max_hp_loss":0,"event_name":"Golden Idol","floor":14,"gold_loss":0},{"damage_healed":0,"gold_gain":0,"player_choice":"Ignored","damage_taken":0,"max_hp_gain":0,"max_hp_loss":0,"event_name":"Vampires","floor":24,"gold_loss":0}],"is_beta":false,"boss_relics":[{"not_picked":["Cursed Key","SlaversCollar"],"picked":"Empty Cage"}],"items_purged_floors":[19],"is_endless":false,"potions_floor_spawned":[4,5,10,13,16,18,20,28],"killed_by":"Snake Plant","ascension_level":0}}