{"host":"fnk117zi8wf5078t","time":1610205220,"event":{"mods":["AchievementEnabler","BaseMod","Colored Map","Minty Spire (QoL Compilation)","Rare Cards Sparkle","SuperFastMode","everything is the same but u backflip on backflip"],"gold_per_floor":[110,126,126,1,14,14,32,47,47,122,122,149,149,149,149,223,223,243,243,77,37,37],"floor_reached":21,"playtime":561,"items_purged":["Decay"],"score":345,"play_id":"113548aa-3b40-4d33-9e4c-987c322982cc","local_time":"20210110001340","is_ascension_mode":true,"campfire_choices":[{"data":"Infernal Blade","floor":6.0,"key":"SMITH"},{"floor":11.0,"key":"REST"},{"data":"Demon Form","floor":13.0,"key":"SMITH"},{"floor":15.0,"key":"REST"}],"circlet_count":0,"master_deck":["AscendersBane","Strike_R","Strike_R","Strike_R","Defend_R+1","Defend_R","Bash","Flex","Bloodletting+1","Infernal Blade+1","Hemokinesis","Pummel","Infernal Blade+1","Demon Form+1","Offering","Second Wind+1","Second Wind+1","Sword Boomerang+1","Anger","Bandage Up"],"relics":["Burning Blood","Red Skull","PreservedInsect","Astrolabe"],"acts_visited":["Exordium","TheCity"],"potions_floor_usage":[18],"damage_taken":[{"damage":6.0,"enemies":"Small Slimes","floor":1.0,"turns":4.0},{"damage":1.0,"enemies":"Cultist","floor":2.0,"turns":3.0},{"damage":6.0,"enemies":"2 Louse","floor":5.0,"turns":2.0},{"damage":28.0,"enemies":"Large Slime","floor":7.0,"turns":7.0},{"damage":11.0,"enemies":"2 Fungi Beasts","floor":8.0,"turns":2.0},{"damage":15.0,"enemies":"3 Sentries","floor":12.0,"turns":6.0},{"damage":46.0,"enemies":"The Guardian","floor":16.0,"turns":10.0},{"damage":26,"enemies":"Chosen","floor":18,"turns":4},{"damage":14,"enemies":"2 Thieves","floor":21,"turns":2}],"seed_played":"-576150712805214551","potions_obtained":[{"floor":5.0,"key":"ColorlessPotion"},{"floor":7.0,"key":"DistilledChaos"},{"floor":16.0,"key":"ColorlessPotion"}],"is_trial":false,"path_per_floor":["M","M","?","$","M","R","M","M","T","?","R","E","R","?","R","B",null,"M","?","$","M"],"character_chosen":"IRONCLAD","items_purchased":["Hemokinesis","Pummel","Bandage Up"],"campfire_rested":2,"item_purchase_floors":[4,4,20],"current_hp_per_floor":[68,73,73,73,73,73,51,46,46,35,57,48,48,25,47,7,58,38,38,38,28,28],"gold":37,"neow_bonus":"TRANSFORM_CARD","is_daily":false,"chose_seed":false,"campfire_upgraded":2,"win_rate":0.0,"timestamp":1610205220,"path_taken":["M","M","?","$","M","R","M","?","T","?","R","E","R","?","R","BOSS","M","?","$","M"],"items_purchased_type":["Card","Card","Card"],"build_version":"2020-12-22","purchased_purges":1,"victory":false,"max_hp_per_floor":[75,75,75,75,75,75,75,75,75,75,75,75,75,75,75,75,75,75,75,75,75,75],"card_choices":[{"not_picked":["Flex","Dual Wield"],"picked":"Bloodletting","floor":1.0},{"not_picked":["Warcry","Sentinel"],"picked":"Infernal Blade","floor":2.0},{"not_picked":["Cleave","Iron Wave"],"picked":"Infernal Blade","floor":5.0},{"not_picked":["Havoc","Body Slam","Flex"],"picked":"SKIP","floor":7.0},{"not_picked":["Iron Wave","Sentinel","Twin Strike"],"picked":"SKIP","floor":8.0},{"not_picked":["Metallicize","Iron Wave"],"picked":"Demon Form","floor":12.0},{"not_picked":["Bludgeon","Reaper"],"picked":"Offering","floor":16.0},{"not_picked":["Sword Boomerang+1","Wild Strike"],"picked":"Anger","floor":18}],"player_experience":366482,"relics_obtained":[{"floor":9.0,"key":"Red Skull"},{"floor":12.0,"key":"PreservedInsect"}],"event_choices":[{"damage_healed":0.0,"max_hp_gain":0.0,"max_hp_loss":0.0,"gold_gain":0.0,"event_name":"Upgrade Shrine","player_choice":"Upgraded","floor":3.0,"gold_loss":0.0,"damage_taken":0.0,"cards_upgraded":["Infernal Blade"]},{"damage_healed":0.0,"max_hp_gain":0.0,"max_hp_loss":0.0,"gold_gain":75.0,"event_name":"World of Goop","player_choice":"Gather Gold","floor":10.0,"gold_loss":0.0,"damage_taken":11.0},{"damage_healed":0.0,"max_hp_gain":0.0,"max_hp_loss":0.0,"gold_gain":0.0,"event_name":"Shining Light","player_choice":"Entered Light","floor":14.0,"gold_loss":0.0,"damage_taken":23.0,"cards_upgraded":["Bloodletting","Defend_R"]},{"damage_healed":0,"gold_gain":0,"player_choice":"Smashed Altar","damage_taken":0,"max_hp_gain":0,"max_hp_loss":0,"event_name":"Forgotten Altar","floor":19,"gold_loss":0,"cards_obtained":["Decay"]}],"is_beta":false,"boss_relics":[{"not_picked":["Velvet Choker","Black Star"],"picked":"Astrolabe"}],"items_purged_floors":[20],"is_endless":false,"potions_floor_spawned":[5,7,16],"killed_by":"2 Thieves","ascension_level":19}}