{"host":"wit788p0mfrnfops","time":1610206992,"event":{"mods":["ATMod(阿瑾Mod)","Act Like it!","Aspiration","BaseMod","Conspire","Dota2Spire","Energized Spire","Friendly Minions","Hallownest","Jedi Mod","Minty Spire (QoL Compilation)","MostiFishMod","Permanent Neow","Prisma Mod","Quarter Circle Forward PUNCH!","Replay The Spire","RumiaBox-露米?的神秘盒子","Spicy Shops","StSLib","TestMod","The Alterego","[IsaacMod]以撒尖塔","vexMod","【功能Mod】?明的最?Boss","【?物卡牌】REMEMod","篝火指南"],"gold_per_floor":[99,112,112,40,57,75,88,98,176,176,106,53,53,64,64,167,167,167,167],"floor_reached":18,"playtime":2258,"items_purged":[],"score":252,"play_id":"23dcb2d2-01cc-4882-9ae7-6fa1b2176bd2","local_time":"20210109234312","daily_mods":["Hoarder","Insanity","Chimera","Specialized","Vintage","ControlledChaos","Allstar","Diverse","Colorless Cards","Heirloom","Time Dilation","Flight"],"is_ascension_mode":false,"campfire_choices":[{"floor":13,"key":"REST"},{"data":"Demon Form","floor":15,"key":"SMITH"}],"circlet_count":0,"master_deck":["Demon Form+1","Wraith Form v2","Echo Form","DevaForm","Intimidate","Intimidate","Intimidate","AT_GerminateFire","AT_GerminateFire","AT_GerminateFire","testmod-TaurusBlackCat+1","testmod-TaurusBlackCat+1","testmod-TaurusBlackCat+1","Bloodletting","Bloodletting","Bloodletting","Iron Wave","Iron Wave","Iron Wave","Flex","Flex","Flex"],"relics":["Snecko Eye","Unceasing Top","Ring of Chaos","replay:Trail_Library","jedi:maincommand","HushsDoor","testmod-TestBox","REME_ComplimentaryCards","DaveBox","AT_ATBox","BookofShadows","testmod-Alchemist","Replay:Kaleidoscope","Yang","Hallownest:DreamNailRelic","conspire:Dentures","PlanX","Replay:Antivirus Software","SSSystem","Symbiotic Virus","Hallownest:StagBellRelic1","qcfpunch:Not_Strongest_Fighting_Style_Guidebook","aspiration:IroncladSkillbook","Damocles"],"acts_visited":["Hallownest:Greenpath","Hallownest:CityofTears"],"potions_floor_usage":[16,16,16],"damage_taken":[{"damage":0.0,"enemies":"Hallownest:2_MossCreeps","floor":2.0,"turns":1.0},{"damage":19.0,"enemies":"Hallownest:2_Baldur","floor":5.0,"turns":4.0},{"damage":5.0,"enemies":"2_ Uuma","floor":6.0,"turns":6.0},{"damage":9.0,"enemies":"Hallownest:monsterMossCharger","floor":7.0,"turns":2.0},{"damage":12,"enemies":"Hallownest:Guard_and_Warrior","floor":8,"turns":4},{"damage":8,"enemies":"Hallownest:monsterAspidMother","floor":14,"turns":4},{"damage":1,"enemies":"Hallownest:BossBrokenVessel","floor":16,"turns":3},{"damage":0,"enemies":"Hallownest:Guard_and_Sentry","floor":18,"turns":2}],"seed_played":"-5168871664689398668","potions_obtained":[{"floor":2.0,"key":"Milkshake"},{"floor":8,"key":"DuplicationPotion"},{"floor":14,"key":"Languid Potion"}],"is_trial":true,"path_per_floor":["?","M","?","$","M","M","M","M","T","?","?","$","R","M","R","B",null,"M"],"character_chosen":"IRONCLAD","items_purchased":["Bloodletting","Flex","Damocles"],"campfire_rested":1,"item_purchase_floors":[4,12,17],"current_hp_per_floor":[100,100,100,100,81,76,67,55,55,55,55,55,85,77,77,80,90,0,0],"gold":167,"neow_bonus":"","is_daily":false,"chose_seed":false,"campfire_upgraded":1,"win_rate":0.0,"timestamp":1610206992,"path_taken":["?","?","?","?","M","?","M","M","T","?","?","?","R","?","R","BOSS","M"],"items_purchased_type":["Card","Card","Relic"],"build_version":"2020-12-22","purchased_purges":0,"victory":false,"max_hp_per_floor":[100,100,100,100,100,100,100,100,100,100,100,100,100,100,100,100,90,90,90],"card_choices":[{"not_picked":[],"picked":"Bomb","floor":0.0}],"player_experience":883688,"relics_obtained":[{"floor":2.0,"key":"jedi:command_uncommon"},{"floor":5.0,"key":"jedi:command_uncommon"},{"floor":6.0,"key":"jedi:command_rare"},{"floor":7.0,"key":"jedi:command_common"},{"floor":8,"key":"jedi:command_common"},{"floor":9,"key":"jedi:command_uncommon"},{"floor":14,"key":"jedi:command_common"}],"event_choices":[{"damage_healed":0,"gold_gain":0,"player_choice":"Leave","damage_taken":0,"max_hp_gain":0,"max_hp_loss":0,"event_name":"conspire:Investor","floor":10,"gold_loss":0}],"is_beta":false,"boss_relics":[{"not_picked":["jedi:command_boss","jedi:command_boss"],"picked":"jedi:command_boss"},{"not_picked":[]}],"items_purged_floors":[],"is_endless":true,"potions_floor_spawned":[2,8,14],"killed_by":"Hallownest:Guard_and_Sentry","ascension_level":0}}