{"host":"og6lam4kt3nibbw0","time":1610213963,"event":{"mods":["AchievementEnabler","BaseMod","Colored Map","DeckTracker","Highlight Path","Keyboard Shortcuts","Minty Spire (QoL Compilation)","Permanent Neow","Quick Restart","StSLib","SuperFastMode"],"gold_per_floor":[113,35,35,35,50,82,98,23,23,53,53,71,101,128,128,205,205,217,22,22,72,82,82,109,125,148,165,165,165,0,0,0,77,77,88,88,100,120,131,131,131,131,131,147,174,191,2,19,19,19,19,19,19,19,46,46,46],"floor_reached":56,"playtime":2333,"items_purged":["Consume+1","Parasite"],"score":1880,"play_id":"b5e7def6-e265-4946-8c47-a7dbfb0bdd55","local_time":"20210110023923","is_ascension_mode":true,"campfire_choices":[{"data":"Storm","floor":11.0,"key":"SMITH"},{"floor":15.0,"key":"REST"},{"data":"Biased Cognition","floor":23.0,"key":"SMITH"},{"data":"Defragment","floor":28.0,"key":"SMITH"},{"data":"Defragment","floor":32.0,"key":"SMITH"},{"data":"Echo Form","floor":40.0,"key":"SMITH"},{"data":"Glacier","floor":42.0,"key":"SMITH"},{"data":"Storm","floor":49.0,"key":"SMITH"},{"data":"Electrodynamics","floor":53.0,"key":"SMITH"}],"circlet_count":0,"master_deck":["AscendersBane","Zap","Dualcast","Defragment+1","Storm+1","Sweeping Beam","Defragment+1","Glacier+1","Electrodynamics+1","Leap","Recycle+1","Genetic Algorithm+1","Biased Cognition+1","Self Repair","Turbo+1","Finesse+1","Hologram+1","Ghostly+1","Ghostly+1","Ghostly+1","Echo Form+1","Redo+1","Fission+1","Storm+1","Heatsinks+1"],"relics":["Cracked Core","NeowsBlessing","Singing Bowl","Anchor","Centennial Puzzle","Odd Mushroom","Toxic Egg 2","Pandora\u0027s Box","Pocketwatch","Happy Flower","TheAbacus","Inserter","HornCleat","Blue Candle"],"acts_visited":["Exordium","TheCity","TheBeyond","TheEnding"],"potions_floor_usage":[56,56],"damage_taken":[{"damage":0.0,"enemies":"Cultist","floor":1.0,"turns":1.0},{"damage":0.0,"enemies":"2 Louse","floor":5.0,"turns":1.0},{"damage":0.0,"enemies":"Gremlin Nob","floor":6.0,"turns":1.0},{"damage":7.0,"enemies":"Small Slimes","floor":7.0,"turns":3.0},{"damage":35.0,"enemies":"3 Sentries","floor":10.0,"turns":5.0},{"damage":0.0,"enemies":"Exordium Wildlife","floor":12.0,"turns":2.0},{"damage":6.0,"enemies":"The Mushroom Lair","floor":13.0,"turns":3.0},{"damage":13.0,"enemies":"Lagavulin","floor":14.0,"turns":6.0},{"damage":30.0,"enemies":"Slime Boss","floor":16.0,"turns":7.0},{"damage":2.0,"enemies":"Spheric Guardian","floor":18.0,"turns":3.0},{"damage":12.0,"enemies":"2 Thieves","floor":22.0,"turns":3.0},{"damage":24.0,"enemies":"Slavers","floor":24.0,"turns":3.0},{"damage":7.0,"enemies":"Shelled Parasite and Fungi","floor":25.0,"turns":5.0},{"damage":0.0,"enemies":"Snake Plant","floor":27.0,"turns":3.0},{"damage":10.0,"enemies":"Automaton","floor":33.0,"turns":12.0},{"damage":23.0,"enemies":"3 Darklings","floor":35.0,"turns":4.0},{"damage":1.0,"enemies":"Orb Walker","floor":37.0,"turns":3.0},{"damage":0.0,"enemies":"Writhing Mass","floor":38.0,"turns":4.0},{"damage":2.0,"enemies":"Spire Growth","floor":39.0,"turns":4.0},{"damage":0.0,"enemies":"Maw","floor":44.0,"turns":6.0},{"damage":0.0,"enemies":"Nemesis","floor":45.0,"turns":5.0},{"damage":0.0,"enemies":"Transient","floor":46.0,"turns":6.0},{"damage":0.0,"enemies":"Jaw Worm Horde","floor":48.0,"turns":3.0},{"damage":6.0,"enemies":"Time Eater","floor":50.0,"turns":9.0},{"damage":3.0,"enemies":"Donu and Deca","floor":51.0,"turns":8.0},{"damage":32.0,"enemies":"Shield and Spear","floor":55.0,"turns":6.0},{"damage":30,"enemies":"The Heart","floor":56,"turns":9}],"seed_played":"1116027255267199508","potions_obtained":[{"floor":1.0,"key":"Regen Potion"},{"floor":6.0,"key":"EssenceOfSteel"},{"floor":7.0,"key":"Weak Potion"},{"floor":16.0,"key":"LiquidBronze"},{"floor":33.0,"key":"Explosive Potion"},{"floor":35.0,"key":"DistilledChaos"},{"floor":44.0,"key":"BlessingOfTheForge"},{"floor":45.0,"key":"Block Potion"},{"floor":55.0,"key":"Dexterity Potion"}],"is_trial":false,"path_per_floor":["M","$","?","$","M","E","M","?","T","E","R","M","?","E","R","B",null,"M","$","?","?","M","R","E","M","T","M","R","?","$","?","R","B",null,"M","?","M","M","M","R","?","R","T","M","E","M","$","M","R","B","B",null,"R","$","E","B"],"character_chosen":"DEFECT","items_purchased":["Storm","Finesse+1","Hologram+1","TheAbacus","Storm"],"campfire_rested":1,"item_purchase_floors":[2,19,19,30,47],"current_hp_per_floor":[64,64,64,64,64,64,57,57,57,22,22,22,16,20,41,13,60,65,65,37,37,34,34,12,14,14,23,23,23,23,23,23,20,39,23,23,24,33,33,33,33,33,33,40,49,55,52,54,54,54,54,54,54,54,29,0,0],"gold":46,"neow_bonus":"THREE_ENEMY_KILL","is_daily":false,"chose_seed":false,"campfire_upgraded":8,"win_rate":0.0,"timestamp":1610213963,"path_taken":["M","$","?","$","?","E","M","?","T","E","R","M","?","E","R","BOSS","M","$","?","?","M","R","E","M","T","?","R","?","$","?","R","BOSS","M","?","M","?","M","R","?","R","T","M","E","M","$","M","R","BOSS","BOSS","R","$","E","BOSS"],"items_purchased_type":["Card","Card","Card","Relic","Card"],"build_version":"2020-12-22","purchased_purges":2,"victory":false,"max_hp_per_floor":[71,71,71,71,71,71,71,71,71,71,71,71,71,73,73,75,75,75,75,37,37,39,39,41,43,43,45,45,45,45,45,45,45,45,45,45,47,49,51,51,51,51,51,51,53,55,52,54,54,54,54,54,54,54,54,54,54],"card_choices":[{"not_picked":["Stack","Coolheaded"],"picked":"Defragment","floor":1.0},{"not_picked":["Hello World","Gash","Stack"],"picked":"SKIP","floor":5.0},{"not_picked":["Turbo","Streamline"],"picked":"Sweeping Beam","floor":6.0},{"not_picked":["Auto Shields","Chaos"],"picked":"Defragment","floor":7.0},{"not_picked":["Streamline","Barrage"],"picked":"Glacier","floor":10.0},{"not_picked":["Darkness","Gash"],"picked":"Electrodynamics","floor":12.0},{"not_picked":["Skim","Stack"],"picked":"Leap","floor":13.0},{"not_picked":["Multi-Cast+1","Barrage","Stack+1"],"picked":"Singing Bowl","floor":14.0},{"not_picked":["Multi-Cast+1","Rainbow+1","All For One"],"picked":"Singing Bowl","floor":16.0},{"not_picked":["Beam Cell","Go for the Eyes"],"picked":"Turbo+1","floor":18.0},{"not_picked":["Fusion+1","Ball Lightning","Steam+1"],"picked":"Singing Bowl","floor":22.0},{"not_picked":["Steam+1","Compile Driver","Streamline"],"picked":"Singing Bowl","floor":24.0},{"not_picked":["Sweeping Beam","Consume+1","Doom and Gloom"],"picked":"Singing Bowl","floor":25.0},{"not_picked":["Streamline+1","Conserve Battery+1","FTL"],"picked":"Singing Bowl","floor":27.0},{"not_picked":["Buffer","Hyperbeam"],"picked":"Echo Form","floor":33.0},{"not_picked":["Barrage+1","Streamline"],"picked":"Redo+1","floor":35.0},{"not_picked":["Rebound","Blizzard","Redo+1"],"picked":"Singing Bowl","floor":37.0},{"not_picked":["Lockon","Recycle+1","Melter"],"picked":"Singing Bowl","floor":38.0},{"not_picked":["Ball Lightning","Barrage","Defragment+1"],"picked":"Singing Bowl","floor":39.0},{"not_picked":["Doom and Gloom","Steam+1"],"picked":"Fission+1","floor":44.0},{"not_picked":["Skim+1","Streamline","Stack+1"],"picked":"Singing Bowl","floor":45.0},{"not_picked":["Auto Shields+1","Glacier+1","FTL+1"],"picked":"Singing Bowl","floor":46.0},{"not_picked":["Blizzard","FTL","Glacier+1"],"picked":"Singing Bowl","floor":48.0},{"not_picked":["Reprogram+1","Compile Driver"],"picked":"Heatsinks+1","floor":55.0}],"player_experience":837911,"relics_obtained":[{"floor":6.0,"key":"Singing Bowl"},{"floor":9.0,"key":"Anchor"},{"floor":10.0,"key":"Centennial Puzzle"},{"floor":13.0,"key":"Odd Mushroom"},{"floor":14.0,"key":"Toxic Egg 2"},{"floor":24.0,"key":"Pocketwatch"},{"floor":26.0,"key":"Happy Flower"},{"floor":45.0,"key":"HornCleat"},{"floor":55.0,"key":"Blue Candle"}],"event_choices":[{"cards_removed":["Strike_B"],"damage_healed":0.0,"max_hp_gain":0.0,"max_hp_loss":0.0,"gold_gain":0.0,"event_name":"Bonfire Elementals","player_choice":"Offered Basic","floor":3.0,"gold_loss":0.0,"damage_taken":0.0},{"cards_removed":["Defend_B"],"damage_healed":0.0,"max_hp_gain":0.0,"max_hp_loss":0.0,"gold_gain":0.0,"event_name":"The Cleric","player_choice":"Card Removal","floor":8.0,"gold_loss":75.0,"damage_taken":0.0},{"damage_healed":0.0,"max_hp_gain":0.0,"max_hp_loss":0.0,"gold_gain":0.0,"event_name":"Mushrooms","player_choice":"Fought Mushrooms","floor":13.0,"gold_loss":0.0,"damage_taken":0.0},{"damage_healed":0.0,"max_hp_gain":0.0,"max_hp_loss":38.0,"gold_gain":0.0,"event_name":"Ghosts","player_choice":"Became a Ghost","floor":20.0,"gold_loss":0.0,"damage_taken":0.0,"cards_obtained":["Ghostly","Ghostly","Ghostly"]},{"damage_healed":0.0,"max_hp_gain":0.0,"max_hp_loss":0.0,"gold_gain":50.0,"event_name":"Golden Shrine","player_choice":"Pray","floor":21.0,"gold_loss":0.0,"damage_taken":0.0},{"damage_healed":0.0,"max_hp_gain":0.0,"max_hp_loss":0.0,"gold_gain":0.0,"event_name":"Vampires","player_choice":"Ignored","floor":29.0,"gold_loss":0.0,"damage_taken":0.0},{"cards_removed":["Beam Cell"],"damage_healed":0.0,"max_hp_gain":0.0,"max_hp_loss":0.0,"gold_gain":0.0,"event_name":"Wheel of Change","player_choice":"Card Removal","floor":36.0,"gold_loss":0.0,"damage_taken":0.0},{"damage_healed":0.0,"max_hp_gain":0.0,"max_hp_loss":0.0,"gold_gain":0.0,"event_name":"Tomb of Lord Red Mask","player_choice":"Ignored","floor":41.0,"gold_loss":0.0,"damage_taken":0.0}],"is_beta":false,"boss_relics":[{"not_picked":["Tiny House","Cursed Key"],"picked":"Pandora\u0027s Box"},{"not_picked":["Astrolabe","Snecko Eye"],"picked":"Inserter"}],"items_purged_floors":[19,47],"is_endless":false,"potions_floor_spawned":[1,6,7,16,18,22,33,35,44,45,55],"killed_by":"The Heart","ascension_level":20}}