{"host":"n7mxhpjy89lltbhc","time":1610178445,"event":{"mods":["2.2 Compatiblity","Act Like it!","Bard","BaseMod","Better Match","Better Sensory Stone","Better Synergies","Better Vampires","BetterRewards","Colored Map","Colored Powertips","Dark Map","Downfall","Exacting","Gensokyo","Hubris","Infinite Spire","Jedi Mod","Marisa????????","Minty Spire (QoL Compilation)","Permanent Neow","Rare Cards Sparkle","Relic Sorter","Relic Stats","Replay The Spire","Shop Mod","Small Relic Pack","Spicy Shops","StSLib","Strawberry Spire","Td1madao Mod","The Blue Laboratory","The Marked","The Servant 0.9.4","Waifu the Spire","Wandering Minibosses"],"gold_per_floor":[119,130,130,130,148,148,173,73,73,89,116,126,154,137,137,211,211,226,126,87,87,87,122,122,156,205,220,220,220,220],"floor_reached":29,"playtime":1092,"items_purged":["Strike_S","Strike_S","Strike_S"],"score":509,"play_id":"cd6d6b6f-3f05-4ca1-afc1-8ad68cdaedbb","local_time":"25640109144725","is_ascension_mode":true,"campfire_choices":[{"data":"Moonlight","floor":6,"key":"SMITH"},{"data":"Luminosity","floor":15,"key":"SMITH"},{"floor":24,"key":"REST"}],"circlet_count":0,"master_deck":["AscendersBane","Strike_S","Defend_S","Defend_S","Defend_S","Defend_S","KidneyShot","Exchange","Moonlight+1","Ricochet","Rearm","FanOfKnives","GearUp","Rewind+1","Luminosity+1","MurderousAura","DualDimension","Rearm","Sabotage+1","Luminosity"],"relics":["hubris:Icosahedron","NeowsBlessing","Replay:Kaleidoscope","Replay:Bottled Steam","Lantern","hubris:ScarierMask","infinitespire:BottledMercury","Replay:Bottled Flurry","ReplayTheSpireMod:Lightbulb","infinitespire:WardingShard"],"acts_visited":["Exordium","TheCity"],"potions_floor_usage":[14,14,18,20,29],"damage_taken":[{"damage":0,"enemies":"infinitespire:Voidling","floor":1,"turns":1},{"damage":0,"enemies":"Small Slimes","floor":2,"turns":1},{"damage":0,"enemies":"2 Louse","floor":5,"turns":1},{"damage":12,"enemies":"Gremlin Nob","floor":7,"turns":4},{"damage":13,"enemies":"Large Slime","floor":10,"turns":3},{"damage":8,"enemies":"Looter","floor":11,"turns":2},{"damage":1,"enemies":"Exordium Thugs","floor":12,"turns":4},{"damage":14,"enemies":"Lagavulin","floor":13,"turns":5},{"damage":15,"enemies":"Large Slime","floor":14,"turns":5},{"damage":11,"enemies":"The Guardian","floor":16,"turns":12},{"damage":18,"enemies":"Chosen","floor":18,"turns":6},{"damage":8,"enemies":"Spheric Guardian","floor":20,"turns":7},{"damage":10,"enemies":"Nightmare","floor":23,"turns":10},{"damage":19,"enemies":"Book of Stabbing","floor":25,"turns":6},{"damage":22,"enemies":"Snake Plant","floor":27,"turns":6},{"damage":0,"enemies":"Colosseum Slavers","floor":29,"turns":4},{"damage":21,"enemies":"Colosseum Nobs","floor":29,"turns":4}],"seed_played":"-1549290168350131557","potions_obtained":[{"floor":10,"key":"blueLaboratory:ForbiddenFruitJuice"},{"floor":12,"key":"hexamod:EctoCoolerPotion"},{"floor":14,"key":"blueLaboratory:LouseDecoction"},{"floor":18,"key":"Fruit Juice"},{"floor":20,"key":"sneckomod:MuddlingPotion"}],"is_trial":false,"path_per_floor":["M","M","?","?","M","R","E","$","T","M","M","M","E","M","R","B",null,"M","$","M","?","?","NM","R","E","T","M","AVR","?"],"character_chosen":"THE_SERVANT","items_purchased":["Rearm"],"campfire_rested":1,"item_purchase_floors":[8],"current_hp_per_floor":[54,54,54,54,54,54,42,42,42,29,21,20,6,40,40,29,45,32,32,24,24,24,14,30,11,11,3,3,0,0],"gold":220,"neow_bonus":"THREE_ENEMY_KILL","is_daily":false,"chose_seed":false,"campfire_upgraded":2,"win_rate":0.0,"timestamp":1610178445,"path_taken":["M","?","?","?","M","R","E","$","T","M","M","M","E","M","R","BOSS","M","$","M","?","?","NM","R","E","T","?","AVR","?"],"items_purchased_type":["Card"],"build_version":"2020-12-22","purchased_purges":3,"victory":false,"max_hp_per_floor":[60,60,60,60,60,60,60,60,60,60,60,60,60,50,50,50,50,55,55,55,55,55,55,55,55,55,55,55,55,55],"relic_stats":{"counters":[17,81],"obtain_stats":[{"relicPack:OneForAll":4,"infinitespire:BottledMercury":23,"Lantern":13,"hubris:Icosahedron":3,"NeowsBlessing":0,"infinitespire:WardingShard":28,"hubris:ScarierMask":17,"Uniform":0,"Replay:Bottled Flurry":25,"Replay:Kaleidoscope":7,"ReplayTheSpireMod:Lightbulb":26,"Replay:Bottled Steam":9},{"relicPack:OneForAll":2,"infinitespire:BottledMercury":13,"Lantern":8,"hubris:Icosahedron":2,"NeowsBlessing":0,"infinitespire:WardingShard":15,"hubris:ScarierMask":10,"Uniform":0,"Replay:Bottled Flurry":14,"Replay:Kaleidoscope":4,"ReplayTheSpireMod:Lightbulb":14,"Replay:Bottled Steam":4},{"relicPack:OneForAll":2,"infinitespire:BottledMercury":61,"Lantern":21,"hubris:Icosahedron":2,"NeowsBlessing":0,"infinitespire:WardingShard":73,"hubris:ScarierMask":38,"Uniform":0,"Replay:Bottled Flurry":67,"Replay:Kaleidoscope":7,"ReplayTheSpireMod:Lightbulb":67,"Replay:Bottled Steam":7}]},"card_choices":[{"not_picked":["Revamp","Defy"],"picked":"Moonlight","floor":1},{"not_picked":["DoubleEdge","SurpressingFire"],"picked":"Ricochet","floor":2},{"not_picked":["Starlight","WasteNot","Foresight"],"picked":"SKIP","floor":5},{"not_picked":["MoonPhase","Foresight","Orbit"],"picked":"SKIP","floor":7},{"not_picked":["TimeWarp","Misdirection"],"picked":"FanOfKnives","floor":10},{"not_picked":["ShatteredReality","LightFlow"],"picked":"GearUp","floor":11},{"not_picked":["Barrier","Rewind","Potential"],"picked":"SKIP","floor":12},{"not_picked":["DancingSilver","Collapse"],"picked":"Rewind","floor":13},{"not_picked":["DoubleEdge","Gouge"],"picked":"Luminosity","floor":14},{"not_picked":["TrueSight","FloweringNight"],"picked":"MurderousAura","floor":16},{"not_picked":["BestPractice","Starlight"],"picked":"DualDimension","floor":18},{"not_picked":["TimeWarp","Unruled"],"picked":"Rearm","floor":20},{"not_picked":["Starlight+1","Replace"],"picked":"Sabotage+1","floor":23},{"not_picked":["FanOfKnives","Deadline"],"picked":"Luminosity","floor":25},{"not_picked":["Rearm","DoubleEdge","Starlight"],"picked":"SKIP","floor":27}],"player_experience":1071123,"relics_obtained":[{"floor":7,"key":"Replay:Kaleidoscope"},{"floor":9,"key":"Replay:Bottled Steam"},{"floor":13,"key":"Lantern"},{"floor":23,"key":"infinitespire:BottledMercury"},{"floor":25,"key":"Replay:Bottled Flurry"},{"floor":26,"key":"ReplayTheSpireMod:Lightbulb"}],"event_choices":[{"damage_healed":0,"gold_gain":0,"player_choice":"Fight","damage_taken":0,"max_hp_gain":0,"max_hp_loss":0,"event_name":"Colosseum","floor":29,"gold_loss":0},{"damage_healed":0,"gold_gain":0,"player_choice":"Fought Nobs","damage_taken":0,"max_hp_gain":0,"max_hp_loss":0,"event_name":"Colosseum","floor":29,"gold_loss":0}],"is_beta":false,"boss_relics":[{"not_picked":["Pandora\u0027s Box","hubris:Stopwatch"],"picked":"hubris:ScarierMask"}],"items_purged_floors":[8,19,28],"is_endless":false,"potions_floor_spawned":[10,12,13,14,18,20],"killed_by":"Colosseum Nobs","ascension_level":17}}