{"host":"t7mx8yfj1no5p62f","time":1610206050,"event":{"mods":["BaseMod","Colored Map","Colored Powertips","Minty Spire (QoL Compilation)","Relic Stats","StSLib"],"gold_per_floor":[114,124,138,164,175,175,205,205,205,238,255,271,284,297,297,373,373,389,408,408,428,443,443,476,490,490,490,490,520,539,572,572,572,572],"floor_reached":33,"playtime":1758,"items_purged":[],"score":796,"play_id":"210250e4-1523-4ff1-9db1-a5ec6f388110","local_time":"20210109102730","is_ascension_mode":true,"campfire_choices":[{"data":"Armaments","floor":6.0,"key":"SMITH"},{"data":"Disarm","floor":8.0,"key":"SMITH"},{"data":"Disarm","floor":15.0,"key":"SMITH"},{"data":"Feel No Pain","floor":23.0,"key":"SMITH"},{"data":"Feel No Pain","floor":27.0,"key":"SMITH"},{"data":"Disarm","floor":32,"key":"SMITH"}],"circlet_count":0,"master_deck":["AscendersBane","Strike_R","Strike_R","Strike_R","Strike_R","Defend_R","Defend_R","Defend_R","Defend_R","Bash","Perfected Strike","Twin Strike","Disarm+1","Battle Trance","Immolate","Shockwave","Armaments+1","Shrug It Off","Disarm+1","Second Wind","Feel No Pain+1","Burning Pact","Brutality","Battle Trance","Feed","Feel No Pain+1","Feed","Sentinel","Disarm+1","True Grit","Shrug It Off"],"relics":["Burning Blood","Prayer Wheel","Happy Flower","Potion Belt","HornCleat","The Courier","Philosopher\u0027s Stone","Mercury Hourglass","Torii","Paper Frog","Pear"],"acts_visited":["Exordium","TheCity"],"potions_floor_usage":[29,29,33,33],"damage_taken":[{"damage":1.0,"enemies":"Cultist","floor":1.0,"turns":3.0},{"damage":7.0,"enemies":"Small Slimes","floor":2.0,"turns":3.0},{"damage":5.0,"enemies":"2 Louse","floor":3.0,"turns":2.0},{"damage":14.0,"enemies":"Exordium Thugs","floor":5.0,"turns":3.0},{"damage":17.0,"enemies":"3 Sentries","floor":7.0,"turns":5.0},{"damage":28.0,"enemies":"Gremlin Nob","floor":10.0,"turns":4.0},{"damage":7.0,"enemies":"3 Louse","floor":11.0,"turns":5.0},{"damage":0.0,"enemies":"Large Slime","floor":12.0,"turns":5.0},{"damage":0.0,"enemies":"Blue Slaver","floor":13.0,"turns":3.0},{"damage":0.0,"enemies":"Exordium Wildlife","floor":14.0,"turns":1.0},{"damage":10.0,"enemies":"Hexaghost","floor":16.0,"turns":11.0},{"damage":17.0,"enemies":"Shell Parasite","floor":18.0,"turns":7.0},{"damage":11.0,"enemies":"2 Thieves","floor":19.0,"turns":5.0},{"damage":4.0,"enemies":"Snecko","floor":21.0,"turns":5.0},{"damage":27.0,"enemies":"Centurion and Healer","floor":22.0,"turns":6.0},{"damage":8.0,"enemies":"Book of Stabbing","floor":24.0,"turns":8.0},{"damage":7.0,"enemies":"Shelled Parasite and Fungi","floor":25.0,"turns":7.0},{"damage":14,"enemies":"Slavers","floor":29,"turns":6},{"damage":12,"enemies":"3 Cultists","floor":30,"turns":6},{"damage":8,"enemies":"Book of Stabbing","floor":31,"turns":8},{"damage":86,"enemies":"Champ","floor":33,"turns":18}],"seed_played":"-8566005354662975212","potions_obtained":[{"floor":3.0,"key":"SkillPotion"},{"floor":10.0,"key":"BlessingOfTheForge"},{"floor":11.0,"key":"Explosive Potion"},{"floor":12.0,"key":"Strength Potion"},{"floor":19.0,"key":"Energy Potion"},{"floor":24.0,"key":"DistilledChaos"},{"floor":25.0,"key":"FearPotion"},{"floor":29,"key":"SteroidPotion"},{"floor":31,"key":"Explosive Potion"}],"is_trial":false,"path_per_floor":["M","M","M","T","M","R","E","R","T","E","M","M","M","M","R","B",null,"M","M","?","M","M","R","E","M","T","R","?","E","M","E","R","B"],"character_chosen":"IRONCLAD","items_purchased":[],"campfire_rested":0,"item_purchase_floors":[],"current_hp_per_floor":[68,67,68,68,60,60,49,49,49,27,26,32,38,44,44,40,61,53,51,51,57,43,43,45,51,51,51,51,47,45,57,57,0,0],"gold":572,"neow_bonus":"ONE_RARE_RELIC","is_daily":false,"chose_seed":false,"campfire_upgraded":6,"win_rate":0.0,"timestamp":1610206050,"path_taken":["M","M","M","?","M","R","E","R","T","E","M","M","M","M","R","BOSS","M","M","?","M","M","R","E","?","T","R","?","E","?","E","R","BOSS"],"items_purchased_type":[],"build_version":"2020-12-22","purchased_purges":0,"victory":false,"max_hp_per_floor":[68,68,68,68,68,68,68,68,68,68,68,68,68,68,68,68,68,71,74,74,78,85,85,89,96,96,96,96,100,104,118,118,118,118],"relic_stats":{"Happy Flower":[37],"Torii":5,"counters":[21,121],"Prayer Wheel":15,"obtain_stats":[{"Potion Belt":7,"HornCleat":9,"Pear":31,"Happy Flower":4,"Torii":26,"Prayer Wheel":0,"Philosopher\u0027s Stone":17,"The Courier":10,"Burning Blood":0,"Mercury Hourglass":24,"Paper Frog":29},{"Potion Belt":5,"HornCleat":5,"Pear":20,"Happy Flower":3,"Torii":17,"Prayer Wheel":0,"Philosopher\u0027s Stone":11,"The Courier":6,"Burning Blood":0,"Mercury Hourglass":16,"Paper Frog":18},{"Potion Belt":16,"HornCleat":16,"Pear":103,"Happy Flower":8,"Torii":83,"Prayer Wheel":0,"Philosopher\u0027s Stone":45,"The Courier":20,"Burning Blood":0,"Mercury Hourglass":76,"Paper Frog":89}],"Burning Blood":115,"Mercury Hourglass":[108]},"card_choices":[{"not_picked":["Fire Breathing","Clash"],"picked":"Perfected Strike","floor":1.0},{"not_picked":["Anger","Rage"],"picked":"Twin Strike","floor":1.0},{"not_picked":["Anger","Twin Strike"],"picked":"Disarm","floor":2.0},{"not_picked":["Perfected Strike","Thunderclap"],"picked":"Battle Trance","floor":2.0},{"not_picked":["Dual Wield","Clash"],"picked":"Immolate","floor":3.0},{"not_picked":["True Grit","Seeing Red","Pummel"],"picked":"SKIP","floor":3.0},{"not_picked":["Dark Embrace","Cleave"],"picked":"Shockwave","floor":5.0},{"not_picked":["Pommel Strike","Sentinel"],"picked":"Armaments","floor":5.0},{"not_picked":["Anger","Reaper"],"picked":"Shrug It Off","floor":7.0},{"not_picked":["Wild Strike","Iron Wave"],"picked":"Disarm","floor":10.0},{"not_picked":["Twin Strike","Havoc"],"picked":"Second Wind","floor":11.0},{"not_picked":["Uppercut","Sword Boomerang"],"picked":"Feel No Pain","floor":11.0},{"not_picked":["Anger","Shrug It Off"],"picked":"Burning Pact","floor":12.0},{"not_picked":["Pommel Strike","Anger","Whirlwind"],"picked":"SKIP","floor":12.0},{"not_picked":["Heavy Blade","Wild Strike"],"picked":"Brutality","floor":13.0},{"not_picked":["Thunderclap","Entrench","Anger"],"picked":"SKIP","floor":13.0},{"not_picked":["Wild Strike","Shrug It Off"],"picked":"Battle Trance","floor":14.0},{"not_picked":["Warcry","Hemokinesis","Entrench"],"picked":"SKIP","floor":14.0},{"not_picked":["Brutality","Demon Form"],"picked":"Feed","floor":16.0},{"not_picked":["Pommel Strike","Twin Strike","Iron Wave"],"picked":"SKIP","floor":18.0},{"not_picked":["Thunderclap","Dual Wield","Havoc"],"picked":"SKIP","floor":18.0},{"not_picked":["Thunderclap+1","Sentinel"],"picked":"Feel No Pain","floor":19.0},{"not_picked":["Rampage","Pommel Strike","Clothesline"],"picked":"SKIP","floor":19.0},{"not_picked":["Thunderclap","Dark Embrace"],"picked":"Feed","floor":21.0},{"not_picked":["Wild Strike","Uppercut","Flex+1"],"picked":"SKIP","floor":21.0},{"not_picked":["Uppercut","Thunderclap","Anger"],"picked":"SKIP","floor":22.0},{"not_picked":["Warcry+1","Dark Embrace","Bloodletting+1"],"picked":"SKIP","floor":22.0},{"not_picked":["Headbutt","Heavy Blade","Battle Trance"],"picked":"SKIP","floor":24.0},{"not_picked":["Heavy Blade","Shrug It Off"],"picked":"Sentinel","floor":25.0},{"not_picked":["Sword Boomerang","Seeing Red","Limit Break"],"picked":"SKIP","floor":25.0},{"not_picked":["Flex","Bludgeon","Warcry"],"picked":"SKIP","floor":29},{"not_picked":["Sever Soul","Sword Boomerang"],"picked":"Disarm","floor":30},{"not_picked":["Sword Boomerang","Warcry+1"],"picked":"True Grit","floor":30},{"not_picked":["Offering","Twin Strike"],"picked":"Shrug It Off","floor":31}],"player_experience":1691843,"relics_obtained":[{"floor":4.0,"key":"Happy Flower"},{"floor":7.0,"key":"Potion Belt"},{"floor":9.0,"key":"HornCleat"},{"floor":10.0,"key":"The Courier"},{"floor":24.0,"key":"Mercury Hourglass"},{"floor":26.0,"key":"Torii"},{"floor":29,"key":"Paper Frog"},{"floor":31,"key":"Pear"}],"event_choices":[{"cards_removed":["Strike_R"],"damage_healed":0.0,"max_hp_gain":0.0,"max_hp_loss":0.0,"gold_gain":0.0,"event_name":"Purifier","player_choice":"Purged","floor":20.0,"gold_loss":0.0,"damage_taken":0.0},{"damage_healed":0,"gold_gain":0,"player_choice":"Leave","damage_taken":0,"max_hp_gain":0,"max_hp_loss":0,"event_name":"FaceTrader","floor":28,"gold_loss":0}],"is_beta":false,"boss_relics":[{"not_picked":["Empty Cage","Black Blood"],"picked":"Philosopher\u0027s Stone"}],"items_purged_floors":[],"is_endless":false,"potions_floor_spawned":[3,10,11,12,19,24,25,29,31],"killed_by":"Champ","ascension_level":20}}