{"host":"dlyy4wv9zatha4f7","time":1610218657,"event":{"mods":["BaseMod","Better Third Choice","Colored Map","GifTheSpireLib","Minty Spire (QoL Compilation)","Spicy Shops","StSLib","SuperFastMode","Unceasing Turn Reminder","vexMod"],"gold_per_floor":[117,292,242,252,32,58,133,159,159,159,176,176,176,201,201,304,304,322,338,263,23,38,38,128,128,175,190,209,223,258,269,269,269,269],"floor_reached":33,"playtime":1249,"items_purged":["Strike_R"],"score":385,"play_id":"e6394f16-843a-4553-839e-bd78776ada0e","local_time":"20210109205737","is_ascension_mode":true,"campfire_choices":[{"data":"Bash","floor":10,"key":"SMITH"},{"data":"Pommel Strike","floor":12,"key":"SMITH"},{"data":"Thunderclap","floor":15,"key":"SMITH"},{"data":"Bludgeon","floor":23,"key":"SMITH"},{"data":"Inflame","floor":25,"key":"SMITH"},{"data":"Sword Boomerang","floor":32,"key":"SMITH"}],"circlet_count":0,"master_deck":["Strike_R","Strike_R","Strike_R","Defend_R+1","Defend_R","Defend_R","Defend_R","Bash+1","Reckless Charge","Pommel Strike+1","Power Through+1","Thunderclap+1","Bludgeon+1","Dark Embrace+1","Spot Weakness","Inflame+1","Infernal Blade","Sword Boomerang","Corruption","Sword Boomerang+1"],"relics":["Burning Blood","Orichalcum","Lantern","vexMod:RetaliationKit","The Courier","Bottled Lightning","Toy Ornithopter","Tiny Chest","vexMod:CursedCompass","War Paint","Centennial Puzzle","Pocketwatch"],"acts_visited":["Exordium","TheCity"],"potions_floor_usage":[6,8,14,28,28,30,33,33],"damage_taken":[{"damage":0,"enemies":"Small Slimes","floor":1,"turns":3},{"damage":0,"enemies":"2 Louse","floor":4,"turns":2},{"damage":24,"enemies":"Lagavulin","floor":6,"turns":6},{"damage":10,"enemies":"Gremlin Nob","floor":8,"turns":3},{"damage":0,"enemies":"Jaw Worm","floor":11,"turns":2},{"damage":10,"enemies":"Lagavulin","floor":14,"turns":3},{"damage":16,"enemies":"Slime Boss","floor":16,"turns":12},{"damage":2,"enemies":"3 Byrds","floor":18,"turns":5},{"damage":18,"enemies":"Shell Parasite","floor":19,"turns":4},{"damage":18,"enemies":"Snake Plant","floor":22,"turns":4},{"damage":4,"enemies":"3 Cultists","floor":27,"turns":4},{"damage":5,"enemies":"Shelled Parasite and Fungi","floor":28,"turns":3},{"damage":12,"enemies":"Snecko","floor":29,"turns":3},{"damage":30,"enemies":"Slavers","floor":30,"turns":4},{"damage":19,"enemies":"Sentry and Sphere","floor":31,"turns":4},{"damage":66,"enemies":"Automaton","floor":33,"turns":6}],"seed_played":"-1928615202383591065","potions_obtained":[{"floor":1,"key":"Fire Potion"},{"floor":4,"key":"Strength Potion"},{"floor":8,"key":"ColorlessPotion"},{"floor":14,"key":"BloodPotion"},{"floor":27,"key":"Block Potion"},{"floor":28,"key":"Fruit Juice"},{"floor":31,"key":"Fire Potion"}],"is_trial":false,"path_per_floor":["M","?","?","M","$","E","?","E","T","R","M","R","T","E","R","B",null,"M","M","?","$","M","R","?","R","T","M","M","M","E","M","R","B"],"character_chosen":"IRONCLAD","items_purchased":["Lantern","Inflame","War Paint"],"campfire_rested":0,"item_purchase_floors":[5,21,21],"current_hp_per_floor":[78,78,78,80,80,62,51,47,47,47,53,53,53,54,54,44,71,75,63,63,63,51,51,33,33,33,35,67,61,42,29,29,0,0],"gold":269,"neow_bonus":"RANDOM_COMMON_RELIC","is_daily":false,"chose_seed":false,"campfire_upgraded":6,"win_rate":0.0,"timestamp":1610218657,"path_taken":["M","?","?","?","$","E","?","E","T","R","M","R","?","E","R","BOSS","M","M","?","$","M","R","?","R","T","M","?","M","E","M","R","BOSS"],"items_purchased_type":["Relic","Card","Relic"],"build_version":"2020-12-22","purchased_purges":1,"victory":false,"max_hp_per_floor":[80,80,80,80,80,80,80,80,80,80,80,80,80,80,80,80,80,80,80,80,80,80,80,80,80,80,80,85,85,85,85,85,85,85],"card_choices":[{"not_picked":["Heavy Blade","Iron Wave"],"picked":"Reckless Charge","floor":1},{"not_picked":["Havoc","Body Slam"],"picked":"Pommel Strike","floor":4},{"not_picked":["Dark Embrace","Body Slam","Rampage"],"picked":"SKIP","floor":6},{"not_picked":["Intimidate","Perfected Strike"],"picked":"Power Through","floor":8},{"not_picked":["Dark Embrace","Armaments","Havoc"],"picked":"SKIP","floor":11},{"not_picked":["Twin Strike","Body Slam"],"picked":"Thunderclap","floor":14},{"not_picked":["Impervious","Exhume"],"picked":"Bludgeon","floor":16},{"not_picked":["Bloodletting","True Grit"],"picked":"Dark Embrace+1","floor":18},{"not_picked":["Cleave+1","Shrug It Off"],"picked":"Spot Weakness","floor":19},{"not_picked":["Searing Blow","Feel No Pain","Cleave"],"picked":"SKIP","floor":22},{"not_picked":["Armaments","Thunderclap"],"picked":"Infernal Blade","floor":27},{"not_picked":["Pommel Strike","Entrench+1"],"picked":"Sword Boomerang","floor":28},{"not_picked":["Twin Strike","Thunderclap","Reckless Charge"],"picked":"SKIP","floor":29},{"not_picked":["Pommel Strike+1","Searing Blow"],"picked":"Corruption","floor":30},{"not_picked":["Body Slam","Whirlwind"],"picked":"Sword Boomerang","floor":31}],"player_experience":2237275,"relics_obtained":[{"floor":6,"key":"vexMod:RetaliationKit"},{"floor":8,"key":"The Courier"},{"floor":9,"key":"Bottled Lightning"},{"floor":13,"key":"Toy Ornithopter"},{"floor":14,"key":"Tiny Chest"},{"floor":26,"key":"Centennial Puzzle"},{"floor":30,"key":"Pocketwatch"}],"event_choices":[{"damage_healed":0,"gold_gain":175,"player_choice":"AGREE","damage_taken":117,"max_hp_gain":0,"max_hp_loss":0,"event_name":"betterThird:BetterSerpent","floor":2,"gold_loss":0},{"cards_removed":["Doubt"],"damage_healed":0,"gold_gain":0,"player_choice":"Card Removal","damage_taken":0,"max_hp_gain":0,"max_hp_loss":0,"event_name":"The Cleric","floor":3,"gold_loss":50},{"damage_healed":0,"gold_gain":75,"player_choice":"Gold","damage_taken":11,"max_hp_gain":0,"max_hp_loss":0,"event_name":"betterThird:BetterGoop","floor":7,"gold_loss":0},{"cards_removed":["Strike_R"],"damage_healed":0,"gold_gain":0,"player_choice":"Gave Gold","damage_taken":0,"max_hp_gain":0,"max_hp_loss":0,"event_name":"Beggar","floor":20,"gold_loss":75},{"damage_healed":0,"gold_gain":90,"player_choice":"GOLD POTION ","damage_taken":18,"max_hp_gain":0,"max_hp_loss":0,"event_name":"Knowing Skull","floor":24,"potions_obtained":["PowerPotion"],"gold_loss":0,"cards_obtained":[]}],"is_beta":false,"boss_relics":[{"not_picked":["Black Blood","Fusion Hammer"],"picked":"vexMod:CursedCompass"}],"items_purged_floors":[5],"is_endless":false,"potions_floor_spawned":[1,4,8,14,27,28,31],"killed_by":"Automaton","ascension_level":7}}