{"host":"dltylvoep9h5hx7e","time":1610215581,"event":{"mods":["AchievementEnabler","BaseMod","Colored Map","Downfall","Minty Spire (QoL Compilation)","StSLib"],"gold_per_floor":[117,136,146,146,164,164,189,203,203,203,214,246,211,228,228,325,325,340,21,35,35,310,345,345,362,362,362,372,386,63,63,63],"floor_reached":31,"playtime":1853,"items_purged":["Regret","Regret"],"score":294,"play_id":"d1cf4453-39ff-404b-8b1f-a77d9bc41122","local_time":"20210109180621","is_ascension_mode":false,"campfire_choices":[{"data":"Fire Breathing","floor":6,"key":"SMITH"},{"data":"Headbutt","floor":10,"key":"SMITH"},{"data":"Flame Barrier","floor":15,"key":"SMITH"},{"data":"Juggernaut","floor":24,"key":"SMITH"},{"data":"Seeing Red","floor":27,"key":"SMITH"}],"circlet_count":0,"master_deck":["Strike_R","Strike_R","Strike_R","Strike_R","Strike_R","Defend_R","Defend_R","Defend_R","Defend_R","Bash","Fire Breathing+1","Anger","Thunderclap","Flex","Flex","Headbutt+1","Shrug It Off","Flame Barrier+1","Shrug It Off","Juggernaut+1","Inflame","RitualDagger","Seeing Red+1","Perfected Strike","Armaments","Infernal Blade"],"relics":["Burning Blood","Letter Opener","FossilizedHelix","CaptainsWheel","Unceasing Top","Runic Pyramid","Eternal Feather","Pantograph","White Beast Statue","Orichalcum"],"acts_visited":["Exordium","TheCity"],"potions_floor_usage":[11,12,12,23,28,31,31],"damage_taken":[{"damage":1,"enemies":"2 Louse","floor":1,"turns":3},{"damage":5,"enemies":"Small Slimes","floor":2,"turns":3},{"damage":5,"enemies":"Cultist","floor":3,"turns":4},{"damage":1,"enemies":"Large Slime","floor":5,"turns":6},{"damage":18,"enemies":"3 Sentries","floor":7,"turns":4},{"damage":24,"enemies":"Lots of Slimes","floor":8,"turns":4},{"damage":13,"enemies":"Exordium Wildlife","floor":11,"turns":3},{"damage":6,"enemies":"Lagavulin","floor":12,"turns":5},{"damage":3,"enemies":"3 Louse","floor":14,"turns":3},{"damage":45,"enemies":"The Guardian","floor":16,"turns":15},{"damage":0,"enemies":"3 Byrds","floor":18,"turns":3},{"damage":4,"enemies":"Shell Parasite","floor":20,"turns":5},{"damage":28,"enemies":"Book of Stabbing","floor":23,"turns":6},{"damage":22,"enemies":"Snake Plant","floor":25,"turns":6},{"damage":33,"enemies":"Centurion and Healer","floor":28,"turns":6},{"damage":14,"enemies":"Shelled Parasite and Fungi","floor":29,"turns":7},{"damage":45,"enemies":"Gremlin Leader","floor":31,"turns":6}],"seed_played":"8706054240892801522","potions_obtained":[{"floor":1,"key":"Energy Potion"},{"floor":5,"key":"Energy Potion"},{"floor":7,"key":"Strength Potion"},{"floor":8,"key":"hexamod:EctoCoolerPotion"},{"floor":11,"key":"SpeedPotion"},{"floor":23,"key":"Weak Potion"},{"floor":28,"key":"SpeedPotion"},{"floor":29,"key":"Regen Potion"}],"is_trial":false,"path_per_floor":["M","M","M","?","M","R","E","M","T","R","M","E","?","M","R","B",null,"M","$","M","?","?","E","R","M","T","R","M","M","$","E"],"character_chosen":"IRONCLAD","items_purchased":["Eternal Feather","Infernal Blade","Orichalcum"],"campfire_rested":0,"item_purchase_floors":[19,30,30],"current_hp_per_floor":[80,80,80,80,80,80,68,50,50,50,43,43,63,66,66,27,80,80,80,80,74,74,52,64,48,48,60,33,25,25,0,0],"gold":63,"neow_bonus":"","is_daily":false,"chose_seed":false,"campfire_upgraded":5,"win_rate":0.0,"timestamp":1610215581,"path_taken":["M","M","M","?","M","R","E","M","T","R","M","E","?","M","R","BOSS","M","$","M","?","?","E","R","M","T","R","?","M","$","E"],"items_purchased_type":["Relic","Card","Relic"],"build_version":"2020-12-22","purchased_purges":2,"victory":false,"max_hp_per_floor":[80,80,80,80,80,80,80,80,80,80,80,80,80,80,80,80,80,80,80,80,80,80,80,80,80,80,80,80,80,80,80,80],"card_choices":[{"not_picked":["Clothesline","Shrug It Off"],"picked":"Fire Breathing","floor":1},{"not_picked":["True Grit","Second Wind"],"picked":"Anger","floor":2},{"not_picked":["Burning Pact","Flex"],"picked":"Thunderclap","floor":3},{"not_picked":["Warcry","Uppercut"],"picked":"Flex","floor":5},{"not_picked":["Warcry","Clash"],"picked":"Flex","floor":7},{"not_picked":["Entrench","Twin Strike"],"picked":"Headbutt","floor":8},{"not_picked":["Fire Breathing","Warcry"],"picked":"Shrug It Off","floor":11},{"not_picked":["Twin Strike","Clothesline"],"picked":"Flame Barrier","floor":12},{"not_picked":["Twin Strike","Feed"],"picked":"Shrug It Off","floor":14},{"not_picked":["Berserk","Barricade"],"picked":"Juggernaut","floor":16},{"not_picked":["Thunderclap","Perfected Strike+1"],"picked":"Inflame","floor":18},{"not_picked":["Clash","Pommel Strike","Clothesline"],"picked":"SKIP","floor":20},{"not_picked":["Thunderclap","Uppercut","Combust"],"picked":"SKIP","floor":23},{"not_picked":["Perfected Strike","Carnage"],"picked":"Seeing Red","floor":25},{"not_picked":["Shrug It Off","Searing Blow"],"picked":"Perfected Strike","floor":28},{"not_picked":["Cleave","Clash"],"picked":"Armaments","floor":29}],"player_experience":0,"relics_obtained":[{"floor":7,"key":"FossilizedHelix"},{"floor":9,"key":"CaptainsWheel"},{"floor":12,"key":"Unceasing Top"},{"floor":23,"key":"Pantograph"},{"floor":26,"key":"White Beast Statue"}],"event_choices":[{"damage_healed":0,"gold_gain":0,"player_choice":"Box","damage_taken":0,"relics_obtained":["Letter Opener"],"max_hp_gain":0,"max_hp_loss":0,"event_name":"Big Fish","floor":4,"gold_loss":0,"cards_obtained":["Regret"]},{"damage_healed":20,"gold_gain":0,"player_choice":"Healed","damage_taken":0,"max_hp_gain":0,"max_hp_loss":0,"event_name":"The Cleric","floor":13,"gold_loss":35},{"damage_healed":0,"gold_gain":0,"player_choice":"Joined the Cult","damage_taken":6,"max_hp_gain":0,"max_hp_loss":0,"event_name":"Nest","floor":21,"gold_loss":0,"cards_obtained":["RitualDagger"]},{"damage_healed":0,"gold_gain":275,"player_choice":"Desecrate","damage_taken":0,"max_hp_gain":0,"max_hp_loss":0,"event_name":"Golden Shrine","floor":22,"gold_loss":0,"cards_obtained":["Regret"]}],"is_beta":false,"boss_relics":[{"not_picked":["Fusion Hammer","Snecko Eye"],"picked":"Runic Pyramid"}],"items_purged_floors":[19,30],"is_endless":false,"potions_floor_spawned":[1,5,7,8,11,23,28,29],"killed_by":"Gremlin Leader","ascension_level":0}}