{"host":"36mulxq349byzoa2","time":1610234273,"event":{"mods":["AchievementEnabler","BaseMod","Better Match","Block Reminder","Colored Map","Colored Powertips","Minty Spire (QoL Compilation)","Rare Cards Sparkle","StSLib","SuperFastMode"],"gold_per_floor":[109,124,135,135,146,179,179,204,204,204,226,61,75,75,75,154,154,171,171,190,90,102,102,122,122,147,183,207,219,531,258,258,336,336,347,372,372,372,390,390,390],"floor_reached":40,"playtime":1002,"items_purged":["Strike_B","Strike_B","Strike_B"],"score":729,"play_id":"5cd4b3bb-2295-4190-90d2-46fafc2092b9","local_time":"20210109181753","is_ascension_mode":true,"campfire_choices":[{"floor":7.0,"key":"REST"},{"floor":10.0,"key":"REST"},{"floor":15.0,"key":"REST"},{"floor":23.0,"key":"REST"},{"floor":25.0,"key":"REST"},{"data":"Thunder Strike","floor":29.0,"key":"SMITH"},{"data":"Zap","floor":32.0,"key":"SMITH"}],"circlet_count":0,"master_deck":["AscendersBane","Defend_B","Defend_B","Defend_B","Defend_B","Zap+1","Dualcast","Steam","Electrodynamics","Coolheaded","Streamline","Leap","Genetic Algorithm","Conserve Battery","White Noise+1","Ball Lightning","Thunder Strike+1","Ball Lightning","Creative AI","Static Discharge"],"relics":["Sozu","Art of War","Tiny Chest","Pantograph","Odd Mushroom","SlaversCollar","MawBank","Anchor","Old Coin","Lee\u0027s Waffle","Snecko Eye","StoneCalendar","Bronze Scales"],"acts_visited":["Exordium","TheCity","TheBeyond"],"potions_floor_usage":[],"damage_taken":[{"damage":0.0,"enemies":"Cultist","floor":1.0,"turns":3.0},{"damage":0.0,"enemies":"Small Slimes","floor":2.0,"turns":3.0},{"damage":0.0,"enemies":"2 Louse","floor":3.0,"turns":2.0},{"damage":0.0,"enemies":"2 Fungi Beasts","floor":5.0,"turns":3.0},{"damage":35.0,"enemies":"Lagavulin","floor":6.0,"turns":7.0},{"damage":36.0,"enemies":"Gremlin Nob","floor":8.0,"turns":4.0},{"damage":24.0,"enemies":"The Mushroom Lair","floor":11.0,"turns":4.0},{"damage":10.0,"enemies":"Exordium Wildlife","floor":13.0,"turns":4.0},{"damage":28.0,"enemies":"Slime Boss","floor":16.0,"turns":7.0},{"damage":23.0,"enemies":"2 Thieves","floor":18.0,"turns":4.0},{"damage":9.0,"enemies":"Spheric Guardian","floor":20.0,"turns":4.0},{"damage":13.0,"enemies":"Snecko","floor":22.0,"turns":5.0},{"damage":17.0,"enemies":"Snake Plant","floor":24.0,"turns":4.0},{"damage":7.0,"enemies":"Shelled Parasite and Fungi","floor":28.0,"turns":6.0},{"damage":29.0,"enemies":"Champ","floor":33.0,"turns":12.0},{"damage":11.0,"enemies":"Orb Walker","floor":35.0,"turns":4.0},{"damage":0.0,"enemies":"Mind Bloom Boss Battle","floor":36.0,"turns":6.0},{"damage":30.0,"enemies":"3 Shapes","floor":39.0,"turns":3.0},{"damage":47,"enemies":"Reptomancer","floor":40,"turns":2}],"seed_played":"1596087347252803327","potions_obtained":[],"is_trial":false,"path_per_floor":["M","M","M","?","M","E","R","E","T","R","?","$","M","?","R","B",null,"M","?","M","$","M","R","M","R","T","T","M","R","T","$","R","B",null,"M","?","?","T","M","E"],"character_chosen":"DEFECT","items_purchased":["White Noise","Lee\u0027s Waffle"],"campfire_rested":5,"item_purchase_floors":[12,31],"current_hp_per_floor":[64,64,64,64,64,29,50,14,14,35,11,11,1,1,22,19,58,35,35,26,26,13,34,17,38,38,38,31,31,31,78,78,49,71,60,78,74,74,44,0,0],"gold":390,"neow_bonus":"BOSS_RELIC","is_daily":false,"chose_seed":false,"campfire_upgraded":2,"win_rate":0.0,"timestamp":1610234273,"path_taken":["M","?","M","?","M","E","R","E","T","R","?","$","M","?","R","BOSS","M","?","M","$","M","R","M","R","T","?","M","R","?","$","R","BOSS","M","?","?","?","M","E"],"items_purchased_type":["Card","Relic"],"build_version":"2020-12-22","purchased_purges":3,"victory":false,"max_hp_per_floor":[71,71,71,71,71,71,71,71,71,71,71,71,71,71,71,71,71,71,71,71,71,71,71,71,71,71,71,71,71,71,78,78,78,78,78,78,74,74,74,74,74],"card_choices":[{"not_picked":["Turbo","Heatsinks"],"picked":"Steam","floor":1.0},{"not_picked":["Sunder","Cold Snap"],"picked":"Electrodynamics","floor":2.0},{"not_picked":["Stack","Genetic Algorithm"],"picked":"Coolheaded","floor":3.0},{"not_picked":["Rip and Tear","Conserve Battery"],"picked":"Streamline","floor":5.0},{"not_picked":["Storm","Turbo"],"picked":"Leap","floor":6.0},{"not_picked":["Sweeping Beam","Auto Shields"],"picked":"Genetic Algorithm","floor":8.0},{"not_picked":["Redo","Genetic Algorithm"],"picked":"Conserve Battery","floor":11.0},{"not_picked":["Coolheaded","Fission"],"picked":"Ball Lightning","floor":13.0},{"not_picked":["All For One","Machine Learning"],"picked":"Thunder Strike","floor":16.0},{"not_picked":["Ball Lightning","Reprogram","Sweeping Beam"],"picked":"SKIP","floor":18.0},{"not_picked":["Coolheaded","Turbo"],"picked":"Ball Lightning","floor":20.0},{"not_picked":["Chill+1","Steam","Skim"],"picked":"SKIP","floor":22.0},{"not_picked":["Streamline+1","Force Field","Compile Driver"],"picked":"SKIP","floor":24.0},{"not_picked":["Coolheaded","Sweeping Beam","Steam Power"],"picked":"SKIP","floor":28.0},{"not_picked":["Meteor Strike","Hyperbeam"],"picked":"Creative AI","floor":33.0},{"not_picked":["Barrage","Compile Driver","Rebound"],"picked":"SKIP","floor":35.0},{"not_picked":["Turbo","Conserve Battery+1"],"picked":"Static Discharge","floor":36.0},{"not_picked":["Leap+1","Barrage","Hologram"],"picked":"SKIP","floor":39.0}],"player_experience":1025824,"relics_obtained":[{"floor":6.0,"key":"Art of War"},{"floor":8.0,"key":"Tiny Chest"},{"floor":9.0,"key":"Pantograph"},{"floor":11.0,"key":"Odd Mushroom"},{"floor":26.0,"key":"MawBank"},{"floor":27.0,"key":"Anchor"},{"floor":30.0,"key":"Old Coin"},{"floor":36.0,"key":"StoneCalendar"},{"floor":38.0,"key":"Bronze Scales"}],"event_choices":[{"damage_healed":0.0,"max_hp_gain":0.0,"max_hp_loss":0.0,"gold_gain":0.0,"event_name":"Shining Light","player_choice":"Ignored","floor":4.0,"gold_loss":0.0,"damage_taken":0.0},{"damage_healed":0.0,"max_hp_gain":0.0,"max_hp_loss":0.0,"gold_gain":0.0,"event_name":"Mushrooms","player_choice":"Fought Mushrooms","floor":11.0,"gold_loss":0.0,"damage_taken":0.0},{"damage_healed":0.0,"max_hp_gain":0.0,"max_hp_loss":0.0,"gold_gain":0.0,"event_name":"Living Wall","player_choice":"Grow","floor":14.0,"gold_loss":0.0,"damage_taken":0.0,"cards_upgraded":["White Noise"]},{"cards_removed":["Strike_B"],"damage_healed":0.0,"max_hp_gain":0.0,"max_hp_loss":0.0,"gold_gain":0.0,"event_name":"Bonfire Elementals","player_choice":"Offered Basic","floor":19.0,"gold_loss":0.0,"damage_taken":0.0},{"damage_healed":0.0,"max_hp_gain":0.0,"max_hp_loss":0.0,"gold_gain":0.0,"event_name":"MindBloom","player_choice":"Fight","floor":36.0,"gold_loss":0.0,"damage_taken":0.0},{"damage_healed":0.0,"max_hp_gain":0.0,"max_hp_loss":4.0,"gold_gain":0.0,"event_name":"Winding Halls","player_choice":"Max HP","floor":37.0,"gold_loss":0.0,"damage_taken":0.0}],"is_beta":false,"boss_relics":[{"not_picked":["Calling Bell","Velvet Choker"],"picked":"SlaversCollar"},{"not_picked":["Inserter","Busted Crown"],"picked":"Snecko Eye"}],"items_purged_floors":[12,21,31],"is_endless":false,"potions_floor_spawned":[2,5,11,18,24,28,39],"killed_by":"Reptomancer","ascension_level":17}}