{"host":"csp9nt53rootlkah","time":1610186731,"event":{"mods":["Act Like it!","BaseMod","Colored Powertips","Friendly Minions","Gensokyo","Highlight Path","Marisa£¨ìFÓê¡¡Ä§ÀíÉ³£©","Minty Spire (QoL Compilation)","Quick Restart","Replay The Spire","StSLib","TestMod","The Factory","The Jungle","UnlockEverythingMod","¡¾ÒÅÎï¿¨ÅÆ¡¿REMEMod"],"gold_per_floor":[114,173,211,136,170,170,211,211,211,211,228,228,228,274,274,376,376,386,421,460,478,378,424,424,459,535,265,291,334,373,773,773,894,1194,1242,1300,1300,830,889,889,944,944,944,974,987,1035,1035,1059,1059,1090,1090],"floor_reached":50,"playtime":3303,"items_purged":["Strike_MRS","Strike_MRS","Defend_MRS","Languid"],"score":851,"play_id":"c4e18b11-9af9-4d20-9a60-73aaca6029d3","local_time":"20210109180531","is_ascension_mode":true,"campfire_choices":[{"data":"BinaryStars","floor":6.0,"key":"SMITH"},{"data":"Gensokyo:MarisaTwilightSpark","floor":10.0,"key":"SMITH"},{"data":"AsteroidBelt","floor":12.0,"key":"SMITH"},{"data":"UpSweep","floor":15.0,"key":"SMITH"},{"data":"CasketOfStar","floor":24.0,"key":"SMITH"},{"floor":32.0,"key":"REST"},{"floor":40.0,"key":"REST"},{"floor":42.0,"key":"REST"},{"floor":49.0,"key":"REST"}],"circlet_count":0,"master_deck":["MasterSpark","UpSweep+1","BinaryStars+1","GrandCross","Robbery+1","AsteroidBelt+1","Gensokyo:MarisaTwilightSpark+1","AlicesGift+1","CasketOfStar+1","OortCloud+1","DoubleSpark+1","SatelliteIllusion+1","DarkMatter+1","DragonMeteor","FinalSpark","Parasite","Parasite","Sickly","Decay","Acceleration+1","UltimateShortwave","PulseMagic","MagicChant+1"],"relics":["MiniHakkero","REME_ComplimentaryCards","testmod-CrystalShield","Eternal Feather","Sundial","testmod-BouquetWithThorns","Astrolabe","testmod-Fortitude","Nunchaku","OrangePellets","Replay:Bottled Eggs","Replay:Ancient Bell","ShroomBag","Replay:WaspNest","Old Coin","Blue Candle","CatCart","Bottled Lightning","MealTicket","testmod-CyclicPeriapt","Regal Pillow"],"acts_visited":["Gensokyo:Gensokyo","TheCity","TheBeyond"],"potions_floor_usage":[50],"damage_taken":[{"damage":4.0,"enemies":"Gensokyo:Python","floor":1.0,"turns":3.0},{"damage":2.0,"enemies":"Gensokyo:Gryphon","floor":3.0,"turns":4.0},{"damage":0.0,"enemies":"Gensokyo:3_Fairies","floor":5.0,"turns":3.0},{"damage":0.0,"enemies":"Gensokyo:Aya","floor":7.0,"turns":2.0},{"damage":0.0,"enemies":"Gensokyo:LivingMonolith","floor":11.0,"turns":3.0},{"damage":0.0,"enemies":"Gensokyo:Cirno","floor":14.0,"turns":5.0},{"damage":15.0,"enemies":"Gensokyo:Reimu","floor":16.0,"turns":7.0},{"damage":4.0,"enemies":"Chosen","floor":18.0,"turns":5.0},{"damage":0.0,"enemies":"3 Byrds","floor":19.0,"turns":2.0},{"damage":0.0,"enemies":"Centurion and Healer","floor":20.0,"turns":5.0},{"damage":9.0,"enemies":"Shelled Parasite and Fungi","floor":21.0,"turns":4.0},{"damage":19.0,"enemies":"Gremlin Leader","floor":23.0,"turns":5.0},{"damage":28.0,"enemies":"Book of Stabbing","floor":25.0,"turns":5.0},{"damage":7.0,"enemies":"Gremlin Leader","floor":28.0,"turns":5.0},{"damage":2.0,"enemies":"Sentry and Sphere","floor":29.0,"turns":4.0},{"damage":1.0,"enemies":"3 Cultists","floor":30.0,"turns":4.0},{"damage":0.0,"enemies":"Champ","floor":33.0,"turns":11.0},{"damage":16.0,"enemies":"Orb Walker","floor":35.0,"turns":5.0},{"damage":41.0,"enemies":"3 Darklings","floor":36.0,"turns":4.0},{"damage":15.0,"enemies":"Sphere and 2 Shapes","floor":39.0,"turns":3.0},{"damage":35.0,"enemies":"Orin","floor":41.0,"turns":6.0},{"damage":3.0,"enemies":"R_Hoarder","floor":44.0,"turns":5.0},{"damage":23.0,"enemies":"4 Shapes","floor":45.0,"turns":4.0},{"damage":42.0,"enemies":"2 Orb Walkers","floor":46.0,"turns":4.0},{"damage":9.0,"enemies":"Writhing Mass","floor":47.0,"turns":2.0},{"damage":81,"enemies":"Awakened One","floor":50,"turns":7}],"seed_played":"-7337743184035063540","potions_obtained":[{"floor":1.0,"key":"Dexterity Potion"},{"floor":5.0,"key":"BlessingOfTheForge"},{"floor":7.0,"key":"BlessingOfTheForge"},{"floor":14.0,"key":"FearPotion"},{"floor":20.0,"key":"EssenceOfSteel"},{"floor":23.0,"key":"AttackPotion"},{"floor":28.0,"key":"REME_GoldPotion"},{"floor":29.0,"key":"Strength Potion"},{"floor":35.0,"key":"Block Potion"},{"floor":36.0,"key":"REME_GoldPotion"},{"floor":46.0,"key":"SmokeBomb"}],"is_trial":false,"path_per_floor":["M","?","M","$","M","R","E","?","T","R","M","R","?","E","R","B",null,"M","M","M","M","$","E","R","E","T","$","E","M","M","?","R","B",null,"M","M","?","$","M","R","?","R","T","E","M","?","M","T","R","B"],"character_chosen":"MARISA","items_purchased":["OrangePellets","PulseMagic","Blue Candle"],"campfire_rested":4,"item_purchase_floors":[27,38,38],"current_hp_per_floor":[50,50,48,48,48,48,48,48,48,54,54,60,60,60,66,51,69,65,65,65,56,56,37,43,15,15,15,8,6,5,5,33,33,65,53,16,16,16,1,35,4,38,38,39,18,16,9,9,58,4,4],"gold":1090,"neow_bonus":"REMOVE_TWO","is_daily":false,"chose_seed":false,"campfire_upgraded":5,"win_rate":0.0,"timestamp":1610186731,"path_taken":["M","?","M","$","M","R","E","?","T","R","M","R","?","E","R","BOSS","M","M","?","M","$","E","R","E","T","$","E","M","M","?","R","BOSS","M","M","?","$","?","R","?","R","T","E","M","?","M","?","R","BOSS"],"items_purchased_type":["Relic","Card","Relic"],"build_version":"2020-12-22","purchased_purges":4,"victory":false,"max_hp_per_floor":[75,75,75,75,75,75,75,75,75,75,75,75,75,75,75,75,75,75,75,75,75,75,75,75,75,75,75,75,75,75,75,75,75,75,75,75,75,75,75,75,75,75,75,75,75,75,75,75,75,75,75],"card_choices":[{"not_picked":["DoubleSpark","FairyDestructionRay","MysteriousBeam"],"picked":"SKIP","floor":1.0},{"not_picked":["DoubleSpark","LuminesStrike"],"picked":"GrandCross","floor":2.0},{"not_picked":["DarkSpark","WitchLeyline"],"picked":"Robbery","floor":2.0},{"not_picked":["MilkyWay","OneTimeOff","GravityBeat"],"picked":"SKIP","floor":3.0},{"not_picked":["MilkyWay","GrandCross","SatelliteIllusion"],"picked":"SKIP","floor":5.0},{"not_picked":["ChargingUp","ShootingEcho"],"picked":"AsteroidBelt","floor":7.0},{"not_picked":["GravityBeat","DragonMeteor","UnstableBomb"],"picked":"SKIP","floor":11.0},{"not_picked":["6A","MysteriousBeam"],"picked":"AlicesGift","floor":14.0},{"not_picked":["SuperNova","FinalSpark"],"picked":"CasketOfStar","floor":16.0},{"not_picked":["6A","PowerUp+1"],"picked":"DarkMatter+1","floor":18.0},{"not_picked":["WitchLeyline","PropBag","GravityBeat"],"picked":"SKIP","floor":19.0},{"not_picked":["ManaRampage","EnergyFlow","IllusionStar+1"],"picked":"SKIP","floor":20.0},{"not_picked":["ManaRampage","EnergyFlow","IllusionStar+1"],"picked":"SKIP","floor":20.0},{"not_picked":["6A","UnstableBomb","IllusionStar+1"],"picked":"SKIP","floor":21.0},{"not_picked":["GalacticHalo+1","EnergyRecoil","WitchOfGreed"],"picked":"SKIP","floor":23.0},{"not_picked":["NonDirectionalLaser+1","DoubleSpark","SuperPerseids"],"picked":"SKIP","floor":25.0},{"not_picked":["ShootingEcho","WitchLeyline+1","DoubleSpark+1"],"picked":"SKIP","floor":28.0},{"not_picked":["NonDirectionalLaser","MagicAbsorber+1"],"picked":"DragonMeteor","floor":29.0},{"not_picked":["SporeBomb+1","MagicChant","BlazeAway+1"],"picked":"SKIP","floor":30.0},{"not_picked":["TreasureHunter","CollectingQuirk"],"picked":"FinalSpark","floor":33.0},{"not_picked":["AbeCurse","Replay:Sluggish"],"picked":"Sickly","floor":34.0},{"not_picked":["Voices","Overencumbered"],"picked":"Decay","floor":34.0},{"not_picked":["Looming Evil","Amnesia"],"picked":"Languid","floor":34.0},{"not_picked":["ChargingUp+1","ChargeUpSpray+1","FairyDestructionRay+1"],"picked":"SKIP","floor":35.0},{"not_picked":["AbsoluteMagnitude","SporeBomb+1"],"picked":"Acceleration+1","floor":36.0},{"not_picked":["GravityBeat+1","OrrerysSun+1","RefractionSpark+1"],"picked":"SKIP","floor":39.0},{"not_picked":["DeepEcoloBomb","ShootingEcho","UnstableBomb+1"],"picked":"SKIP","floor":44.0},{"not_picked":["GravityBeat+1","StarDustReverie","AsteroidBelt"],"picked":"SKIP","floor":45.0},{"not_picked":["IllusionStar","WitchLeyline+1"],"picked":"MagicChant+1","floor":46.0}],"player_experience":129040,"relics_obtained":[{"floor":7.0,"key":"Eternal Feather"},{"floor":9.0,"key":"Sundial"},{"floor":14.0,"key":"testmod-BouquetWithThorns"},{"floor":23.0,"key":"testmod-Fortitude"},{"floor":25.0,"key":"Nunchaku"},{"floor":28.0,"key":"Replay:Bottled Eggs"},{"floor":41.0,"key":"CatCart"},{"floor":43.0,"key":"Bottled Lightning"},{"floor":44.0,"key":"MealTicket"},{"floor":46.0,"key":"testmod-CyclicPeriapt"},{"floor":48.0,"key":"Regal Pillow"}],"event_choices":[{"damage_healed":0.0,"max_hp_gain":0.0,"max_hp_loss":0.0,"gold_gain":400.0,"event_name":"¶÷ÂåË¹µÄÅÌ×Ó","player_choice":"Sell","floor":31.0,"relics_lost":["testmod-TestBox"],"gold_loss":0.0,"damage_taken":0.0},{"damage_healed":0.0,"max_hp_gain":0.0,"max_hp_loss":0.0,"gold_gain":0.0,"event_name":"Match and Keep!","player_choice":"1 cards matched","floor":37.0,"gold_loss":0.0,"damage_taken":0.0,"cards_obtained":["UltimateShortwave"]},{"damage_healed":0.0,"max_hp_gain":0.0,"max_hp_loss":0.0,"gold_gain":0.0,"event_name":"OrinTheCat","player_choice":"Fight","floor":41.0,"gold_loss":0.0,"damage_taken":0.0},{"damage_healed":0.0,"max_hp_gain":0.0,"max_hp_loss":0.0,"gold_gain":0.0,"event_name":"Mysterious Sphere","player_choice":"Fight","floor":46.0,"gold_loss":0.0,"damage_taken":0.0}],"is_beta":false,"boss_relics":[{"not_picked":["ChewingGum","Snecko Eye"],"picked":"Astrolabe"},{"not_picked":["Busted Crown","testmod-EnergyCheck"],"picked":"Replay:Ancient Bell"},{"not_picked":["MawBank","Replay:Baseball"],"picked":"ShroomBag"},{"not_picked":["REME_HourglassOfDeath","The Courier"],"picked":"Replay:WaspNest"},{"not_picked":["testmod-Maize","testmod-EqualTreatment"],"picked":"Old Coin"}],"items_purged_floors":[4,22,27,38],"is_endless":false,"potions_floor_spawned":[1,5,7,14,20,21,23,28,29,35,36,46,47],"killed_by":"Awakened One","ascension_level":5}}