{"host":"mjmsgaxkb56jw5c5","time":1610151785,"event":{"mods":["AchievementEnabler","Aspiration","BaseMod","Colored Powertips","Conspire","Downfall","Hubris","Minty Spire (QoL Compilation)","Replay The Spire","StSLib","The Jungle"],"gold_per_floor":[119,119,138,150,4,4,19,44,94,94,107,34,34,46,46,149,149,159,159,175,175,189,189,39,39,39],"floor_reached":25,"playtime":627,"items_purged":["Strike_B"],"score":258,"play_id":"aefa80dc-17fb-4794-b3c4-1ced937d3887","local_time":"20210109012305","is_ascension_mode":true,"campfire_choices":[{"data":"Go for the Eyes","floor":10,"key":"SMITH"},{"data":"Streamline","floor":13,"key":"SMITH"},{"floor":15,"key":"REST"},{"floor":23,"key":"REST"}],"circlet_count":0,"master_deck":["conspire:GhostlyStrike","conspire:GhostlyStrike","conspire:GhostlyDefend","conspire:GhostlyDefend","conspire:GhostlyDefend","conspire:GhostlyDefend","Zap","Dualcast","Go for the Eyes+1","Gash","Rebound","ReplayGash+1","Streamline+1","ReplayGash","Reboot+1","Voices","Gash"],"relics":["Cracked Core","NeowsBlessing","hubris:TinFlute","Simple Rune","SacredBark","ReplayTheSpireMod:Ring of Collecting","Ring of Peace","Guide Book"],"acts_visited":["Exordium","TheCity"],"potions_floor_usage":[16,20,20,20,20,22,22,22],"damage_taken":[{"damage":0,"enemies":"Jaw Worm","floor":1,"turns":1},{"damage":0,"enemies":"Cultist","floor":3,"turns":1},{"damage":0,"enemies":"Small Slimes","floor":4,"turns":1},{"damage":11,"enemies":"Exordium Thugs","floor":7,"turns":4},{"damage":30,"enemies":"3 Sentries","floor":8,"turns":7},{"damage":1,"enemies":"Blue Slaver","floor":11,"turns":3},{"damage":4,"enemies":"Red Slaver","floor":14,"turns":3},{"damage":18,"enemies":"Slime Boss","floor":16,"turns":5},{"damage":25,"enemies":"2 Thieves","floor":18,"turns":4},{"damage":20,"enemies":"Shell Parasite","floor":20,"turns":4},{"damage":0,"enemies":"Sentry and Sphere","floor":22,"turns":3},{"damage":47,"enemies":"Shelled Parasite and Fungi","floor":25,"turns":6}],"seed_played":"2152896411442692143","potions_obtained":[{"floor":4,"key":"Ancient Potion"},{"floor":8,"key":"Strength Potion"},{"floor":11,"key":"Guardian:BlockOnCardUsePotion"},{"floor":14,"key":"Explosive Potion"},{"floor":18,"key":"EntropicBrew"}],"is_trial":false,"path_per_floor":["M","?","M","M","$","?","M","E","T","R","M","$","R","M","R","B",null,"M","?","M","?","M","R","$","M"],"character_chosen":"DEFECT","items_purchased":["ReplayGash","ReplayGash","Guide Book"],"campfire_rested":2,"item_purchase_floors":[5,12,24],"current_hp_per_floor":[75,75,75,75,75,75,64,34,34,34,33,33,33,29,51,33,75,50,50,30,18,18,40,40,0,0],"gold":39,"neow_bonus":"THREE_ENEMY_KILL","is_daily":false,"chose_seed":false,"campfire_upgraded":2,"win_rate":0.0,"timestamp":1610151785,"path_taken":["M","?","M","?","$","?","M","E","T","R","M","$","R","M","R","BOSS","M","?","M","?","?","R","?","M"],"items_purchased_type":["Card","Card","Relic"],"build_version":"2020-12-22","purchased_purges":1,"victory":false,"max_hp_per_floor":[75,75,75,75,75,75,75,75,75,75,75,75,75,75,75,75,75,75,75,75,75,75,75,75,75,75],"card_choices":[{"not_picked":["ReplayTheSpireMod:Dual Polarity","Sweeping Beam"],"picked":"Go for the Eyes","floor":1},{"not_picked":["Ball Lightning","ReplayTheSpireMod:GoodbyeWorld"],"picked":"Gash","floor":3},{"not_picked":["Panic Button","Ball Lightning"],"picked":"Rebound","floor":4},{"not_picked":["Steam","hubris:Prefetch","Leap"],"picked":"SKIP","floor":7},{"not_picked":["Darkness","Cold Snap","Redo"],"picked":"SKIP","floor":8},{"not_picked":["ReplayTheSpireMod:Reroute Power","Self Repair"],"picked":"Streamline","floor":11},{"not_picked":["Redo","Hologram","Leap"],"picked":"SKIP","floor":14},{"not_picked":["hubris:DoWhile","Biased Cognition"],"picked":"Reboot","floor":16},{"not_picked":["Storm+1","Stack","Chaos"],"picked":"SKIP","floor":18},{"not_picked":["Crystallizer+1","Sweeping Beam","Panic Button"],"picked":"SKIP","floor":20},{"not_picked":["Rebound","Sunder"],"picked":"Gash","floor":22}],"player_experience":242339,"relics_obtained":[{"floor":8,"key":"hubris:TinFlute"},{"floor":9,"key":"Simple Rune"},{"floor":19,"key":"ReplayTheSpireMod:Ring of Collecting"},{"floor":19,"key":"Ring of Peace"}],"event_choices":[{"cards_removed":["Strike_B"],"damage_healed":0,"gold_gain":0,"player_choice":"Purged","damage_taken":0,"max_hp_gain":0,"max_hp_loss":0,"event_name":"Purifier","floor":2,"gold_loss":0},{"damage_healed":0,"gold_gain":0,"player_choice":"Agree","damage_taken":0,"max_hp_gain":0,"max_hp_loss":0,"event_name":"conspire:LoneGhost","floor":6,"gold_loss":0},{"damage_healed":0,"gold_gain":0,"player_choice":"POTION ","damage_taken":12,"max_hp_gain":0,"max_hp_loss":0,"event_name":"Knowing Skull","floor":21,"potions_obtained":["SteroidPotion"],"gold_loss":0,"cards_obtained":[]}],"is_beta":false,"boss_relics":[{"not_picked":["Coffee Dripper","Replay:Grab Bag"],"picked":"SacredBark"}],"items_purged_floors":[5],"is_endless":false,"potions_floor_spawned":[4,8,11,14,18],"killed_by":"Shelled Parasite and Fungi","ascension_level":3}}