{"host":"newqdrzxfhh2im9e","time":1610214145,"event":{"mods":["AchievementEnabler","BaseMod","BetterRewards","Block Reminder","Colored Map","Jorbs\u0027s Wanderer Trilogy","Minty Spire (QoL Compilation)","Rare Cards Sparkle","Shop Mod","StSLib"],"gold_per_floor":[366,331,344,444,21,21,38,38,38,48,48,66,96,110,110,205,205,221,24,24,24,44,44,44,44,116,116,116],"floor_reached":27,"playtime":896,"items_purged":[],"score":211,"play_id":"2f5d2dff-da2c-45b9-9bc5-8e4360ae644b","local_time":"20210109094225","is_ascension_mode":false,"campfire_choices":[{"data":"ReachHeaven","floor":6,"key":"SMITH"},{"data":"LikeWater","floor":8,"key":"SMITH"},{"data":"MentalFortress","floor":11,"key":"SMITH"},{"floor":15,"key":"REST"},{"data":"ConjureBlade","floor":23,"key":"SMITH"},{"data":"WheelKick","floor":25,"key":"SMITH"}],"circlet_count":0,"master_deck":["Strike_P","Strike_P","Strike_P","Strike_P","Defend_P","Defend_P","Defend_P","Eruption","Vigilance","ReachHeaven+1","MentalFortress+1","LikeWater+1","Fasting2","ConjureBlade+1","Vengeance","DevaForm","BattleHymn","MentalFortress","WindmillStrike","WheelKick+1","Defend_P"],"relics":["PureWater","Membership Card","HornCleat","Gremlin Horn","Eternal Feather","Akabeko","SlaversCollar","Torii","Molten Egg 2"],"acts_visited":["Exordium","TheCity"],"potions_floor_usage":[10,13,13,16,27],"damage_taken":[{"damage":0,"enemies":"Jaw Worm","floor":1,"turns":4},{"damage":0,"enemies":"Small Slimes","floor":3,"turns":2},{"damage":0,"enemies":"Cultist","floor":7,"turns":2},{"damage":3,"enemies":"Gremlin Gang","floor":10,"turns":4},{"damage":3,"enemies":"Large Slime","floor":12,"turns":5},{"damage":31,"enemies":"Lagavulin","floor":13,"turns":7},{"damage":10,"enemies":"Looter","floor":14,"turns":2},{"damage":16,"enemies":"The Guardian","floor":16,"turns":10},{"damage":5,"enemies":"Chosen","floor":18,"turns":3},{"damage":28,"enemies":"Shell Parasite","floor":22,"turns":5},{"damage":71,"enemies":"Slavers","floor":27,"turns":4}],"seed_played":"5625241883983796831","potions_obtained":[{"floor":1,"key":"Fire Potion"},{"floor":10,"key":"LiquidBronze"},{"floor":12,"key":"Regen Potion"},{"floor":13,"key":"CultistPotion"},{"floor":22,"key":"GamblersBrew"}],"is_trial":false,"path_per_floor":["M","?","M","?","$","R","M","R","T","M","R","M","E","M","R","B",null,"M","$","?","?","M","R","?","R","T","E"],"character_chosen":"WATCHER","items_purchased":["Membership Card","HornCleat","Gremlin Horn","MentalFortress","Torii","MentalFortress"],"campfire_rested":1,"item_purchase_floors":[5,5,5,5,19,19],"current_hp_per_floor":[51,69,69,69,69,69,69,69,69,66,72,69,46,36,66,50,72,67,67,67,67,39,51,51,63,63,0,0],"gold":116,"neow_bonus":"TWO_FIFTY_GOLD","is_daily":false,"chose_seed":false,"campfire_upgraded":5,"win_rate":0.0,"timestamp":1610214145,"path_taken":["M","?","M","?","$","R","M","R","T","?","R","M","E","?","R","BOSS","M","$","?","?","M","R","?","R","T","E"],"items_purchased_type":["Relic","Relic","Relic","Card","Relic","Card"],"build_version":"2020-12-22","purchased_purges":0,"victory":false,"max_hp_per_floor":[72,72,72,72,72,72,72,72,72,72,72,72,72,72,72,72,72,72,72,72,72,72,72,72,72,72,72,72],"card_choices":[{"not_picked":["Protect","CutThroughFate"],"picked":"ReachHeaven","floor":1},{"not_picked":["FlyingSleeves","Protect","Prostrate"],"picked":"SKIP","floor":3},{"not_picked":["EmptyBody","CutThroughFate"],"picked":"LikeWater","floor":7},{"not_picked":["FollowUp","JustLucky","Evaluate"],"picked":"SKIP","floor":10},{"not_picked":["EmptyBody","ForeignInfluence"],"picked":"Fasting2","floor":12},{"not_picked":["EmptyBody","PathToVictory"],"picked":"ConjureBlade","floor":13},{"not_picked":["BowlingBash","ThirdEye"],"picked":"Vengeance","floor":14},{"not_picked":["Establishment","Brilliance"],"picked":"DevaForm","floor":16},{"not_picked":["WheelKick","Wireheading"],"picked":"BattleHymn","floor":18},{"not_picked":["Nirvana","CutThroughFate"],"picked":"WheelKick","floor":22}],"player_experience":717833,"relics_obtained":[{"floor":9,"key":"Eternal Feather"},{"floor":13,"key":"Akabeko"},{"floor":26,"key":"Molten Egg 2"}],"event_choices":[{"damage_healed":18,"gold_gain":0,"player_choice":"Healed","damage_taken":0,"max_hp_gain":0,"max_hp_loss":0,"event_name":"The Cleric","floor":2,"gold_loss":35},{"damage_healed":0,"gold_gain":100,"player_choice":"Pray","damage_taken":0,"max_hp_gain":0,"max_hp_loss":0,"event_name":"Golden Shrine","floor":4,"gold_loss":0},{"damage_healed":0,"gold_gain":0,"player_choice":"Read","damage_taken":0,"max_hp_gain":0,"max_hp_loss":0,"event_name":"The Library","floor":20,"gold_loss":0,"cards_obtained":["WindmillStrike"]},{"damage_healed":0,"gold_gain":0,"player_choice":"Ignored","damage_taken":0,"max_hp_gain":0,"max_hp_loss":0,"event_name":"Vampires","floor":21,"gold_loss":0},{"cards_removed":["Defend_P"],"damage_healed":0,"gold_gain":0,"player_choice":"Took Card","damage_taken":0,"max_hp_gain":0,"max_hp_loss":0,"event_name":"NoteForYourself","floor":24,"gold_loss":0,"cards_obtained":["Defend_P"]}],"is_beta":false,"boss_relics":[{"not_picked":["Pandora\u0027s Box","Velvet Choker"],"picked":"SlaversCollar"}],"items_purged_floors":[],"is_endless":false,"potions_floor_spawned":[1,10,12,13,22],"killed_by":"Slavers","ascension_level":0}}