{"host":"Scherbius","time":1610199827,"event":{"mods":["BaseMod","Bestiary","Highlight Path","Minty Spire (QoL Compilation)","Relic Stats"],"gold_per_floor":[111,126,145,145,7,38,48,24,51,71,71,97,107,136,136,233,233,251,166,178,26,26,26,26],"floor_reached":23,"playtime":3232,"items_purged":[],"score":253,"play_id":"869c2527-f946-486c-bfab-6275fc8fd46d","local_time":"20210109074347","is_ascension_mode":true,"campfire_choices":[{"floor":11,"key":"REST"},{"data":"Sweeping Beam","floor":15,"key":"SMITH"}],"circlet_count":0,"master_deck":["Strike_B","Strike_B","Strike_B","Strike_B+1","Defend_B","Defend_B+1","Defend_B","Defend_B","Zap","Dualcast","Heatsinks","Fusion","Go for the Eyes","Flash of Steel","Genetic Algorithm","Sweeping Beam+1","Reinforced Body","Rebound","Tempest","Core Surge","CurseOfTheBell","Streamline","Creative AI","All For One"],"relics":["Busted Crown","Bag of Preparation","Regal Pillow","Nunchaku","Smiling Mask","Calling Bell","Bag of Marbles","Mummified Hand","Peace Pipe","StoneCalendar"],"acts_visited":["Exordium","TheCity"],"potions_floor_usage":[6,10,12,12,16],"damage_taken":[{"damage":2,"enemies":"Small Slimes","floor":1,"turns":3},{"damage":3,"enemies":"2 Louse","floor":2,"turns":2},{"damage":7,"enemies":"Jaw Worm","floor":3,"turns":5},{"damage":27,"enemies":"3 Sentries","floor":6,"turns":7},{"damage":0,"enemies":"2 Fungi Beasts","floor":7,"turns":4},{"damage":8,"enemies":"Gremlin Gang","floor":10,"turns":5},{"damage":15,"enemies":"Gremlin Nob","floor":12,"turns":5},{"damage":0,"enemies":"Large Slime","floor":13,"turns":5},{"damage":13,"enemies":"3 Sentries","floor":14,"turns":6},{"damage":23,"enemies":"Slime Boss","floor":16,"turns":8},{"damage":22,"enemies":"Spheric Guardian","floor":18,"turns":4},{"damage":14,"enemies":"2 Thieves","floor":20,"turns":4},{"damage":39,"enemies":"Slavers","floor":23,"turns":2}],"seed_played":"-5053873326970210715","potions_obtained":[{"floor":1,"key":"Ancient Potion"},{"floor":2,"key":"AttackPotion"},{"floor":7,"key":"Regen Potion"},{"floor":13,"key":"Weak Potion"}],"is_trial":false,"path_per_floor":["M","M","M","?","$","E","M","$","T","M","R","E","M","E","R","B",null,"M","?","M","$","?","E"],"character_chosen":"DEFECT","items_purchased":["Flash of Steel","Weak Potion","Sweeping Beam","Creative AI"],"campfire_rested":1,"item_purchase_floors":[5,5,8,21],"current_hp_per_floor":[73,70,63,48,48,21,21,21,21,27,64,49,49,36,36,13,75,53,53,39,39,39,0,0],"gold":26,"neow_bonus":"BOSS_RELIC","is_daily":false,"chose_seed":false,"campfire_upgraded":1,"win_rate":0.0,"timestamp":1610199827,"path_taken":["M","M","M","?","$","E","M","$","T","M","R","E","M","E","R","BOSS","M","?","M","$","?","E"],"items_purchased_type":["Card","Potion","Card","Card"],"build_version":"2020-12-18","purchased_purges":0,"victory":false,"max_hp_per_floor":[75,75,75,75,75,75,75,75,75,75,75,75,75,75,75,75,75,75,75,75,75,75,75,75],"relic_stats":{"Peace Pipe":0,"Regal Pillow":15,"Nunchaku":[6],"Busted Crown":26,"counters":[13,60],"Mummified Hand":[2],"StoneCalendar":[0],"Bag of Preparation":[18],"Smiling Mask":0,"obtain_stats":[{"Calling Bell":17,"Peace Pipe":17,"Regal Pillow":9,"Nunchaku":12,"Busted Crown":0,"Mummified Hand":17,"StoneCalendar":19,"Bag of Preparation":6,"Bag of Marbles":17,"Cracked Core":0,"Smiling Mask":14},{"Calling Bell":10,"Peace Pipe":10,"Regal Pillow":5,"Nunchaku":7,"Busted Crown":0,"Mummified Hand":10,"StoneCalendar":11,"Bag of Preparation":4,"Bag of Marbles":10,"Cracked Core":0,"Smiling Mask":9},{"Calling Bell":50,"Peace Pipe":50,"Regal Pillow":21,"Nunchaku":31,"Busted Crown":0,"Mummified Hand":50,"StoneCalendar":54,"Bag of Preparation":17,"Bag of Marbles":50,"Cracked Core":0,"Smiling Mask":42}]},"card_choices":[{"not_picked":[],"picked":"Heatsinks","floor":1},{"not_picked":[],"picked":"Fusion","floor":2},{"not_picked":[],"picked":"Go for the Eyes","floor":3},{"not_picked":[],"picked":"Genetic Algorithm","floor":6},{"not_picked":["Redo"],"picked":"SKIP","floor":7},{"not_picked":[],"picked":"Reinforced Body","floor":10},{"not_picked":[],"picked":"Rebound","floor":12},{"not_picked":["Consume"],"picked":"SKIP","floor":13},{"not_picked":[],"picked":"Tempest","floor":14},{"not_picked":[],"picked":"Core Surge","floor":16},{"not_picked":[],"picked":"Streamline","floor":18},{"not_picked":["Gash"],"picked":"SKIP","floor":20}],"player_experience":249775,"relics_obtained":[{"floor":6,"key":"Bag of Preparation"},{"floor":9,"key":"Regal Pillow"},{"floor":12,"key":"Nunchaku"},{"floor":14,"key":"Smiling Mask"},{"floor":17,"key":"Bag of Marbles"},{"floor":17,"key":"Mummified Hand"},{"floor":17,"key":"Peace Pipe"}],"event_choices":[{"damage_healed":0,"gold_gain":0,"player_choice":"Entered Light","damage_taken":15,"max_hp_gain":0,"max_hp_loss":0,"event_name":"Shining Light","floor":4,"gold_loss":0,"cards_upgraded":["Strike_B","Defend_B"]},{"damage_healed":0,"gold_gain":0,"player_choice":"Obtained Relic","damage_taken":0,"relics_obtained":["StoneCalendar"],"max_hp_gain":0,"max_hp_loss":0,"event_name":"Addict","floor":19,"gold_loss":85},{"damage_healed":0,"gold_gain":0,"player_choice":"Read","damage_taken":0,"max_hp_gain":0,"max_hp_loss":0,"event_name":"The Library","floor":22,"gold_loss":0,"cards_obtained":["All For One"]}],"is_beta":true,"boss_relics":[{"not_picked":["Black Star","Cursed Key"],"picked":"Calling Bell"}],"items_purged_floors":[],"is_endless":false,"potions_floor_spawned":[1,2,7,13],"killed_by":"Slavers","ascension_level":4}}