{"host":"j2lclbvdfoh0nnbr","time":1610185431,"event":{"mods":["ATMod(∞¢Ë™Mod)","Aspiration","BaseMod","Downfall","Lobotomy","LobotomyExtend","Minty Spire (QoL Compilation)","Reimu£®≤©¿ˆ¡È√Œ£©","Replay The Spire","StSLib","The Animator","The Bug Knight","Waifu the Spire","[IsaacMod]“‘»ˆº‚À˛"],"gold_per_floor":[110,110,130,146,146,177,202,229,281,316,316,316,14,14,14,119,119,131,131,143,176,192,221,221,249,249,249,249],"floor_reached":27,"playtime":1446,"items_purged":[],"score":547,"play_id":"dfbbe926-fdd8-4cf4-97b6-ae9992e4ac40","local_time":"20210109174351","daily_mods":["Draft","Vintage","Heirloom","Time Dilation","Flight","downfall:Lament","DeadlyEvents","Elite Swarm"],"is_ascension_mode":false,"campfire_choices":[{"data":"True Grit","floor":11.0,"key":"SMITH"},{"data":"AT_Dispersion","floor":12.0,"key":"SMITH"},{"data":"ReplayTheSpireMod:Strike From Hell","floor":15.0,"key":"PURGE"},{"data":"AT_Dispersion","floor":24,"key":"SMITH"}],"circlet_count":0,"master_deck":["EpicFetus","AT_KingSlayer","AT_BodySlamDance","Metallicize","AT_CaressingTears","AT_ShrugMaster","Burning Pact","Rage","Sentinel","Flame Barrier","AT_BodySlamDance","Flex","Flex","Spot Weakness","Searing Blow","Barricade","Berserk","AT_Dispersion+1","True Grit+1","Feed","Reaper","AT_Dispersion+1"],"relics":["Burning Blood","replay:Trail_Library","AT_ATBox","NeowsBlessing","HushsDoor","DeadEye","MoneyPower","Gambling Chip","LetterFromLob","Gaze_r","HonorFeather","AT_ImmortalShieldbow","AT_SpeedBoots","ReplayTheSpireMod:TigerMarble","AT_ForceNature","Prayer Wheel","hexamod:BolsterEngine","Blue Candle","Replay:Multitool","SacredBark","Damocles","Centennial Puzzle","Ancient Tea Set","Regal Pillow","Ginger","Omamori","AT_RedTearstoneRing","BlankCard","aspiration:AnachronicSnailShell","DoctorsRemote","AT_EbonyIvory","BookOfRevelations","CrazyTorch:ReiMu","Tiny Chest","GnawedLeaf"],"acts_visited":["Exordium","TheCity"],"potions_floor_usage":[20,20,23],"damage_taken":[{"damage":0.0,"enemies":"2 Louse","floor":1.0,"turns":2.0},{"damage":0.0,"enemies":"2 Louse","floor":2.0,"turns":1.0},{"damage":0.0,"enemies":"2 Louse","floor":2.0,"turns":1.0},{"damage":4.0,"enemies":"Cultist","floor":3.0,"turns":4.0},{"damage":0.0,"enemies":"Small Slimes","floor":4.0,"turns":2.0},{"damage":2.0,"enemies":"3 Sentries","floor":6.0,"turns":5.0},{"damage":22.0,"enemies":"Lagavulin","floor":7.0,"turns":4.0},{"damage":9.0,"enemies":"3 Sentries","floor":8.0,"turns":4.0},{"damage":0.0,"enemies":"Gremlin Nob","floor":10.0,"turns":2.0},{"damage":8.0,"enemies":"3 Sentries","floor":14.0,"turns":3.0},{"damage":23.0,"enemies":"Slime Boss","floor":16.0,"turns":7.0},{"damage":0,"enemies":"Spheric Guardian","floor":18,"turns":1},{"damage":0,"enemies":"2 Thieves","floor":20,"turns":2},{"damage":21,"enemies":"Gremlin Leader","floor":21,"turns":3},{"damage":2,"enemies":"3 Cultists","floor":22,"turns":5},{"damage":0,"enemies":"Slavers","floor":23,"turns":3},{"damage":0,"enemies":"Book of Stabbing","floor":25,"turns":2},{"damage":0,"enemies":"Slavers","floor":27,"turns":1}],"seed_played":"9066752804578823092","potions_obtained":[{"floor":1.0,"key":"Dexterity Potion"},{"floor":3.0,"key":"Explosive Potion"},{"floor":7.0,"key":"Explosive Potion"},{"floor":8.0,"key":"Adrenaline Potion"},{"floor":18,"key":"BloodPotion"},{"floor":22,"key":"Fire Potion"}],"is_trial":true,"path_per_floor":["M","?","M","M","?","E","E","E","T","E","R","R","$","E","R","B",null,"M","?","M","E","M","E","R","E","T","E"],"character_chosen":"IRONCLAD","items_purchased":["Replay:Multitool","Damocles"],"campfire_rested":0,"item_purchase_floors":[13,17],"current_hp_per_floor":[80,80,80,80,80,80,64,61,61,67,80,80,80,78,80,67,70,70,70,70,55,73,76,76,76,76,0,0],"gold":249,"neow_bonus":"","is_daily":false,"chose_seed":false,"campfire_upgraded":3,"win_rate":0.0,"timestamp":1610185431,"path_taken":["M","?","M","?","?","E","E","E","T","E","R","R","?","?","R","BOSS","M","?","M","?","?","E","R","E","T","E"],"items_purchased_type":["Relic","Relic"],"build_version":"2020-12-22","purchased_purges":0,"victory":false,"max_hp_per_floor":[80,80,80,80,80,80,80,80,80,80,80,80,80,80,80,80,70,70,70,70,70,73,76,76,76,76,76,76],"card_choices":[{"not_picked":[],"picked":"EpicFetus","floor":0.0},{"not_picked":["Intimidate","ReplayReversal"],"picked":"AT_BodySlamDance","floor":0.0},{"not_picked":["Replay:Undeath\u0027s Touch","Uppercut"],"picked":"Metallicize","floor":0.0},{"not_picked":["Anger","Pummel"],"picked":"ReplayTheSpireMod:Strike From Hell","floor":0.0},{"not_picked":["Thunderclap","Seeing Red"],"picked":"AT_CaressingTears","floor":0.0},{"not_picked":["Immolate","ReplayTheSpireMod:Strike From Hell"],"picked":"AT_ShrugMaster","floor":0.0},{"not_picked":["Feel No Pain","Clothesline"],"picked":"Burning Pact","floor":0.0},{"not_picked":["Fire Breathing","Clothesline"],"picked":"Cleave","floor":0.0},{"not_picked":["Clash","Clothesline"],"picked":"Rage","floor":0.0},{"not_picked":["Heavy Blade","Flex"],"picked":"Sentinel","floor":0.0},{"not_picked":["Clash","Carnage"],"picked":"Flame Barrier","floor":0.0},{"not_picked":["ReplayTheSpireMod:Strike From Hell","Iron Wave"],"picked":"AT_BodySlamDance","floor":0.0},{"not_picked":["Perfected Strike","Uppercut"],"picked":"Flex","floor":0.0},{"not_picked":["Run Through","Headbutt"],"picked":"Flex","floor":0.0},{"not_picked":["ReplayTheSpireMod:Strike From Hell","Whirlwind"],"picked":"Spot Weakness","floor":0.0},{"not_picked":["Uppercut","Carnage"],"picked":"Searing Blow","floor":0.0},{"not_picked":["Impervious","Berserk"],"picked":"Barricade","floor":6.0},{"not_picked":["Barricade","Replay:Many Hands","Immolate"],"picked":"SKIP","floor":7.0},{"not_picked":["Brutality","Fiend Fire"],"picked":"Berserk","floor":8.0},{"not_picked":["Eclipse","Juggernaut"],"picked":"AT_Dispersion","floor":10.0},{"not_picked":["Reaper","Immolate"],"picked":"Feed","floor":16.0},{"not_picked":["Immolate","Berserk"],"picked":"Reaper","floor":21},{"not_picked":["Feed","Demon Form"],"picked":"AT_Dispersion","floor":23},{"not_picked":["Fiend Fire","Barricade","Eclipse"],"picked":"SKIP","floor":25}],"player_experience":341483,"relics_obtained":[{"floor":1.0,"key":"Gambling Chip"},{"floor":1.0,"key":"LetterFromLob"},{"floor":3.0,"key":"AT_ImmortalShieldbow"},{"floor":4.0,"key":"AT_SpeedBoots"},{"floor":6.0,"key":"ReplayTheSpireMod:TigerMarble"},{"floor":7.0,"key":"AT_ForceNature"},{"floor":8.0,"key":"Prayer Wheel"},{"floor":9.0,"key":"hexamod:BolsterEngine"},{"floor":10.0,"key":"Blue Candle"},{"floor":18,"key":"Centennial Puzzle"},{"floor":18,"key":"Ancient Tea Set"},{"floor":20,"key":"Ginger"},{"floor":20,"key":"Omamori"},{"floor":21,"key":"AT_RedTearstoneRing"},{"floor":21,"key":"BlankCard"},{"floor":22,"key":"aspiration:AnachronicSnailShell"},{"floor":22,"key":"DoctorsRemote"},{"floor":23,"key":"AT_EbonyIvory"},{"floor":23,"key":"BookOfRevelations"},{"floor":25,"key":"CrazyTorch:ReiMu"},{"floor":25,"key":"Tiny Chest"},{"floor":26,"key":"GnawedLeaf"}],"event_choices":[],"is_beta":false,"boss_relics":[{"not_picked":["aspiration:SecretTechniqueScroll","Replay:Grab Bag"],"picked":"SacredBark"},{"not_picked":[]}],"items_purged_floors":[],"is_endless":true,"potions_floor_spawned":[1,2,3,7,8,16,18,22],"killed_by":"Slavers","ascension_level":0}}