{"host":"okln270zkafj6dck","time":1610185685,"event":{"mods":["BaseMod","Minty Spire (QoL Compilation)","Permanent Neow","Quick Restart","Relic Stats","StSLib","SuperFastMode"],"gold_per_floor":[110,128,142,30,30,30,59,70,90,140,151,151,163,163,196,196,274,274,291,341,361,361,361],"floor_reached":22,"playtime":559,"items_purged":["Strike_G"],"score":396,"play_id":"3eeda6a7-ee41-4f7a-abeb-70f49779af56","local_time":"20210109014805","is_ascension_mode":true,"campfire_choices":[{"floor":12.0,"key":"REST"},{"data":"Envenom","floor":14.0,"key":"SMITH"},{"data":"Catalyst","floor":16.0,"key":"SMITH"}],"circlet_count":0,"master_deck":["AscendersBane","Strike_G","Strike_G","Defend_G","Defend_G","Defend_G","Defend_G","Survivor","Neutralize","Blade Dance+1","Heel Hook+1","Sucker Punch+1","Blade Dance","Noxious Fumes+1","PiercingWail","Well Laid Plans","Envenom+1","Catalyst+1","Night Terror","Bullet Time"],"relics":["Astrolabe","Eternal Feather","Smiling Mask","White Beast Statue","Cursed Key"],"acts_visited":["Exordium","TheCity"],"potions_floor_usage":[],"damage_taken":[{"damage":9.0,"enemies":"Jaw Worm","floor":1.0,"turns":3.0},{"damage":4.0,"enemies":"Cultist","floor":2.0,"turns":3.0},{"damage":0.0,"enemies":"Small Slimes","floor":3.0,"turns":3.0},{"damage":17.0,"enemies":"3 Sentries","floor":7.0,"turns":6.0},{"damage":9.0,"enemies":"3 Louse","floor":8.0,"turns":3.0},{"damage":4.0,"enemies":"Lots of Slimes","floor":9.0,"turns":5.0},{"damage":12.0,"enemies":"Looter","floor":11.0,"turns":4.0},{"damage":0.0,"enemies":"2 Fungi Beasts","floor":13.0,"turns":3.0},{"damage":10.0,"enemies":"Lagavulin","floor":15.0,"turns":5.0},{"damage":20.0,"enemies":"The Guardian","floor":17.0,"turns":8.0},{"damage":16.0,"enemies":"Shell Parasite","floor":19.0,"turns":5.0},{"damage":14.0,"enemies":"3 Byrds","floor":21.0,"turns":7.0},{"damage":0,"enemies":"Shelled Parasite and Fungi","floor":22,"turns":1}],"seed_played":"-6209670994795978002","potions_obtained":[{"floor":2.0,"key":"Dexterity Potion"},{"floor":13.0,"key":"ColorlessPotion"},{"floor":15.0,"key":"Fruit Juice"},{"floor":17.0,"key":"DistilledChaos"},{"floor":19.0,"key":"Energy Potion"},{"floor":21.0,"key":"AttackPotion"}],"is_trial":false,"path_per_floor":["M","M","M","$","$","?","E","M","M","T","M","R","M","R","E","R","B",null,"M","?","M","M"],"character_chosen":"THE_SILENT","items_purchased":["Well Laid Plans"],"campfire_rested":1,"item_purchase_floors":[4],"current_hp_per_floor":[50,46,46,46,46,46,29,20,16,16,4,32,32,41,31,40,25,60,44,44,30,30,30],"gold":361,"neow_bonus":"BOSS_RELIC","is_daily":false,"chose_seed":false,"campfire_upgraded":2,"win_rate":0.0,"timestamp":1610185685,"path_taken":["M","M","M","$","$","?","E","M","M","T","?","R","M","R","E","R","BOSS","M","?","M","M"],"items_purchased_type":["Card"],"build_version":"2020-12-22","purchased_purges":1,"victory":false,"max_hp_per_floor":[66,66,66,66,66,66,66,66,66,66,66,66,66,66,66,66,71,71,71,71,71,71,71],"relic_stats":{"counters":[13,55],"Astrolabe":["Blade Dance","Heel Hook","Sucker Punch"],"Eternal Feather":27,"Smiling Mask":0,"Cursed Key":0,"obtain_stats":[{"Astrolabe":0,"Eternal Feather":7,"Smiling Mask":10,"Cursed Key":18,"White Beast Statue":15,"Ring of the Snake":0},{"Astrolabe":0,"Eternal Feather":4,"Smiling Mask":6,"Cursed Key":10,"White Beast Statue":9,"Ring of the Snake":0},{"Astrolabe":0,"Eternal Feather":15,"Smiling Mask":23,"Cursed Key":43,"White Beast Statue":35,"Ring of the Snake":0}]},"card_choices":[{"not_picked":["Deadly Poison","Flying Knee"],"picked":"Blade Dance","floor":1.0},{"not_picked":["Sucker Punch","Choke"],"picked":"Noxious Fumes","floor":2.0},{"not_picked":["Prepared","Endless Agony"],"picked":"PiercingWail","floor":3.0},{"not_picked":["Prepared","Flechettes"],"picked":"Envenom","floor":7.0},{"not_picked":["Poisoned Stab","Deadly Poison","Reflex"],"picked":"SKIP","floor":8.0},{"not_picked":["Outmaneuver","Expertise"],"picked":"Catalyst","floor":9.0},{"not_picked":["Quick Slash","Bane","Dagger Throw"],"picked":"SKIP","floor":11.0},{"not_picked":["Acrobatics","Flying Knee","Prepared"],"picked":"SKIP","floor":13.0},{"not_picked":["Endless Agony","Deadly Poison"],"picked":"Night Terror","floor":15.0},{"not_picked":["Venomology","Envenom"],"picked":"Bullet Time","floor":17.0},{"not_picked":["Blade Dance","Poisoned Stab","Dodge and Roll"],"picked":"SKIP","floor":19.0},{"not_picked":["Outmaneuver","Dodge and Roll","Sucker Punch"],"picked":"SKIP","floor":21.0}],"player_experience":97712,"relics_obtained":[{"floor":7.0,"key":"Eternal Feather"},{"floor":10.0,"key":"Smiling Mask"},{"floor":15.0,"key":"White Beast Statue"}],"event_choices":[{"damage_healed":0.0,"max_hp_gain":0.0,"max_hp_loss":0.0,"gold_gain":0.0,"event_name":"Upgrade Shrine","player_choice":"Upgraded","floor":6.0,"gold_loss":0.0,"damage_taken":0.0,"cards_upgraded":["Noxious Fumes"]},{"damage_healed":0.0,"max_hp_gain":0.0,"max_hp_loss":0.0,"gold_gain":50.0,"event_name":"Nest","player_choice":"Stole From Cult","floor":20.0,"gold_loss":0.0,"damage_taken":0.0}],"is_beta":false,"boss_relics":[{"not_picked":["Busted Crown","HoveringKite"],"picked":"Cursed Key"}],"items_purged_floors":[4],"is_endless":false,"potions_floor_spawned":[2,13,15,17,19,21],"killed_by":"Shelled Parasite and Fungi","ascension_level":20}}