{"host":"9mnb7pbo3pfmmmyl","time":1610210249,"event":{"mods":["ATMod(阿瑾Mod)","Ascension Reborn","BaseMod","Conspire","Highlight Path","Minty Spire (QoL Compilation)","MostiFishMod","Quick Restart","Shop Mod","Spicy Shops","StSLib","TestMod","【功能Mod】聪明的最终Boss","【遗物卡牌】REMEMod","篝火指南"],"gold_per_floor":[110,110,35,53,53,84,84,118,118,43,75,91,91,120,120,195,195,211,111,161,179,198,224,224,224,224,254,268,268,285,316,316,388,388,407,407,161,180,180,205,205,222,300,335,10,40,60,33,33,33,33],"floor_reached":50,"playtime":1680,"items_purged":["Defend_B","Dualcast+1","Defend_B+1","Strike_B+1","Strike_B+1"],"score":1778,"play_id":"9f0359ab-32af-4526-8832-bf796fbe46dd","local_time":"20210110003729","is_ascension_mode":true,"campfire_choices":[{"data":"Defragment","floor":7.0,"key":"SMITH"},{"data":"Dualcast","floor":15,"key":"SMITH"},{"data":"Electrodynamics","floor":29,"key":"SMITH"},{"data":"Capacitor","floor":32,"key":"SMITH"},{"floor":41,"key":"RECALL"},{"data":"Loop","floor":49,"key":"SMITH"}],"circlet_count":0,"master_deck":["AscendersBane","Defend_B+1","Defend_B+1","Zap+1","Tempest+1","AT_ShrugMaster","Defragment+1","Electrodynamics+1","Redo+1","MostiFishMod:Nova+1","Capacitor+1","Loop","Meteor Strike+1","Loop+1"],"relics":["Cracked Core","testmod-TestBox","DaveBox","REME_ComplimentaryCards","AT_ATBox","Transparent","testmod-Prudence","NeowsBlessing","SynthV:TestCard","testmod-ObsoleteBoomerang","Mercury Hourglass","conspire:RunicOctahedron","AT_ArchangelStaff","SynthV:C4","Molten Egg 2","AT_SpeedBoots","MerchantsRug","AT_BellowingDragoncrestRing"],"acts_visited":["Exordium","TheCity","TheBeyond"],"potions_floor_usage":[14,21,38,50,50],"damage_taken":[{"damage":7.0,"enemies":"Cultist","floor":1.0,"turns":1.0},{"damage":7.0,"enemies":"conspire:RoseBush","floor":4.0,"turns":1.0},{"damage":7.0,"enemies":"Lagavulin","floor":6.0,"turns":1.0},{"damage":14.0,"enemies":"Gremlin Nob","floor":8.0,"turns":2.0},{"damage":14,"enemies":"Lagavulin","floor":11,"turns":2},{"damage":7,"enemies":"Small Slimes","floor":12,"turns":1},{"damage":14,"enemies":"Gremlin Nob","floor":14,"turns":2},{"damage":28,"enemies":"The Guardian","floor":16,"turns":4},{"damage":7,"enemies":"Shell Parasite","floor":18,"turns":1},{"damage":7,"enemies":"2 Thieves","floor":21,"turns":1},{"damage":7,"enemies":"Snake Plant","floor":22,"turns":1},{"damage":32,"enemies":"Gremlin Leader","floor":23,"turns":2},{"damage":14,"enemies":"REME_1_Revenger","floor":27,"turns":2},{"damage":14,"enemies":"conspire:HollyBat","floor":28,"turns":2},{"damage":7,"enemies":"Sentry and Sphere","floor":30,"turns":1},{"damage":14,"enemies":"conspire:Head Lice","floor":31,"turns":2},{"damage":46,"enemies":"Champ","floor":33,"turns":4},{"damage":7,"enemies":"3 Shapes","floor":35,"turns":1},{"damage":7,"enemies":"Orb Walker","floor":38,"turns":1},{"damage":21,"enemies":"Giant Head","floor":40,"turns":3},{"damage":14,"enemies":"Writhing Mass","floor":42,"turns":2},{"damage":26,"enemies":"Nemesis","floor":44,"turns":3},{"damage":14,"enemies":"Reptomancer","floor":46,"turns":2},{"damage":14,"enemies":"Spire Growth","floor":47,"turns":2},{"damage":76,"enemies":"Awakened One","floor":50,"turns":3}],"seed_played":"8972429075240786513","potions_obtained":[{"floor":1.0,"key":"Fruit Juice"},{"floor":6.0,"key":"AttackPotion"},{"floor":11,"key":"SpeedPotion"},{"floor":14,"key":"REME_GoldPotion"},{"floor":18,"key":"FearPotion"},{"floor":22,"key":"SpeedPotion"},{"floor":23,"key":"AttackPotion"},{"floor":38,"key":"testmod-SpacePotion"},{"floor":40,"key":"AttackPotion"},{"floor":44,"key":"SpeedPotion"},{"floor":46,"key":"DistilledChaos"}],"is_trial":false,"path_per_floor":["M","?","?","M","$","E","R","E","T","$","E","M","?","E","R","B",null,"M","$","?","M","M","E","?","?","T","E","M","R","M","E","R","B",null,"M","?","$","M","$","E","R","M","T","E","R","E","M","$","R","B"],"character_chosen":"DEFECT","items_purchased":["MerchantsRug","Loop"],"campfire_rested":0,"item_purchase_floors":[37,48],"current_hp_per_floor":[76,76,76,76,76,76,76,76,76,76,76,76,69,76,76,76,76,76,76,76,76,76,76,76,76,76,76,76,76,76,76,76,76,76,76,76,76,76,76,76,76,76,76,76,76,76,76,76,76,0,0],"gold":33,"neow_bonus":"THREE_ENEMY_KILL","is_daily":false,"chose_seed":false,"campfire_upgraded":5,"win_rate":0.0,"timestamp":1610210249,"path_taken":["M","?","?","M","$","E","R","E","T","$","E","M","?","E","R","BOSS","M","$","?","M","?","E","?","?","T","E","M","R","M","E","R","BOSS","M","?","?","M","$","E","R","M","T","E","R","E","M","$","R","BOSS"],"items_purchased_type":["Relic","Card"],"build_version":"2020-12-22","purchased_purges":5,"victory":false,"max_hp_per_floor":[76,76,76,76,76,76,76,76,76,76,76,76,76,76,76,76,76,76,76,76,76,76,76,76,76,76,76,76,76,76,76,76,76,76,76,76,76,76,76,76,76,76,76,76,76,76,76,76,76,76,76],"card_choices":[{"not_picked":["Hologram","Coolheaded","Gash"],"picked":"SKIP","floor":1.0},{"not_picked":["Static Discharge","MostiFishMod:PushDownKick","Redo","Steam Power"],"picked":"Defragment","floor":4.0},{"not_picked":["Blizzard","Barrage","Undo","Redo","AT_WarpDrive"],"picked":"SKIP","floor":6.0},{"not_picked":["Coolheaded","MostiFishMod:SeaWaves","MostiFishMod:LinkProtocol","Compile Driver","REME_Compress"],"picked":"SKIP","floor":8.0},{"not_picked":["Hologram","Rebound","Core Surge","AT_HeatAcrobatics","Sweeping Beam"],"picked":"SKIP","floor":11},{"not_picked":["Barrage","AT_HeatAcrobatics","Hello World","FTL","MostiFishMod:PushDownKick"],"picked":"SKIP","floor":12},{"not_picked":["Rip and Tear","Streamline","FTL","Beam Cell","Sweeping Beam"],"picked":"SKIP","floor":14},{"not_picked":["Rip and Tear","Streamline","FTL","Beam Cell","Sweeping Beam"],"picked":"SKIP","floor":14},{"not_picked":["MostiFishMod:Nova","Creative AI","Machine Learning","AT_WaterDrop"],"picked":"Electrodynamics","floor":16},{"not_picked":["AT_StudyProgram","Barrage","Lockon","Streamline"],"picked":"Redo+1","floor":18},{"not_picked":["Steam","Coolheaded","Reinforced Body","Cold Snap","AT_HeatAcrobatics"],"picked":"SKIP","floor":21},{"not_picked":["AT_StudyProgram+1","AT_DarkMatter","Streamline","Stack","Glacier"],"picked":"SKIP","floor":22},{"not_picked":["Redo","Steam","MostiFishMod:LinkProtocol","Lockon","Coolheaded"],"picked":"SKIP","floor":23},{"not_picked":["MostiFishMod:GatherIntelligence","AT_WaterDrop","Cold Snap+1","Ball Lightning+1","REME_SelfUpgrade"],"picked":"SKIP","floor":27},{"not_picked":["Cold Snap+1","MostiFishMod:PushDownKick+1","Rebound+1","AT_EMC2+1"],"picked":"MostiFishMod:Nova+1","floor":28},{"not_picked":["Sweeping Beam+1","MostiFishMod:PushDownKick+1","Steam Power","Go for the Eyes+1","Barrage+1"],"picked":"SKIP","floor":30},{"not_picked":["REME_Shoggoth+1","Auto Shields","Ball Lightning+1","Blizzard+1"],"picked":"Capacitor","floor":31},{"not_picked":["Stack","MostiFishMod:PushDownKick+1","Steam","Genetic Algorithm","Melter+1"],"picked":"SKIP","floor":35},{"not_picked":["Stack","Gash+1","Beam Cell+1","Rebound+1","Sweeping Beam+1"],"picked":"SKIP","floor":38},{"not_picked":["Go for the Eyes+1","Redo","Auto Shields","Beam Cell+1","All For One+1"],"picked":"SKIP","floor":40},{"not_picked":["Recycle","Go for the Eyes+1","BootSequence+1","Fusion"],"picked":"Loop","floor":42},{"not_picked":["AT_HeatAcrobatics+1","Sweeping Beam+1","Compile Driver+1","Leap","Darkness"],"picked":"SKIP","floor":44},{"not_picked":["Stack","Rip and Tear+1","Heatsinks","Turbo"],"picked":"Meteor Strike+1","floor":46},{"not_picked":["Conserve Battery+1","Redo+1","Force Field","Barrage+1","Rebound+1"],"picked":"SKIP","floor":47}],"player_experience":478284,"relics_obtained":[{"floor":1.0,"key":"SynthV:TestCard"},{"floor":6.0,"key":"testmod-ObsoleteBoomerang"},{"floor":8.0,"key":"Mercury Hourglass"},{"floor":11,"key":"War Paint"},{"floor":14,"key":"Omamori"},{"floor":23,"key":"AT_ArchangelStaff"},{"floor":26,"key":"SynthV:C4"},{"floor":27,"key":"Molten Egg 2"},{"floor":31,"key":"AT_SpeedBoots"},{"floor":43,"key":"AT_BellowingDragoncrestRing"},{"floor":46,"key":"Darkstone Periapt"}],"event_choices":[{"damage_healed":0.0,"max_hp_gain":0.0,"max_hp_loss":0.0,"gold_gain":0.0,"event_name":"Living Wall","player_choice":"Grow","floor":2.0,"gold_loss":0.0,"damage_taken":0.0,"cards_upgraded":["Tempest"]},{"cards_removed":["Strike_B"],"damage_healed":0.0,"max_hp_gain":0.0,"max_hp_loss":0.0,"gold_gain":0.0,"event_name":"The Cleric","player_choice":"Card Removal","floor":3.0,"gold_loss":75.0,"damage_taken":0.0},{"cards_removed":["Strike_B"],"damage_healed":0,"gold_gain":0,"player_choice":"Card Removal","damage_taken":7,"max_hp_gain":0,"max_hp_loss":0,"event_name":"Golden Wing","floor":13,"gold_loss":0},{"damage_healed":0,"gold_gain":50,"player_choice":"Pray","damage_taken":0,"max_hp_gain":0,"max_hp_loss":0,"event_name":"Golden Shrine","floor":20,"gold_loss":0},{"damage_healed":0,"gold_gain":0,"player_choice":"Simplicity","damage_taken":0,"max_hp_gain":0,"max_hp_loss":0,"event_name":"Back to Basics","floor":24,"gold_loss":0,"cards_upgraded":["Strike_B","Strike_B","Defend_B","Defend_B"]},{"damage_healed":0,"gold_gain":0,"player_choice":"Ignored","damage_taken":0,"max_hp_gain":0,"max_hp_loss":0,"event_name":"给自己的盒子","floor":25,"gold_loss":0},{"damage_healed":0,"gold_gain":0,"player_choice":"0 cards matched","damage_taken":0,"max_hp_gain":0,"max_hp_loss":0,"event_name":"Match and Keep!","floor":36,"gold_loss":0,"cards_obtained":[]}],"is_beta":false,"boss_relics":[{"not_picked":["Pandora\u0027s Box","GuanYuAspect"],"picked":"conspire:RunicOctahedron"},{"not_picked":["BloodWine","testmod-IncinerationGenerator","Velvet Choker"]}],"items_purged_floors":[10,19,37,45,45],"is_endless":false,"potions_floor_spawned":[1,6,11,14,18,22,23,28,31,38,40,44,46],"killed_by":"Awakened One","ascension_level":20}}