{"host":"po0gzr6h085cygwo","time":1610186530,"event":{"mods":["AchievementEnabler","BaseMod","Colored Map","DeckTracker","KOR Keyword Fix","Minty Spire (QoL Compilation)","Rare Cards Sparkle","Replay The Spire","StSLib","SuperFastMode"],"gold_per_floor":[116,135,135,60,72,105,105,16,70,96,96,96,120,35,35,154,154,168,182,205,75,75,75],"floor_reached":22,"playtime":1465,"items_purged":["Strike_G","Strike_G","Injury","Defend_G"],"score":223,"play_id":"9c0a8692-2933-4443-9a04-f91b1f23b0c9","local_time":"20210109190210","is_ascension_mode":true,"campfire_choices":[{"data":"Cloak And Dagger","floor":7.0,"key":"SMITH"},{"floor":15.0,"key":"REST"}],"circlet_count":0,"master_deck":["Strike_G","Strike_G","Strike_G","Defend_G","Defend_G","Defend_G","Defend_G","Survivor","Neutralize","Infinite Blades","ReplayTheSpireMod:Speed Training+1","Cloak And Dagger+1","Backstab","Hidden Blade","Footwork","Envenom","ReplayTheSpireMod:Shiv Toss","Accuracy"],"relics":["Ring of the Snake","NeowsBlessing","Smiling Mask","Anchor","Nunchaku","Golden Idol","Quantum Egg","Painkiller Herb"],"acts_visited":["Exordium","TheCity"],"potions_floor_usage":[20,22],"damage_taken":[{"damage":0.0,"enemies":"2 Louse","floor":1.0,"turns":1.0},{"damage":0.0,"enemies":"Cultist","floor":2.0,"turns":1.0},{"damage":0.0,"enemies":"Small Slimes","floor":5.0,"turns":1.0},{"damage":12.0,"enemies":"Lagavulin","floor":6.0,"turns":11.0},{"damage":17.0,"enemies":"3 Sentries","floor":10.0,"turns":11.0},{"damage":3.0,"enemies":"3 Louse","floor":13.0,"turns":3.0},{"damage":39.0,"enemies":"Fading Forest","floor":16.0,"turns":11.0},{"damage":15.0,"enemies":"2 Thieves","floor":18.0,"turns":5.0},{"damage":16.0,"enemies":"Chosen","floor":19.0,"turns":5.0},{"damage":18,"enemies":"Snake Plant","floor":20,"turns":5},{"damage":53,"enemies":"Cultist and Chosen","floor":22,"turns":7}],"seed_played":"-2740971531774684267","potions_obtained":[{"floor":1.0,"key":"BlessingOfTheForge"},{"floor":2.0,"key":"ColorlessPotion"},{"floor":10.0,"key":"GhostInAJar"},{"floor":18.0,"key":"ColorlessPotion"},{"floor":20,"key":"Block Potion"}],"is_trial":false,"path_per_floor":["M","M","?","$","M","E","R","$","T","E","?","?","M","$","R","B",null,"?","?","?","T","?"],"character_chosen":"THE_SILENT","items_purchased":["Hidden Blade","Footwork","Accuracy"],"campfire_rested":1,"item_purchase_floors":[8,14,21],"current_hp_per_floor":[70,70,70,70,70,58,58,58,58,41,41,41,38,38,59,28,70,55,39,21,21,17,17],"gold":75,"neow_bonus":"THREE_ENEMY_KILL","is_daily":false,"chose_seed":false,"campfire_upgraded":1,"win_rate":0.0,"timestamp":1610186530,"path_taken":["M","M","?","$","M","E","R","?","T","E","?","?","M","$","R","BOSS","?","?","?","T","?"],"items_purchased_type":["Card","Card","Card"],"build_version":"2020-12-22","purchased_purges":4,"victory":false,"max_hp_per_floor":[70,70,70,70,70,70,70,70,70,70,70,70,70,70,70,70,70,70,70,70,70,70,70],"card_choices":[{"not_picked":["Toxin Wave","PiercingWail"],"picked":"Infinite Blades","floor":1.0},{"not_picked":["Acrobatics","Dagger Spray"],"picked":"ReplayTheSpireMod:Speed Training","floor":2.0},{"not_picked":["Reflex","ReplayTheSpireMod:Exploit Weakness","Cloak And Dagger"],"picked":"SKIP","floor":5.0},{"not_picked":["Reflex","ReplayTheSpireMod:Exploit Weakness"],"picked":"Cloak And Dagger","floor":5.0},{"not_picked":["Dagger Throw","ReplayTheSpireMod:Tripwire"],"picked":"Backstab","floor":6.0},{"not_picked":["Heel Hook","Dagger Throw","Outmaneuver"],"picked":"SKIP","floor":10.0},{"not_picked":["Prepared","Poisoned Stab","Sucker Punch"],"picked":"SKIP","floor":13.0},{"not_picked":["A Thousand Cuts","Unload"],"picked":"Envenom","floor":16.0},{"not_picked":["Sucker Punch+1","Deflect"],"picked":"ReplayTheSpireMod:Shiv Toss","floor":18.0},{"not_picked":["Toxin Wave","PiercingWail","Quick Slash"],"picked":"SKIP","floor":19.0},{"not_picked":["Toxin Wave","PiercingWail","Quick Slash"],"picked":"SKIP","floor":19.0},{"not_picked":["Prepared","Deadly Poison+1","Dagger Spray"],"picked":"SKIP","floor":20}],"player_experience":63354,"relics_obtained":[{"floor":6.0,"key":"Smiling Mask"},{"floor":9.0,"key":"Anchor"},{"floor":10.0,"key":"Nunchaku"}],"event_choices":[{"damage_healed":0.0,"max_hp_gain":0.0,"max_hp_loss":0.0,"gold_gain":0.0,"event_name":"Accursed Blacksmith","player_choice":"Forge","floor":3.0,"gold_loss":0.0,"damage_taken":0.0,"cards_upgraded":["ReplayTheSpireMod:Speed Training"]},{"damage_healed":0.0,"max_hp_gain":0.0,"max_hp_loss":0.0,"gold_gain":0.0,"event_name":"Golden Idol","player_choice":"Take Wound","floor":11.0,"gold_loss":0.0,"damage_taken":0.0,"relics_obtained":["Golden Idol"],"cards_obtained":["Injury"]},{"cards_removed":["Hidden Blade"],"damage_healed":0.0,"max_hp_gain":0.0,"max_hp_loss":0.0,"gold_gain":0.0,"event_name":"WeMeetAgain","player_choice":"Gave Card","floor":12.0,"gold_loss":0.0,"damage_taken":0.0,"relics_obtained":["Quantum Egg"]}],"is_beta":false,"boss_relics":[{"not_picked":["Coffee Dripper","Sozu"],"picked":"Painkiller Herb"}],"items_purged_floors":[4,8,14,21],"is_endless":false,"potions_floor_spawned":[1,2,10,18,20],"killed_by":"Cultist and Chosen","ascension_level":3}}