{"host":"662n7794wuevbd4i","time":1610215183,"event":{"mods":["BaseMod","KOR Keyword Fix","Minty Spire (QoL Compilation)","StSLib","The Cursed","The Dragon Tamer","The Hierophant","The Poker Player"],"gold_per_floor":[116,136,146,146,177,189,215,227,262,289,317,346,138,138,138,241,241,256,269,85,45,58,58,90,90,90,115,126,138,138,138],"floor_reached":30,"playtime":1168,"items_purged":["Strike_R","Defend_R"],"score":293,"play_id":"f7235a17-5bb9-47d9-b68d-9226071dceb2","local_time":"20210110025943","is_ascension_mode":true,"campfire_choices":[{"data":"Fire Breathing","floor":8.0,"key":"SMITH"},{"floor":15.0,"key":"REST"},{"floor":23.0,"key":"REST"},{"data":"Seeing Red","floor":25.0,"key":"SMITH"}],"circlet_count":0,"master_deck":["Strike_R","Strike_R","Strike_R","Defend_R","Defend_R","Defend_R","Bash","Hemokinesis+1","Pommel Strike","Fire Breathing+1","Fire Breathing","Wild Strike","Shrug It Off","Warcry","Bloodletting","Flash of Steel","Iron Wave+1","Seeing Red+1","Blood for Blood+1"],"relics":["Black Blood","Omamori","MawBank","Bronze Scales","Pen Nib","Nunchaku","The Courier","Smiling Mask","Bottled Tornado"],"acts_visited":["Exordium","TheCity"],"potions_floor_usage":[],"damage_taken":[{"damage":4.0,"enemies":"Small Slimes","floor":1.0,"turns":4.0},{"damage":6.0,"enemies":"Jaw Worm","floor":2.0,"turns":3.0},{"damage":3.0,"enemies":"Cultist","floor":3.0,"turns":3.0},{"damage":22.0,"enemies":"3 Louse","floor":5.0,"turns":3.0},{"damage":21.0,"enemies":"Large Slime","floor":7.0,"turns":6.0},{"damage":18.0,"enemies":"Gremlin Gang","floor":10.0,"turns":6.0},{"damage":9.0,"enemies":"2 Fungi Beasts","floor":11.0,"turns":3.0},{"damage":9.0,"enemies":"Large Slime","floor":12.0,"turns":4.0},{"damage":25.0,"enemies":"Hexaghost","floor":16.0,"turns":8.0},{"damage":46.0,"enemies":"2 Thieves","floor":18.0,"turns":4.0},{"damage":29.0,"enemies":"3 Byrds","floor":19.0,"turns":3.0},{"damage":15.0,"enemies":"Centurion and Healer","floor":22.0,"turns":5.0},{"damage":28.0,"enemies":"Gremlin Leader","floor":24.0,"turns":5.0},{"damage":28.0,"enemies":"Book of Stabbing","floor":27.0,"turns":4.0},{"damage":9.0,"enemies":"Chosen and Byrds","floor":28.0,"turns":4.0},{"damage":23.0,"enemies":"3 Cultists","floor":29.0,"turns":5.0},{"damage":16,"enemies":"Sentry and Sphere","floor":30,"turns":2}],"seed_played":"6401505274854251538","potions_obtained":[{"floor":3.0,"key":"ColorlessPotion"},{"floor":5.0,"key":"Energy Potion"},{"floor":11.0,"key":"PowerPotion"},{"floor":16.0,"key":"SkillPotion"},{"floor":24.0,"key":"Fire Potion"},{"floor":27.0,"key":"Fruit Juice"},{"floor":28.0,"key":"Strength Potion"}],"is_trial":false,"path_per_floor":["M","M","M","?","M","?","M","R","T","M","M","M","$","?","R","B",null,"M","M","$","?","M","R","E","R","T","E","M","M","M"],"character_chosen":"IRONCLAD","items_purchased":["Nunchaku","Flash of Steel"],"campfire_rested":2,"item_purchase_floors":[13,20],"current_hp_per_floor":[80,80,80,80,64,57,42,42,42,30,27,24,24,24,48,29,80,46,29,29,29,26,50,34,34,34,23,26,15,0,0],"gold":138,"neow_bonus":"RANDOM_COMMON_RELIC","is_daily":false,"chose_seed":false,"campfire_upgraded":2,"win_rate":0.0,"timestamp":1610215183,"path_taken":["M","M","M","?","M","?","M","R","T","M","M","M","$","?","R","BOSS","M","M","$","?","M","R","E","R","T","E","?","M","M"],"items_purchased_type":["Relic","Card"],"build_version":"2020-12-22","purchased_purges":2,"victory":false,"max_hp_per_floor":[80,80,80,80,80,80,80,80,80,80,80,80,80,80,80,80,80,80,80,80,80,80,80,80,80,80,85,85,85,85,85],"card_choices":[{"not_picked":["Armaments","Warcry"],"picked":"Hemokinesis","floor":1.0},{"not_picked":["Body Slam","Sever Soul","True Grit"],"picked":"SKIP","floor":2.0},{"not_picked":["Headbutt","Entrench"],"picked":"Pommel Strike","floor":3.0},{"not_picked":["Cleave","Sword Boomerang"],"picked":"Fire Breathing","floor":5.0},{"not_picked":["Metallicize","Dark Embrace"],"picked":"Fire Breathing","floor":7.0},{"not_picked":["Heavy Blade","Sword Boomerang"],"picked":"Wild Strike","floor":10.0},{"not_picked":["Cleave","Sentinel"],"picked":"Shrug It Off","floor":11.0},{"not_picked":["Spot Weakness","Sentinel"],"picked":"Warcry","floor":12.0},{"not_picked":["Cleave+1","Clothesline"],"picked":"Bloodletting","floor":18.0},{"not_picked":["Perfected Strike","Clothesline","Armaments"],"picked":"SKIP","floor":19.0},{"not_picked":["Headbutt","Clothesline"],"picked":"Iron Wave+1","floor":22.0},{"not_picked":["Infernal Blade","Exhume"],"picked":"Seeing Red","floor":24.0},{"not_picked":["Body Slam+1","Perfected Strike+1","Shockwave"],"picked":"SKIP","floor":27.0},{"not_picked":["Shockwave","Clothesline+1"],"picked":"Blood for Blood+1","floor":28.0},{"not_picked":["Burning Pact","Dark Embrace","Havoc+1"],"picked":"SKIP","floor":29.0}],"player_experience":135334,"relics_obtained":[{"floor":9.0,"key":"Pen Nib"},{"floor":24.0,"key":"The Courier"},{"floor":26.0,"key":"Smiling Mask"},{"floor":27.0,"key":"Bottled Tornado"}],"event_choices":[{"damage_healed":0.0,"max_hp_gain":0.0,"max_hp_loss":0.0,"gold_gain":0.0,"event_name":"Big Fish","player_choice":"Box","floor":4.0,"gold_loss":0.0,"damage_taken":0.0,"relics_obtained":["MawBank"],"cards_obtained":["Regret"]},{"damage_healed":0.0,"max_hp_gain":0.0,"max_hp_loss":0.0,"gold_gain":0.0,"event_name":"Scrap Ooze","player_choice":"Success","floor":6.0,"gold_loss":0.0,"damage_taken":7.0,"relics_obtained":["Bronze Scales"]},{"cards_removed":["Strike_R"],"damage_healed":0.0,"max_hp_gain":0.0,"max_hp_loss":0.0,"gold_gain":0.0,"event_name":"Living Wall","player_choice":"Forget","floor":14.0,"gold_loss":0.0,"damage_taken":0.0},{"damage_healed":0.0,"max_hp_gain":0.0,"max_hp_loss":0.0,"gold_gain":0.0,"event_name":"Designer","player_choice":"Upgrade","floor":21.0,"gold_loss":40.0,"damage_taken":0.0,"cards_upgraded":["Hemokinesis"]}],"is_beta":false,"boss_relics":[{"not_picked":["Busted Crown","Runic Dome"],"picked":"Black Blood"}],"items_purged_floors":[13,20],"is_endless":false,"potions_floor_spawned":[3,5,11,16,22,24,27,28],"killed_by":"Sentry and Sphere","ascension_level":2}}