{"host":"pgqkv8mh62pnrbci","time":1610196568,"event":{"mods":["2.2 Compatiblity","AchievementEnabler","BaseMod","Custom Start","DeckTracker","Minty Spire (QoL Compilation)","StSLib","SuperFastMode"],"gold_per_floor":[114,389,402,417,137,137,166,166,192,224,244,94,113,129,129,205,205,223,273,292,135,154,154,67,67,67,85,85,116,41,59,59,131,131,142,55,0,0,0,26,41,41,114,147,147,147],"floor_reached":45,"playtime":1196,"items_purged":["Regret","Defend_P"],"score":1123,"play_id":"cc2f58ee-dadf-4dda-a89b-38652082facc","local_time":"20210109214928","is_ascension_mode":true,"campfire_choices":[{"data":"Eruption","floor":6.0,"key":"SMITH"},{"data":"DeusExMachina","floor":15.0,"key":"SMITH"},{"floor":23.0,"key":"REST"},{"data":"Scrawl","floor":25.0,"key":"SMITH"},{"floor":32.0,"key":"REST"}],"circlet_count":0,"master_deck":["AscendersBane","Strike_P","Strike_P","Defend_P+1","Eruption+1","Vigilance","ConjureBlade+1","WreathOfFlame+1","Wallop","Conclude","Adaptation+1","DeusExMachina+1","LessonLearned","Scrawl+1","InnerPeace","TalkToTheHand","Vault+1","MentalFortress+1"],"relics":["Astrolabe","OrangePellets","Bronze Scales","Potion Belt","Calipers","Runic Pyramid","Oddly Smooth Stone","Damaru","Fusion Hammer","Red Mask","Darkstone Periapt","Bottled Flame","PreservedInsect"],"acts_visited":["Exordium","TheCity","TheBeyond"],"potions_floor_usage":[45,45],"damage_taken":[{"damage":7.0,"enemies":"Small Slimes","floor":1.0,"turns":3.0},{"damage":9.0,"enemies":"Cultist","floor":3.0,"turns":3.0},{"damage":3.0,"enemies":"2 Louse","floor":4.0,"turns":2.0},{"damage":6.0,"enemies":"Gremlin Nob","floor":7.0,"turns":3.0},{"damage":15.0,"enemies":"Lagavulin","floor":10.0,"turns":4.0},{"damage":0.0,"enemies":"2 Fungi Beasts","floor":11.0,"turns":2.0},{"damage":10.0,"enemies":"Exordium Thugs","floor":13.0,"turns":3.0},{"damage":4.0,"enemies":"Large Slime","floor":14.0,"turns":4.0},{"damage":0.0,"enemies":"Hexaghost","floor":16.0,"turns":3.0},{"damage":10.0,"enemies":"3 Byrds","floor":18.0,"turns":2.0},{"damage":17.0,"enemies":"2 Thieves","floor":20.0,"turns":2.0},{"damage":13.0,"enemies":"Snake Plant","floor":22.0,"turns":3.0},{"damage":0.0,"enemies":"Snecko","floor":27.0,"turns":2.0},{"damage":7.0,"enemies":"Gremlin Leader","floor":29.0,"turns":4.0},{"damage":6.0,"enemies":"Chosen and Byrds","floor":31.0,"turns":4.0},{"damage":11.0,"enemies":"Champ","floor":33.0,"turns":4.0},{"damage":0.0,"enemies":"3 Darklings","floor":35.0,"turns":3.0},{"damage":0.0,"enemies":"Giant Head","floor":40.0,"turns":4.0},{"damage":18.0,"enemies":"3 Shapes","floor":41.0,"turns":4.0},{"damage":31.0,"enemies":"Nemesis","floor":44.0,"turns":4.0},{"damage":10,"enemies":"Spire Growth","floor":45,"turns":2}],"seed_played":"2301512613316953216","potions_obtained":[{"floor":1.0,"key":"SteroidPotion"},{"floor":3.0,"key":"BottledMiracle"},{"floor":10.0,"key":"Weak Potion"},{"floor":13.0,"key":"Strength Potion"},{"floor":22.0,"key":"GamblersBrew"},{"floor":31.0,"key":"AttackPotion"},{"floor":33.0,"key":"BlessingOfTheForge"},{"floor":35.0,"key":"FearPotion"},{"floor":41.0,"key":"Explosive Potion"},{"floor":44.0,"key":"Dexterity Potion"}],"is_trial":false,"path_per_floor":["M","?","M","M","$","R","E","?","T","E","M","$","M","M","R","B",null,"M","?","M","$","M","R","$","R","T","M","?","E","?","M","R","B",null,"M","$","?","?","?","E","M","$","T","E","M"],"character_chosen":"WATCHER","items_purchased":["Adaptation","OrangePellets","DeusExMachina","Swift Potion","InnerPeace","MentalFortress"],"campfire_rested":2,"item_purchase_floors":[5,5,12,21,24,36],"current_hp_per_floor":[54,54,45,42,42,42,36,36,36,21,21,21,11,7,7,7,53,43,37,20,20,7,27,27,27,27,27,27,20,20,14,34,23,57,57,57,57,57,57,57,39,39,39,8,0,0],"gold":147,"neow_bonus":"BOSS_RELIC","is_daily":false,"chose_seed":false,"campfire_upgraded":3,"win_rate":0.0,"timestamp":1610196568,"path_taken":["M","?","?","M","$","R","E","?","T","E","?","$","M","M","R","BOSS","M","?","M","?","M","R","$","R","T","M","?","E","?","M","R","BOSS","M","$","?","?","?","E","M","$","T","E","?"],"items_purchased_type":["Card","Relic","Card","Potion","Card","Card"],"build_version":"2020-12-22","purchased_purges":2,"victory":false,"max_hp_per_floor":[68,68,68,68,68,68,68,68,68,68,68,68,68,68,68,68,68,68,68,68,68,68,68,68,68,68,68,68,68,68,68,68,68,68,68,68,68,68,68,68,68,68,68,68,68,68],"card_choices":[{"not_picked":["WindmillStrike","LikeWater"],"picked":"Wallop","floor":1.0},{"not_picked":["Evaluate","WindmillStrike"],"picked":"Conclude","floor":3.0},{"not_picked":["LikeWater","Consecrate","Protect"],"picked":"SKIP","floor":4.0},{"not_picked":["CrushJoints","FlyingSleeves","WindmillStrike"],"picked":"SKIP","floor":7.0},{"not_picked":["Prostrate","Crescendo","FollowUp"],"picked":"SKIP","floor":10.0},{"not_picked":["Prostrate","CutThroughFate","SandsOfTime"],"picked":"SKIP","floor":11.0},{"not_picked":["Prostrate","CutThroughFate","SandsOfTime"],"picked":"SKIP","floor":11.0},{"not_picked":["WheelKick","Swivel","CarveReality"],"picked":"SKIP","floor":13.0},{"not_picked":["Indignation","Worship"],"picked":"LessonLearned","floor":14.0},{"not_picked":["ConjureBlade","Omniscience"],"picked":"Scrawl","floor":16.0},{"not_picked":["Prostrate","Consecrate+1","WheelKick"],"picked":"SKIP","floor":18.0},{"not_picked":["BowlingBash","Wallop","WaveOfTheHand"],"picked":"SKIP","floor":20.0},{"not_picked":["JustLucky","BowlingBash","EmptyBody"],"picked":"SKIP","floor":22.0},{"not_picked":["Meditate","JustLucky","Halt"],"picked":"SKIP","floor":27.0},{"not_picked":["Sanctity","SashWhip"],"picked":"TalkToTheHand","floor":29.0},{"not_picked":["SandsOfTime+1","Consecrate","CutThroughFate"],"picked":"SKIP","floor":31.0},{"not_picked":["MasterReality","DevaForm"],"picked":"Vault","floor":33.0},{"not_picked":["Conclude+1","PathToVictory+1","JustLucky"],"picked":"SKIP","floor":35.0},{"not_picked":["CarveReality","CrushJoints","FollowUp+1"],"picked":"SKIP","floor":40.0},{"not_picked":["EmptyFist","Prostrate","EmptyBody"],"picked":"SKIP","floor":41.0},{"not_picked":["Crescendo","Prostrate","TalkToTheHand"],"picked":"SKIP","floor":44.0}],"player_experience":604547,"relics_obtained":[{"floor":7.0,"key":"Bronze Scales"},{"floor":9.0,"key":"Potion Belt"},{"floor":10.0,"key":"Calipers"},{"floor":26.0,"key":"Oddly Smooth Stone"},{"floor":29.0,"key":"Damaru"},{"floor":40.0,"key":"Darkstone Periapt"},{"floor":43.0,"key":"Bottled Flame"},{"floor":44.0,"key":"PreservedInsect"}],"event_choices":[{"damage_healed":0.0,"max_hp_gain":0.0,"max_hp_loss":0.0,"gold_gain":275.0,"event_name":"Golden Shrine","player_choice":"Desecrate","floor":2.0,"gold_loss":0.0,"damage_taken":0.0,"cards_obtained":["Regret"]},{"damage_healed":0.0,"max_hp_gain":0.0,"max_hp_loss":0.0,"gold_gain":0.0,"event_name":"Upgrade Shrine","player_choice":"Upgraded","floor":8.0,"gold_loss":0.0,"damage_taken":0.0,"cards_upgraded":["Adaptation"]},{"damage_healed":0.0,"max_hp_gain":0.0,"max_hp_loss":0.0,"gold_gain":50.0,"event_name":"FaceTrader","player_choice":"Touch","floor":19.0,"gold_loss":0.0,"damage_taken":6.0},{"damage_healed":0.0,"max_hp_gain":0.0,"max_hp_loss":0.0,"gold_gain":0.0,"event_name":"The Mausoleum","player_choice":"Ignored","floor":28.0,"gold_loss":0.0,"damage_taken":0.0},{"cards_removed":["Defend_P"],"damage_healed":0.0,"max_hp_gain":0.0,"max_hp_loss":0.0,"gold_gain":0.0,"event_name":"Beggar","player_choice":"Gave Gold","floor":30.0,"gold_loss":75.0,"damage_taken":0.0},{"damage_healed":0.0,"max_hp_gain":0.0,"max_hp_loss":0.0,"gold_gain":0.0,"event_name":"Tomb of Lord Red Mask","player_choice":"Paid","floor":37.0,"gold_loss":55.0,"damage_taken":0.0,"relics_obtained":["Red Mask"]},{"cards_removed":["FollowUp"],"damage_healed":0.0,"max_hp_gain":0.0,"max_hp_loss":0.0,"gold_gain":0.0,"event_name":"Falling","player_choice":"Removed Attack","floor":38.0,"gold_loss":0.0,"damage_taken":0.0},{"damage_healed":0.0,"max_hp_gain":0.0,"max_hp_loss":0.0,"gold_gain":0.0,"event_name":"Accursed Blacksmith","player_choice":"Forge","floor":39.0,"gold_loss":0.0,"damage_taken":0.0,"cards_upgraded":["Vault"]}],"is_beta":false,"boss_relics":[{"not_picked":["Ectoplasm","SacredBark"],"picked":"Runic Pyramid"},{"not_picked":["Tiny House","Runic Dome"],"picked":"Fusion Hammer"}],"items_purged_floors":[5,21],"is_endless":false,"potions_floor_spawned":[1,3,10,13,22,31,33,35,41,44],"killed_by":"Spire Growth","ascension_level":19}}