{"host":"qgrlfjrqk9z96gfi","time":1610158884,"event":{"mods":["BaseMod","Block Reminder","Colored Map","DeckTracker","Minty Spire (QoL Compilation)"],"gold_per_floor":[114,114,126,126,41,41,74,87,110,190,202,202,236,251,251,251,251],"floor_reached":16,"playtime":338,"items_purged":[],"score":270,"play_id":"ae328bfc-ebb4-4b0d-a29b-33bdf2123f55","local_time":"20210108162124","is_ascension_mode":true,"campfire_choices":[{"floor":6,"key":"REST"},{"floor":12,"key":"REST"},{"data":"Dash","floor":15,"key":"SMITH"}],"circlet_count":0,"master_deck":["AscendersBane","Strike_G+1","Strike_G","Strike_G","Strike_G","Strike_G","Defend_G","Defend_G","Defend_G","Defend_G","Defend_G+1","Survivor","Neutralize","Underhanded Strike","Dash+1","Unload","PiercingWail","Eviscerate","Dagger Spray"],"relics":["Ring of the Snake","NeowsBlessing","Ancient Tea Set","Regal Pillow","Happy Flower","Meat on the Bone"],"acts_visited":["Exordium"],"potions_floor_usage":[7,13],"damage_taken":[{"damage":0,"enemies":"2 Louse","floor":1,"turns":1},{"damage":0,"enemies":"Jaw Worm","floor":3,"turns":1},{"damage":0,"enemies":"Lagavulin","floor":7,"turns":1},{"damage":0,"enemies":"Cultist","floor":8,"turns":3},{"damage":22,"enemies":"Exordium Thugs","floor":11,"turns":6},{"damage":31,"enemies":"Gremlin Nob","floor":13,"turns":4},{"damage":0,"enemies":"Exordium Wildlife","floor":14,"turns":2},{"damage":41,"enemies":"Hexaghost","floor":16,"turns":9}],"seed_played":"391241873461705286","potions_obtained":[{"floor":1,"key":"PowerPotion"},{"floor":8,"key":"SpeedPotion"},{"floor":11,"key":"Poison Potion"},{"floor":13,"key":"Weak Potion"}],"is_trial":false,"path_per_floor":["M","?","M","?","$","R","E","M","T","?","M","R","E","M","R","B"],"character_chosen":"THE_SILENT","items_purchased":["Unload"],"campfire_rested":2,"item_purchase_floors":[5],"current_hp_per_floor":[59,48,48,28,28,47,47,47,47,47,25,59,28,40,40,0,0],"gold":251,"neow_bonus":"THREE_ENEMY_KILL","is_daily":false,"chose_seed":false,"campfire_upgraded":1,"win_rate":0.0,"timestamp":1610158884,"path_taken":["M","?","M","?","?","R","E","?","T","?","M","R","E","M","R","BOSS"],"items_purchased_type":["Card"],"build_version":"2020-12-22","purchased_purges":0,"victory":false,"max_hp_per_floor":[66,66,66,66,66,66,66,66,66,66,66,66,66,66,66,66,66],"card_choices":[{"not_picked":["Dagger Throw","Noxious Fumes"],"picked":"Underhanded Strike","floor":1},{"not_picked":["Riddle With Holes","Poisoned Stab"],"picked":"Dash","floor":3},{"not_picked":["Expertise","Calculated Gamble"],"picked":"PiercingWail","floor":7},{"not_picked":["Flying Knee","Calculated Gamble"],"picked":"Eviscerate","floor":8},{"not_picked":["Slice","Flying Knee","Sucker Punch"],"picked":"SKIP","floor":11},{"not_picked":["Slice","Flying Knee","Sucker Punch"],"picked":"SKIP","floor":11},{"not_picked":["Quick Slash","Unload"],"picked":"Dagger Spray","floor":13},{"not_picked":["Underhanded Strike","Blade Dance","Dagger Spray"],"picked":"SKIP","floor":14}],"player_experience":979680,"relics_obtained":[{"floor":7,"key":"Regal Pillow"},{"floor":9,"key":"Happy Flower"},{"floor":13,"key":"Meat on the Bone"}],"event_choices":[{"damage_healed":0,"gold_gain":0,"player_choice":"Success","damage_taken":11,"relics_obtained":["Ancient Tea Set"],"max_hp_gain":0,"max_hp_loss":0,"event_name":"Scrap Ooze","floor":2,"gold_loss":0},{"damage_healed":0,"gold_gain":0,"player_choice":"Entered Light","damage_taken":20,"max_hp_gain":0,"max_hp_loss":0,"event_name":"Shining Light","floor":4,"gold_loss":0,"cards_upgraded":["Strike_G","Defend_G"]},{"damage_healed":0,"gold_gain":80,"player_choice":"Gained Gold","damage_taken":0,"max_hp_gain":0,"max_hp_loss":0,"event_name":"Golden Wing","floor":10,"gold_loss":0}],"is_beta":false,"boss_relics":[],"items_purged_floors":[],"is_endless":false,"potions_floor_spawned":[1,8,11,13],"killed_by":"Hexaghost","ascension_level":20}}