{"host":"9d9dhukr2jywmy0f","time":1610215910,"event":{"mods":["2.2 Compatiblity","Alarm Clock","BaseMod","Bestiary","Block Reminder","Colored Map","Colored Powertips","Curses Come First","DeckTracker","Energized Spire","Highlight Path","Key Reminder","Minty Spire (QoL Compilation)","Quick Restart","Rare Cards Sparkle","Relic Sorter","Relic Stats","Spire Birthday Party","StSLib","SuperFastMode","Synergy Search","Unceasing Turn Reminder","Unknown Chances"],"gold_per_floor":[368,368,26,101,101,101,116,116,140,140,160,183,204,254,254,344,344,367,367,99,111,121,121,132,132,132],"floor_reached":25,"playtime":720,"items_purged":["Clumsy"],"score":386,"play_id":"45f02969-f1ed-4aa1-ad02-073d3ab3f1c4","local_time":"20210110021150","is_ascension_mode":true,"campfire_choices":[{"data":"Zap","floor":6.0,"key":"SMITH"},{"data":"Dualcast","floor":8.0,"key":"SMITH"},{"data":"Streamline","floor":15.0,"key":"SMITH"},{"data":"Sunder","floor":23.0,"key":"SMITH"}],"circlet_count":0,"master_deck":["AscendersBane","Strike_B","Strike_B","Strike_B","Defend_B","Defend_B","Defend_B","Defend_B","Zap+1","Dualcast+1","Chill","Ball Lightning","White Noise","Streamline+1","Seek","Sunder+1"],"relics":["Cracked Core","Meat on the Bone","Bloody Idol","keyreminder:keyreminder","Busted Crown","Question Card"],"acts_visited":["Exordium","TheCity"],"potions_floor_usage":[25],"damage_taken":[{"damage":0.0,"enemies":"Cultist","floor":1.0,"turns":3.0},{"damage":0.0,"enemies":"Jaw Worm","floor":7.0,"turns":4.0},{"damage":0.0,"enemies":"2 Louse","floor":11.0,"turns":3.0},{"damage":9.0,"enemies":"2 Fungi Beasts","floor":12.0,"turns":3.0},{"damage":9.0,"enemies":"Blue Slaver","floor":13.0,"turns":3.0},{"damage":35.0,"enemies":"Hexaghost","floor":16.0,"turns":9.0},{"damage":16.0,"enemies":"3 Byrds","floor":18.0,"turns":5.0},{"damage":10.0,"enemies":"Spheric Guardian","floor":21.0,"turns":4.0},{"damage":30.0,"enemies":"Snake Plant","floor":22.0,"turns":5.0},{"damage":7.0,"enemies":"Snecko","floor":24.0,"turns":6.0},{"damage":44,"enemies":"Book of Stabbing","floor":25,"turns":5}],"seed_played":"1911796294819803922","potions_obtained":[{"floor":11.0,"key":"AttackPotion"},{"floor":24.0,"key":"Weak Potion"}],"is_trial":false,"path_per_floor":["M","?","$","?","?","R","M","R","T","?","M","M","M","?","R","B",null,"M","?","$","M","M","R","M","E"],"character_chosen":"DEFECT","items_purchased":["Meat on the Bone","Question Card"],"campfire_rested":0,"item_purchase_floors":[3,20],"current_hp_per_floor":[64,64,64,53,29,29,41,41,41,34,46,37,40,40,40,17,58,42,42,42,49,36,36,46,2,2],"gold":132,"neow_bonus":"TWO_FIFTY_GOLD","is_daily":false,"chose_seed":false,"campfire_upgraded":4,"win_rate":0.0,"timestamp":1610215910,"path_taken":["M","?","$","?","?","R","M","R","T","?","M","?","M","?","R","BOSS","M","?","$","M","M","R","M","E"],"items_purchased_type":["Relic","Relic"],"build_version":"2020-11-30","purchased_purges":1,"victory":false,"max_hp_per_floor":[71,71,71,71,71,71,71,71,71,71,71,71,71,71,71,71,71,71,71,71,71,71,71,71,71,71],"relic_stats":{"Busted Crown":8,"counters":[11,49],"Bloody Idol":15,"Question Card":3,"obtain_stats":[{"keyreminder:keyreminder":9,"Busted Crown":17,"Golden Idol":5,"Bloody Idol":19,"Cracked Core":0,"Question Card":20,"Meat on the Bone":3},{"keyreminder:keyreminder":2,"Busted Crown":6,"Golden Idol":1,"Bloody Idol":7,"Cracked Core":0,"Question Card":7,"Meat on the Bone":1},{"keyreminder:keyreminder":7,"Busted Crown":24,"Golden Idol":3,"Bloody Idol":29,"Cracked Core":0,"Question Card":29,"Meat on the Bone":3}],"Meat on the Bone":84},"card_choices":[{"not_picked":["Double Energy","Aggregate"],"picked":"Chill","floor":1.0},{"not_picked":["Leap","Cold Snap","Scrape"],"picked":"SKIP","floor":7.0},{"not_picked":["Sunder","Darkness"],"picked":"Ball Lightning","floor":11.0},{"not_picked":["Blizzard","Turbo"],"picked":"White Noise","floor":12.0},{"not_picked":["Heatsinks","Fission"],"picked":"Streamline","floor":13.0},{"not_picked":["Meteor Strike","Multi-Cast"],"picked":"Seek","floor":16.0},{"not_picked":["Steam"],"picked":"SKIP","floor":18.0},{"not_picked":["Sweeping Beam+1","Cold Snap"],"picked":"SKIP","floor":21.0},{"not_picked":["Auto Shields"],"picked":"Sunder","floor":22.0},{"not_picked":["Leap","Steam+1"],"picked":"SKIP","floor":24.0}],"player_experience":800624,"relics_obtained":[],"event_choices":[{"damage_healed":0.0,"max_hp_gain":0.0,"max_hp_loss":0.0,"gold_gain":0.0,"event_name":"Liars Game","player_choice":"Ignored","floor":2.0,"gold_loss":0.0,"damage_taken":0.0},{"damage_healed":0.0,"max_hp_gain":0.0,"max_hp_loss":0.0,"gold_gain":75.0,"event_name":"World of Goop","player_choice":"Gather Gold","floor":4.0,"gold_loss":0.0,"damage_taken":11.0},{"damage_healed":0.0,"max_hp_gain":0.0,"max_hp_loss":0.0,"gold_gain":0.0,"event_name":"Golden Idol","player_choice":"Take Damage","floor":5.0,"gold_loss":0.0,"damage_taken":24.0,"relics_obtained":["Golden Idol"]},{"cards_removed":["Strike_B"],"damage_healed":0.0,"max_hp_gain":0.0,"max_hp_loss":0.0,"gold_gain":0.0,"event_name":"Golden Wing","player_choice":"Card Removal","floor":10.0,"gold_loss":0.0,"damage_taken":7.0},{"damage_healed":0.0,"max_hp_gain":0.0,"max_hp_loss":0.0,"gold_gain":50.0,"event_name":"Golden Shrine","player_choice":"Pray","floor":14.0,"gold_loss":0.0,"damage_taken":0.0},{"damage_healed":0.0,"max_hp_gain":0.0,"max_hp_loss":0.0,"gold_gain":0.0,"event_name":"Forgotten Altar","player_choice":"Gave Idol","floor":19.0,"relics_lost":["Golden Idol"],"gold_loss":0.0,"damage_taken":0.0,"relics_obtained":["Bloody Idol"]}],"is_beta":false,"boss_relics":[{"not_picked":["Calling Bell","Inserter"],"picked":"Busted Crown"}],"items_purged_floors":[3],"is_endless":false,"potions_floor_spawned":[11,24],"killed_by":"Book of Stabbing","ascension_level":20}}