{"host":"jafdctp322id99nv","time":1610231727,"event":{"mods":["AchievementEnabler","BaseMod","Better Match","Better Note","Better Sensory Stone","Better Skull","Better Third Choice","Downfall","Minty Spire (QoL Compilation)","Robot Space Explorer","Shade Mod","Spicy Shops","StSLib","The Cursed","The Dragon Tamer","The Marked"],"gold_per_floor":[119,137,153,16,29,56,69,69,143,143,163,181,193,207,207,312,312,331,331,34,148,167,167,181,191,191,191,209,209,229,42,42,141,141,152,202,202,29,45,45,65,65,65],"floor_reached":42,"playtime":9430,"items_purged":[],"score":431,"play_id":"1825aa99-84e2-4bb0-a513-a7cf25d2eba9","local_time":"20210109233527","is_ascension_mode":false,"campfire_choices":[{"floor":8.0,"key":"REST"},{"floor":10.0,"key":"REST"},{"floor":15.0,"key":"REST"},{"floor":23,"key":"REST"},{"floor":27,"key":"REST"},{"floor":29,"key":"DIG"},{"floor":32,"key":"REST"},{"floor":40,"key":"REST"}],"circlet_count":0,"master_deck":["Strike_P","Strike_P","Strike_P","Strike_P","Defend_P","Defend_P","Defend_P","Defend_P","Eruption","Vigilance","FearNoEvil","Meditate","Conclude","EmptyBody","LikeWater","SashWhip","TalkToTheHand","DevaForm","Collect","CarveReality","DeceiveReality","Evaluate","MasterReality","Establishment","SignatureMove","The Bomb","Evaluate","DeceiveReality+1","WaveOfTheHand","SashWhip","FlyingSleeves+1","WindmillStrike","SignatureMove","Ragnarok","BowlingBash+1","Weave+1","ThirdEye","SashWhip+1","WheelKick+1"],"relics":["HolyWater","Lantern","Question Card","Letter Opener","Shovel","FossilizedHelix","Velvet Choker","StoneCalendar","Bag of Preparation"],"acts_visited":["Exordium","TheCity","TheBeyond"],"potions_floor_usage":[28,28,30,33,33,33,33,36,36],"damage_taken":[{"damage":10.0,"enemies":"Cultist","floor":1.0,"turns":6.0},{"damage":0.0,"enemies":"2 Louse","floor":2.0,"turns":2.0},{"damage":6.0,"enemies":"Jaw Worm","floor":3.0,"turns":3.0},{"damage":11.0,"enemies":"Exordium Thugs","floor":5.0,"turns":6.0},{"damage":4.0,"enemies":"Lagavulin","floor":6.0,"turns":11.0},{"damage":23.0,"enemies":"Exordium Wildlife","floor":7.0,"turns":5.0},{"damage":11.0,"enemies":"3 Louse","floor":11.0,"turns":3.0},{"damage":0.0,"enemies":"2 Fungi Beasts","floor":12.0,"turns":3.0},{"damage":0.0,"enemies":"Blue Slaver","floor":13.0,"turns":3.0},{"damage":19.0,"enemies":"Large Slime","floor":14.0,"turns":10.0},{"damage":22.0,"enemies":"Hexaghost","floor":16.0,"turns":12.0},{"damage":9,"enemies":"Shell Parasite","floor":18,"turns":8},{"damage":11,"enemies":"Chosen","floor":22,"turns":7},{"damage":0,"enemies":"Snecko","floor":24,"turns":4},{"damage":13,"enemies":"Centurion and Healer","floor":25,"turns":7},{"damage":9,"enemies":"Shelled Parasite and Fungi","floor":28,"turns":5},{"damage":15,"enemies":"3 Cultists","floor":30,"turns":6},{"damage":56,"enemies":"Automaton","floor":33,"turns":17},{"damage":0,"enemies":"Orb Walker","floor":35,"turns":5},{"damage":15,"enemies":"Mind Bloom Boss Battle","floor":36,"turns":9},{"damage":26,"enemies":"3 Darklings","floor":39,"turns":7},{"damage":53,"enemies":"Transient","floor":41,"turns":5},{"damage":19,"enemies":"Maw","floor":42,"turns":8}],"seed_played":"-7464344905744331300","potions_obtained":[{"floor":1.0,"key":"Block Potion"},{"floor":5.0,"key":"EssenceOfSteel"},{"floor":6.0,"key":"SteroidPotion"},{"floor":12.0,"key":"BlessingOfTheForge"},{"floor":13.0,"key":"Fire Potion"},{"floor":22,"key":"PowerPotion"},{"floor":24,"key":"SpeedPotion"},{"floor":25,"key":"SkillPotion"},{"floor":28,"key":"CultistPotion"},{"floor":33,"key":"FearPotion"},{"floor":35,"key":"Fire Potion"}],"is_trial":false,"path_per_floor":["M","M","M","$","M","E","M","R","T","R","M","M","M","M","R","B",null,"M","?","$","?","M","R","M","M","T","R","M","R","M","$","R","B",null,"M","?","?","$","M","R","M","M"],"character_chosen":"WATCHER","items_purchased":["EmptyBody","LikeWater","SashWhip","Letter Opener","Evaluate","SignatureMove","champ:CounterPotion","Dexterity Potion","Bag of Preparation","ThirdEye"],"campfire_rested":7,"item_purchase_floors":[4,4,4,20,20,31,31,31,38,38],"current_hp_per_floor":[69,69,63,63,52,48,25,48,48,71,60,60,60,41,64,42,79,70,70,70,62,51,74,74,61,61,79,70,70,55,55,78,22,79,79,64,64,64,38,60,7,0,0],"gold":65,"neow_bonus":"TEN_PERCENT_HP_BONUS","is_daily":false,"chose_seed":false,"campfire_upgraded":0,"win_rate":0.0,"timestamp":1610231727,"path_taken":["M","M","M","$","M","E","M","R","T","R","M","M","?","M","R","BOSS","M","?","$","?","M","R","M","M","T","R","?","R","M","$","R","BOSS","M","?","?","$","M","R","M","M"],"items_purchased_type":["Card","Card","Card","Relic","Card","Card","Potion","Potion","Relic","Card"],"build_version":"2020-12-22","purchased_purges":0,"victory":false,"max_hp_per_floor":[79,79,79,79,79,79,79,79,79,79,79,79,79,79,79,79,79,79,79,79,79,79,79,79,79,79,79,79,79,79,79,79,79,79,79,79,75,75,75,75,75,75,75],"card_choices":[{"not_picked":["EmptyFist","FlurryOfBlows"],"picked":"FearNoEvil","floor":1.0},{"not_picked":["Nirvana","FlyingSleeves"],"picked":"Meditate","floor":2.0},{"not_picked":["JustLucky","SashWhip"],"picked":"Conclude","floor":3.0},{"not_picked":["SashWhip","Halt"],"picked":"TalkToTheHand","floor":5.0},{"not_picked":["TalkToTheHand","Pray"],"picked":"DevaForm","floor":6.0},{"not_picked":["ClearTheMind","FlurryOfBlows"],"picked":"Collect","floor":7.0},{"not_picked":["Halt","CrushJoints","Adaptation"],"picked":"CarveReality","floor":11.0},{"not_picked":["Adaptation","TalkToTheHand","Consecrate"],"picked":"DeceiveReality","floor":12.0},{"not_picked":["Adaptation","FollowUp","Halt"],"picked":"Evaluate","floor":13.0},{"not_picked":["ThirdEye","Halt","SashWhip"],"picked":"MasterReality","floor":14.0},{"not_picked":["DeusExMachina","Judgement","LessonLearned"],"picked":"Establishment","floor":16.0},{"not_picked":["CutThroughFate+1","Pray+1","Consecrate"],"picked":"SignatureMove","floor":18},{"not_picked":["Swivel","Evaluate","Halt"],"picked":"DeceiveReality+1","floor":22},{"not_picked":["Crescendo","Halt","EmptyBody"],"picked":"WaveOfTheHand","floor":24},{"not_picked":["EmptyFist+1","EmptyBody","Evaluate"],"picked":"SashWhip","floor":25},{"not_picked":["Worship","Protect","Scrawl"],"picked":"FlyingSleeves+1","floor":28},{"not_picked":["Protect","Halt","SashWhip"],"picked":"WindmillStrike","floor":30},{"not_picked":["ConjureBlade","Judgement","Scrawl"],"picked":"Ragnarok","floor":33},{"not_picked":["PathToVictory","ThirdEye+1","ClearTheMind"],"picked":"BowlingBash+1","floor":35},{"not_picked":["Tantrum","ClearTheMind","FlurryOfBlows+1"],"picked":"Weave+1","floor":36},{"not_picked":["CutThroughFate+1","EmptyFist","BowlingBash"],"picked":"SashWhip+1","floor":39},{"not_picked":["FearNoEvil+1","EmptyFist+1","Evaluate+1"],"picked":"WheelKick+1","floor":41}],"player_experience":70673,"relics_obtained":[{"floor":6.0,"key":"Lantern"},{"floor":9.0,"key":"Question Card"},{"floor":26,"key":"Shovel"},{"floor":29,"key":"FossilizedHelix"},{"floor":36,"key":"StoneCalendar"}],"event_choices":[{"damage_healed":0,"gold_gain":0,"player_choice":"Take","damage_taken":0,"max_hp_gain":0,"max_hp_loss":0,"event_name":"betterNote:BetterNote","floor":19,"gold_loss":0,"cards_obtained":["The Bomb"]},{"damage_healed":0,"gold_gain":114,"player_choice":"GO ","damage_taken":9,"relics_obtained":[],"max_hp_gain":0,"max_hp_loss":0,"event_name":"betterSkull:BetterSkull","floor":21,"gold_loss":0,"cards_upgraded":[]},{"damage_healed":0,"gold_gain":0,"player_choice":"Fight","damage_taken":0,"max_hp_gain":0,"max_hp_loss":0,"event_name":"MindBloom","floor":36,"gold_loss":0},{"damage_healed":0,"gold_gain":0,"player_choice":"Max HP","damage_taken":0,"max_hp_gain":0,"max_hp_loss":4,"event_name":"Winding Halls","floor":37,"gold_loss":0}],"is_beta":false,"boss_relics":[{"not_picked":["Empty Cage","Busted Crown"],"picked":"HolyWater"},{"not_picked":["SacredBark","Astrolabe"],"picked":"Velvet Choker"}],"items_purged_floors":[],"is_endless":false,"potions_floor_spawned":[1,5,6,12,13,14,22,24,25,28,33,35],"killed_by":"Maw","ascension_level":0}}