{"host":"q4b0c643vtafhvqv","time":1610182635,"event":{"mods":["AchievementEnabler","BaseMod","Colored Map","Colored Powertips","Minty Spire (QoL Compilation)","Permanent Neow","Quick Restart","StSLib","The Blue Laboratory","The Cursed","The Marked"],"gold_per_floor":[118,118,118,118,133,133,160,160,184,199,229,229,241,268,268,373,373,389,226,260,260,278,304,304,334,360,360,270,270,300,300,300,403,403,414,140,151,151,151,183,232,243,296,328,328,338,388,388,388,388,388,388,3,38,38],"floor_reached":56,"playtime":2914,"items_purged":["Strike_G+1","Distraction"],"score":1813,"play_id":"8d7195c0-7c5a-4036-bcd2-7165c0efd3e1","local_time":"20210109165715","is_ascension_mode":true,"campfire_choices":[{"data":"Noxious Fumes","floor":6.0,"key":"SMITH"},{"floor":12.0,"key":"RECALL"},{"data":"Noxious Fumes","floor":15.0,"key":"SMITH"},{"data":"A Thousand Cuts","floor":27.0,"key":"SMITH"},{"floor":32.0,"key":"REST"},{"floor":49.0,"key":"REST"},{"floor":52.0,"key":"REST"}],"circlet_count":0,"master_deck":["Defend_G+1","Survivor+1","Neutralize+1","Envenom+1","Noxious Fumes+1","Adrenaline+1","Noxious Fumes+1","A Thousand Cuts+1","Swift Strike+1","Catalyst+1","Noxious Fumes+1","Night Terror+1","Venomology","Dark Shackles+1","Caltrops+1","Bane+1","Reflex","Caltrops","Adrenaline"],"relics":["Ring of the Snake","Juzu Bracelet","Strawberry","Centennial Puzzle","Potion Belt","Molten Egg 2","Runic Pyramid","Red Mask","Blood Vial","Matryoshka","Ancient Tea Set","Juzu Bracelet","Du-Vu Doll","Fusion Hammer","Bottled Tornado","Peace Pipe","Toy Ornithopter","Regal Pillow","Pen Nib","Tingsha","War Paint","Happy Flower"],"acts_visited":["Exordium","TheCity","TheBeyond","TheEnding"],"potions_floor_usage":[54,54,54,55,55,55,55,55,55,55,55],"damage_taken":[{"damage":0.0,"enemies":"Jaw Worm","floor":1.0,"turns":2.0},{"damage":0.0,"enemies":"2 Louse","floor":5.0,"turns":2.0},{"damage":0.0,"enemies":"Lagavulin","floor":7.0,"turns":7.0},{"damage":0.0,"enemies":"Cultist","floor":10.0,"turns":2.0},{"damage":0.0,"enemies":"3 Sentries","floor":11.0,"turns":6.0},{"damage":0.0,"enemies":"Looter","floor":13.0,"turns":3.0},{"damage":1.0,"enemies":"Gremlin Nob","floor":14.0,"turns":3.0},{"damage":2.0,"enemies":"Slime Boss","floor":16.0,"turns":8.0},{"damage":0.0,"enemies":"Chosen","floor":18.0,"turns":4.0},{"damage":0.0,"enemies":"Masked Bandits","floor":20.0,"turns":4.0},{"damage":5.0,"enemies":"2 Thieves","floor":22.0,"turns":3.0},{"damage":0.0,"enemies":"Book of Stabbing","floor":23.0,"turns":5.0},{"damage":2.0,"enemies":"Slavers","floor":25.0,"turns":4.0},{"damage":0.0,"enemies":"Gremlin Leader","floor":30.0,"turns":4.0},{"damage":0.0,"enemies":"Automaton","floor":33.0,"turns":7.0},{"damage":18.0,"enemies":"3 Darklings","floor":35.0,"turns":3.0},{"damage":5.0,"enemies":"3 Shapes","floor":37.0,"turns":3.0},{"damage":16.0,"enemies":"Giant Head","floor":40.0,"turns":7.0},{"damage":23.0,"enemies":"2 Orb Walkers","floor":41.0,"turns":4.0},{"damage":3.0,"enemies":"3 Darklings","floor":42.0,"turns":3.0},{"damage":8.0,"enemies":"Reptomancer","floor":44.0,"turns":4.0},{"damage":8.0,"enemies":"4 Shapes","floor":46.0,"turns":3.0},{"damage":0.0,"enemies":"Mind Bloom Boss Battle","floor":47.0,"turns":6.0},{"damage":47.0,"enemies":"Awakened One","floor":50.0,"turns":11.0},{"damage":2,"enemies":"Shield and Spear","floor":54,"turns":4},{"damage":46,"enemies":"The Heart","floor":55,"turns":6}],"seed_played":"4786888284541754368","potions_obtained":[{"floor":1.0,"key":"blueLaboratory:LouseDecoction"},{"floor":7.0,"key":"Fire Potion"},{"floor":13.0,"key":"blueLaboratory:FruitPunch"},{"floor":20.0,"key":"blueLaboratory:BottleOfVodka"},{"floor":25.0,"key":"blueLaboratory:NinjaPotion"},{"floor":35.0,"key":"blueLaboratory:FruitPunch"},{"floor":40.0,"key":"blueLaboratory:EnragingPotion"},{"floor":44.0,"key":"blueLaboratory:NullPotion"},{"floor":46.0,"key":"Energy Potion"}],"is_trial":false,"path_per_floor":["M","?","?","?","M","R","E","?","T","M","E","R","M","E","R","B",null,"M","$","?","?","M","E","?","E","T","R","?","?","E","?","R","B",null,"M","$","M","?","$","E","?","M","T","E","?","M","?","?","R","B",null,"R","$","E","B",null],"character_chosen":"THE_SILENT","items_purchased":["Swift Strike+1","Catalyst","Venomology","Bane+1","War Paint","Reflex","Caltrops","PowerPotion"],"campfire_rested":3,"item_purchase_floors":[19,36,36,53,53,53,53,53],"current_hp_per_floor":[70,70,65,65,65,65,65,50,50,50,50,50,50,51,51,49,79,79,79,79,64,59,59,59,59,59,59,59,59,61,61,84,84,84,66,66,63,53,53,41,20,19,19,35,77,77,79,79,79,42,79,79,79,79,39],"gold":38,"neow_bonus":"RANDOM_COMMON_RELIC","is_daily":false,"chose_seed":false,"campfire_upgraded":3,"win_rate":0.0,"timestamp":1610182635,"path_taken":["M","?","?","?","M","R","E","?","T","M","E","R","M","E","R","BOSS","M","$","?","?","M","E","?","E","T","R","?","?","E","?","R","BOSS","M","$","M","?","$","E","?","M","T","E","?","M","?","?","R","BOSS","R","$","E","BOSS"],"items_purchased_type":["Card","Card","Card","Card","Relic","Card","Card","Potion"],"build_version":"2020-12-22","purchased_purges":2,"victory":true,"max_hp_per_floor":[70,70,77,77,77,77,77,77,77,77,77,77,77,79,79,79,79,79,79,79,84,84,84,84,84,84,84,84,84,84,84,84,84,84,84,84,84,84,84,86,86,86,86,88,77,77,79,79,79,79,79,79,79,79,79],"card_choices":[{"not_picked":["Well Laid Plans","Tactician","Reflex"],"picked":"SKIP","floor":1.0},{"not_picked":["Poisoned Stab","Underhanded Strike"],"picked":"Noxious Fumes","floor":5.0},{"not_picked":["Deflect","Backstab"],"picked":"Adrenaline","floor":7.0},{"not_picked":["PiercingWail","Flying Knee","Eviscerate"],"picked":"SKIP","floor":10.0},{"not_picked":["Reflex","Deadly Poison","Skewer"],"picked":"SKIP","floor":11.0},{"not_picked":["Underhanded Strike","Deflect","Outmaneuver"],"picked":"SKIP","floor":13.0},{"not_picked":["PiercingWail","Skewer+1"],"picked":"Noxious Fumes","floor":14.0},{"not_picked":["Burst","After Image"],"picked":"A Thousand Cuts","floor":16.0},{"not_picked":["Riddle With Holes+1","Quick Slash+1","Well Laid Plans"],"picked":"SKIP","floor":18.0},{"not_picked":["Dagger Spray+1","Underhanded Strike+1","Quick Slash+1"],"picked":"SKIP","floor":22.0},{"not_picked":["Backflip","Endless Agony+1"],"picked":"Catalyst","floor":23.0},{"not_picked":["Caltrops+1","Flying Knee+1","Backstab+1"],"picked":"SKIP","floor":25.0},{"not_picked":["All Out Attack+1","Endless Agony+1"],"picked":"Noxious Fumes+1","floor":30.0},{"not_picked":["Glass Knife+1","Die Die Die+1"],"picked":"Night Terror","floor":33.0},{"not_picked":["Bane+1","Skewer+1","Dagger Throw+1"],"picked":"SKIP","floor":35.0},{"not_picked":["Deflect+1","Tactician+1","Blade Dance"],"picked":"SKIP","floor":37.0},{"not_picked":["Good Instincts","HandOfGreed+1"],"picked":"Dark Shackles","floor":38.0},{"not_picked":["Predator+1","Blur+1","Endless Agony+1"],"picked":"SKIP","floor":40.0},{"not_picked":["Finisher+1","Blur+1","Heel Hook+1"],"picked":"SKIP","floor":42.0},{"not_picked":["Riddle With Holes+1","Crippling Poison","Finisher+1"],"picked":"SKIP","floor":44.0},{"not_picked":["Blade Dance","Expertise+1"],"picked":"Caltrops+1","floor":46.0},{"not_picked":["Acrobatics","Underhanded Strike+1"],"picked":"Adrenaline","floor":54}],"player_experience":21148,"relics_obtained":[{"floor":7.0,"key":"Centennial Puzzle"},{"floor":11.0,"key":"Potion Belt"},{"floor":14.0,"key":"Molten Egg 2"},{"floor":20.0,"key":"Red Mask"},{"floor":23.0,"key":"Blood Vial"},{"floor":25.0,"key":"Matryoshka"},{"floor":26.0,"key":"Ancient Tea Set"},{"floor":26.0,"key":"Juzu Bracelet"},{"floor":30.0,"key":"Du-Vu Doll"},{"floor":40.0,"key":"Bottled Tornado"},{"floor":41.0,"key":"Peace Pipe"},{"floor":43.0,"key":"Toy Ornithopter"},{"floor":43.0,"key":"Regal Pillow"},{"floor":44.0,"key":"Pen Nib"},{"floor":47.0,"key":"Tingsha"},{"floor":54,"key":"Happy Flower"}],"event_choices":[{"damage_healed":0.0,"max_hp_gain":0.0,"max_hp_loss":0.0,"gold_gain":0.0,"event_name":"Upgrade Shrine","player_choice":"Ignored","floor":2.0,"gold_loss":0.0,"damage_taken":0.0},{"damage_healed":0.0,"max_hp_gain":0.0,"max_hp_loss":0.0,"gold_gain":0.0,"event_name":"Scrap Ooze","player_choice":"Success","floor":3.0,"gold_loss":0.0,"damage_taken":12.0,"relics_obtained":["Strawberry"]},{"damage_healed":0.0,"max_hp_gain":0.0,"max_hp_loss":0.0,"gold_gain":0.0,"cards_transformed":["Strike_G"],"event_name":"Living Wall","player_choice":"Change","floor":4.0,"gold_loss":0.0,"damage_taken":0.0,"cards_obtained":["Envenom"]},{"damage_healed":0.0,"max_hp_gain":0.0,"max_hp_loss":0.0,"gold_gain":0.0,"event_name":"Shining Light","player_choice":"Entered Light","floor":8.0,"gold_loss":0.0,"damage_taken":15.0,"cards_upgraded":["Envenom","Adrenaline"]},{"damage_healed":0.0,"max_hp_gain":0.0,"max_hp_loss":0.0,"gold_gain":0.0,"event_name":"Masked Bandits","player_choice":"Fought Bandits","floor":20.0,"gold_loss":0.0,"damage_taken":0.0},{"damage_healed":0.0,"max_hp_gain":5.0,"max_hp_loss":0.0,"gold_gain":0.0,"event_name":"Forgotten Altar","player_choice":"Shed Blood","floor":21.0,"gold_loss":0.0,"damage_taken":20.0},{"damage_healed":0.0,"max_hp_gain":0.0,"max_hp_loss":0.0,"gold_gain":0.0,"event_name":"Ghosts","player_choice":"Ignored","floor":24.0,"gold_loss":0.0,"damage_taken":0.0},{"cards_removed":["Strike_G"],"damage_healed":0.0,"max_hp_gain":0.0,"max_hp_loss":0.0,"gold_gain":0.0,"event_name":"Designer","player_choice":"Upgrade and Remove","floor":28.0,"gold_loss":90.0,"damage_taken":0.0,"cards_upgraded":["Catalyst"]},{"damage_healed":0.0,"max_hp_gain":0.0,"max_hp_loss":0.0,"gold_gain":0.0,"event_name":"Back to Basics","player_choice":"Simplicity","floor":29.0,"gold_loss":0.0,"damage_taken":0.0,"cards_upgraded":[]},{"damage_healed":0.0,"max_hp_gain":0.0,"max_hp_loss":0.0,"gold_gain":0.0,"cards_transformed":["Defend_G"],"event_name":"Transmorgrifier","player_choice":"Transformed","floor":31.0,"gold_loss":0.0,"damage_taken":0.0,"cards_obtained":["Distraction"]},{"damage_healed":0.0,"max_hp_gain":0.0,"max_hp_loss":0.0,"gold_gain":0.0,"event_name":"SensoryStone","player_choice":"Memory 3","floor":38.0,"gold_loss":0.0,"damage_taken":10.0},{"damage_healed":0.0,"max_hp_gain":0.0,"max_hp_loss":0.0,"gold_gain":0.0,"event_name":"Mysterious Sphere","player_choice":"Fight","floor":41.0,"gold_loss":0.0,"damage_taken":0.0},{"damage_healed":77.0,"max_hp_gain":0.0,"max_hp_loss":11.0,"gold_gain":0.0,"event_name":"The Moai Head","player_choice":"Heal","floor":45.0,"gold_loss":0.0,"damage_taken":0.0},{"damage_healed":0.0,"max_hp_gain":0.0,"max_hp_loss":0.0,"gold_gain":0.0,"event_name":"MindBloom","player_choice":"Fight","floor":47.0,"gold_loss":0.0,"damage_taken":0.0},{"cards_removed":["Catalyst"],"damage_healed":0.0,"max_hp_gain":0.0,"max_hp_loss":0.0,"gold_gain":0.0,"event_name":"Falling","player_choice":"Removed Skill","floor":48.0,"gold_loss":0.0,"damage_taken":0.0}],"is_beta":false,"boss_relics":[{"not_picked":["Black Star","HoveringKite"],"picked":"Runic Pyramid"},{"not_picked":["Busted Crown","Calling Bell"],"picked":"Fusion Hammer"}],"items_purged_floors":[19,36],"is_endless":false,"potions_floor_spawned":[1,7,13,20,25,35,40,44,46,47,54],"ascension_level":2}}