{"host":"skvwuvqqk8x6jusd","time":1610225251,"event":{"mods":["AchievementEnabler","BaseMod","Colored Map","Colored Powertips","Highlight Path","Minty Spire (QoL Compilation)","Relic Stats","Slay-I"],"gold_per_floor":[117,133,145,164,176,176,476,510,583,617,636,11,42,55,55,152,152,167,167,185,31,31,31,31,43,66,83,118,118,149,168,168,266,266,279,279,299,38,55,55,74,74,97,97,0,19,19,19,19,19],"floor_reached":51,"playtime":4362,"items_purged":["Strike_B","Pain","Strike_B"],"score":786,"play_id":"05f3c4b9-b5df-4667-96ee-df61002ffe3e","local_time":"20210109204731","is_ascension_mode":false,"campfire_choices":[{"data":"Zap","floor":6,"key":"SMITH"},{"data":"Go for the Eyes","floor":15,"key":"SMITH"},{"floor":23,"key":"REST"},{"floor":29,"key":"REST"},{"floor":32,"key":"REST"},{"floor":40,"key":"REST"},{"floor":42,"key":"REST"},{"floor":49,"key":"REST"}],"circlet_count":0,"master_deck":["Defend_B","Defend_B","Defend_B","Defend_B","Zap+1","Dualcast+1","Cold Snap","Ball Lightning","Cold Snap","Go for the Eyes+1","Conserve Battery","Conserve Battery+1","Steam","Hologram","Hologram","Coolheaded","Sweeping Beam","Ball Lightning","Compile Driver","Cold Snap","Ball Lightning","Hologram","Stack","Sweeping Beam+1","Ball Lightning+1","Hologram","Stack+1","Go for the Eyes","Compile Driver","Hologram"],"relics":["FrozenCore","Old Coin","Gambling Chip","The Courier","Regal Pillow","Torii","Juzu Bracelet","Anchor","Frozen Egg 2","Fusion Hammer","WarpedTongs","Enchiridion","Bronze Scales","PreservedInsect","StoneCalendar","War Paint","Omamori","Pen Nib","Red Mask"],"acts_visited":["Exordium","TheCity","TheBeyond"],"potions_floor_usage":[13,27,33,48,50,50],"damage_taken":[{"damage":1,"enemies":"Jaw Worm","floor":1,"turns":3},{"damage":0,"enemies":"2 Louse","floor":2,"turns":2},{"damage":0,"enemies":"Cultist","floor":3,"turns":3},{"damage":5,"enemies":"Large Slime","floor":4,"turns":5},{"damage":2,"enemies":"Red Slaver","floor":5,"turns":2},{"damage":16,"enemies":"Lagavulin","floor":8,"turns":6},{"damage":11,"enemies":"Gremlin Nob","floor":10,"turns":5},{"damage":0,"enemies":"Looter","floor":11,"turns":2},{"damage":1,"enemies":"3 Sentries","floor":13,"turns":5},{"damage":0,"enemies":"2 Fungi Beasts","floor":14,"turns":3},{"damage":1,"enemies":"The Guardian","floor":16,"turns":14},{"damage":1,"enemies":"2 Thieves","floor":18,"turns":4},{"damage":0,"enemies":"Shell Parasite","floor":20,"turns":5},{"damage":1,"enemies":"Sentry and Sphere","floor":25,"turns":3},{"damage":0,"enemies":"Shelled Parasite and Fungi","floor":27,"turns":3},{"damage":2,"enemies":"Book of Stabbing","floor":28,"turns":4},{"damage":1,"enemies":"Gremlin Leader","floor":30,"turns":5},{"damage":0,"enemies":"Cultist and Chosen","floor":31,"turns":3},{"damage":27,"enemies":"Collector","floor":33,"turns":7},{"damage":0,"enemies":"Orb Walker","floor":35,"turns":3},{"damage":18,"enemies":"3 Darklings","floor":37,"turns":4},{"damage":0,"enemies":"Writhing Mass","floor":39,"turns":7},{"damage":7,"enemies":"4 Shapes","floor":41,"turns":5},{"damage":0,"enemies":"Sphere and 2 Shapes","floor":46,"turns":3},{"damage":0,"enemies":"Jaw Worm Horde","floor":48,"turns":1},{"damage":50,"enemies":"Donu and Deca","floor":50,"turns":11}],"seed_played":"6332648823470711571","potions_obtained":[{"floor":2,"key":"Swift Potion"},{"floor":8,"key":"Swift Potion"},{"floor":13,"key":"Explosive Potion"},{"floor":14,"key":"Dexterity Potion"},{"floor":16,"key":"BlessingOfTheForge"},{"floor":27,"key":"Dexterity Potion"},{"floor":31,"key":"BlessingOfTheForge"},{"floor":37,"key":"SmokeBomb"},{"floor":39,"key":"ColorlessPotion"}],"is_trial":false,"path_per_floor":["M","M","M","M","M","R","?","E","T","E","M","$","E","M","R","B",null,"M","?","M","$","?","R","?","M","T","M","E","R","E","M","R","B",null,"M","T","M","$","M","R","M","R","T","?","?","M","$","M","R","B",null],"character_chosen":"DEFECT","items_purchased":["Torii","Hologram","Hologram","Coolheaded","Juzu Bracelet","Anchor","Cold Snap","Ball Lightning","Compile Driver","Omamori"],"campfire_rested":6,"item_purchase_floors":[12,12,12,12,12,12,21,21,38,38],"current_hp_per_floor":[74,74,74,69,67,67,67,51,51,40,40,40,39,39,39,38,75,74,74,74,74,58,75,75,74,74,74,72,75,74,74,75,48,75,75,75,57,57,57,75,68,75,75,75,75,75,75,75,75,25],"gold":19,"neow_bonus":"TRANSFORM_CARD","is_daily":false,"chose_seed":false,"campfire_upgraded":2,"win_rate":0.0,"timestamp":1610225251,"path_taken":["M","M","M","M","M","R","?","E","T","E","M","$","E","M","R","BOSS","M","?","M","$","?","R","?","M","T","M","E","R","E","M","R","BOSS","M","?","M","$","M","R","M","R","T","?","?","M","$","M","R","BOSS"],"items_purchased_type":["Relic","Card","Card","Card","Relic","Relic","Card","Card","Card","Relic"],"build_version":"2020-12-22","purchased_purges":3,"victory":true,"max_hp_per_floor":[75,75,75,75,75,75,75,75,75,75,75,75,75,75,75,75,75,75,75,75,75,75,75,75,75,75,75,75,75,75,75,75,75,75,75,75,75,75,75,75,75,75,75,75,75,75,75,75,75,75],"relic_stats":{"Regal Pillow":0,"Torii":26,"counters":[26,118],"StoneCalendar":[148],"PreservedInsect":44,"Pen Nib":[4],"Juzu Bracelet":1,"War Paint":["Dualcast","Conserve Battery"],"FrozenCore":[6],"WarpedTongs":[63],"Gambling Chip":[33],"Bronze Scales":[168],"obtain_stats":[{"Regal Pillow":10,"Torii":12,"Enchiridion":22,"StoneCalendar":30,"The Courier":9,"PreservedInsect":28,"Pen Nib":43,"Juzu Bracelet":12,"Omamori":38,"Frozen Egg 2":13,"War Paint":36,"Old Coin":7,"WarpedTongs":19,"FrozenCore":34,"Anchor":12,"Gambling Chip":8,"Bronze Scales":26,"Fusion Hammer":17,"Red Mask":45,"Cracked Core":0},{"Regal Pillow":7,"Torii":8,"Enchiridion":13,"StoneCalendar":17,"The Courier":6,"PreservedInsect":16,"Pen Nib":23,"Juzu Bracelet":8,"Omamori":21,"Frozen Egg 2":9,"War Paint":20,"Old Coin":5,"WarpedTongs":12,"FrozenCore":19,"Anchor":8,"Gambling Chip":6,"Bronze Scales":14,"Fusion Hammer":11,"Red Mask":23,"Cracked Core":0},{"Regal Pillow":26,"Torii":28,"Enchiridion":59,"StoneCalendar":74,"The Courier":21,"PreservedInsect":69,"Pen Nib":103,"Juzu Bracelet":28,"Omamori":91,"Frozen Egg 2":33,"War Paint":87,"Old Coin":15,"WarpedTongs":54,"FrozenCore":84,"Anchor":28,"Gambling Chip":21,"Bronze Scales":62,"Fusion Hammer":50,"Red Mask":103,"Cracked Core":0}]},"card_choices":[{"not_picked":["Stack","Double Energy"],"picked":"Ball Lightning","floor":1},{"not_picked":["Darkness","Compile Driver"],"picked":"Cold Snap","floor":2},{"not_picked":["Reprogram","Self Repair"],"picked":"Go for the Eyes","floor":3},{"not_picked":["Scrape","BootSequence","Consume"],"picked":"SKIP","floor":4},{"not_picked":["Turbo","Beam Cell"],"picked":"Conserve Battery","floor":5},{"not_picked":["Redo","Chill"],"picked":"Conserve Battery","floor":8},{"not_picked":["Steam Power","Static Discharge","Turbo"],"picked":"SKIP","floor":10},{"not_picked":["Undo","Streamline"],"picked":"Steam","floor":11},{"not_picked":["Lockon","Undo"],"picked":"Sweeping Beam","floor":13},{"not_picked":["Gash","Storm+1","Tempest"],"picked":"SKIP","floor":14},{"not_picked":["Consume","Lockon"],"picked":"Ball Lightning","floor":18},{"not_picked":["Sunder+1","Gash"],"picked":"Compile Driver","floor":20},{"not_picked":["Aggregate","Capacitor+1"],"picked":"Hologram","floor":25},{"not_picked":["Scrape","Sunder+1"],"picked":"Stack","floor":27},{"not_picked":["Recycle","Blizzard+1"],"picked":"Sweeping Beam+1","floor":28},{"not_picked":["Storm+1","BootSequence"],"picked":"Ball Lightning+1","floor":30},{"not_picked":["Double Energy+1","Fusion"],"picked":"Hologram","floor":31},{"not_picked":["Beam Cell","Barrage"],"picked":"Stack+1","floor":35},{"not_picked":["Fusion","Cold Snap"],"picked":"Go for the Eyes","floor":37},{"not_picked":["Streamline+1","Thunder Strike","Gash"],"picked":"SKIP","floor":39},{"not_picked":["Doom and Gloom+1","White Noise+1","Steam+1"],"picked":"SKIP","floor":41},{"not_picked":["Coolheaded","Gash+1"],"picked":"Hologram","floor":46}],"player_experience":585372,"relics_obtained":[{"floor":8,"key":"Gambling Chip"},{"floor":9,"key":"The Courier"},{"floor":10,"key":"Regal Pillow"},{"floor":13,"key":"Frozen Egg 2"},{"floor":22,"key":"Enchiridion"},{"floor":26,"key":"Bronze Scales"},{"floor":28,"key":"PreservedInsect"},{"floor":30,"key":"StoneCalendar"},{"floor":36,"key":"War Paint"},{"floor":43,"key":"Pen Nib"}],"event_choices":[{"damage_healed":0,"gold_gain":0,"player_choice":"Searched \u00272\u0027 times","damage_taken":0,"relics_obtained":["Old Coin"],"max_hp_gain":0,"max_hp_loss":0,"event_name":"Dead Adventurer","floor":7,"gold_loss":0},{"damage_healed":0,"gold_gain":0,"player_choice":"Rummage","damage_taken":0,"relics_obtained":["WarpedTongs"],"max_hp_gain":0,"max_hp_loss":0,"event_name":"Accursed Blacksmith","floor":19,"gold_loss":0,"cards_obtained":["Pain"]},{"damage_healed":0,"gold_gain":0,"player_choice":"Obtained Book","damage_taken":16,"max_hp_gain":0,"max_hp_loss":0,"event_name":"Cursed Tome","floor":22,"gold_loss":0},{"damage_healed":0,"gold_gain":0,"player_choice":"Ignored","damage_taken":0,"max_hp_gain":0,"max_hp_loss":0,"event_name":"N\u0027loth","floor":24,"gold_loss":0},{"cards_removed":["Strike_B"],"damage_healed":0,"gold_gain":0,"player_choice":"Removed Attack","damage_taken":0,"max_hp_gain":0,"max_hp_loss":0,"event_name":"Falling","floor":44,"gold_loss":0},{"damage_healed":0,"gold_gain":0,"player_choice":"Paid","damage_taken":0,"relics_obtained":["Red Mask"],"max_hp_gain":0,"max_hp_loss":0,"event_name":"Tomb of Lord Red Mask","floor":45,"gold_loss":97}],"is_beta":false,"boss_relics":[{"not_picked":["Runic Dome","Snecko Eye"],"picked":"Fusion Hammer"},{"not_picked":["Coffee Dripper","Nuclear Battery"],"picked":"FrozenCore"}],"items_purged_floors":[12,21,38],"is_endless":false,"potions_floor_spawned":[2,8,13,14,16,18,27,31,37,39,48],"ascension_level":0}}