{"host":"egwexuw5uvnxf11j","time":1610168220,"event":{"mods":["2.2 Compatiblity","Aspiration","BaseMod","Better Altar","Better Note","Better Sensory Stone","Better Third Choice","Displayed Cursed Tome","Downfall","Hermit","Key Reminder","Koishi","Marisa????????","Minty Spire (QoL Compilation)","Quick Restart","Shade Mod","Spicy Shops","StSLib","The Construct","The Cursed","The Hierophant","The Runesmith","The Senshi","The Servant 0.9.4","Transform Curses"],"gold_per_floor":[112,129,144,144,154,154,154],"floor_reached":6,"playtime":433,"items_purged":[],"score":46,"play_id":"fc14d24e-988d-4af6-9f44-495c45eff355","local_time":"20210108235700","is_ascension_mode":true,"campfire_choices":[],"circlet_count":0,"master_deck":["Strike_S","Strike_S","Strike_S","Strike_S","Defend_S","Defend_S","Defend_S","Defend_S","KidneyShot","Exchange","expansioncontent:DecasProtection","ShatteredReality","Starlight","FastForward"],"relics":["Uniform","Ginger"],"acts_visited":["Exordium"],"potions_floor_usage":[],"damage_taken":[{"damage":2,"enemies":"2 Louse","floor":1,"turns":4},{"damage":0,"enemies":"Cultist","floor":2,"turns":4},{"damage":9,"enemies":"Jaw Worm","floor":3,"turns":3},{"damage":44,"enemies":"Large Slime","floor":5,"turns":6},{"damage":14,"enemies":"Lagavulin","floor":6,"turns":6}],"seed_played":"-542447407286846620","potions_obtained":[],"is_trial":false,"path_per_floor":["M","M","M","?","M","E"],"character_chosen":"THE_SERVANT","items_purchased":[],"campfire_rested":0,"item_purchase_floors":[],"current_hp_per_floor":[63,63,54,54,10,0,0],"gold":154,"neow_bonus":"RANDOM_COLORLESS","is_daily":false,"chose_seed":false,"campfire_upgraded":0,"win_rate":0.0,"timestamp":1610168220,"path_taken":["M","M","M","?","M","E"],"items_purchased_type":[],"build_version":"2020-12-22","purchased_purges":0,"victory":false,"max_hp_per_floor":[65,65,65,65,65,65,65],"card_choices":[{"not_picked":["expansioncontent:ManipulateTime","expansioncontent:HyperBeam"],"picked":"expansioncontent:DecasProtection","floor":0},{"not_picked":["TimeWarp","Gouge"],"picked":"ShatteredReality","floor":1},{"not_picked":["Replace","ShatteredReality"],"picked":"Starlight","floor":2},{"not_picked":["Rewind","InstantArmor"],"picked":"SilverMatrix","floor":3},{"not_picked":["Ricochet","BottledTime"],"picked":"FastForward","floor":5}],"player_experience":2175818,"relics_obtained":[],"event_choices":[{"cards_removed":["SilverMatrix"],"damage_healed":0,"gold_gain":0,"player_choice":"Gave Card","damage_taken":0,"relics_obtained":["Ginger"],"max_hp_gain":0,"max_hp_loss":0,"event_name":"WeMeetAgain","floor":4,"gold_loss":0}],"is_beta":false,"boss_relics":[],"items_purged_floors":[],"is_endless":false,"potions_floor_spawned":[],"killed_by":"Lagavulin","ascension_level":4}}