{"host":"ufl0k2so27eic2iy","time":1610195309,"event":{"mods":["BaseMod","Minty Spire (QoL Compilation)","StSLib","The Animator"],"gold_per_floor":[109,121,39,39,54,54,88,88,88,98,128,142,161,196,196,270,270,270,270,270,220,220,220,220,220,220,220,220,220,133,133,133,133,133],"floor_reached":33,"playtime":1162,"items_purged":["Strike_G","Strike_G+1"],"score":618,"play_id":"5693fe98-d14d-42fd-967e-db827aa67be8","local_time":"20210109122829","is_ascension_mode":true,"campfire_choices":[{"data":"Flechettes","floor":6.0,"key":"SMITH"},{"data":"Neutralize","floor":8.0,"key":"SMITH"},{"data":"Blade Dance","floor":15,"key":"SMITH"},{"data":"A Thousand Cuts","floor":23,"key":"SMITH"},{"data":"Caltrops","floor":27,"key":"SMITH"},{"data":"Blade Dance","floor":32,"key":"SMITH"}],"circlet_count":0,"master_deck":["AscendersBane","Strike_G+1","Strike_G+1","Strike_G+1","Defend_G+1","Defend_G+1","Defend_G+1","Defend_G+1","Defend_G+1","Survivor","Neutralize+1","Blur","Flechettes+1","Infinite Blades","Deflect","Backflip","Noxious Fumes","Slice+1","Blade Dance+1","Blade Dance+1","A Thousand Cuts+1","Cloak And Dagger","Caltrops+1","Well Laid Plans","Escape Plan","Finisher"],"relics":["WristBlade","Letter Opener","Blood Vial","Mercury Hourglass","Singing Bowl","HornCleat","Ectoplasm","Smiling Mask","Bag of Preparation","Question Card","Whetstone","Red Mask"],"acts_visited":["Exordium","TheCity"],"potions_floor_usage":[24],"damage_taken":[{"damage":0.0,"enemies":"Cultist","floor":1.0,"turns":5.0},{"damage":7.0,"enemies":"Jaw Worm","floor":2.0,"turns":8.0},{"damage":2.0,"enemies":"Small Slimes","floor":5.0,"turns":3.0},{"damage":9.0,"enemies":"3 Sentries","floor":7.0,"turns":8.0},{"damage":0.0,"enemies":"2 Fungi Beasts","floor":10.0,"turns":3.0},{"damage":13.0,"enemies":"Gremlin Nob","floor":11.0,"turns":4.0},{"damage":3.0,"enemies":"Looter","floor":12.0,"turns":3.0},{"damage":8,"enemies":"Large Slime","floor":13,"turns":6},{"damage":5,"enemies":"3 Sentries","floor":14,"turns":5},{"damage":0,"enemies":"Hexaghost","floor":16,"turns":8},{"damage":0,"enemies":"3 Byrds","floor":18,"turns":3},{"damage":2,"enemies":"Chosen","floor":20,"turns":4},{"damage":7,"enemies":"Centurion and Healer","floor":22,"turns":5},{"damage":9,"enemies":"Book of Stabbing","floor":24,"turns":4},{"damage":12,"enemies":"Slavers","floor":29,"turns":3},{"damage":0,"enemies":"Masked Bandits","floor":31,"turns":3},{"damage":48,"enemies":"Champ","floor":33,"turns":7}],"seed_played":"-534236447148436997","potions_obtained":[{"floor":1.0,"key":"FearPotion"},{"floor":5.0,"key":"FearPotion"},{"floor":11.0,"key":"Weak Potion"},{"floor":29,"key":"FearPotion"}],"is_trial":false,"path_per_floor":["M","M","$","T","M","R","E","R","T","M","E","M","M","E","R","B",null,"M","T","M","$","M","R","E","?","T","R","?","E","$","?","R","B"],"character_chosen":"THE_SILENT","items_purchased":["Infinite Blades","Escape Plan"],"campfire_rested":0,"item_purchase_floors":[3,30],"current_hp_per_floor":[59,52,52,52,50,50,41,41,41,43,34,33,27,24,24,26,58,60,60,62,62,59,59,52,52,52,52,52,42,42,44,44,0,0],"gold":133,"neow_bonus":"BOSS_RELIC","is_daily":false,"chose_seed":false,"campfire_upgraded":6,"win_rate":0.0,"timestamp":1610195309,"path_taken":["M","M","$","?","M","R","E","R","T","M","E","M","M","E","R","BOSS","M","?","M","$","M","R","E","?","T","R","?","E","$","?","R","BOSS"],"items_purchased_type":["Card","Card"],"build_version":"2020-12-22","purchased_purges":2,"victory":false,"max_hp_per_floor":[66,66,66,66,66,66,66,66,66,66,68,68,68,68,68,68,68,68,68,70,70,72,72,72,72,72,72,72,72,72,72,72,72,72],"card_choices":[{"not_picked":["Outmaneuver","Prepared"],"picked":"Blur","floor":1.0},{"not_picked":["Crippling Poison","Backflip"],"picked":"Flechettes","floor":2.0},{"not_picked":["Acrobatics","Expertise"],"picked":"Deflect","floor":5.0},{"not_picked":["Prepared","Tools of the Trade"],"picked":"Backflip","floor":7.0},{"not_picked":["PiercingWail","Prepared"],"picked":"Noxious Fumes","floor":10.0},{"not_picked":["Dash","Sucker Punch","Prepared"],"picked":"Singing Bowl","floor":11.0},{"not_picked":["Well Laid Plans","Escape Plan"],"picked":"Slice","floor":12.0},{"not_picked":["Sucker Punch","Deadly Poison"],"picked":"Blade Dance","floor":13},{"not_picked":["Eviscerate","Terror"],"picked":"Blade Dance","floor":14},{"not_picked":["Envenom","Doppelganger"],"picked":"A Thousand Cuts","floor":16},{"not_picked":["Underhanded Strike+1","Backflip"],"picked":"Cloak And Dagger","floor":18},{"not_picked":["Deadly Poison","Poisoned Stab","Expertise"],"picked":"Singing Bowl","floor":20},{"not_picked":["Deflect","Quick Slash","Concentrate"],"picked":"Singing Bowl","floor":22},{"not_picked":["Underhanded Strike","Burst"],"picked":"Caltrops","floor":24},{"not_picked":["Deflect","Deadly Poison","Envenom"],"picked":"Well Laid Plans","floor":29},{"not_picked":["Bane","Cloak And Dagger","Deadly Poison+1"],"picked":"Finisher","floor":31}],"player_experience":2427047,"relics_obtained":[{"floor":4.0,"key":"Letter Opener"},{"floor":7.0,"key":"Blood Vial"},{"floor":9.0,"key":"Mercury Hourglass"},{"floor":11.0,"key":"Singing Bowl"},{"floor":14,"key":"HornCleat"},{"floor":19,"key":"Smiling Mask"},{"floor":24,"key":"Bag of Preparation"},{"floor":26,"key":"Question Card"},{"floor":29,"key":"Whetstone"},{"floor":31,"key":"Red Mask"}],"event_choices":[{"damage_healed":0,"gold_gain":0,"player_choice":"Ignored","damage_taken":0,"max_hp_gain":0,"max_hp_loss":0,"event_name":"Ghosts","floor":25,"gold_loss":0},{"damage_healed":0,"gold_gain":0,"player_choice":"Simplicity","damage_taken":0,"max_hp_gain":0,"max_hp_loss":0,"event_name":"Back to Basics","floor":28,"gold_loss":0,"cards_upgraded":["Strike_G","Strike_G","Strike_G","Strike_G","Defend_G","Defend_G","Defend_G","Defend_G","Defend_G"]},{"damage_healed":0,"gold_gain":0,"player_choice":"Fought Bandits","damage_taken":0,"max_hp_gain":0,"max_hp_loss":0,"event_name":"Masked Bandits","floor":31,"gold_loss":0}],"is_beta":false,"boss_relics":[{"not_picked":["Velvet Choker","Calling Bell"],"picked":"Ectoplasm"}],"items_purged_floors":[21,30],"is_endless":false,"potions_floor_spawned":[1,5,11,14,16,20,29,31],"killed_by":"Champ","ascension_level":15}}