{"host":"hszimsrtxxc2k25w","time":1610215128,"event":{"mods":["AchievementEnabler","BaseMod","Colored Map","DeckTracker","Minty Spire (QoL Compilation)","Rare Cards Sparkle","SuperFastMode"],"gold_per_floor":[115,39,49,49,49,49,49,81,81,91,91,102,121,131,131,206,206,220,145,45,45,45],"floor_reached":21,"playtime":533,"items_purged":["Decay"],"score":358,"play_id":"01a6104a-3169-4d41-aefa-af669e3736f2","local_time":"20210110025848","is_ascension_mode":true,"campfire_choices":[{"data":"Fire Breathing","floor":6,"key":"SMITH"},{"floor":15,"key":"REST"}],"circlet_count":0,"master_deck":["AscendersBane","Bash","Twin Strike","Feel No Pain","Fire Breathing+1","Shrug It Off","Power Through","Offering","Pommel Strike","Impervious","Bloodletting","Demon Form","Bloodletting","Dark Embrace","Armaments","Shrug It Off","Evolve","Rage","Body Slam"],"relics":["Burning Blood","Bird Faced Urn","Bottled Tornado","Pandora\u0027s Box"],"acts_visited":["Exordium","TheCity"],"potions_floor_usage":[16,16],"damage_taken":[{"damage":3,"enemies":"2 Louse","floor":1,"turns":4},{"damage":10,"enemies":"Small Slimes","floor":3,"turns":4},{"damage":19,"enemies":"3 Sentries","floor":8,"turns":5},{"damage":11,"enemies":"Cultist","floor":10,"turns":4},{"damage":6,"enemies":"Looter","floor":12,"turns":5},{"damage":19,"enemies":"Gremlin Gang","floor":13,"turns":5},{"damage":26,"enemies":"Exordium Wildlife","floor":14,"turns":4},{"damage":15,"enemies":"Slime Boss","floor":16,"turns":7},{"damage":20,"enemies":"Shell Parasite","floor":18,"turns":6},{"damage":29,"enemies":"2 Thieves","floor":20,"turns":5},{"damage":47,"enemies":"Centurion and Healer","floor":21,"turns":5}],"seed_played":"1828136726215866829","potions_obtained":[{"floor":1,"key":"ColorlessPotion"},{"floor":10,"key":"Explosive Potion"},{"floor":14,"key":"DistilledChaos"},{"floor":16,"key":"EssenceOfSteel"},{"floor":18,"key":"Strength Potion"}],"is_trial":false,"path_per_floor":["M","$","M","?","?","R","?","E","T","M","?","M","M","M","R","B",null,"M","$","M","M"],"character_chosen":"IRONCLAD","items_purchased":["Fire Breathing"],"campfire_rested":1,"item_purchase_floors":[2],"current_hp_per_floor":[71,71,67,67,67,67,60,47,47,46,46,50,41,25,47,42,67,61,61,46,9,9],"gold":45,"neow_bonus":"THREE_CARDS","is_daily":false,"chose_seed":false,"campfire_upgraded":1,"win_rate":0.0,"timestamp":1610215128,"path_taken":["M","$","M","?","?","R","?","E","T","M","?","M","M","M","R","BOSS","M","$","M","M"],"items_purchased_type":["Card"],"build_version":"2020-12-22","purchased_purges":1,"victory":false,"max_hp_per_floor":[75,75,75,75,75,75,75,75,75,75,75,75,75,75,75,75,75,75,75,75,75,75],"card_choices":[{"not_picked":["Intimidate","Warcry"],"picked":"Twin Strike","floor":0},{"not_picked":["Flame Barrier","Heavy Blade"],"picked":"Feel No Pain","floor":1},{"not_picked":["Clothesline","Spot Weakness"],"picked":"Shrug It Off","floor":3},{"not_picked":["Warcry","Intimidate","True Grit"],"picked":"SKIP","floor":8},{"not_picked":["Perfected Strike","Warcry"],"picked":"Power Through","floor":10},{"not_picked":["Clothesline","Thunderclap","Cleave"],"picked":"SKIP","floor":12},{"not_picked":["Flex","Havoc"],"picked":"Offering","floor":13},{"not_picked":["Wild Strike","Flex"],"picked":"Pommel Strike","floor":14},{"not_picked":["Reaper","Brutality"],"picked":"Impervious","floor":16},{"not_picked":["Pommel Strike","Armaments","Perfected Strike"],"picked":"SKIP","floor":18},{"not_picked":["Power Through","Heavy Blade"],"picked":"Body Slam","floor":20}],"player_experience":614542,"relics_obtained":[{"floor":8,"key":"Bird Faced Urn"},{"floor":9,"key":"Bottled Tornado"}],"event_choices":[{"damage_healed":0,"gold_gain":0,"player_choice":"Ignored","damage_taken":0,"max_hp_gain":0,"max_hp_loss":0,"event_name":"Liars Game","floor":4,"gold_loss":0},{"damage_healed":0,"gold_gain":0,"player_choice":"Leave","damage_taken":0,"max_hp_gain":0,"max_hp_loss":0,"event_name":"The Cleric","floor":5,"gold_loss":0},{"cards_removed":["Strike_R"],"damage_healed":0,"gold_gain":0,"player_choice":"Card Removal","damage_taken":7,"max_hp_gain":0,"max_hp_loss":0,"event_name":"Golden Wing","floor":7,"gold_loss":0},{"damage_healed":0,"gold_gain":0,"player_choice":"Cursed","damage_taken":0,"max_hp_gain":0,"max_hp_loss":0,"event_name":"Wheel of Change","floor":11,"gold_loss":0,"cards_obtained":["Decay"]}],"is_beta":false,"boss_relics":[{"not_picked":["Black Blood","Busted Crown"],"picked":"Pandora\u0027s Box"}],"items_purged_floors":[19],"is_endless":false,"potions_floor_spawned":[1,10,12,14,16,18],"killed_by":"Centurion and Healer","ascension_level":20}}