{"host":"hszimsrtxxc2k25w","time":1610214414,"event":{"mods":["AchievementEnabler","BaseMod","Colored Map","DeckTracker","Minty Spire (QoL Compilation)","Rare Cards Sparkle","SuperFastMode"],"gold_per_floor":[109,109,89,109,127,127,141,141,141,141,157,157,157,170,170,248,248,264,179,189,209,47,47,60,76,76,92,17,34,49,74,74,74,74],"floor_reached":33,"playtime":880,"items_purged":["Sever Soul"],"score":576,"play_id":"d3ae187f-0005-453f-93ce-7c36cab8ea11","local_time":"20210110024654","is_ascension_mode":true,"campfire_choices":[{"data":"Immolate","floor":6.0,"key":"SMITH"},{"data":"Burning Pact","floor":8.0,"key":"SMITH"},{"data":"Evolve","floor":12.0,"key":"SMITH"},{"data":"Shockwave","floor":15.0,"key":"SMITH"},{"data":"Feel No Pain","floor":23.0,"key":"SMITH"},{"data":"Offering","floor":32,"key":"SMITH"}],"circlet_count":0,"master_deck":["AscendersBane","Strike_R","Strike_R","Strike_R","Strike_R","Defend_R","Defend_R","Defend_R","Defend_R","Bash","Immolate+1","Burning Pact+1","Shockwave+1","Shrug It Off","Evolve+1","Feel No Pain+1","Offering+1","Shrug It Off","Power Through","Second Wind"],"relics":["Burning Blood","CaptainsWheel","Cursed Key","Turnip","CeramicFish"],"acts_visited":["Exordium","TheCity"],"potions_floor_usage":[31,33],"damage_taken":[{"damage":0.0,"enemies":"2 Louse","floor":1.0,"turns":1.0},{"damage":7.0,"enemies":"Jaw Worm","floor":4.0,"turns":2.0},{"damage":7.0,"enemies":"Cultist","floor":5.0,"turns":4.0},{"damage":14.0,"enemies":"Looter","floor":7.0,"turns":3.0},{"damage":10.0,"enemies":"3 Louse","floor":11.0,"turns":2.0},{"damage":0.0,"enemies":"Blue Slaver","floor":14.0,"turns":6.0},{"damage":15.0,"enemies":"Slime Boss","floor":16.0,"turns":6.0},{"damage":20.0,"enemies":"Shell Parasite","floor":18.0,"turns":3.0},{"damage":6.0,"enemies":"Chosen","floor":20.0,"turns":5.0},{"damage":23.0,"enemies":"Shelled Parasite and Fungi","floor":21.0,"turns":4.0},{"damage":6.0,"enemies":"Snecko","floor":24.0,"turns":4.0},{"damage":10.0,"enemies":"Sentry and Sphere","floor":25.0,"turns":5.0},{"damage":6,"enemies":"Cultist and Chosen","floor":27,"turns":7},{"damage":6,"enemies":"Centurion and Healer","floor":29,"turns":4},{"damage":9,"enemies":"Shelled Parasite and Fungi","floor":30,"turns":5},{"damage":6,"enemies":"Slavers","floor":31,"turns":3},{"damage":49,"enemies":"Champ","floor":33,"turns":17}],"seed_played":"-3192527046598121423","potions_obtained":[{"floor":1.0,"key":"Strength Potion"},{"floor":3.0,"key":"LiquidMemories"},{"floor":7.0,"key":"DistilledChaos"},{"floor":21.0,"key":"GamblersBrew"},{"floor":27,"key":"Energy Potion"},{"floor":31,"key":"Energy Potion"}],"is_trial":false,"path_per_floor":["M","?","?","M","M","R","M","R","T","?","M","R","?","M","R","B",null,"M","?","M","M","$","R","M","M","T","M","$","M","M","E","R","B"],"character_chosen":"IRONCLAD","items_purchased":["Power Through","Sever Soul"],"campfire_rested":0,"item_purchase_floors":[22,22],"current_hp_per_floor":[74,74,74,73,72,72,64,64,64,64,60,60,65,71,71,62,76,62,62,62,45,45,45,45,41,41,41,41,41,38,38,38,0,0],"gold":74,"neow_bonus":"ONE_RANDOM_RARE_CARD","is_daily":false,"chose_seed":false,"campfire_upgraded":6,"win_rate":0.0,"timestamp":1610214414,"path_taken":["M","?","?","M","?","R","M","R","T","?","M","R","?","M","R","BOSS","M","?","M","M","$","R","M","M","T","M","$","M","M","E","R","BOSS"],"items_purchased_type":["Card","Card"],"build_version":"2020-12-22","purchased_purges":1,"victory":false,"max_hp_per_floor":[75,75,75,75,75,75,75,75,75,75,75,75,80,80,80,80,80,80,80,80,80,80,80,80,80,80,80,80,80,80,80,80,80,80],"card_choices":[{"not_picked":["Pummel","Twin Strike","Wild Strike"],"picked":"SKIP","floor":1.0},{"not_picked":["Sever Soul","Clash"],"picked":"Burning Pact","floor":4.0},{"not_picked":["Sentinel","Body Slam"],"picked":"Shockwave","floor":5.0},{"not_picked":["Metallicize","Perfected Strike"],"picked":"Shrug It Off","floor":7.0},{"not_picked":["Rage","Searing Blow"],"picked":"Evolve","floor":11.0},{"not_picked":["Clothesline","True Grit"],"picked":"Feel No Pain","floor":14.0},{"not_picked":["Juggernaut","Feed"],"picked":"Offering","floor":16.0},{"not_picked":["Iron Wave","Havoc+1"],"picked":"Shrug It Off","floor":18.0},{"not_picked":["Sword Boomerang","Armaments","Fiend Fire"],"picked":"SKIP","floor":20.0},{"not_picked":["Pommel Strike","Anger","Shrug It Off"],"picked":"SKIP","floor":21.0},{"not_picked":["Armaments","Dropkick","Cleave"],"picked":"SKIP","floor":24.0},{"not_picked":["Inflame","Iron Wave+1"],"picked":"Second Wind","floor":25.0},{"not_picked":["Searing Blow","Second Wind","True Grit"],"picked":"SKIP","floor":27},{"not_picked":["Feed","Shockwave","Wild Strike"],"picked":"SKIP","floor":29},{"not_picked":["Feed","Shockwave","Wild Strike"],"picked":"SKIP","floor":29},{"not_picked":["Warcry","Rampage","Perfected Strike"],"picked":"SKIP","floor":30},{"not_picked":["Reckless Charge","Metallicize","Headbutt"],"picked":"SKIP","floor":31}],"player_experience":613662,"relics_obtained":[{"floor":9.0,"key":"CaptainsWheel"},{"floor":31,"key":"CeramicFish"}],"event_choices":[{"damage_healed":0.0,"max_hp_gain":0.0,"max_hp_loss":0.0,"gold_gain":0.0,"event_name":"Liars Game","player_choice":"Ignored","floor":2.0,"gold_loss":0.0,"damage_taken":0.0},{"damage_healed":0.0,"max_hp_gain":0.0,"max_hp_loss":0.0,"gold_gain":0.0,"event_name":"The Woman in Blue","player_choice":"Bought 1 Potion","floor":3.0,"gold_loss":0.0,"damage_taken":0.0},{"cards_removed":["Strike_R"],"damage_healed":0.0,"max_hp_gain":0.0,"max_hp_loss":0.0,"gold_gain":0.0,"event_name":"Living Wall","player_choice":"Forget","floor":10.0,"gold_loss":0.0,"damage_taken":0.0},{"damage_healed":0.0,"max_hp_gain":5.0,"max_hp_loss":0.0,"gold_gain":0.0,"event_name":"Big Fish","player_choice":"Donut","floor":13.0,"gold_loss":0.0,"damage_taken":0.0},{"damage_healed":0.0,"max_hp_gain":0.0,"max_hp_loss":0.0,"gold_gain":0.0,"event_name":"Addict","player_choice":"Obtained Relic","floor":19.0,"gold_loss":85.0,"damage_taken":0.0,"relics_obtained":["Turnip"]}],"is_beta":false,"boss_relics":[{"not_picked":["Black Star","Runic Cube"],"picked":"Cursed Key"}],"items_purged_floors":[28],"is_endless":false,"potions_floor_spawned":[1,7,14,21,24,27,30,31],"killed_by":"Champ","ascension_level":20}}