{"host":"5e0jz0sn42a2vhx9","time":1610172076,"event":{"mods":["ATMod(°¢èªMod)","Act Like it!","BaseMod","Downfall","Hallownest","Lobotomy","Minty Spire (QoL Compilation)","Replay The Spire","StSLib","The Bug Knight","The Cursed","The Hierophant"],"gold_per_floor":[99,99,99,99,116,132,132,232,267,9999,8962,8973,9073,9092,9111,9111,9111,9111],"floor_reached":16,"playtime":1851,"items_purged":["Slimebound:Strike_Slimebound"],"score":100,"play_id":"679e3a87-0b34-4539-8562-6a7c960ce3d6","local_time":"20210109140116","is_ascension_mode":false,"campfire_choices":[{"floor":1.0,"key":"DIG"},{"data":"AT_FamilyPortrait","floor":10,"key":"SMITH"}],"circlet_count":0,"master_deck":["Slimebound:Strike_Slimebound","Slimebound:Strike_Slimebound","Slimebound:Tackle","Slimebound:Defend_Slimebound","Slimebound:Defend_Slimebound","Slimebound:Defend_Slimebound","Slimebound:Defend_Slimebound","Slimebound:Split","Slimebound:CorrosiveSpit","AT_FamilyPortrait+1","Pot Of Greed","Slimebound:MegaLick","Pot Of Greed","Slimebound:SplitLeeching","Slimebound:SlimeTap","Slimebound:PressTheAttack","Slimebound:SplitAcid","Slimebound:Overexert","Slimebound:SplitAcid","Slimebound:SplitLeeching","Slimebound:SpikyOuterGoop","Slimebound:SpikyOuterGoop","Slimebound:SplitLeeching","Thinking Ahead","Slimebound:Gluttony","Pot Of Greed","Slimebound:Repurpose","Slimebound:GoopSpray"],"relics":["Slimebound:AbsorbEndCombat","AT_ATBox","downfall:HeartsMalice","Grinning Jar","ReplayTheSpireMod:Ninjato","Potion Belt","Boot","downfall:HeartBlessingGreen","Pear","Gremlin Horn","Cauldron","downfall:CloakOfManyFaces","CultistMask","FaceOfCleric","NlothsMask","GremlinMask","SsserpentHead"],"acts_visited":["Exordium"],"potions_floor_usage":[8,9,11,11,11,16,16,16,16,16],"damage_taken":[{"damage":0.0,"enemies":"Small Slimes","floor":2.0,"turns":1.0},{"damage":0.0,"enemies":"Cultist","floor":3.0,"turns":1.0},{"damage":0.0,"enemies":"2 Louse","floor":4.0,"turns":1.0},{"damage":8.0,"enemies":"Large Slime","floor":5.0,"turns":3.0},{"damage":6.0,"enemies":"Red Slaver","floor":6.0,"turns":3.0},{"damage":40,"enemies":"downfall:LadyInBlue","floor":8,"turns":9},{"damage":35,"enemies":"HollowMod:MossKnight","floor":9,"turns":7},{"damage":16,"enemies":"downfall:FleeingMerchant","floor":11,"turns":4},{"damage":20,"enemies":"2 Fungi Beasts","floor":12,"turns":2},{"damage":43,"enemies":"downfall:FaceTrader","floor":13,"turns":6},{"damage":16,"enemies":"Exordium Wildlife","floor":14,"turns":3},{"damage":25,"enemies":"Red Slaver","floor":15,"turns":3},{"damage":91,"enemies":"downfall:Defect","floor":16,"turns":6}],"seed_played":"-2273647367255908423","potions_obtained":[{"floor":5.0,"key":"SpeedPotion"},{"floor":6.0,"key":"Venom Potion"},{"floor":8,"key":"EntropicBrew"},{"floor":8,"key":"DistilledChaos"},{"floor":8,"key":"SteroidPotion"},{"floor":8,"key":"Explosive Potion"},{"floor":11,"key":"Reflective Coating"},{"floor":11,"key":"Swift Potion"},{"floor":11,"key":"Reflective Coating"},{"floor":11,"key":"Languid Potion"}],"is_trial":false,"path_per_floor":["R","M","M","M","M","M","T","?","E","R","$","M","?","M","M","B"],"character_chosen":"SLIMEBOUND","items_purchased":["Pear","Gremlin Horn","Cauldron","Slimebound:SpikyOuterGoop","Slimebound:SplitLeeching","Thinking Ahead"],"campfire_rested":0,"item_purchase_floors":[11,11,11,11,11,11],"current_hp_per_floor":[60,60,60,60,60,58,58,45,46,46,68,66,51,56,52,0,0,0],"gold":9111,"neow_bonus":"THREE_ENEMY_KILL","is_daily":false,"chose_seed":false,"campfire_upgraded":1,"win_rate":0.0,"timestamp":1610172076,"path_taken":["R","M","M","M","M","M","T","?","E","R","$","?","?","M","M","BOSS"],"items_purchased_type":["Relic","Relic","Relic","Card","Card","Card"],"build_version":"2020-12-22","purchased_purges":1,"victory":false,"max_hp_per_floor":[60,60,60,60,60,60,60,60,60,60,70,70,70,71,72,72,72,72],"card_choices":[{"not_picked":["Slimebound:PressTheAttack","Slimebound:Schlurp"],"picked":"Slimebound:MegaLick","floor":2.0},{"not_picked":["Slimebound:GrowthPunch","Slimebound:ForwardTackle"],"picked":"Slimebound:SplitLeeching","floor":3.0},{"not_picked":["Slimebound:BestDefense","Slimebound:TongueLash"],"picked":"Slimebound:SlimeTap","floor":4.0},{"not_picked":["Slimebound:GrowthPunch","Slimebound:RollThrough"],"picked":"Slimebound:PressTheAttack","floor":5.0},{"not_picked":["Slimebound:GoopSpray","Slimebound:Replication"],"picked":"Slimebound:SplitAcid","floor":6.0},{"not_picked":["Slimebound:Equalize","Slimebound:SplitLeeching"],"picked":"Slimebound:Overexert","floor":8},{"not_picked":["Slimebound:Gluttony","Slimebound:Grow"],"picked":"Slimebound:SplitAcid","floor":9},{"not_picked":["Slimebound:ForwardTackle","Slimebound:SlimeSpikes"],"picked":"Slimebound:SplitLeeching","floor":11},{"not_picked":["Slimebound:RejuvenatingLick","Slimebound:ProtectTheBoss"],"picked":"Slimebound:Gluttony","floor":12},{"not_picked":["Slimebound:BestDefense","Slimebound:SplitBruiser"],"picked":"Slimebound:Repurpose","floor":14},{"not_picked":["Slimebound:DisruptingSlam","Slimebound:Schlurp"],"picked":"Slimebound:GoopSpray","floor":15}],"player_experience":365155,"relics_obtained":[{"floor":1.0,"key":"Grinning Jar"},{"floor":7.0,"key":"ReplayTheSpireMod:Ninjato"},{"floor":8,"key":"Potion Belt"},{"floor":9,"key":"Boot"},{"floor":13,"key":"downfall:CloakOfManyFaces"}],"event_choices":[],"is_beta":false,"boss_relics":[],"items_purged_floors":[11],"is_endless":false,"potions_floor_spawned":[5,6,8,13,14],"killed_by":"downfall:Defect","ascension_level":0}}