{"host":"b3qi48j7z53ln4gi","time":1610212670,"event":{"mods":["100% Spire Juice","2.2 Compatiblity","AchievementEnabler","Act Like it!","BaseMod","CapriCore","Colored Powertips","Dota2Spire","Energized Spire","Gensokyo","GungeonMod","Hallownest","HololiveMod","Infinite Spire","Minty Spire (QoL Compilation)","Permanent Neow","Prisma Mod","Reimu£¨ÚÏ???£©","Relic Stats","Remove Card Discount Mod","Shade Mod","Spicy Shops","StSLib","The Dragon Tamer","The Gatherer","The Immortal","The Jungle","The Marked","The Runesmith"],"gold_per_floor":[118,138,73,86,105,105,105,124,151,151,177,196,209,226,226,324,324,334,109,127,142,162,162,190,204,204,220,240,240,255,281,281,386,386,404,404,404,419,11,11,28,28,28,28,38,38,52,65,65,65,65,65],"floor_reached":50,"playtime":5990,"items_purged":["DTMod:Strike","DTMod:TargetDefense","DTMod:TargetDefense","DTMod:Strike","DTMod:TargetDefense","DTMod:QuickFly","DTMod:ResonanceForm","DTMod:Haste+1"],"score":669,"play_id":"618584bc-0d70-4a28-a81a-d79beafdb300","local_time":"20210110021750","is_ascension_mode":false,"metric_token":1887,"campfire_choices":[{"data":"DTMod:Safeguard","floor":7.0,"key":"SMITH"},{"data":"DTMod:Feint","floor":10.0,"key":"SMITH"},{"data":"DTMod:Training","floor":15.0,"key":"SMITH"},{"data":"DTMod:Training","floor":23,"key":"SMITH"},{"data":"DTMod:SwitchingTactic","floor":29,"key":"SMITH"},{"data":"DTMod:BurningEnergy","floor":32,"key":"SMITH"},{"data":"DTMod:BlazingStrike","floor":40,"key":"SMITH"},{"data":"DTMod:ComboAttack","floor":42,"key":"SMITH"},{"data":"DTMod:BreakAttack","floor":44,"key":"SMITH"},{"data":"DTMod:BurningEnergy","floor":49,"key":"SMITH"}],"dtmod_dragon_data":[0,58,2,0,4,0],"circlet_count":0,"master_deck":["DTMod:DoubleHit+1","DTMod:SwitchingTactic+1","DTMod:DragonDance","DTMod:Safeguard+1","DTMod:MagicField","DTMod:BreakAttack","DTMod:Feint+1","DTMod:Training+1","DTMod:MagicField","DTMod:BreakAttack+1","DTMod:EchoTactic","DTMod:Hide+1","DTMod:Prediction+1","DTMod:LightShield+1","DTMod:BlazingStrike+1","DTMod:Training+1","DTMod:ComboAttack+1","DTMod:BurningEnergy+1","DTMod:MagiciansMark+1","DTMod:Shift","DTMod:BizarreTactic+1","DTMod:Weaken+1","DTMod:RepeatStrike","DTMod:QuickFly+1","DTMod:QuickFly+1","DTMod:Feint+1","DTMod:ForkedFire+1","infinitespire:FutureSight","DTMod:BurningEnergy+1","DTMod:BlazingStrike+1"],"relics":["DTMod:PactStone","DemoMod:GnawedKey","infinitespire:CheckeredPen","Astrolabe","Dota2Spire:ShivaGuard","Medical Kit","StoneCalendar","DTMod:TacticalNote","Bottled Tornado","energizedSpire:MagnifyingGlass","Hallownest:HeavyBlowRelic","DemoMod:SerJunkan","DemoMod:ClearGuonStone","DemoMod:GlassGuonStoneRelic","DemoMod:Junk","infinitespire:Eraser"],"acts_visited":["Exordium","TheCity","Hallownest:KingdomsEdge"],"potions_floor_usage":[25,30,33,33,41,50,50],"damage_taken":[{"damage":0.0,"enemies":"Small Slimes","floor":1.0,"turns":3.0},{"damage":0.0,"enemies":"infinitespire:Voidling","floor":2.0,"turns":5.0},{"damage":0.0,"enemies":"2 Louse","floor":4.0,"turns":3.0},{"damage":0.0,"enemies":"Looter","floor":5.0,"turns":2.0},{"damage":0.0,"enemies":"Exordium Thugs","floor":8.0,"turns":4.0},{"damage":0.0,"enemies":"Lagavulin","floor":11.0,"turns":4.0},{"damage":0.0,"enemies":"Exordium Wildlife","floor":12.0,"turns":6.0},{"damage":0.0,"enemies":"Blue Slaver","floor":13.0,"turns":4.0},{"damage":0.0,"enemies":"Gremlin Gang","floor":14.0,"turns":4.0},{"damage":0.0,"enemies":"Hexaghost","floor":16.0,"turns":9.0},{"damage":1,"enemies":"3 Byrds","floor":18,"turns":8},{"damage":0,"enemies":"Chosen","floor":20,"turns":3},{"damage":0,"enemies":"Shelled Parasite and Fungi","floor":21,"turns":5},{"damage":0,"enemies":"Snake Plant","floor":22,"turns":6},{"damage":0,"enemies":"Nightmare","floor":24,"turns":8},{"damage":0,"enemies":"Snecko","floor":25,"turns":6},{"damage":0,"enemies":"Shelled Parasite and Fungi","floor":27,"turns":5},{"damage":0,"enemies":"Snake Plant","floor":28,"turns":3},{"damage":0,"enemies":"Centurion and Healer","floor":30,"turns":6},{"damage":0,"enemies":"Slavers","floor":31,"turns":7},{"damage":0,"enemies":"Champ","floor":33,"turns":9},{"damage":1,"enemies":"Hallownest:3_Siblings","floor":35,"turns":8},{"damage":0,"enemies":"Hallownest:Shield_Heavy","floor":38,"turns":5},{"damage":0,"enemies":"Hallownest:Shield_Sturdy","floor":41,"turns":6},{"damage":0,"enemies":"Hallownest:Xero_Hu_Marmu","floor":45,"turns":7},{"damage":0,"enemies":"Hallownest:monsterPrimalAspid","floor":47,"turns":1},{"damage":0,"enemies":"Hallownest:2_Soldiers_and_1_Guardian","floor":48,"turns":3},{"damage":0,"enemies":"Hallownest:BossHollowKnight","floor":50,"turns":16}],"seed_played":"-7595351249500429928","potions_obtained":[{"floor":1.0,"key":"Fire Potion"},{"floor":12.0,"key":"ColorlessPotion"},{"floor":13.0,"key":"ColorlessPotion"},{"floor":18,"key":"Regen Potion"},{"floor":21,"key":"SpeedPotion"},{"floor":25,"key":"Block Potion"},{"floor":28,"key":"LiquidMemories"},{"floor":31,"key":"FearPotion"},{"floor":38,"key":"SteroidPotion"},{"floor":47,"key":"Dexterity Potion"},{"floor":48,"key":"LiquidMemories"}],"is_trial":false,"path_per_floor":["M","M","$","M","M","?","R","M","T","R","E","M","M","M","R","B",null,"M","$","M","M","M","R","NM","M","T","M","M","R","M","E","R","B",null,"M","?","?","M","$","R","M","R","T","R","M","AVR","M","M","R","B"],"character_chosen":"THE_DT","items_purchased":["DemoMod:GnawedKey","Dota2Spire:ShivaGuard","Medical Kit","DemoMod:SerJunkan","DemoMod:ClearGuonStone"],"campfire_rested":0,"item_purchase_floors":[3,19,19,39,39],"current_hp_per_floor":[45,45,45,45,45,45,45,45,45,45,45,45,45,45,45,45,45,44,44,44,44,44,44,44,44,44,44,44,44,44,44,44,44,45,44,44,44,44,44,44,44,44,44,44,44,44,44,44,44,44,44,44],"gold":65,"neow_bonus":"UPGRADE_CARD","is_daily":false,"chose_seed":false,"campfire_upgraded":10,"win_rate":0.0,"timestamp":1610212670,"path_taken":["M","M","$","M","M","?","R","M","T","R","E","?","M","?","R","BOSS","M","$","M","M","M","R","NM","M","T","M","M","R","M","E","R","BOSS","M","?","?","M","$","R","M","R","T","R","?","AVR","M","M","R","BOSS"],"items_purchased_type":["Relic","Relic","Relic","Relic","Relic"],"build_version":"2020-12-22","purchased_purges":8,"victory":false,"max_hp_per_floor":[45,45,45,45,45,45,45,45,45,45,45,45,45,45,45,45,45,45,45,45,45,45,45,45,45,45,45,45,45,45,45,45,45,45,45,45,45,45,45,45,45,45,45,45,45,45,45,45,45,45,45,45],"relic_stats":{"counters":[28,156],"Astrolabe":["DTMod:Hide","DTMod:Prediction","DTMod:LightShield"],"StoneCalendar":[153],"Medical Kit":[2],"obtain_stats":[{"DemoMod:Junk":43,"Astrolabe":17,"Dota2Spire:ShivaGuard":19,"StoneCalendar":24,"DemoMod:GlassGuonStoneRelic":1,"infinitespire:CheckeredPen":11,"Hallownest:HeavyBlowRelic":37,"Bottled Tornado":31,"Medical Kit":19,"DTMod:TacticalNote":26,"DTMod:PactStone":0,"DemoMod:SerJunkan":39,"DemoMod:GnawedKey":3,"energizedSpire:MagnifyingGlass":34,"DemoMod:ClearGuonStone":39,"infinitespire:Eraser":46},{"DemoMod:Junk":24,"Astrolabe":10,"Dota2Spire:ShivaGuard":11,"StoneCalendar":15,"DemoMod:GlassGuonStoneRelic":1,"infinitespire:CheckeredPen":6,"Hallownest:HeavyBlowRelic":22,"Bottled Tornado":20,"Medical Kit":11,"DTMod:TacticalNote":16,"DTMod:PactStone":0,"DemoMod:SerJunkan":23,"DemoMod:GnawedKey":2,"energizedSpire:MagnifyingGlass":21,"DemoMod:ClearGuonStone":23,"infinitespire:Eraser":25},{"DemoMod:Junk":129,"Astrolabe":44,"Dota2Spire:ShivaGuard":52,"StoneCalendar":74,"DemoMod:GlassGuonStoneRelic":3,"infinitespire:CheckeredPen":21,"Hallownest:HeavyBlowRelic":118,"Bottled Tornado":101,"Medical Kit":52,"DTMod:TacticalNote":80,"DTMod:PactStone":0,"DemoMod:SerJunkan":123,"DemoMod:GnawedKey":8,"energizedSpire:MagnifyingGlass":110,"DemoMod:ClearGuonStone":123,"infinitespire:Eraser":136}]},"card_choices":[{"not_picked":["DTMod:BurningEnergy","DTMod:WarmUp"],"picked":"DTMod:Coolant","floor":1.0},{"not_picked":["DTMod:MasterPlan","DTMod:CrossStep"],"picked":"DTMod:DragonDance","floor":2.0},{"not_picked":["DTMod:Threaten","DTMod:BuildUp"],"picked":"DTMod:Safeguard","floor":4.0},{"not_picked":["DTMod:DragonDance","DTMod:Weaken"],"picked":"DTMod:MagicField","floor":5.0},{"not_picked":["DTMod:Cover","DTMod:Training"],"picked":"DTMod:Feint","floor":8.0},{"not_picked":["DTMod:Threaten","DTMod:CleansingStrike"],"picked":"DTMod:ResonanceForm","floor":11.0},{"not_picked":["DTMod:Shift","DTMod:MasterPlan"],"picked":"DTMod:Training","floor":12.0},{"not_picked":["DTMod:CleansingStrike","DTMod:Safeguard"],"picked":"DTMod:MagicField","floor":13.0},{"not_picked":["DTMod:Conduct","DTMod:Shift"],"picked":"DTMod:BreakAttack","floor":14.0},{"not_picked":["DTMod:OpeningTactic","DTMod:Multitask"],"picked":"DTMod:EchoTactic","floor":16.0},{"not_picked":["DTMod:Punisher","DTMod:HeatWave"],"picked":"DTMod:BlazingStrike","floor":18},{"not_picked":["DTMod:Shift","DTMod:SneakAttack"],"picked":"DTMod:Training","floor":20},{"not_picked":["DTMod:FlameSlash","DTMod:MasterPlan"],"picked":"DTMod:ComboAttack","floor":21},{"not_picked":["DTMod:GhostSkin","DTMod:Hide+1"],"picked":"DTMod:BurningEnergy","floor":22},{"not_picked":["DTMod:TagTeam","DTMod:BurningForce+1"],"picked":"DTMod:MagiciansMark+1","floor":24},{"not_picked":["DTMod:MagicField","DTMod:HeatWave"],"picked":"DTMod:Haste+1","floor":25},{"not_picked":["DTMod:MaximumCharge","DTMod:Weaken+1"],"picked":"DTMod:Shift","floor":27},{"not_picked":["DTMod:Threaten+1","DTMod:CrossStep"],"picked":"DTMod:BizarreTactic+1","floor":28},{"not_picked":["DTMod:Haste","DTMod:CalculatedDefense"],"picked":"DTMod:Weaken+1","floor":30},{"not_picked":["DTMod:MasterPlan","DTMod:FlameSlash"],"picked":"DTMod:QuickFly","floor":31},{"not_picked":["DTMod:TriAttack","DTMod:FierySynthesis"],"picked":"DTMod:RepeatStrike","floor":33},{"not_picked":["DTMod:Haste+1","DTMod:Threaten"],"picked":"DTMod:QuickFly+1","floor":35},{"not_picked":["DTMod:BizarreTactic","DTMod:MagiciansMark"],"picked":"DTMod:QuickFly+1","floor":38},{"not_picked":["DTMod:InvisibleFlame","DTMod:FlameSlash+1"],"picked":"DTMod:Feint+1","floor":41},{"not_picked":["DTMod:ComboAttack+1","DTMod:TagTeam+1"],"picked":"DTMod:ForkedFire+1","floor":45},{"not_picked":["DTMod:QuickFly","DTMod:Training"],"picked":"DTMod:BurningEnergy","floor":47},{"not_picked":["DTMod:FierySynthesis","DTMod:Feint"],"picked":"DTMod:BlazingStrike+1","floor":48}],"player_experience":108488,"relics_obtained":[{"floor":11.0,"key":"infinitespire:CheckeredPen"},{"floor":24,"key":"StoneCalendar"},{"floor":26,"key":"DTMod:TacticalNote"},{"floor":31,"key":"Bottled Tornado"},{"floor":43,"key":"DemoMod:Junk"}],"event_choices":[{"damage_healed":0.0,"max_hp_gain":0.0,"max_hp_loss":0.0,"gold_gain":0.0,"cards_transformed":["DTMod:TargetDefense"],"event_name":"Transmorgrifier","player_choice":"Transformed","floor":6.0,"gold_loss":0.0,"damage_taken":0.0,"cards_obtained":["DTMod:BreakAttack"]}],"is_beta":false,"boss_relics":[{"not_picked":["Hololive_Finger","energizedSpire:DeadBattery"],"picked":"Astrolabe"},{"not_picked":["RedLine:ReiMu","infinitespire:Cupcake"],"picked":"energizedSpire:MagnifyingGlass"}],"items_purged_floors":[3,3,3,3,19,39,39,39],"is_endless":true,"potions_floor_spawned":[1,4,12,13,18,21,25,28,31,38,47,48],"killed_by":"Hallownest:BossHollowKnight","ascension_level":0}}