{"host":"newqdrzxfhh2im9e","time":1610175629,"event":{"mods":["AchievementEnabler","BaseMod","BetterRewards","Block Reminder","Colored Map","Jorbs\u0027s Wanderer Trilogy","Minty Spire (QoL Compilation)","Rare Cards Sparkle","Shop Mod","StSLib"],"gold_per_floor":[113,128,139,151,170,203,203,215,253,265,289,314,343,366,378,492,504,536,559,588,515,527,539,562,574,586,1,1,1,1,19,19,117,117,127,144,41,52,52,52,68,81,81,95,95,112,112,0,0,0,0],"floor_reached":50,"playtime":2140,"items_purged":[],"score":452,"play_id":"c9b5860d-7f4f-423e-92f2-93dcba778db5","local_time":"20210108230029","is_ascension_mode":false,"campfire_choices":[{"data":"Judgement","floor":8,"key":"SMITH"},{"data":"Wallop","floor":10,"key":"SMITH"},{"floor":15,"key":"REST"},{"data":"DeusExMachina","floor":23,"key":"SMITH"},{"data":"Blasphemy","floor":28,"key":"SMITH"},{"floor":32,"key":"REST"},{"floor":40,"key":"REST"},{"floor":45,"key":"REST"},{"floor":49,"key":"REST"}],"circlet_count":0,"master_deck":["Strike_P+1","Strike_P+1","Strike_P+1","Strike_P+1","Defend_P+1","Defend_P+1","Defend_P+1","Defend_P+1","Eruption","Vigilance","TalkToTheHand","Wallop+1","SandsOfTime","CarveReality","Judgement+1","Indignation","Study","ReachHeaven","DeusExMachina+1","CurseOfTheBell","DeceiveReality","WindmillStrike","Enlightenment","Blasphemy+1","Omniscience","InnerPeace","MasterReality","EmptyMind+1","Adaptation+1","SandsOfTime+1","Worship+1"],"relics":["PureWater","NeowsBlessing","Dream Catcher","MawBank","MealTicket","Calling Bell","PreservedInsect","Yang","CaptainsWheel","Bag of Preparation","Vajra","InkBottle","Medical Kit","Bag of Marbles","Ancient Tea Set","Black Star","Singing Bowl","Red Mask"],"acts_visited":["Exordium","TheCity","TheBeyond"],"potions_floor_usage":[4,6,11,16,19,33,33,33,38,38,38,46],"damage_taken":[{"damage":0,"enemies":"Small Slimes","floor":1,"turns":2},{"damage":0,"enemies":"Cultist","floor":2,"turns":1},{"damage":0,"enemies":"Jaw Worm","floor":3,"turns":1},{"damage":4,"enemies":"Blue Slaver","floor":4,"turns":4},{"damage":8,"enemies":"3 Louse","floor":5,"turns":3},{"damage":10,"enemies":"3 Sentries","floor":6,"turns":6},{"damage":1,"enemies":"Gremlin Gang","floor":11,"turns":4},{"damage":0,"enemies":"Blue Slaver","floor":12,"turns":2},{"damage":0,"enemies":"Looter","floor":13,"turns":3},{"damage":9,"enemies":"Lots of Slimes","floor":14,"turns":3},{"damage":29,"enemies":"Hexaghost","floor":16,"turns":8},{"damage":12,"enemies":"Spheric Guardian","floor":18,"turns":4},{"damage":12,"enemies":"3 Byrds","floor":19,"turns":4},{"damage":0,"enemies":"Sentry and Sphere","floor":20,"turns":4},{"damage":22,"enemies":"3 Cultists","floor":24,"turns":4},{"damage":0,"enemies":"Snecko","floor":31,"turns":3},{"damage":44,"enemies":"Automaton","floor":33,"turns":6},{"damage":7,"enemies":"3 Shapes","floor":35,"turns":5},{"damage":0,"enemies":"Orb Walker","floor":36,"turns":1},{"damage":32,"enemies":"Spire Growth","floor":38,"turns":2},{"damage":35,"enemies":"3 Darklings","floor":41,"turns":3},{"damage":20,"enemies":"Transient","floor":42,"turns":5},{"damage":3,"enemies":"Sphere and 2 Shapes","floor":44,"turns":1},{"damage":23,"enemies":"Maw","floor":46,"turns":7},{"damage":46,"enemies":"Awakened One","floor":50,"turns":5}],"seed_played":"-291634218153785875","potions_obtained":[{"floor":1,"key":"AttackPotion"},{"floor":4,"key":"FearPotion"},{"floor":5,"key":"PowerPotion"},{"floor":12,"key":"LiquidBronze"},{"floor":14,"key":"SpeedPotion"},{"floor":16,"key":"LiquidMemories"},{"floor":18,"key":"Dexterity Potion"},{"floor":24,"key":"FearPotion"},{"floor":31,"key":"Fire Potion"},{"floor":36,"key":"PowerPotion"},{"floor":44,"key":"FearPotion"}],"is_trial":false,"path_per_floor":["M","M","M","M","M","E","?","R","T","R","M","M","M","M","R","B",null,"M","M","M","?","$","R","M","?","T","$","R","?","?","M","R","B",null,"M","M","$","M","$","R","M","M","T","M","R","M","?","?","R","B"],"character_chosen":"WATCHER","items_purchased":["Medical Kit","Bag of Marbles","Ancient Tea Set","Enlightenment","Blasphemy","Energy Potion","PowerPotion"],"campfire_rested":5,"item_purchase_floors":[27,27,27,27,27,37,37],"current_hp_per_floor":[72,72,72,68,60,50,50,50,50,50,49,49,49,40,61,32,72,60,48,48,48,63,63,41,41,41,56,56,56,56,56,72,28,72,65,65,72,40,55,72,37,17,17,14,37,16,18,18,43,0,0],"gold":0,"neow_bonus":"THREE_ENEMY_KILL","is_daily":false,"chose_seed":false,"campfire_upgraded":4,"win_rate":0.0,"timestamp":1610175629,"path_taken":["M","M","M","M","M","E","?","R","T","R","M","M","M","M","R","BOSS","M","M","M","?","$","R","M","?","T","$","R","?","?","M","R","BOSS","M","M","$","?","$","R","M","M","T","M","R","M","?","?","R","BOSS"],"items_purchased_type":["Relic","Relic","Relic","Card","Card","Potion","Potion"],"build_version":"2020-12-22","purchased_purges":0,"victory":false,"max_hp_per_floor":[72,72,72,72,72,72,72,72,72,72,72,72,72,72,72,72,72,72,72,72,72,72,72,72,72,72,72,72,72,72,72,72,72,72,72,72,72,72,72,72,72,72,72,72,74,76,78,78,80,80,80],"card_choices":[{"not_picked":["EmptyBody","Consecrate"],"picked":"TalkToTheHand","floor":1},{"not_picked":["Adaptation","ThirdEye"],"picked":"Wallop","floor":2},{"not_picked":["Nirvana","EmptyBody"],"picked":"SandsOfTime","floor":3},{"not_picked":["FollowUp","Protect","Nirvana"],"picked":"SKIP","floor":4},{"not_picked":["EmptyFist","CrushJoints"],"picked":"CarveReality","floor":5},{"not_picked":["Halt","TalkToTheHand"],"picked":"Judgement","floor":6},{"not_picked":["FollowUp","BowlingBash","Meditate"],"picked":"SKIP","floor":11},{"not_picked":["SandsOfTime","SashWhip","Sanctity"],"picked":"SKIP","floor":12},{"not_picked":["Meditate","FlurryOfBlows"],"picked":"Indignation","floor":13},{"not_picked":["Indignation","Adaptation"],"picked":"Study","floor":14},{"not_picked":["ClearTheMind","Prostrate"],"picked":"ReachHeaven","floor":15},{"not_picked":["Judgement","Blasphemy"],"picked":"DeusExMachina","floor":16},{"not_picked":["Prostrate","Halt"],"picked":"DeceiveReality","floor":18},{"not_picked":["Halt","FollowUp","JustLucky"],"picked":"SKIP","floor":19},{"not_picked":["TalkToTheHand","Meditate"],"picked":"WindmillStrike","floor":20},{"not_picked":["FollowUp","ThirdEye","Prostrate"],"picked":"SKIP","floor":24},{"not_picked":["EmptyFist+1","ClearTheMind"],"picked":"Omniscience","floor":31},{"not_picked":["CarveReality","EmptyFist+1"],"picked":"InnerPeace","floor":32},{"not_picked":["DevaForm","LessonLearned"],"picked":"MasterReality","floor":33},{"not_picked":["EmptyFist","Protect"],"picked":"EmptyMind+1","floor":35},{"not_picked":["FlyingSleeves","CutThroughFate","WheelKick"],"picked":"SKIP","floor":36},{"not_picked":["Prostrate+1","BowlingBash"],"picked":"Adaptation+1","floor":38},{"not_picked":["FlurryOfBlows+1","EmptyBody"],"picked":"SandsOfTime+1","floor":40},{"not_picked":["Crescendo","EmptyFist+1","FollowUp"],"picked":"SKIP","floor":41},{"not_picked":["ClearTheMind+1","CutThroughFate","Protect"],"picked":"SKIP","floor":42},{"not_picked":["MasterReality","BowlingBash"],"picked":"Worship+1","floor":44},{"not_picked":["Meditate","ForeignInfluence","Vengeance+1"],"picked":"Singing Bowl","floor":45},{"not_picked":["BowlingBash+1","Evaluate","Sanctity"],"picked":"Singing Bowl","floor":46},{"not_picked":["The Bomb","Apotheosis","Dark Shackles"],"picked":"Singing Bowl","floor":47},{"not_picked":["Prostrate+1","FearNoEvil","PathToVictory+1"],"picked":"Singing Bowl","floor":49}],"player_experience":715693,"relics_obtained":[{"floor":6,"key":"Dream Catcher"},{"floor":7,"key":"MawBank"},{"floor":9,"key":"MealTicket"},{"floor":17,"key":"PreservedInsect"},{"floor":17,"key":"Yang"},{"floor":17,"key":"CaptainsWheel"},{"floor":26,"key":"InkBottle"},{"floor":43,"key":"Singing Bowl"}],"event_choices":[{"damage_healed":0,"gold_gain":0,"player_choice":"Relic","damage_taken":0,"max_hp_gain":0,"max_hp_loss":0,"event_name":"Wheel of Change","floor":7,"gold_loss":0},{"damage_healed":0,"gold_gain":0,"player_choice":"Obtained Relic","damage_taken":0,"relics_obtained":["Bag of Preparation"],"max_hp_gain":0,"max_hp_loss":0,"event_name":"Addict","floor":21,"gold_loss":85},{"damage_healed":0,"gold_gain":0,"player_choice":"Opened","damage_taken":0,"relics_obtained":["Vajra"],"max_hp_gain":0,"max_hp_loss":0,"event_name":"The Mausoleum","floor":25,"gold_loss":0},{"damage_healed":0,"gold_gain":0,"player_choice":"Simplicity","damage_taken":0,"max_hp_gain":0,"max_hp_loss":0,"event_name":"Back to Basics","floor":29,"gold_loss":0,"cards_upgraded":["Strike_P","Strike_P","Strike_P","Strike_P","Defend_P","Defend_P","Defend_P","Defend_P"]},{"cards_removed":["Defend_P"],"damage_healed":0,"gold_gain":0,"player_choice":"Took Card","damage_taken":0,"max_hp_gain":0,"max_hp_loss":0,"event_name":"NoteForYourself","floor":30,"gold_loss":0,"cards_obtained":["Defend_P"]},{"damage_healed":0,"gold_gain":0,"player_choice":"Memory 1","damage_taken":0,"max_hp_gain":0,"max_hp_loss":0,"event_name":"SensoryStone","floor":47,"gold_loss":0},{"damage_healed":0,"gold_gain":0,"player_choice":"Paid","damage_taken":0,"relics_obtained":["Red Mask"],"max_hp_gain":0,"max_hp_loss":0,"event_name":"Tomb of Lord Red Mask","floor":48,"gold_loss":112}],"is_beta":false,"boss_relics":[{"not_picked":["Ectoplasm","Pandora\u0027s Box"],"picked":"Calling Bell"},{"not_picked":["Empty Cage","Busted Crown"],"picked":"Black Star"}],"items_purged_floors":[],"is_endless":false,"potions_floor_spawned":[1,4,5,12,14,16,18,24,31,36,44],"killed_by":"Awakened One","ascension_level":0}}