{"host":"9ndbo4kgsfoemf7y","time":1610197489,"event":{"mods":["AchievementEnabler","BaseMod","Colored Map","DeckTracker","Keyboard Shortcuts","Minty Spire (QoL Compilation)","Permanent Neow","Quick Restart","Relic Stats","StSLib","SuperFastMode"],"gold_per_floor":[361,201,276,75,75,92,108,134,186,186,196,226,241,259,259,259,259],"floor_reached":16,"playtime":306,"items_purged":["Defend_R"],"score":224,"play_id":"041257c4-847b-4a65-a4ae-1b767a22d2a7","local_time":"20210109220449","is_ascension_mode":true,"campfire_choices":[{"floor":10.0,"key":"REST"},{"floor":15,"key":"REST"}],"circlet_count":0,"master_deck":["AscendersBane","Strike_R","Strike_R","Strike_R","Strike_R","Strike_R","Defend_R","Defend_R","Defend_R","Bash","Wild Strike","Inflame","Rampage","Limit Break","Perfected Strike","Fire Breathing","Limit Break","Wild Strike","Uppercut","Pommel Strike","Shrug It Off"],"relics":["Burning Blood","MealTicket","Red Skull","Shovel"],"acts_visited":["Exordium"],"potions_floor_usage":[11],"damage_taken":[{"damage":11.0,"enemies":"2 Louse","floor":1.0,"turns":3.0},{"damage":7.0,"enemies":"Jaw Worm","floor":6.0,"turns":3.0},{"damage":1.0,"enemies":"Cultist","floor":7.0,"turns":3.0},{"damage":35.0,"enemies":"3 Sentries","floor":8.0,"turns":6.0},{"damage":0,"enemies":"Lots of Slimes","floor":11,"turns":1},{"damage":11,"enemies":"Gremlin Nob","floor":12,"turns":3},{"damage":8,"enemies":"Blue Slaver","floor":13,"turns":2},{"damage":23,"enemies":"Large Slime","floor":14,"turns":4},{"damage":35,"enemies":"The Guardian","floor":16,"turns":7}],"seed_played":"-3325216196002168587","potions_obtained":[{"floor":8.0,"key":"AttackPotion"},{"floor":13,"key":"LiquidMemories"}],"is_trial":false,"path_per_floor":["M","$","?","$","?","M","M","E","T","R","M","E","M","M","R","B"],"character_chosen":"IRONCLAD","items_purchased":["Inflame","Rampage","Limit Break"],"campfire_rested":2,"item_purchase_floors":[2,4,4],"current_hp_per_floor":[45,45,34,34,34,33,38,9,9,31,37,32,30,13,35,0,0],"gold":259,"neow_bonus":"TWO_FIFTY_GOLD","is_daily":false,"chose_seed":false,"campfire_upgraded":0,"win_rate":0.0,"timestamp":1610197489,"path_taken":["M","$","?","$","?","M","M","E","T","R","M","E","M","M","R","BOSS"],"items_purchased_type":["Card","Card","Card"],"build_version":"2020-12-22","purchased_purges":1,"victory":false,"max_hp_per_floor":[75,75,75,75,75,75,75,75,75,75,75,75,75,75,75,75,75],"relic_stats":{"Shovel":0,"counters":[9,32],"MealTicket":0,"obtain_stats":[{"Shovel":12,"MealTicket":8,"Burning Blood":0,"Red Skull":9},{"Shovel":6,"MealTicket":4,"Burning Blood":0,"Red Skull":4},{"Shovel":19,"MealTicket":15,"Burning Blood":0,"Red Skull":15}],"Burning Blood":48},"card_choices":[{"not_picked":["Havoc","Anger"],"picked":"Wild Strike","floor":1.0},{"not_picked":["Thunderclap","Headbutt"],"picked":"Perfected Strike","floor":6.0},{"not_picked":["Combust","Reckless Charge"],"picked":"Fire Breathing","floor":7.0},{"not_picked":["Immolate","Flame Barrier"],"picked":"Limit Break","floor":8.0},{"not_picked":["Burning Pact","Cleave"],"picked":"Wild Strike","floor":11},{"not_picked":["Cleave","Sentinel"],"picked":"Uppercut","floor":12},{"not_picked":["Shockwave","Inflame"],"picked":"Pommel Strike","floor":13},{"not_picked":["Clothesline","Armaments"],"picked":"Shrug It Off","floor":14}],"player_experience":800304,"relics_obtained":[{"floor":8.0,"key":"MealTicket"},{"floor":9.0,"key":"Red Skull"},{"floor":12,"key":"Shovel"}],"event_choices":[{"damage_healed":0.0,"max_hp_gain":0.0,"max_hp_loss":0.0,"gold_gain":75.0,"event_name":"World of Goop","player_choice":"Gather Gold","floor":3.0,"gold_loss":0.0,"damage_taken":11.0},{"damage_healed":0.0,"max_hp_gain":0.0,"max_hp_loss":0.0,"gold_gain":0.0,"event_name":"Liars Game","player_choice":"Ignored","floor":5.0,"gold_loss":0.0,"damage_taken":0.0}],"is_beta":false,"boss_relics":[],"items_purged_floors":[2],"is_endless":false,"potions_floor_spawned":[8,13],"killed_by":"The Guardian","ascension_level":20}}